  <div class='ocr_page' id='page_1' title='image "/cluster/home/n/w/nwhite01/storage/ocr_20150623/1/njp.32101077772331/102.png"; bbox 0 0 1875 3101; ppageno 0'>
   <div class='ocr_carea' id='block_1_1' title="bbox 61 162 104 190">
    <p class='ocr_par' dir='ltr' id='par_1_1' title="bbox 61 162 104 190">
     <span class='ocr_line' id='line_1_1' title="bbox 61 162 104 190; baseline -0.023 0"><span class='ocrx_word' id='word_1_1' title='bbox 61 162 104 190; x_wconf 62' lang='lat' dir='ltr'><strong>lia</strong></span> 
     </span>
    </p>
   </div>
   <div class='ocr_carea' id='block_1_2' title="bbox 60 219 866 256">
    <p class='ocr_par' dir='ltr' id='par_1_2' title="bbox 60 219 866 256">
     <span class='ocr_line' id='line_1_2' title="bbox 60 219 866 256; baseline 0.002 -9"><span class='ocrx_word' id='word_1_2' title='bbox 60 224 113 248; x_wconf 88' lang='lat' dir='ltr'><strong>ctus</strong></span> <span class='ocrx_word' id='word_1_3' title='bbox 132 219 247 247; x_wconf 70' lang='lat' dir='ltr'><strong>lrenzus</strong></span> <span class='ocrx_word' id='word_1_4' title='bbox 271 220 327 254; x_wconf 82' lang='grc'><strong>(57)</strong></span> <span class='ocrx_word' id='word_1_5' title='bbox 345 228 408 248; x_wconf 89' lang='lat' dir='ltr'><strong>vero</strong></span> <span class='ocrx_word' id='word_1_6' title='bbox 428 219 575 249; x_wconf 78' lang='lat' dir='ltr'><strong>Pontiﬁces</strong></span> <span class='ocrx_word' id='word_1_7' title='bbox 587 228 673 256; x_wconf 86' lang='lat' dir='ltr'><strong>usque</strong></span> <span class='ocrx_word' id='word_1_8' title='bbox 693 220 728 249; x_wconf 86' lang='lat' dir='ltr'><strong>ad</strong></span> <span class='ocrx_word' id='word_1_9' title='bbox 747 221 828 250; x_wconf 85' lang='lat' dir='ltr'><strong>Eleu-</strong></span> <span class='ocrx_word' id='word_1_10' title='bbox 841 225 866 254; x_wconf 72' lang='grc' dir='ltr'><strong>Α</strong></span> 
     </span>
    </p>
   </div>
   <div class='ocr_carea' id='block_1_3' title="bbox 61 266 824 303">
    <p class='ocr_par' dir='ltr' id='par_1_3' title="bbox 61 266 824 303">
     <span class='ocr_line' id='line_1_3' title="bbox 61 266 824 303; baseline 0.003 -11"><span class='ocrx_word' id='word_1_11' title='bbox 61 266 166 293; x_wconf 87' lang='lat' dir='ltr'><strong>therium</strong></span> <span class='ocrx_word' id='word_1_12' title='bbox 187 273 341 298; x_wconf 75' lang='lat' dir='ltr'><strong>recensens,</strong></span> <span class='ocrx_word' id='word_1_13' title='bbox 363 273 458 293; x_wconf 90' lang='lat' dir='ltr'><strong>eorum</strong></span> <span class='ocrx_word' id='word_1_14' title='bbox 479 273 643 302; x_wconf 83' lang='lat' dir='ltr'><strong>quemquam</strong></span> <span class='ocrx_word' id='word_1_15' title='bbox 663 268 824 303; x_wconf 87' lang='lat' dir='ltr'><strong>martyrium</strong></span> 
     </span>
    </p>
   </div>
   <div class='ocr_carea' id='block_1_4' title="bbox 60 309 826 346">
    <p class='ocr_par' dir='ltr' id='par_1_4' title="bbox 60 309 826 346">
     <span class='ocr_line' id='line_1_4' title="bbox 60 309 826 346; baseline 0.001 -8"><span class='ocrx_word' id='word_1_16' title='bbox 60 318 156 346; x_wconf 82' lang='lat' dir='ltr'><strong>passum</strong></span> <span class='ocrx_word' id='word_1_17' title='bbox 173 314 269 345; x_wconf 73' lang='lat' dir='ltr'><strong>praeter</strong></span> <span class='ocrx_word' id='word_1_18' title='bbox 289 309 486 346; x_wconf 84' lang='lat' dir='ltr'><strong>Telesphorum</strong></span> <span class='ocrx_word' id='word_1_19' title='bbox 506 311 579 338; x_wconf 87' lang='lat' dir='ltr'><strong>haud</strong></span> <span class='ocrx_word' id='word_1_20' title='bbox 600 311 746 345; x_wconf 86' lang='lat' dir='ltr'><strong>signillcat.</strong></span> <span class='ocrx_word' id='word_1_21' title='bbox 769 311 826 339; x_wconf 80' lang='lat' dir='ltr'><strong>Ru-~</strong></span> 
     </span>
    </p>
   </div>
   <div class='ocr_carea' id='block_1_5' title="bbox 59 356 827 394">
    <p class='ocr_par' dir='ltr' id='par_1_5' title="bbox 59 356 827 394">
     <span class='ocr_line' id='line_1_5' title="bbox 59 356 827 394; baseline 0.004 -11"><span class='ocrx_word' id='word_1_22' title='bbox 59 357 120 384; x_wconf 82' lang='lat' dir='ltr'><strong>tinus</strong></span> <span class='ocrx_word' id='word_1_23' title='bbox 128 356 180 391; x_wconf 83' lang='grc'><strong>(58)</strong></span> <span class='ocrx_word' id='word_1_24' title='bbox 188 360 292 383; x_wconf 87' lang='lat' dir='ltr'><strong>tantum</strong></span> <span class='ocrx_word' id='word_1_25' title='bbox 306 362 430 384; x_wconf 85' lang='lat' dir='ltr'><strong>sanctum</strong></span> <span class='ocrx_word' id='word_1_26' title='bbox 442 356 608 385; x_wconf 70' lang='lat' dir='ltr'><strong>Clementem</strong></span> <span class='ocrx_word' id='word_1_27' title='bbox 621 361 768 394; x_wconf 80' lang='lat' dir='ltr'><strong>martyrem</strong></span> <span class='ocrx_word' id='word_1_28' title='bbox 782 365 827 393; x_wconf 62' lang='lat' dir='ltr'><strong>ap</strong></span> 
     </span>
    </p>
   </div>
   <div class='ocr_carea' id='block_1_6' title="bbox 59 402 825 438">
    <p class='ocr_par' dir='ltr' id='par_1_6' title="bbox 59 402 825 438">
     <span class='ocr_line' id='line_1_6' title="bbox 59 402 825 438; baseline 0.005 -10"><span class='ocrx_word' id='word_1_29' title='bbox 59 402 138 436; x_wconf 91' lang='lat' dir='ltr'><strong>pellat,</strong></span> <span class='ocrx_word' id='word_1_30' title='bbox 150 402 239 437; x_wconf 89' lang='lat' dir='ltr'><strong>aitque</strong></span> <span class='ocrx_word' id='word_1_31' title='bbox 257 402 290 430; x_wconf 89' lang='lat' dir='ltr'><strong>de</strong></span> <span class='ocrx_word' id='word_1_32' title='bbox 308 410 341 430; x_wconf 86' lang='lat' dir='ltr'><strong>eo</strong></span> <span class='ocrx_word' id='word_1_33' title='bbox 361 402 488 430; x_wconf 81' lang='lat' dir='ltr'><strong>Zozimus</strong></span> <span class='ocrx_word' id='word_1_34' title='bbox 510 402 567 438; x_wconf 88' lang='grc'><strong>(59)</strong></span> <span class='ocrx_word' id='word_1_35' title='bbox 581 403 714 436; x_wconf 82' lang='lat' dir='ltr'><strong>Pontifex,</strong></span> <span class='ocrx_word' id='word_1_36' title='bbox 734 409 825 432; x_wconf 81' lang='lat' dir='ltr'><strong>tantos</strong></span> 
     </span>
    </p>
   </div>
   <div class='ocr_carea' id='block_1_7' title="bbox 59 447 824 485">
    <p class='ocr_par' dir='ltr' id='par_1_7' title="bbox 59 447 824 485">
     <span class='ocr_line' id='line_1_7' title="bbox 59 447 824 485; baseline 0.007 -12"><span class='ocrx_word' id='word_1_37' title='bbox 59 454 112 474; x_wconf 86' lang='lat' dir='ltr'><strong>eum</strong></span> <span class='ocrx_word' id='word_1_38' title='bbox 131 447 156 474; x_wconf 89' lang='lat' dir='ltr'><strong>in</strong></span> <span class='ocrx_word' id='word_1_39' title='bbox 178 448 291 475; x_wconf 83' lang='lat' dir='ltr'><strong>veritate</strong></span> <span class='ocrx_word' id='word_1_40' title='bbox 318 448 455 476; x_wconf 89' lang='lat' dir='ltr'><strong>noscenda</strong></span> <span class='ocrx_word' id='word_1_41' title='bbox 479 456 642 485; x_wconf 87' lang='lat' dir='ltr'><strong>progressus</strong></span> <span class='ocrx_word' id='word_1_42' title='bbox 667 450 774 482; x_wconf 80' lang='lat' dir='ltr'><strong>fecisse,</strong></span> <span class='ocrx_word' id='word_1_43' title='bbox 789 451 824 478; x_wconf 77' lang='lat' dir='ltr'><strong>‘ut</strong></span> 
     </span>
    </p>
   </div>
   <div class='ocr_carea' id='block_1_8' title="bbox 60 490 823 530">
    <p class='ocr_par' dir='ltr' id='par_1_8' title="bbox 60 490 823 530">
     <span class='ocr_line' id='line_1_8' title="bbox 60 490 823 530; baseline 0.007 -13"><span class='ocrx_word' id='word_1_44' title='bbox 60 490 127 518; x_wconf 82' lang='lat' dir='ltr'><strong>ﬁdem</strong></span> <span class='ocrx_word' id='word_1_45' title='bbox 143 498 157 518; x_wconf 91' lang='lat' dir='ltr'><strong>a</strong></span> <span class='ocrx_word' id='word_1_46' title='bbox 174 496 268 519; x_wconf 86' lang='lat' dir='ltr'><strong>sancto</strong></span> <span class='ocrx_word' id='word_1_47' title='bbox 281 491 362 520; x_wconf 86' lang='lat' dir='ltr'><strong>Petro</strong></span> <span class='ocrx_word' id='word_1_48' title='bbox 381 497 519 529; x_wconf 78' lang='lat' dir='ltr'><strong>acceptam</strong></span> <span class='ocrx_word' id='word_1_49' title='bbox 539 498 566 522; x_wconf 84' lang='lat' dir='ltr'><strong>et</strong></span> <span class='ocrx_word' id='word_1_50' title='bbox 578 495 679 530; x_wconf 89' lang='lat' dir='ltr'><strong>populo</strong></span> <span class='ocrx_word' id='word_1_51' title='bbox 695 494 823 522; x_wconf 83' lang='lat' dir='ltr'><strong>traditam</strong></span> 
     </span>
    </p>
   </div>
   <div class='ocr_carea' id='block_1_9' title="bbox 59 539 399 576">
    <p class='ocr_par' dir='ltr' id='par_1_9' title="bbox 59 539 399 576">
     <span class='ocr_line' id='line_1_9' title="bbox 59 539 399 576; baseline 0.003 -11"><span class='ocrx_word' id='word_1_52' title='bbox 59 539 175 575; x_wconf 83' lang='lat' dir='ltr'><strong>martyrio</strong></span> <span class='ocrx_word' id='word_1_53' title='bbox 187 539 399 576; x_wconf 83' lang='lat' dir='ltr'><strong>consignaverit.</strong></span> 
     </span>
    </p>
   </div>
   <div class='ocr_carea' id='block_1_10' title="bbox 667 160 1050 190">
    <p class='ocr_par' dir='ltr' id='par_1_10' title="bbox 667 160 1050 190">
     <span class='ocr_line' id='line_1_10' title="bbox 667 160 1050 190; baseline 0.003 -1"><span class='ocrx_word' id='word_1_54' title='bbox 667 160 842 190; x_wconf 64' lang='lat' dir='ltr'><strong>MA</strong></span> <span class='ocrx_word' id='word_1_55' title='bbox 859 160 1050 190; x_wconf 73' lang='lat' dir='ltr'><strong>VARIORUM.</strong></span> 
     </span>
    </p>
   </div>
   <div class='ocr_carea' id='block_1_11' title="bbox 1612 162 1661 190">
    <p class='ocr_par' dir='ltr' id='par_1_11' title="bbox 1612 162 1661 190">
     <span class='ocr_line' id='line_1_11' title="bbox 1612 162 1661 190; baseline 0.02 -1"><span class='ocrx_word' id='word_1_56' title='bbox 1612 162 1661 190; x_wconf 71' lang='lat' dir='ltr'><strong>res</strong></span> 
     </span>
    </p>
   </div>
   <div class='ocr_carea' id='block_1_12' title="bbox 912 219 1660 255">
    <p class='ocr_par' dir='ltr' id='par_1_12' title="bbox 912 219 1660 255">
     <span class='ocr_line' id='line_1_12' title="bbox 912 219 1660 255; baseline -0.001 -6"><span class='ocrx_word' id='word_1_57' title='bbox 912 221 1118 249; x_wconf 82' lang='lat' dir='ltr'><strong>Observandum</strong></span> <span class='ocrx_word' id='word_1_58' title='bbox 1134 224 1224 248; x_wconf 89' lang='lat' dir='ltr'><strong>autem</strong></span> <span class='ocrx_word' id='word_1_59' title='bbox 1239 225 1281 249; x_wconf 85' lang='lat' dir='ltr'><strong>est</strong></span> <span class='ocrx_word' id='word_1_60' title='bbox 1294 226 1357 248; x_wconf 84' lang='lat' dir='ltr'><strong>cum</strong></span> <span class='ocrx_word' id='word_1_61' title='bbox 1369 220 1410 248; x_wconf 89' lang='lat' dir='ltr'><strong>Cl.</strong></span> <span class='ocrx_word' id='word_1_62' title='bbox 1419 219 1541 255; x_wconf 76' lang='lat' dir='ltr'><strong>Remigio</strong></span> <span class='ocrx_word' id='word_1_63' title='bbox 1553 220 1660 248; x_wconf 87' lang='lat' dir='ltr'><strong>Ceillie-</strong></span> 
     </span>
    </p>
   </div>
   <div class='ocr_carea' id='block_1_13' title="bbox 878 265 1658 302">
    <p class='ocr_par' dir='ltr' id='par_1_13' title="bbox 878 265 1658 302">
     <span class='ocr_line' id='line_1_13' title="bbox 878 265 1658 302; baseline -0.003 -8"><span class='ocrx_word' id='word_1_64' title='bbox 878 267 920 294; x_wconf 91' lang='lat' dir='ltr'><strong>rio</strong></span> <span class='ocrx_word' id='word_1_65' title='bbox 933 266 1000 302; x_wconf 78' lang='grc'><strong>(40),</strong></span> <span class='ocrx_word' id='word_1_66' title='bbox 1019 267 1147 302; x_wconf 75' lang='lat' dir='ltr'><strong>martyris</strong></span> <span class='ocrx_word' id='word_1_67' title='bbox 1161 266 1369 301; x_wconf 85' lang='lat' dir='ltr'><strong>appellationem</strong></span> <span class='ocrx_word' id='word_1_68' title='bbox 1384 273 1455 300; x_wconf 69' lang='lat' dir='ltr'><strong>saepe</strong></span> <span class='ocrx_word' id='word_1_69' title='bbox 1477 265 1510 292; x_wconf 89' lang='lat' dir='ltr'><strong>iis</strong></span> <span class='ocrx_word' id='word_1_70' title='bbox 1531 266 1658 293; x_wconf 83' lang='lat' dir='ltr'><strong>tributam</strong></span> 
     </span>
    </p>
   </div>
   <div class='ocr_carea' id='block_1_14' title="bbox 879 310 1660 346">
    <p class='ocr_par' dir='ltr' id='par_1_14' title="bbox 879 310 1660 346">
     <span class='ocr_line' id='line_1_14' title="bbox 879 310 1660 346; baseline -0.001 -7"><span class='ocrx_word' id='word_1_71' title='bbox 879 312 973 345; x_wconf 78' lang='lat' dir='ltr'><strong>fuisse,</strong></span> <span class='ocrx_word' id='word_1_72' title='bbox 988 312 1034 346; x_wconf 86' lang='lat' dir='ltr'><strong>qui</strong></span> <span class='ocrx_word' id='word_1_73' title='bbox 1049 311 1153 346; x_wconf 91' lang='lat' dir='ltr'><strong>aliquid</strong></span> <span class='ocrx_word' id='word_1_74' title='bbox 1172 319 1222 346; x_wconf 86' lang='lat' dir='ltr'><strong>pro</strong></span> <span class='ocrx_word' id='word_1_75' title='bbox 1237 311 1348 338; x_wconf 86' lang='lat' dir='ltr'><strong>Christo</strong></span> <span class='ocrx_word' id='word_1_76' title='bbox 1364 311 1440 346; x_wconf 88' lang='lat' dir='ltr'><strong>passi</strong></span> <span class='ocrx_word' id='word_1_77' title='bbox 1459 310 1580 342; x_wconf 77' lang='lat' dir='ltr'><strong>fuerunt.</strong></span> <span class='ocrx_word' id='word_1_78' title='bbox 1597 311 1660 338; x_wconf 63' lang='lat' dir='ltr'><strong>licet</strong></span> 
     </span>
    </p>
   </div>
   <div class='ocr_carea' id='block_1_15' title="bbox 877 356 1659 391">
    <p class='ocr_par' dir='ltr' id='par_1_15' title="bbox 877 356 1659 391">
     <span class='ocr_line' id='line_1_15' title="bbox 877 356 1659 391; baseline -0.001 -7"><span class='ocrx_word' id='word_1_79' title='bbox 877 357 1044 385; x_wconf 88' lang='lat' dir='ltr'><strong>cruciatibus</strong></span> <span class='ocrx_word' id='word_1_80' title='bbox 1071 357 1226 391; x_wconf 84' lang='lat' dir='ltr'><strong>interempti</strong></span> <span class='ocrx_word' id='word_1_81' title='bbox 1254 364 1309 384; x_wconf 90' lang='lat' dir='ltr'><strong>non</strong></span> <span class='ocrx_word' id='word_1_82' title='bbox 1338 356 1469 389; x_wconf 79' lang='lat' dir='ltr'><strong>fuissent;</strong></span> <span class='ocrx_word' id='word_1_83' title='bbox 1498 359 1579 391; x_wconf 89' lang='lat' dir='ltr'><strong>atque</strong></span> <span class='ocrx_word' id='word_1_84' title='bbox 1602 356 1659 383; x_wconf 67' lang='lat' dir='ltr'><strong>hac</strong></span> 
     </span>
    </p>
   </div>
   <div class='ocr_carea' id='block_1_16' title="bbox 878 400 1657 437">
    <p class='ocr_par' dir='ltr' id='par_1_16' title="bbox 878 400 1657 437">
     <span class='ocr_line' id='line_1_16' title="bbox 878 400 1657 437; baseline -0.004 -7"><span class='ocrx_word' id='word_1_85' title='bbox 878 403 964 430; x_wconf 79' lang='lat' dir='ltr'><strong>fuisse</strong></span> <span class='ocrx_word' id='word_1_86' title='bbox 982 402 1052 430; x_wconf 84' lang='lat' dir='ltr'><strong>ratio</strong></span> <span class='ocrx_word' id='word_1_87' title='bbox 1066 403 1184 434; x_wconf 80' lang='lat' dir='ltr'><strong>videtur,</strong></span> <span class='ocrx_word' id='word_1_88' title='bbox 1205 409 1260 437; x_wconf 85' lang='lat' dir='ltr'><strong>qua</strong></span> <span class='ocrx_word' id='word_1_89' title='bbox 1274 401 1390 428; x_wconf 83' lang='lat' dir='ltr'><strong>Rulinus</strong></span> <span class='ocrx_word' id='word_1_90' title='bbox 1404 405 1431 429; x_wconf 88' lang='lat' dir='ltr'><strong>et</strong></span> <span class='ocrx_word' id='word_1_91' title='bbox 1452 400 1581 428; x_wconf 80' lang='lat' dir='ltr'><strong>Zozimus</strong></span> <span class='ocrx_word' id='word_1_92' title='bbox 1596 408 1657 428; x_wconf 87' lang='lat' dir='ltr'><strong>san-</strong></span> 
     </span>
    </p>
   </div>
   <div class='ocr_carea' id='block_1_17' title="bbox 876 446 1659 483">
    <p class='ocr_par' dir='ltr' id='par_1_17' title="bbox 876 446 1659 483">
     <span class='ocr_line' id='line_1_17' title="bbox 876 446 1659 483; baseline -0.004 -6"><span class='ocrx_word' id='word_1_93' title='bbox 876 453 949 477; x_wconf 92' lang='lat' dir='ltr'><strong>ctum</strong></span> <span class='ocrx_word' id='word_1_94' title='bbox 973 451 1118 483; x_wconf 85' lang='lat' dir='ltr'><strong>martyrem</strong></span> <span class='ocrx_word' id='word_1_95' title='bbox 1139 448 1320 483; x_wconf 87' lang='lat' dir='ltr'><strong>appellarunt,</strong></span> <span class='ocrx_word' id='word_1_96' title='bbox 1341 447 1400 482; x_wconf 85' lang='lat' dir='ltr'><strong>qui,</strong></span> <span class='ocrx_word' id='word_1_97' title='bbox 1421 455 1484 474; x_wconf 92' lang='lat' dir='ltr'><strong>cum</strong></span> <span class='ocrx_word' id='word_1_98' title='bbox 1509 446 1659 474; x_wconf 78' lang='lat' dir='ltr'><strong>Ecclesiam</strong></span> 
     </span>
    </p>
   </div>
   <div class='ocr_carea' id='block_1_18' title="bbox 877 492 1659 528">
    <p class='ocr_par' dir='ltr' id='par_1_18' title="bbox 877 492 1659 528">
     <span class='ocr_line' id='line_1_18' title="bbox 877 492 1659 528; baseline -0.001 -7"><span class='ocrx_word' id='word_1_99' title='bbox 877 493 1005 522; x_wconf 64' lang='lat' dir='ltr'><strong>saeviente</strong></span> <span class='ocrx_word' id='word_1_100' title='bbox 1019 493 1165 520; x_wconf 84' lang='lat' dir='ltr'><strong>Domitiani</strong></span> <span class='ocrx_word' id='word_1_101' title='bbox 1176 493 1365 528; x_wconf 85' lang='lat' dir='ltr'><strong>persecutione</strong></span> <span class='ocrx_word' id='word_1_102' title='bbox 1379 493 1537 520; x_wconf 88' lang='lat' dir='ltr'><strong>moderatus</strong></span> <span class='ocrx_word' id='word_1_103' title='bbox 1551 492 1659 525; x_wconf 79' lang='lat' dir='ltr'><strong>fuisset,</strong></span> 
     </span>
    </p>
   </div>
   <div class='ocr_carea' id='block_1_19' title="bbox 876 538 1396 567">
    <p class='ocr_par' dir='ltr' id='par_1_19' title="bbox 876 538 1396 567">
     <span class='ocr_line' id='line_1_19' title="bbox 876 538 1396 567; baseline 0 0"><span class='ocrx_word' id='word_1_104' title='bbox 876 539 911 567; x_wconf 87' lang='lat' dir='ltr'><strong>ab</strong></span> <span class='ocrx_word' id='word_1_105' title='bbox 921 546 953 567; x_wconf 87' lang='lat' dir='ltr'><strong>ea</strong></span> <span class='ocrx_word' id='word_1_106' title='bbox 967 538 1097 566; x_wconf 88' lang='lat' dir='ltr'><strong>immunis</strong></span> <span class='ocrx_word' id='word_1_107' title='bbox 1110 539 1222 566; x_wconf 83' lang='lat' dir='ltr'><strong>omnino</strong></span> <span class='ocrx_word' id='word_1_108' title='bbox 1236 546 1290 566; x_wconf 93' lang='lat' dir='ltr'><strong>non</strong></span> <span class='ocrx_word' id='word_1_109' title='bbox 1304 538 1396 567; x_wconf 79' lang='lat' dir='ltr'><strong>fuerit.</strong></span> 
     </span>
    </p>
   </div>
   <div class='ocr_carea' id='block_1_20' title="bbox 249 784 1396 818">
    <p class='ocr_par' dir='ltr' id='par_1_20' title="bbox 249 784 1396 818">
     <span class='ocr_line' id='line_1_20' title="bbox 249 784 1396 818; baseline 0.001 -2"><span class='ocrx_word' id='word_1_110' title='bbox 249 786 305 816; x_wconf 91' lang='lat' dir='ltr'><strong>DE</strong></span> <span class='ocrx_word' id='word_1_111' title='bbox 322 786 499 818; x_wconf 79' lang='lat' dir='ltr'><strong>SCRIPTlS</strong></span> <span class='ocrx_word' id='word_1_112' title='bbox 528 787 559 817; x_wconf 87' lang='lat' dir='ltr'><strong>S.</strong></span> <span class='ocrx_word' id='word_1_113' title='bbox 585 784 809 818; x_wconf 87' lang='lat' dir='ltr'><strong>CLEMENTlS</strong></span> <span class='ocrx_word' id='word_1_114' title='bbox 827 787 941 818; x_wconf 79' lang='lat' dir='ltr'><strong>PRIMI</strong></span> <span class='ocrx_word' id='word_1_115' title='bbox 971 786 1129 818; x_wconf 79' lang='lat' dir='ltr'><strong>ROMANI</strong></span> <span class='ocrx_word' id='word_1_116' title='bbox 1160 786 1396 818; x_wconf 83' lang='lat' dir='ltr'><strong>PON’l‘lFlClS.</strong></span> 
     </span>
    </p>
   </div>
   <div class='ocr_carea' id='block_1_21' title="bbox 309 930 858 965">
    <p class='ocr_par' dir='ltr' id='par_1_21' title="bbox 309 930 858 965">
     <span class='ocr_line' id='line_1_21' title="bbox 309 930 858 965; baseline 0.005 -7"><span class='ocrx_word' id='word_1_117' title='bbox 309 930 506 958; x_wconf 78' lang='lat' dir='ltr'><strong>ARTlCULUS</strong></span> <span class='ocrx_word' id='word_1_118' title='bbox 524 932 544 960; x_wconf 94' lang='grc' dir='ltr'><strong>Ι.</strong></span> <span class='ocrx_word' id='word_1_119' title='bbox 833 935 858 965; x_wconf 84' lang='grc' dir='ltr'><strong>Β</strong></span> 
     </span>
    </p>
   </div>
   <div class='ocr_carea' id='block_1_22' title="bbox 54 984 820 1006">
    <p class='ocr_par' dir='ltr' id='par_1_22' title="bbox 54 984 820 1006">
     <span class='ocr_line' id='line_1_22' title="bbox 54 984 820 1006; baseline 0.001 -2"><span class='ocrx_word' id='word_1_120' title='bbox 54 985 81 1004; x_wconf 76' lang='lat' dir='ltr'><strong>Il</strong></span> <span class='ocrx_word' id='word_1_121' title='bbox 98 985 169 1004; x_wconf 75' lang='lat' dir='ltr'><strong>PBIIA</strong></span> <span class='ocrx_word' id='word_1_122' title='bbox 188 984 248 1004; x_wconf 63' lang='lat' dir='ltr'><strong>illis</strong></span> <span class='ocrx_word' id='word_1_123' title='bbox 266 984 299 1003; x_wconf 75' lang='lat' dir='ltr'><strong>AD</strong></span> <span class='ocrx_word' id='word_1_124' title='bbox 318 985 479 1004; x_wconf 72' lang='grc' dir='ltr'>(ιοιιιΝτιιιοε</span> <span class='ocrx_word' id='word_1_125' title='bbox 498 985 660 1005; x_wconf 70' lang='grc' dir='ltr'>γεκεειιιρτλ</span> <span class='ocrx_word' id='word_1_126' title='bbox 679 985 820 1006; x_wconf 69' lang='grc' dir='ltr'><strong>εριετοιι.</strong></span> 
     </span>
    </p>
   </div>
   <div class='ocr_carea' id='block_1_23' title="bbox 82 1022 821 1052">
    <p class='ocr_par' dir='ltr' id='par_1_23' title="bbox 82 1022 821 1052">
     <span class='ocr_line' id='line_1_23' title="bbox 82 1022 821 1052; baseline 0 -1"><span class='ocrx_word' id='word_1_127' title='bbox 82 1023 184 1051; x_wconf 86' lang='lat' dir='ltr'><strong>Sanctus</strong></span> <span class='ocrx_word' id='word_1_128' title='bbox 210 1022 330 1051; x_wconf 80' lang='lat' dir='ltr'><strong>Clemens</strong></span> <span class='ocrx_word' id='word_1_129' title='bbox 344 1022 470 1050; x_wconf 76' lang='lat' dir='ltr'><strong>Romante</strong></span> <span class='ocrx_word' id='word_1_130' title='bbox 492 1023 617 1050; x_wconf 74' lang='lat' dir='ltr'><strong>Ecclesiw</strong></span> <span class='ocrx_word' id='word_1_131' title='bbox 638 1024 740 1051; x_wconf 78' lang='lat' dir='ltr'><strong>nomine</strong></span> <span class='ocrx_word' id='word_1_132' title='bbox 754 1026 821 1052; x_wconf 83' lang='lat' dir='ltr'><strong>scri-</strong></span> 
     </span>
    </p>
   </div>
   <div class='ocr_carea' id='block_1_24' title="bbox 51 1067 820 1103">
    <p class='ocr_par' dir='ltr' id='par_1_24' title="bbox 51 1067 820 1103">
     <span class='ocr_line' id='line_1_24' title="bbox 51 1067 820 1103; baseline 0.005 -10"><span class='ocrx_word' id='word_1_133' title='bbox 51 1067 143 1101; x_wconf 75' lang='lat' dir='ltr'><strong>psil.——</strong></span> <span class='ocrx_word' id='word_1_134' title='bbox 154 1067 224 1096; x_wconf 88' lang='lat' dir='ltr'><strong>lnter</strong></span> <span class='ocrx_word' id='word_1_135' title='bbox 238 1068 336 1100; x_wconf 88' lang='lat' dir='ltr'><strong>multa,</strong></span> <span class='ocrx_word' id='word_1_136' title='bbox 349 1076 410 1103; x_wconf 61' lang='lat' dir='ltr'><strong>qua:</strong></span> <span class='ocrx_word' id='word_1_137' title='bbox 422 1067 553 1096; x_wconf 87' lang='lat' dir='ltr'><strong>Clementi</strong></span> <span class='ocrx_word' id='word_1_138' title='bbox 568 1073 661 1096; x_wconf 91' lang='lat' dir='ltr'><strong>nostro</strong></span> <span class='ocrx_word' id='word_1_139' title='bbox 677 1070 760 1096; x_wconf 87' lang='lat' dir='ltr'><strong>tribui</strong></span> <span class='ocrx_word' id='word_1_140' title='bbox 775 1078 820 1097; x_wconf 89' lang='lat' dir='ltr'><strong>so-</strong></span> 
     </span>
    </p>
   </div>
   <div class='ocr_carea' id='block_1_25' title="bbox 52 1113 820 1148">
    <p class='ocr_par' dir='ltr' id='par_1_25' title="bbox 52 1113 820 1148">
     <span class='ocr_line' id='line_1_25' title="bbox 52 1113 820 1148; baseline 0.004 -9"><span class='ocrx_word' id='word_1_141' title='bbox 52 1113 98 1140; x_wconf 85' lang='lat' dir='ltr'><strong>lent</strong></span> <span class='ocrx_word' id='word_1_142' title='bbox 110 1113 244 1148; x_wconf 89' lang='lat' dir='ltr'><strong>opuscula,</strong></span> <span class='ocrx_word' id='word_1_143' title='bbox 267 1121 322 1140; x_wconf 91' lang='lat' dir='ltr'><strong>una</strong></span> <span class='ocrx_word' id='word_1_144' title='bbox 340 1118 383 1141; x_wconf 87' lang='lat' dir='ltr'><strong>est</strong></span> <span class='ocrx_word' id='word_1_145' title='bbox 403 1113 534 1142; x_wconf 64' lang='lat' dir='ltr'><strong>Ecclesia:</strong></span> <span class='ocrx_word' id='word_1_146' title='bbox 556 1113 686 1142; x_wconf 63' lang='lat' dir='ltr'><strong>Romana</strong></span> <span class='ocrx_word' id='word_1_147' title='bbox 709 1115 820 1142; x_wconf 83' lang='lat' dir='ltr'><strong>nomine</strong></span> 
     </span>
    </p>
   </div>
   <div class='ocr_carea' id='block_1_26' title="bbox 51 1158 819 1196">
    <p class='ocr_par' dir='ltr' id='par_1_26' title="bbox 51 1158 819 1196">
     <span class='ocr_line' id='line_1_26' title="bbox 51 1158 819 1196; baseline 0.005 -11"><span class='ocrx_word' id='word_1_148' title='bbox 51 1159 79 1185; x_wconf 87' lang='lat' dir='ltr'><strong>ah</strong></span> <span class='ocrx_word' id='word_1_149' title='bbox 89 1167 117 1186; x_wconf 87' lang='lat' dir='ltr'><strong>eo</strong></span> <span class='ocrx_word' id='word_1_150' title='bbox 129 1159 161 1186; x_wconf 81' lang='lat' dir='ltr'><strong>ad</strong></span> <span class='ocrx_word' id='word_1_151' title='bbox 171 1158 329 1188; x_wconf 86' lang='lat' dir='ltr'><strong>Corinthios</strong></span> <span class='ocrx_word' id='word_1_152' title='bbox 347 1160 472 1195; x_wconf 86' lang='lat' dir='ltr'><strong>epistola,</strong></span> <span class='ocrx_word' id='word_1_153' title='bbox 485 1168 545 1196; x_wconf 67' lang='lat' dir='ltr'><strong>quae</strong></span> <span class='ocrx_word' id='word_1_154' title='bbox 557 1168 605 1195; x_wconf 84' lang='lat' dir='ltr'><strong>pro</strong></span> <span class='ocrx_word' id='word_1_155' title='bbox 616 1161 734 1195; x_wconf 83' lang='lat' dir='ltr'><strong>genuino</strong></span> <span class='ocrx_word' id='word_1_156' title='bbox 744 1161 819 1190; x_wconf 83' lang='lat' dir='ltr'><strong>illius</strong></span> 
     </span>
    </p>
   </div>
   <div class='ocr_carea' id='block_1_27' title="bbox 51 1203 818 1241">
    <p class='ocr_par' dir='ltr' id='par_1_27' title="bbox 51 1203 818 1241">
     <span class='ocr_line' id='line_1_27' title="bbox 51 1203 818 1241; baseline 0.004 -9"><span class='ocrx_word' id='word_1_157' title='bbox 51 1203 98 1232; x_wconf 79' lang='lat' dir='ltr'><strong>fetu</strong></span> <span class='ocrx_word' id='word_1_158' title='bbox 116 1209 188 1233; x_wconf 90' lang='lat' dir='ltr'><strong>certo</strong></span> <span class='ocrx_word' id='word_1_159' title='bbox 205 1205 314 1233; x_wconf 75' lang='lat' dir='ltr'><strong>laudari</strong></span> <span class='ocrx_word' id='word_1_160' title='bbox 334 1206 430 1241; x_wconf 88' lang='lat' dir='ltr'><strong>possit.</strong></span> <span class='ocrx_word' id='word_1_161' title='bbox 452 1206 527 1233; x_wconf 84' lang='lat' dir='ltr'><strong>Illam</strong></span> <span class='ocrx_word' id='word_1_162' title='bbox 546 1206 739 1234; x_wconf 91' lang='lat' dir='ltr'><strong>commendant</strong></span> <span class='ocrx_word' id='word_1_163' title='bbox 761 1207 818 1235; x_wconf 85' lang='lat' dir='ltr'><strong>lre-</strong></span> 
     </span>
    </p>
   </div>
   <div class='ocr_carea' id='block_1_28' title="bbox 50 1250 818 1287">
    <p class='ocr_par' dir='ltr' id='par_1_28' title="bbox 50 1250 818 1287">
     <span class='ocr_line' id='line_1_28' title="bbox 50 1250 818 1287; baseline 0.003 -9"><span class='ocrx_word' id='word_1_164' title='bbox 50 1258 114 1278; x_wconf 58' lang='lat' dir='ltr'><strong>usus</strong></span> <span class='ocrx_word' id='word_1_165' title='bbox 124 1250 188 1286; x_wconf 61' lang='lat' dir='ltr'><strong>(tl),</strong></span> <span class='ocrx_word' id='word_1_166' title='bbox 199 1250 346 1287; x_wconf 86' lang='lat' dir='ltr'><strong>Dionysius</strong></span> <span class='ocrx_word' id='word_1_167' title='bbox 365 1252 464 1279; x_wconf 65' lang='lat' dir='ltr'><strong>saeculo</strong></span> <span class='ocrx_word' id='word_1_168' title='bbox 480 1251 600 1280; x_wconf 85' lang='lat' dir='ltr'><strong>secundo</strong></span> <span class='ocrx_word' id='word_1_169' title='bbox 614 1251 818 1280; x_wconf 85' lang='lat' dir='ltr'><strong>Corinthiorum</strong></span> 
     </span>
    </p>
   </div>
   <div class='ocr_carea' id='block_1_29' title="bbox 49 1295 818 1334">
    <p class='ocr_par' dir='ltr' id='par_1_29' title="bbox 49 1295 818 1334">
     <span class='ocr_line' id='line_1_29' title="bbox 49 1295 818 1334; baseline 0.005 -12"><span class='ocrx_word' id='word_1_170' title='bbox 49 1295 178 1331; x_wconf 87' lang='lat' dir='ltr'><strong>episcopus</strong></span> <span class='ocrx_word' id='word_1_171' title='bbox 198 1297 226 1324; x_wconf 91' lang='lat' dir='ltr'><strong>in</strong></span> <span class='ocrx_word' id='word_1_172' title='bbox 246 1305 298 1325; x_wconf 88' lang='lat' dir='ltr'><strong>sua</strong></span> <span class='ocrx_word' id='word_1_173' title='bbox 310 1297 344 1324; x_wconf 92' lang='lat' dir='ltr'><strong>ad</strong></span> <span class='ocrx_word' id='word_1_174' title='bbox 364 1297 487 1325; x_wconf 89' lang='lat' dir='ltr'><strong>Soterem</strong></span> <span class='ocrx_word' id='word_1_175' title='bbox 507 1298 622 1333; x_wconf 85' lang='lat' dir='ltr'><strong>epistola</strong></span> <span class='ocrx_word' id='word_1_176' title='bbox 638 1298 707 1334; x_wconf 75' lang='grc'><strong>(42),</strong></span> <span class='ocrx_word' id='word_1_177' title='bbox 731 1298 818 1326; x_wconf 89' lang='lat' dir='ltr'><strong>Euse-</strong></span> 
     </span>
    </p>
   </div>
   <div class='ocr_carea' id='block_1_30' title="bbox 48 1340 817 1380">
    <p class='ocr_par' dir='ltr' id='par_1_30' title="bbox 48 1340 817 1380">
     <span class='ocr_line' id='line_1_30' title="bbox 48 1340 817 1380; baseline 0.007 -14"><span class='ocrx_word' id='word_1_178' title='bbox 48 1340 101 1368; x_wconf 86' lang='lat' dir='ltr'><strong>bius</strong></span> <span class='ocrx_word' id='word_1_179' title='bbox 115 1342 177 1377; x_wconf 72' lang='grc'><strong>(45),</strong></span> <span class='ocrx_word' id='word_1_180' title='bbox 195 1341 315 1378; x_wconf 84' lang='lat' dir='ltr'><strong>Cyrillus</strong></span> <span class='ocrx_word' id='word_1_181' title='bbox 331 1342 591 1378; x_wconf 86' lang='lat' dir='ltr'><strong>Hierosolymitanus</strong></span> <span class='ocrx_word' id='word_1_182' title='bbox 610 1344 677 1379; x_wconf 72' lang='grc'><strong>(44).</strong></span> <span class='ocrx_word' id='word_1_183' title='bbox 697 1344 817 1380; x_wconf 88' lang='lat' dir='ltr'><strong>Epipha-</strong></span> 
     </span>
    </p>
   </div>
   <div class='ocr_carea' id='block_1_31' title="bbox 48 1385 815 1424">
    <p class='ocr_par' dir='ltr' id='par_1_31' title="bbox 48 1385 815 1424">
     <span class='ocr_line' id='line_1_31' title="bbox 48 1385 815 1424; baseline 0.005 -12"><span class='ocrx_word' id='word_1_184' title='bbox 48 1385 101 1413; x_wconf 85' lang='lat' dir='ltr'><strong>nius</strong></span> <span class='ocrx_word' id='word_1_185' title='bbox 110 1386 160 1422; x_wconf 69' lang='grc'><strong>(45)</strong></span> <span class='ocrx_word' id='word_1_186' title='bbox 170 1386 268 1422; x_wconf 87' lang='lat' dir='ltr'><strong>aliique</strong></span> <span class='ocrx_word' id='word_1_187' title='bbox 278 1388 432 1422; x_wconf 87' lang='lat' dir='ltr'><strong>complures</strong></span> <span class='ocrx_word' id='word_1_188' title='bbox 443 1387 510 1423; x_wconf 78' lang='grc'><strong>(46).</strong></span> <span class='ocrx_word' id='word_1_189' title='bbox 521 1387 657 1424; x_wconf 86' lang='lat' dir='ltr'><strong>Scriptam</strong></span> <span class='ocrx_word' id='word_1_190' title='bbox 668 1388 815 1424; x_wconf 85' lang='lat' dir='ltr'><strong>Epistolam</strong></span> 
     </span>
    </p>
   </div>
   <div class='ocr_carea' id='block_1_32' title="bbox 47 1430 816 1463">
    <p class='ocr_par' dir='ltr' id='par_1_32' title="bbox 47 1430 816 1463">
     <span class='ocr_line' id='line_1_32' title="bbox 47 1430 816 1463; baseline 0.005 -5"><span class='ocrx_word' id='word_1_191' title='bbox 47 1430 110 1458; x_wconf 86' lang='lat' dir='ltr'><strong>illam</strong></span> <span class='ocrx_word' id='word_1_192' title='bbox 124 1433 227 1460; x_wconf 89' lang='lat' dir='ltr'><strong>nomine</strong></span> <span class='ocrx_word' id='word_1_193' title='bbox 241 1433 369 1461; x_wconf 57' lang='lat' dir='ltr'><strong>Romanis</strong></span> <span class='ocrx_word' id='word_1_194' title='bbox 386 1434 514 1462; x_wconf 63' lang='lat' dir='ltr'><strong>Ecclesia</strong></span> <span class='ocrx_word' id='word_1_195' title='bbox 532 1434 612 1462; x_wconf 84' lang='lat' dir='ltr'><strong>docet</strong></span> <span class='ocrx_word' id='word_1_196' title='bbox 625 1434 704 1463; x_wconf 90' lang='lat' dir='ltr'><strong>divus</strong></span> <span class='ocrx_word' id='word_1_197' title='bbox 719 1434 816 1462; x_wconf 86' lang='lat' dir='ltr'><strong>Hiero-</strong></span> 
     </span>
    </p>
   </div>
   <div class='ocr_carea' id='block_1_33' title="bbox 46 1478 815 1516">
    <p class='ocr_par' dir='ltr' id='par_1_33' title="bbox 46 1478 815 1516">
     <span class='ocr_line' id='line_1_33' title="bbox 46 1478 815 1516; baseline 0.007 -13"><span class='ocrx_word' id='word_1_198' title='bbox 46 1484 132 1512; x_wconf 82' lang='lat' dir='ltr'><strong>nymus</strong></span> <span class='ocrx_word' id='word_1_199' title='bbox 147 1478 211 1513; x_wconf 74' lang='grc'><strong>(47).</strong></span> <span class='ocrx_word' id='word_1_200' title='bbox 231 1479 269 1506; x_wconf 89' lang='lat' dir='ltr'><strong>Ea</strong></span> <span class='ocrx_word' id='word_1_201' title='bbox 292 1479 424 1514; x_wconf 91' lang='lat' dir='ltr'><strong>siquidem</strong></span> <span class='ocrx_word' id='word_1_202' title='bbox 448 1484 525 1507; x_wconf 68' lang='lat' dir='ltr'><strong>aetate</strong></span> <span class='ocrx_word' id='word_1_203' title='bbox 544 1481 665 1516; x_wconf 86' lang='lat' dir='ltr'><strong>episcopi</strong></span> <span class='ocrx_word' id='word_1_204' title='bbox 683 1481 752 1508; x_wconf 91' lang='lat' dir='ltr'><strong>nihil</strong></span> <span class='ocrx_word' id='word_1_205' title='bbox 772 1482 815 1508; x_wconf 79' lang='lat' dir='ltr'><strong>in-</strong></span> 
     </span>
    </p>
   </div>
   <div class='ocr_carea' id='block_1_34' title="bbox 46 1523 814 1560">
    <p class='ocr_par' dir='ltr' id='par_1_34' title="bbox 46 1523 814 1560">
     <span class='ocr_line' id='line_1_34' title="bbox 46 1523 814 1560; baseline 0.008 -12"><span class='ocrx_word' id='word_1_206' title='bbox 46 1523 158 1550; x_wconf 86' lang='lat' dir='ltr'><strong>consulta</strong></span> <span class='ocrx_word' id='word_1_207' title='bbox 182 1523 305 1552; x_wconf 86' lang='lat' dir='ltr'><strong>Ecclesia</strong></span> <span class='ocrx_word' id='word_1_208' title='bbox 336 1532 385 1552; x_wconf 87' lang='lat' dir='ltr'><strong>sua</strong></span> <span class='ocrx_word' id='word_1_209' title='bbox 417 1526 654 1560; x_wconf 81' lang='lat' dir='ltr'><strong>aggrediehantur.</strong></span> <span class='ocrx_word' id='word_1_210' title='bbox 679 1525 814 1554; x_wconf 65' lang='lat' dir='ltr'><strong>Praeterea</strong></span> 
     </span>
    </p>
   </div>
   <div class='ocr_carea' id='block_1_35' title="bbox 46 1569 814 1610">
    <p class='ocr_par' dir='ltr' id='par_1_35' title="bbox 46 1569 814 1610">
     <span class='ocr_line' id='line_1_35' title="bbox 46 1569 814 1610; baseline 0.009 -16"><span class='ocrx_word' id='word_1_211' title='bbox 46 1574 100 1594; x_wconf 87' lang='lat' dir='ltr'><strong>cum</strong></span> <span class='ocrx_word' id='word_1_212' title='bbox 113 1569 237 1602; x_wconf 88' lang='lat' dir='ltr'><strong>schisma,</strong></span> <span class='ocrx_word' id='word_1_213' title='bbox 250 1570 323 1605; x_wconf 87' lang='lat' dir='ltr'><strong>quod</strong></span> <span class='ocrx_word' id='word_1_214' title='bbox 340 1571 542 1598; x_wconf 86' lang='lat' dir='ltr'><strong>Corinthiorum</strong></span> <span class='ocrx_word' id='word_1_215' title='bbox 555 1571 706 1601; x_wconf 84' lang='lat' dir='ltr'><strong>Ecclesiam</strong></span> <span class='ocrx_word' id='word_1_216' title='bbox 721 1574 814 1610; x_wconf 76' lang='lat' dir='ltr'><strong>exagi-</strong></span> 
     </span>
    </p>
   </div>
   <div class='ocr_carea' id='block_1_36' title="bbox 45 1613 849 1650">
    <p class='ocr_par' dir='ltr' id='par_1_36' title="bbox 45 1613 849 1650">
     <span class='ocr_line' id='line_1_36' title="bbox 45 1613 849 1650; baseline 0.009 -11"><span class='ocrx_word' id='word_1_217' title='bbox 45 1613 120 1645; x_wconf 86' lang='lat' dir='ltr'><strong>tabat,</strong></span> <span class='ocrx_word' id='word_1_218' title='bbox 140 1616 232 1643; x_wconf 88' lang='lat' dir='ltr'><strong>tollere</strong></span> <span class='ocrx_word' id='word_1_219' title='bbox 254 1617 400 1644; x_wconf 89' lang='lat' dir='ltr'><strong>consilium</strong></span> <span class='ocrx_word' id='word_1_220' title='bbox 425 1621 508 1650; x_wconf 88' lang='lat' dir='ltr'><strong>esset,</strong></span> <span class='ocrx_word' id='word_1_221' title='bbox 534 1618 661 1646; x_wconf 79' lang='lat' dir='ltr'><strong>universa</strong></span> <span class='ocrx_word' id='word_1_222' title='bbox 691 1614 849 1646; x_wconf 81' lang='lat' dir='ltr'><strong>RomanaC</strong></span> 
     </span>
    </p>
   </div>
   <div class='ocr_carea' id='block_1_37' title="bbox 45 1657 812 1700">
    <p class='ocr_par' dir='ltr' id='par_1_37' title="bbox 45 1657 812 1700">
     <span class='ocr_line' id='line_1_37' title="bbox 45 1657 812 1700; baseline 0.012 -16"><span class='ocrx_word' id='word_1_223' title='bbox 45 1657 154 1688; x_wconf 78' lang='lat' dir='ltr'><strong>Ecclesia</strong></span> <span class='ocrx_word' id='word_1_224' title='bbox 167 1662 255 1697; x_wconf 88' lang='lat' dir='ltr'><strong>majus</strong></span> <span class='ocrx_word' id='word_1_225' title='bbox 270 1663 386 1697; x_wconf 89' lang='lat' dir='ltr'><strong>pondus,</strong></span> <span class='ocrx_word' id='word_1_226' title='bbox 399 1671 479 1698; x_wconf 83' lang='lat' dir='ltr'><strong>quam</strong></span> <span class='ocrx_word' id='word_1_227' title='bbox 493 1664 569 1692; x_wconf 90' lang='lat' dir='ltr'><strong>solus</strong></span> <span class='ocrx_word' id='word_1_228' title='bbox 579 1663 729 1700; x_wconf 84' lang='lat' dir='ltr'><strong>Episcopus</strong></span> <span class='ocrx_word' id='word_1_229' title='bbox 740 1665 812 1700; x_wconf 90' lang='lat' dir='ltr'><strong>apud</strong></span> 
     </span>
    </p>
   </div>
   <div class='ocr_carea' id='block_1_38' title="bbox 44 1706 459 1737">
    <p class='ocr_par' dir='ltr' id='par_1_38' title="bbox 44 1706 459 1737">
     <span class='ocr_line' id='line_1_38' title="bbox 44 1706 459 1737; baseline 0.012 -5"><span class='ocrx_word' id='word_1_230' title='bbox 44 1713 86 1733; x_wconf 85' lang='lat' dir='ltr'><strong>eos</strong></span> <span class='ocrx_word' id='word_1_231' title='bbox 96 1706 214 1735; x_wconf 85' lang='lat' dir='ltr'><strong>habitura</strong></span> <span class='ocrx_word' id='word_1_232' title='bbox 228 1716 291 1736; x_wconf 91' lang='lat' dir='ltr'><strong>esse</strong></span> <span class='ocrx_word' id='word_1_233' title='bbox 307 1709 459 1737; x_wconf 79' lang='lat' dir='ltr'><strong>videbatur.</strong></span> 
     </span>
    </p>
   </div>
   <div class='ocr_carea' id='block_1_39' title="bbox 73 1752 814 1792">
    <p class='ocr_par' dir='ltr' id='par_1_39' title="bbox 73 1752 814 1792">
     <span class='ocr_line' id='line_1_39' title="bbox 73 1752 814 1792; baseline 0.007 -13"><span class='ocrx_word' id='word_1_234' title='bbox 73 1752 133 1785; x_wconf 80' lang='lat' dir='ltr'><strong>Qua.-</strong></span> <span class='ocrx_word' id='word_1_235' title='bbox 144 1755 200 1788; x_wconf 86' lang='lat' dir='ltr'><strong>ejus</strong></span> <span class='ocrx_word' id='word_1_236' title='bbox 215 1755 361 1783; x_wconf 70' lang='grc' dir='ltr'><strong>εενὶθειιάαε</strong></span> <span class='ocrx_word' id='word_1_237' title='bbox 375 1757 480 1784; x_wconf 77' lang='lat' dir='ltr'><strong>occasio</strong></span> <span class='ocrx_word' id='word_1_238' title='bbox 489 1758 502 1784; x_wconf 74' lang='grc' dir='ltr'><em>ἵ</em></span> <span class='ocrx_word' id='word_1_239' title='bbox 510 1771 546 1776; x_wconf 91' lang='grc'><strong>-</strong></span> <span class='ocrx_word' id='word_1_240' title='bbox 560 1755 681 1792; x_wconf 88' lang='lat' dir='ltr'><strong>Epistola</strong></span> <span class='ocrx_word' id='word_1_241' title='bbox 696 1757 766 1789; x_wconf 63' lang='lat' dir='ltr'><strong>haec,</strong></span> <span class='ocrx_word' id='word_1_242' title='bbox 785 1761 814 1784; x_wconf 91' lang='lat' dir='ltr'><strong>ut</strong></span> 
     </span>
    </p>
   </div>
   <div class='ocr_carea' id='block_1_40' title="bbox 44 1800 812 1837">
    <p class='ocr_par' dir='ltr' id='par_1_40' title="bbox 44 1800 812 1837">
     <span class='ocr_line' id='line_1_40' title="bbox 44 1800 812 1837; baseline 0.005 -13"><span class='ocrx_word' id='word_1_243' title='bbox 44 1802 80 1824; x_wconf 81' lang='lat' dir='ltr'><strong>est</strong></span> <span class='ocrx_word' id='word_1_244' title='bbox 91 1806 105 1824; x_wconf 87' lang='lat' dir='ltr'><strong>a</strong></span> <span class='ocrx_word' id='word_1_245' title='bbox 118 1800 192 1827; x_wconf 87' lang='lat' dir='ltr'><strong>nobis</strong></span> <span class='ocrx_word' id='word_1_246' title='bbox 207 1800 387 1834; x_wconf 88' lang='lat' dir='ltr'><strong>admonitum,</strong></span> <span class='ocrx_word' id='word_1_247' title='bbox 399 1802 543 1830; x_wconf 86' lang='lat' dir='ltr'><strong>occasione</strong></span> <span class='ocrx_word' id='word_1_248' title='bbox 557 1802 725 1834; x_wconf 88' lang='lat' dir='ltr'><strong>schismatis,</strong></span> <span class='ocrx_word' id='word_1_249' title='bbox 738 1801 812 1837; x_wconf 91' lang='lat' dir='ltr'><strong>quod</strong></span> 
     </span>
    </p>
   </div>
   <div class='ocr_carea' id='block_1_41' title="bbox 45 1845 812 1880">
    <p class='ocr_par' dir='ltr' id='par_1_41' title="bbox 45 1845 812 1880">
     <span class='ocr_line' id='line_1_41' title="bbox 45 1845 812 1880; baseline 0.007 -10"><span class='ocrx_word' id='word_1_250' title='bbox 45 1850 86 1878; x_wconf 91' lang='lat' dir='ltr'><strong>per</strong></span> <span class='ocrx_word' id='word_1_251' title='bbox 102 1851 131 1871; x_wconf 88' lang='lat' dir='ltr'><strong>ea</strong></span> <span class='ocrx_word' id='word_1_252' title='bbox 153 1849 275 1880; x_wconf 84' lang='lat' dir='ltr'><strong>tempora</strong></span> <span class='ocrx_word' id='word_1_253' title='bbox 290 1845 494 1874; x_wconf 84' lang='lat' dir='ltr'><strong>Corinthiorum</strong></span> <span class='ocrx_word' id='word_1_254' title='bbox 512 1847 664 1874; x_wconf 72' lang='lat' dir='ltr'><strong>Ecclesium</strong></span> <span class='ocrx_word' id='word_1_255' title='bbox 686 1848 812 1880; x_wconf 70' lang='lat' dir='ltr'><strong>vexabat,</strong></span> 
     </span>
    </p>
   </div>
   <div class='ocr_carea' id='block_1_42' title="bbox 44 1891 814 1929">
    <p class='ocr_par' dir='ltr' id='par_1_42' title="bbox 44 1891 814 1929">
     <span class='ocr_line' id='line_1_42' title="bbox 44 1891 814 1929; baseline 0.006 -14"><span class='ocrx_word' id='word_1_256' title='bbox 44 1891 185 1926; x_wconf 82' lang='lat' dir='ltr'><strong>conscripta</strong></span> <span class='ocrx_word' id='word_1_257' title='bbox 202 1892 264 1920; x_wconf 76' lang='lat' dir='ltr'><strong>fuit.</strong></span> <span class='ocrx_word' id='word_1_258' title='bbox 278 1892 403 1920; x_wconf 88' lang='lat' dir='ltr'><strong>Schisma</strong></span> <span class='ocrx_word' id='word_1_259' title='bbox 419 1901 485 1920; x_wconf 88' lang='lat' dir='ltr'><strong>vero</strong></span> <span class='ocrx_word' id='word_1_260' title='bbox 498 1893 565 1920; x_wconf 92' lang='lat' dir='ltr'><strong>illud</strong></span> <span class='ocrx_word' id='word_1_261' title='bbox 582 1902 615 1921; x_wconf 83' lang='lat' dir='ltr'><strong>ex</strong></span> <span class='ocrx_word' id='word_1_262' title='bbox 631 1893 733 1921; x_wconf 86' lang='lat' dir='ltr'><strong>invidia</strong></span> <span class='ocrx_word' id='word_1_263' title='bbox 748 1901 814 1929; x_wconf 91' lang='lat' dir='ltr'><strong>quo-</strong></span> 
     </span>
    </p>
   </div>
   <div class='ocr_carea' id='block_1_43' title="bbox 44 1936 812 1974">
    <p class='ocr_par' dir='ltr' id='par_1_43' title="bbox 44 1936 812 1974">
     <span class='ocr_line' id='line_1_43' title="bbox 44 1936 812 1974; baseline 0.008 -13"><span class='ocrx_word' id='word_1_264' title='bbox 44 1936 154 1963; x_wconf 85' lang='lat' dir='ltr'><strong>rumdam</strong></span> <span class='ocrx_word' id='word_1_265' title='bbox 175 1938 201 1964; x_wconf 91' lang='lat' dir='ltr'><strong>in</strong></span> <span class='ocrx_word' id='word_1_266' title='bbox 215 1946 265 1966; x_wconf 88' lang='lat' dir='ltr'><strong>eos</strong></span> <span class='ocrx_word' id='word_1_267' title='bbox 296 1939 344 1974; x_wconf 89' lang='lat' dir='ltr'><strong>qui</strong></span> <span class='ocrx_word' id='word_1_268' title='bbox 367 1939 513 1974; x_wconf 80' lang='lat' dir='ltr'><strong>dignitates</strong></span> <span class='ocrx_word' id='word_1_269' title='bbox 526 1943 553 1967; x_wconf 92' lang='lat' dir='ltr'><strong>et</strong></span> <span class='ocrx_word' id='word_1_270' title='bbox 570 1947 683 1967; x_wconf 83' lang='lat' dir='ltr'><strong>munera</strong></span> <span class='ocrx_word' id='word_1_271' title='bbox 704 1940 812 1967; x_wconf 89' lang='lat' dir='ltr'><strong>obtine-</strong></span> 
     </span>
    </p>
   </div>
   <div class='ocr_carea' id='block_1_44' title="bbox 44 1980 811 2019">
    <p class='ocr_par' dir='ltr' id='par_1_44' title="bbox 44 1980 811 2019">
     <span class='ocr_line' id='line_1_44' title="bbox 44 1980 811 2019; baseline 0.007 -11"><span class='ocrx_word' id='word_1_272' title='bbox 44 1980 110 2014; x_wconf 87' lang='lat' dir='ltr'><strong>bant,</strong></span> <span class='ocrx_word' id='word_1_273' title='bbox 127 1983 271 2012; x_wconf 79' lang='lat' dir='ltr'><strong>conﬂatum</strong></span> <span class='ocrx_word' id='word_1_274' title='bbox 291 1984 354 2019; x_wconf 81' lang='lat' dir='ltr'><strong>fuit;</strong></span> <span class='ocrx_word' id='word_1_275' title='bbox 372 1986 444 2012; x_wconf 91' lang='lat' dir='ltr'><strong>unde</strong></span> <span class='ocrx_word' id='word_1_276' title='bbox 459 1985 615 2013; x_wconf 82' lang='lat' dir='ltr'><strong>inﬁdelibus</strong></span> <span class='ocrx_word' id='word_1_277' title='bbox 630 1985 696 2013; x_wconf 83' lang='lat' dir='ltr'><strong>Jesu</strong></span> <span class='ocrx_word' id='word_1_278' title='bbox 710 1985 811 2014; x_wconf 83' lang='lat' dir='ltr'><strong>Christi</strong></span> 
     </span>
    </p>
   </div>
   <div class='ocr_carea' id='block_1_45' title="bbox 44 2027 811 2066">
    <p class='ocr_par' dir='ltr' id='par_1_45' title="bbox 44 2027 811 2066">
     <span class='ocr_line' id='line_1_45' title="bbox 44 2027 811 2066; baseline 0.009 -13"><span class='ocrx_word' id='word_1_279' title='bbox 44 2027 188 2062; x_wconf 74' lang='lat' dir='ltr'><strong>religionem</strong></span> <span class='ocrx_word' id='word_1_280' title='bbox 209 2030 417 2066; x_wconf 87' lang='lat' dir='ltr'><strong>blasphemandi</strong></span> <span class='ocrx_word' id='word_1_281' title='bbox 440 2039 508 2059; x_wconf 90' lang='lat' dir='ltr'><strong>ansa</strong></span> <span class='ocrx_word' id='word_1_282' title='bbox 532 2032 595 2059; x_wconf 87' lang='lat' dir='ltr'><strong>data</strong></span> <span class='ocrx_word' id='word_1_283' title='bbox 619 2036 671 2060; x_wconf 88' lang='lat' dir='ltr'><strong>est.</strong></span> <span class='ocrx_word' id='word_1_284' title='bbox 693 2033 728 2059; x_wconf 83' lang='lat' dir='ltr'><strong>At</strong></span> <span class='ocrx_word' id='word_1_285' title='bbox 749 2040 811 2060; x_wconf 93' lang='lat' dir='ltr'><strong>cum</strong></span> 
     </span>
    </p>
   </div>
   <div class='ocr_carea' id='block_1_46' title="bbox 42 2070 814 2112">
    <p class='ocr_par' dir='ltr' id='par_1_46' title="bbox 42 2070 814 2112">
     <span class='ocr_line' id='line_1_46' title="bbox 42 2070 814 2112; baseline 0.01 -15"><span class='ocrx_word' id='word_1_286' title='bbox 42 2070 184 2102; x_wconf 85' lang='lat' dir='ltr'><strong>Corinthios</strong></span> <span class='ocrx_word' id='word_1_287' title='bbox 198 2074 274 2110; x_wconf 90' lang='lat' dir='ltr'><strong>ipsos</strong></span> <span class='ocrx_word' id='word_1_288' title='bbox 290 2076 446 2104; x_wconf 84' lang='lat' dir='ltr'><strong>schismatis</strong></span> <span class='ocrx_word' id='word_1_289' title='bbox 466 2076 508 2104; x_wconf 89' lang='lat' dir='ltr'><strong>sui</strong></span> <span class='ocrx_word' id='word_1_290' title='bbox 524 2076 648 2112; x_wconf 84' lang='lat' dir='ltr'><strong>puderet,</strong></span> <span class='ocrx_word' id='word_1_291' title='bbox 667 2076 701 2104; x_wconf 90' lang='lat' dir='ltr'><strong>ad</strong></span> <span class='ocrx_word' id='word_1_292' title='bbox 716 2076 814 2105; x_wconf 82' lang='lat' dir='ltr'><strong>Roma-</strong></span> 
     </span>
    </p>
   </div>
   <div class='ocr_carea' id='block_1_47' title="bbox 76 2170 306 2207">
    <p class='ocr_par' dir='ltr' id='par_1_47' title="bbox 76 2170 306 2207">
     <span class='ocr_line' id='line_1_47' title="bbox 76 2170 306 2207; baseline 0.017 -9"><span class='ocrx_word' id='word_1_293' title='bbox 76 2170 123 2207; x_wconf 66' lang='lat'><strong>{37)</strong></span> <span class='ocrx_word' id='word_1_294' title='bbox 138 2171 169 2200; x_wconf 87' lang='lat' dir='ltr'><strong>L.</strong></span> <span class='ocrx_word' id='word_1_295' title='bbox 183 2180 224 2204; x_wconf 81' lang='lat' dir='ltr'><strong>Ill,</strong></span> <span class='ocrx_word' id='word_1_296' title='bbox 242 2181 267 2201; x_wconf 92' lang='lat' dir='ltr'><strong>c.</strong></span> <span class='ocrx_word' id='word_1_297' title='bbox 279 2174 306 2202; x_wconf 90' lang='grc'>5.</span> 
     </span>
    </p>
   </div>
   <div class='ocr_carea' id='block_1_48' title="bbox 81 2206 531 2244">
    <p class='ocr_par' dir='ltr' id='par_1_48' title="bbox 81 2206 531 2244">
     <span class='ocr_line' id='line_1_48' title="bbox 81 2206 531 2244; baseline 0.007 -10"><span class='ocrx_word' id='word_1_298' title='bbox 81 2206 122 2244; x_wconf 61' lang='grc' dir='ltr'><strong>ξε)</strong></span> <span class='ocrx_word' id='word_1_299' title='bbox 139 2207 178 2244; x_wconf 73' lang='grc' dir='ltr'><strong>ρε</strong></span> <span class='ocrx_word' id='word_1_300' title='bbox 189 2209 268 2244; x_wconf 40' lang='lat' dir='ltr'><strong>orig”</strong></span> <span class='ocrx_word' id='word_1_301' title='bbox 282 2213 347 2244; x_wconf 76' lang='lat' dir='ltr'><strong>tom.</strong></span> <span class='ocrx_word' id='word_1_302' title='bbox 361 2209 382 2241; x_wconf 90' lang='lat' dir='ltr'><strong>l,</strong></span> <span class='ocrx_word' id='word_1_303' title='bbox 396 2217 456 2244; x_wconf 90' lang='lat' dir='ltr'><strong>pag.</strong></span> <span class='ocrx_word' id='word_1_304' title='bbox 470 2209 531 2237; x_wconf 85' lang='lat'><strong>778.</strong></span> 
     </span>
    </p>
   </div>
   <div class='ocr_carea' id='block_1_49' title="bbox 70 2216 658 2285">
    <p class='ocr_par' dir='ltr' id='par_1_49' title="bbox 70 2216 658 2285">
     <span class='ocr_line' id='line_1_49' title="bbox 71 2216 531 2244; baseline -0.026 -1"><span class='ocrx_word' id='word_1_305' title='bbox 71 2216 122 2242; x_wconf 61' lang='grc' dir='ltr'><strong>κοῦ)</strong></span> <span class='ocrx_word' id='word_1_306' title='bbox 143 2216 178 2235; x_wconf 81' lang='lat' dir='ltr'><strong>Ue</strong></span> <span class='ocrx_word' id='word_1_307' title='bbox 189 2216 229 2235; x_wconf 81' lang='lat' dir='ltr'><strong>un</strong></span> <span class='ocrx_word' id='word_1_308' title='bbox 249 2229 268 2240; x_wconf 87' lang='lat'><strong>.,</strong></span> <span class='ocrx_word' id='word_1_309' title='bbox 282 2216 347 2236; x_wconf 82' lang='lat' dir='ltr'><strong>tom.</strong></span> <span class='ocrx_word' id='word_1_310' title='bbox 361 2216 382 2241; x_wconf 85' lang='grc' dir='ltr'>ι,</span> <span class='ocrx_word' id='word_1_311' title='bbox 396 2217 456 2244; x_wconf 76' lang='lat' dir='ltr'><strong>pag,</strong></span> <span class='ocrx_word' id='word_1_312' title='bbox 471 2216 531 2237; x_wconf 68' lang='grc' dir='ltr'><strong>ηδ,</strong></span> 
     </span>
     <span class='ocr_line' id='line_1_50' title="bbox 70 2216 658 2285; baseline -0.022 -4"><span class='ocrx_word' id='word_1_313' title='bbox 139 2240 216 2285; x_wconf 62' lang='grc' dir='ltr'><strong>Ξοωο</strong></span> <span class='ocrx_word' id='word_1_314' title='bbox 284 2243 385 2285; x_wconf 59' lang='lat' dir='ltr'><strong>Catull.</strong></span> <span class='ocrx_word' id='word_1_315' title='bbox 411 2244 509 2285; x_wconf 58' lang='lat' dir='ltr'><strong>Mans},</strong></span> <span class='ocrx_word' id='word_1_316' title='bbox 522 2244 579 2285; x_wconf 60' lang='lat' dir='ltr'><strong>col.</strong></span> <span class='ocrx_word' id='word_1_317' title='bbox 597 2244 658 2271; x_wconf 82' lang='grc'><strong>550.</strong></span> 
     </span>
    </p>
   </div>
   <div class='ocr_carea' id='block_1_50' title="bbox 71 2276 847 2314">
    <p class='ocr_par' dir='ltr' id='par_1_50' title="bbox 71 2276 847 2314">
     <span class='ocr_line' id='line_1_51' title="bbox 71 2276 847 2314; baseline 0.004 -10"><span class='ocrx_word' id='word_1_318' title='bbox 71 2276 122 2312; x_wconf 87' lang='lat' dir='ltr'><strong>(-l0)</strong></span> <span class='ocrx_word' id='word_1_319' title='bbox 140 2276 218 2306; x_wconf 81' lang='lat' dir='ltr'><strong>&#39;l‘om.</strong></span> <span class='ocrx_word' id='word_1_320' title='bbox 228 2279 238 2305; x_wconf 97' lang='lat' dir='ltr'><strong>l</strong></span> <span class='ocrx_word' id='word_1_321' title='bbox 250 2279 299 2306; x_wconf 88' lang='lat' dir='ltr'><strong>des</strong></span> <span class='ocrx_word' id='word_1_322' title='bbox 314 2281 427 2306; x_wconf 79' lang='lat' dir='ltr'><strong>Auteurs</strong></span> <span class='ocrx_word' id='word_1_323' title='bbox 438 2279 640 2314; x_wconf 72' lang='lat' dir='ltr'><strong>ecclésiastiques</strong></span> <span class='ocrx_word' id='word_1_324' title='bbox 650 2298 657 2310; x_wconf 93' lang='lat'><strong>,</strong></span> <span class='ocrx_word' id='word_1_325' title='bbox 670 2286 731 2314; x_wconf 90' lang='lat' dir='ltr'><strong>pag.</strong></span> <span class='ocrx_word' id='word_1_326' title='bbox 745 2278 807 2306; x_wconf 83' lang='grc'><strong>599.</strong></span> <span class='ocrx_word' id='word_1_327' title='bbox 825 2280 847 2308; x_wconf 86' lang='grc' dir='ltr'><strong>Ι)</strong></span> 
     </span>
    </p>
   </div>
   <div class='ocr_carea' id='block_1_51' title="bbox 43 2319 808 2359">
    <p class='ocr_par' dir='ltr' id='par_1_51' title="bbox 43 2319 808 2359">
     <span class='ocr_line' id='line_1_52' title="bbox 43 2319 808 2359; baseline 0.003 -11"><span class='ocrx_word' id='word_1_328' title='bbox 43 2353 49 2359; x_wconf 85' lang='lat'><strong>_</strong></span> <span class='ocrx_word' id='word_1_329' title='bbox 70 2319 122 2356; x_wconf 75' lang='grc' dir='ltr'><strong>(Η)</strong></span> <span class='ocrx_word' id='word_1_330' title='bbox 140 2321 192 2349; x_wconf 84' lang='lat' dir='ltr'><strong>Sub</strong></span> <span class='ocrx_word' id='word_1_331' title='bbox 200 2322 317 2359; x_wconf 8' lang='lat' dir='ltr'><strong>hocgergo</strong></span> <span class='ocrx_word' id='word_1_332' title='bbox 329 2323 460 2351; x_wconf 79' lang='lat' dir='ltr'><strong>Clemente</strong></span> <span class='ocrx_word' id='word_1_333' title='bbox 469 2324 631 2351; x_wconf 74' lang='lat' dir='ltr'><strong>dissensione</strong></span> <span class='ocrx_word' id='word_1_334' title='bbox 642 2332 692 2350; x_wconf 85' lang='lat' dir='ltr'><strong>non</strong></span> <span class='ocrx_word' id='word_1_335' title='bbox 704 2324 808 2351; x_wconf 85' lang='lat' dir='ltr'><strong>modica</strong></span> 
     </span>
    </p>
   </div>
   <div class='ocr_carea' id='block_1_52' title="bbox 41 2357 806 2393">
    <p class='ocr_par' dir='ltr' id='par_1_52' title="bbox 41 2357 806 2393">
     <span class='ocr_line' id='line_1_53' title="bbox 41 2357 806 2393; baseline 0.009 -14"><span class='ocrx_word' id='word_1_336' title='bbox 41 2357 100 2381; x_wconf 82' lang='lat' dir='ltr'><strong>inter</strong></span> <span class='ocrx_word' id='word_1_337' title='bbox 117 2364 169 2393; x_wconf 49' lang='lat' dir='ltr'><strong>eos,</strong></span> <span class='ocrx_word' id='word_1_338' title='bbox 182 2359 226 2392; x_wconf 82' lang='lat' dir='ltr'><strong>qui</strong></span> <span class='ocrx_word' id='word_1_339' title='bbox 237 2357 355 2385; x_wconf 69' lang='lat' dir='ltr'><strong>Corinthi</strong></span> <span class='ocrx_word' id='word_1_340' title='bbox 366 2363 461 2390; x_wconf 81' lang='lat' dir='ltr'><strong>essent,</strong></span> <span class='ocrx_word' id='word_1_341' title='bbox 481 2359 578 2393; x_wconf 81' lang='lat' dir='ltr'><strong>fratres</strong></span> <span class='ocrx_word' id='word_1_342' title='bbox 590 2359 673 2393; x_wconf 84' lang='lat' dir='ltr'><strong>facta,</strong></span> <span class='ocrx_word' id='word_1_343' title='bbox 691 2360 806 2393; x_wconf 82' lang='lat' dir='ltr'><strong>scripsit,</strong></span> 
     </span>
    </p>
   </div>
   <div class='ocr_carea' id='block_1_53' title="bbox 39 2391 806 2429">
    <p class='ocr_par' dir='ltr' id='par_1_53' title="bbox 39 2391 806 2429">
     <span class='ocr_line' id='line_1_54' title="bbox 39 2391 806 2429; baseline 0.008 -13"><span class='ocrx_word' id='word_1_344' title='bbox 39 2396 90 2429; x_wconf 65' lang='lat' dir='ltr'><strong>gare</strong></span> <span class='ocrx_word' id='word_1_345' title='bbox 103 2396 139 2418; x_wconf 81' lang='lat' dir='ltr'><strong>est</strong></span> <span class='ocrx_word' id='word_1_346' title='bbox 152 2391 250 2429; x_wconf 66' lang='lat' dir='ltr'><strong>Romae,</strong></span> <span class='ocrx_word' id='word_1_347' title='bbox 270 2393 388 2421; x_wconf 79' lang='lat' dir='ltr'><strong>Ecclesia</strong></span> <span class='ocrx_word' id='word_1_348' title='bbox 411 2391 645 2421; x_wconf 74' lang='lat' dir='ltr'><strong>luculentissintam</strong></span> <span class='ocrx_word' id='word_1_349' title='bbox 658 2391 806 2429; x_wconf 80' lang='lat' dir='ltr'><strong>epistolam.</strong></span> 
     </span>
    </p>
   </div>
   <div class='ocr_carea' id='block_1_54' title="bbox 41 2423 422 2462">
    <p class='ocr_par' dir='ltr' id='par_1_54' title="bbox 41 2423 422 2462">
     <span class='ocr_line' id='line_1_55' title="bbox 41 2423 422 2462; baseline 0.016 -12"><span class='ocrx_word' id='word_1_350' title='bbox 41 2423 157 2457; x_wconf 66' lang='lat' dir='ltr'><strong>lrenzus,</strong></span> <span class='ocrx_word' id='word_1_351' title='bbox 173 2428 191 2454; x_wconf 95' lang='lat' dir='ltr'><strong>l.</strong></span> <span class='ocrx_word' id='word_1_352' title='bbox 209 2423 254 2462; x_wconf 76' lang='lat' dir='ltr'><strong>ut,</strong></span> <span class='ocrx_word' id='word_1_353' title='bbox 272 2436 297 2456; x_wconf 92' lang='lat' dir='ltr'><strong>c.</strong></span> <span class='ocrx_word' id='word_1_354' title='bbox 312 2429 339 2462; x_wconf 83' lang='grc'>5,</span> <span class='ocrx_word' id='word_1_355' title='bbox 353 2437 381 2456; x_wconf 94' lang='lat' dir='ltr'><strong>n.</strong></span> <span class='ocrx_word' id='word_1_356' title='bbox 394 2430 422 2456; x_wconf 88' lang='grc'>5.</span> 
     </span>
    </p>
   </div>
   <div class='ocr_carea' id='block_1_55' title="bbox 42 2470 804 2511">
    <p class='ocr_par' dir='ltr' id='par_1_55' title="bbox 42 2470 804 2511">
     <span class='ocr_line' id='line_1_56' title="bbox 42 2470 804 2511; baseline 0.007 -13"><span class='ocrx_word' id='word_1_357' title='bbox 42 2504 46 2509; x_wconf 42' lang='grc'>.</span> <span class='ocrx_word' id='word_1_358' title='bbox 70 2470 121 2507; x_wconf 68' lang='grc' dir='ltr'><strong>(η)</strong></span> <span class='ocrx_word' id='word_1_359' title='bbox 139 2472 225 2511; x_wconf 81' lang='lat' dir='ltr'><strong>Hodie</strong></span> <span class='ocrx_word' id='word_1_360' title='bbox 240 2483 344 2501; x_wconf 82' lang='lat' dir='ltr'><strong>sacrum</strong></span> <span class='ocrx_word' id='word_1_361' title='bbox 357 2476 426 2503; x_wconf 87' lang='lat' dir='ltr'><strong>diem</strong></span> <span class='ocrx_word' id='word_1_362' title='bbox 441 2475 606 2503; x_wconf 86' lang='lat' dir='ltr'><strong>Dominicum</strong></span> <span class='ocrx_word' id='word_1_363' title='bbox 621 2476 804 2511; x_wconf 81' lang='lat' dir='ltr'><strong>transegimus,</strong></span> 
     </span>
    </p>
   </div>
   <div class='ocr_carea' id='block_1_56' title="bbox 39 2509 806 2547">
    <p class='ocr_par' dir='ltr' id='par_1_56' title="bbox 39 2509 806 2547">
     <span class='ocr_line' id='line_1_57' title="bbox 39 2509 806 2547; baseline 0.005 -14"><span class='ocrx_word' id='word_1_364' title='bbox 39 2512 120 2547; x_wconf 56' lang='lat' dir='ltr'><strong>inquo</strong></span> <span class='ocrx_word' id='word_1_365' title='bbox 133 2509 270 2547; x_wconf 71' lang='lat' dir='ltr'><strong>epistolam</strong></span> <span class='ocrx_word' id='word_1_366' title='bbox 283 2515 395 2537; x_wconf 77' lang='lat' dir='ltr'><strong>vestram</strong></span> <span class='ocrx_word' id='word_1_367' title='bbox 409 2511 528 2545; x_wconf 81' lang='lat' dir='ltr'><strong>legimus.</strong></span> <span class='ocrx_word' id='word_1_368' title='bbox 539 2520 617 2546; x_wconf 87' lang='lat' dir='ltr'><strong>quam</strong></span> <span class='ocrx_word' id='word_1_369' title='bbox 627 2509 736 2547; x_wconf 67' lang='lat' dir='ltr'><strong>quidem</strong></span> <span class='ocrx_word' id='word_1_370' title='bbox 749 2519 806 2547; x_wconf 79' lang='lat' dir='ltr'><strong>per-</strong></span> 
     </span>
    </p>
   </div>
   <div class='ocr_carea' id='block_1_57' title="bbox 37 2542 803 2582">
    <p class='ocr_par' dir='ltr' id='par_1_57' title="bbox 37 2542 803 2582">
     <span class='ocr_line' id='line_1_58' title="bbox 37 2542 803 2582; baseline 0.001 -11"><span class='ocrx_word' id='word_1_371' title='bbox 37 2544 105 2582; x_wconf 62' lang='grc' dir='ltr'><strong>Ρεζιεο</strong></span> <span class='ocrx_word' id='word_1_372' title='bbox 128 2542 246 2582; x_wconf 65' lang='lat' dir='ltr'><strong>dejpceps</strong></span> <span class='ocrx_word' id='word_1_373' title='bbox 261 2544 381 2582; x_wconf 74' lang='lat' dir='ltr'><strong>legentes,</strong></span> <span class='ocrx_word' id='word_1_374' title='bbox 406 2542 513 2582; x_wconf 59' lang='lat' dir='ltr'><strong>pirinde</strong></span> <span class='ocrx_word' id='word_1_375' title='bbox 538 2542 570 2573; x_wconf 70' lang='lat' dir='ltr'><strong>uc</strong></span> <span class='ocrx_word' id='word_1_376' title='bbox 592 2542 703 2580; x_wconf 81' lang='lat' dir='ltr'><strong>priorem</strong></span> <span class='ocrx_word' id='word_1_377' title='bbox 727 2542 803 2573; x_wconf 87' lang='lat' dir='ltr'><strong>illam</strong></span> 
     </span>
    </p>
   </div>
   <div class='ocr_carea' id='block_1_58' title="bbox 38 2575 804 2617">
    <p class='ocr_par' dir='ltr' id='par_1_58' title="bbox 38 2575 804 2617">
     <span class='ocr_line' id='line_1_59' title="bbox 38 2575 804 2617; baseline 0.007 -13"><span class='ocrx_word' id='word_1_378' title='bbox 38 2575 104 2617; x_wconf 45' lang='lat' dir='ltr'><strong>nobis</strong></span> <span class='ocrx_word' id='word_1_379' title='bbox 117 2585 133 2604; x_wconf 73' lang='grc' dir='ltr'><em>α</em></span> <span class='ocrx_word' id='word_1_380' title='bbox 146 2575 275 2617; x_wconf 72' lang='lat' dir='ltr'><strong>Clemente</strong></span> <span class='ocrx_word' id='word_1_381' title='bbox 285 2575 424 2617; x_wconf 54' lang='lat' dir='ltr'><strong>&#39;scriptar&#39;n</strong></span> <span class='ocrx_word' id='word_1_382' title='bbox 446 2575 602 2615; x_wconf 62' lang='lat' dir='ltr'><strong>Epistolam,</strong></span> <span class='ocrx_word' id='word_1_383' title='bbox 617 2582 720 2617; x_wconf 40' lang='lat' dir='ltr'><strong>optimis</strong></span> <span class='ocrx_word' id='word_1_384' title='bbox 733 2589 804 2617; x_wconf 61' lang='lat' dir='ltr'><strong>prte-</strong></span> 
     </span>
    </p>
   </div>
   <div class='ocr_carea' id='block_1_59' title="bbox 37 2613 801 2676">
    <p class='ocr_par' dir='ltr' id='par_1_59' title="bbox 37 2613 801 2676">
     <span class='ocr_line' id='line_1_60' title="bbox 37 2613 801 2676; baseline 0.001 -33"><span class='ocrx_word' id='word_1_385' title='bbox 37 2613 152 2675; x_wconf 52' lang='grc' dir='ltr'><strong>ἕριῖειῗι</strong></span> <span class='ocrx_word' id='word_1_386' title='bbox 159 2613 319 2676; x_wconf 50' lang='grc' dir='ltr'><strong>«ἔοις-τηεηὼ</strong></span> <span class='ocrx_word' id='word_1_387' title='bbox 333 2613 535 2644; x_wconf 78' lang='lat' dir='ltr'><strong>abundabimus.</strong></span> <span class='ocrx_word' id='word_1_388' title='bbox 547 2617 625 2652; x_wconf 82' lang='lat' dir='ltr'><strong>Apud</strong></span> <span class='ocrx_word' id='word_1_389' title='bbox 633 2613 751 2650; x_wconf 52' lang='lat' dir='ltr'><strong>&#39;EusebL,</strong></span> <span class='ocrx_word' id='word_1_390' title='bbox 765 2615 801 2643; x_wconf 85' lang='grc' dir='ltr'><strong>Η.</strong></span> 
     </span>
     <span class='ocr_line' id='line_1_61' title="bbox 62 2659 246 2676; baseline 0 0"><span class='ocrx_word' id='word_1_391' title='bbox 62 2666 68 2672; x_wconf 74' lang='grc' dir='ltr'><strong>ι</strong></span> <span class='ocrx_word' id='word_1_392' title='bbox 95 2665 101 2673; x_wconf 77' lang='grc' dir='ltr'><strong>ι</strong></span> <span class='ocrx_word' id='word_1_393' title='bbox 143 2667 151 2676; x_wconf 73' lang='grc'><strong>1</strong></span> <span class='ocrx_word' id='word_1_394' title='bbox 182 2670 189 2676; x_wconf 87' lang='grc'><strong><em>.</em></strong></span> <span class='ocrx_word' id='word_1_395' title='bbox 219 2659 246 2676; x_wconf 77' lang='grc'><strong>0.</strong></span> 
     </span>
    </p>
   </div>
   <div class='ocr_carea' id='block_1_60' title="bbox 62 2650 246 2679">
    <p class='ocr_par' dir='ltr' id='par_1_60' title="bbox 62 2650 246 2679">
     <span class='ocr_line' id='line_1_62' title="bbox 62 2650 246 2679; baseline 0.016 -5"><span class='ocrx_word' id='word_1_396' title='bbox 62 2666 68 2672; x_wconf 87' lang='grc'><em>.</em></span> <span class='ocrx_word' id='word_1_397' title='bbox 85 2650 101 2673; x_wconf 90' lang='lat' dir='ltr'><strong>l.</strong></span> <span class='ocrx_word' id='word_1_398' title='bbox 114 2655 151 2679; x_wconf 82' lang='lat' dir='ltr'><strong>Iv,</strong></span> <span class='ocrx_word' id='word_1_399' title='bbox 163 2657 189 2676; x_wconf 91' lang='lat' dir='ltr'><strong>c.</strong></span> <span class='ocrx_word' id='word_1_400' title='bbox 200 2650 246 2677; x_wconf 78' lang='grc'><strong>25.</strong></span> 
     </span>
    </p>
   </div>
   <div class='ocr_carea' id='block_1_61' title="bbox 68 2690 803 2732">
    <p class='ocr_par' dir='ltr' id='par_1_61' title="bbox 68 2690 803 2732">
     <span class='ocr_line' id='line_1_63' title="bbox 68 2690 803 2732; baseline 0.007 -12"><span class='ocrx_word' id='word_1_401' title='bbox 68 2690 119 2727; x_wconf 69' lang='grc' dir='ltr'><strong>(ιδ)</strong></span> <span class='ocrx_word' id='word_1_402' title='bbox 138 2693 226 2730; x_wconf 80' lang='lat' dir='ltr'><strong>Hujus</strong></span> <span class='ocrx_word' id='word_1_403' title='bbox 247 2696 326 2731; x_wconf 82' lang='lat' dir='ltr'><strong>igitur</strong></span> <span class='ocrx_word' id='word_1_404' title='bbox 340 2695 480 2725; x_wconf 84' lang='lat' dir='ltr'><strong>Clementis</strong></span> <span class='ocrx_word' id='word_1_405' title='bbox 496 2701 583 2724; x_wconf 61' lang='lat' dir='ltr'><strong>exstat</strong></span> <span class='ocrx_word' id='word_1_406' title='bbox 607 2697 727 2732; x_wconf 79' lang='lat' dir='ltr'><strong>Epistola</strong></span> <span class='ocrx_word' id='word_1_407' title='bbox 751 2706 803 2725; x_wconf 85' lang='lat' dir='ltr'><strong>uno</strong></span> 
     </span>
    </p>
   </div>
   <div class='ocr_carea' id='block_1_62' title="bbox 37 2732 801 2767">
    <p class='ocr_par' dir='ltr' id='par_1_62' title="bbox 37 2732 801 2767">
     <span class='ocr_line' id='line_1_64' title="bbox 37 2732 801 2767; baseline 0.005 -12"><span class='ocrx_word' id='word_1_408' title='bbox 37 2733 153 2756; x_wconf 68' lang='lat' dir='ltr'><strong>consensu</strong></span> <span class='ocrx_word' id='word_1_409' title='bbox 178 2737 288 2767; x_wconf 58' lang='lat' dir='ltr'><strong>receptu,</strong></span> <span class='ocrx_word' id='word_1_410' title='bbox 308 2732 419 2767; x_wconf 25' lang='lat' dir='ltr'><strong>uimiai</strong></span> <span class='ocrx_word' id='word_1_411' title='bbox 430 2739 549 2765; x_wconf 84' lang='lat' dir='ltr'><strong>prorsus,</strong></span> <span class='ocrx_word' id='word_1_412' title='bbox 565 2737 642 2767; x_wconf 85' lang='lat' dir='ltr'><strong>atque</strong></span> <span class='ocrx_word' id='word_1_413' title='bbox 656 2733 801 2763; x_wconf 82' lang='lat' dir='ltr'><strong>mirabilis;</strong></span> 
     </span>
    </p>
   </div>
   <div class='ocr_carea' id='block_1_63' title="bbox 51 2766 801 2800">
    <p class='ocr_par' dir='ltr' id='par_1_63' title="bbox 51 2766 801 2800">
     <span class='ocr_line' id='line_1_65' title="bbox 51 2766 801 2800; baseline 0.005 -10"><span class='ocrx_word' id='word_1_414' title='bbox 51 2769 107 2800; x_wconf 57' lang='lat' dir='ltr'><strong>fuit]!</strong></span> <span class='ocrx_word' id='word_1_415' title='bbox 125 2766 234 2800; x_wconf 63' lang='lat' dir='ltr'><strong>nomine</strong></span> <span class='ocrx_word' id='word_1_416' title='bbox 258 2766 381 2794; x_wconf 69' lang='lat' dir='ltr'><strong>Ecclesiae</strong></span> <span class='ocrx_word' id='word_1_417' title='bbox 401 2766 526 2794; x_wconf 69' lang='lat' dir='ltr'><strong>Romana:</strong></span> <span class='ocrx_word' id='word_1_418' title='bbox 548 2768 582 2793; x_wconf 86' lang='lat' dir='ltr'><strong>ad</strong></span> <span class='ocrx_word' id='word_1_419' title='bbox 599 2766 801 2795; x_wconf 78' lang='lat' dir='ltr'><strong>Corinthiorum</strong></span> 
     </span>
    </p>
   </div>
   <div class='ocr_carea' id='block_1_64' title="bbox 59 2797 802 2837">
    <p class='ocr_par' dir='ltr' id='par_1_64' title="bbox 59 2797 802 2837">
     <span class='ocr_line' id='line_1_66' title="bbox 59 2797 802 2837; baseline 0.007 -14"><span class='ocrx_word' id='word_1_420' title='bbox 59 2797 174 2837; x_wconf 47' lang='grc' dir='ltr'><strong>βεβαίαν,</strong></span> <span class='ocrx_word' id='word_1_421' title='bbox 195 2802 308 2836; x_wconf 72' lang='lat' dir='ltr'><strong>scripsit.</strong></span> <span class='ocrx_word' id='word_1_422' title='bbox 340 2801 416 2828; x_wconf 84' lang='lat' dir='ltr'><strong>Hanc</strong></span> <span class='ocrx_word' id='word_1_423' title='bbox 435 2803 462 2829; x_wconf 81' lang='lat' dir='ltr'><strong>in</strong></span> <span class='ocrx_word' id='word_1_424' title='bbox 485 2803 614 2837; x_wconf 77' lang='lat' dir='ltr'><strong>plerisque</strong></span> <span class='ocrx_word' id='word_1_425' title='bbox 637 2803 752 2830; x_wconf 80' lang='lat' dir='ltr'><strong>ecclesiis</strong></span> <span class='ocrx_word' id='word_1_426' title='bbox 776 2807 802 2829; x_wconf 88' lang='lat' dir='ltr'><strong>et</strong></span> 
     </span>
    </p>
   </div>
   <div class='ocr_carea' id='block_1_65' title="bbox 37 2836 802 2871">
    <p class='ocr_par' dir='ltr' id='par_1_65' title="bbox 37 2836 802 2871">
     <span class='ocr_line' id='line_1_67' title="bbox 37 2836 802 2871; baseline 0.008 -13"><span class='ocrx_word' id='word_1_427' title='bbox 37 2836 129 2870; x_wconf 72' lang='lat' dir='ltr'><strong>n9stra,</strong></span> <span class='ocrx_word' id='word_1_428' title='bbox 143 2839 167 2861; x_wconf 85' lang='lat' dir='ltr'><strong>et</strong></span> <span class='ocrx_word' id='word_1_429' title='bbox 182 2837 308 2870; x_wconf 76' lang='lat' dir='ltr'><strong>superiori</strong></span> <span class='ocrx_word' id='word_1_430' title='bbox 321 2838 447 2864; x_wconf 84' lang='lat' dir='ltr'><strong>memoria</strong></span> <span class='ocrx_word' id='word_1_431' title='bbox 467 2837 555 2871; x_wconf 71' lang='lat' dir='ltr'><strong>palam</strong></span> <span class='ocrx_word' id='word_1_432' title='bbox 569 2838 675 2864; x_wconf 80' lang='lat' dir='ltr'><strong>recitari</strong></span> <span class='ocrx_word' id='word_1_433' title='bbox 692 2846 802 2865; x_wconf 73' lang='lat' dir='ltr'><strong>consuc-</strong></span> 
     </span>
    </p>
   </div>
   <div class='ocr_carea' id='block_1_66' title="bbox 39 2871 795 2906">
    <p class='ocr_par' dir='ltr' id='par_1_66' title="bbox 39 2871 795 2906">
     <span class='ocr_line' id='line_1_68' title="bbox 39 2871 795 2906; baseline 0.009 -12"><span class='ocrx_word' id='word_1_434' title='bbox 39 2872 97 2894; x_wconf 71' lang='grc' dir='ltr'><strong>ωδε</strong></span> <span class='ocrx_word' id='word_1_435' title='bbox 110 2872 287 2900; x_wconf 71' lang='lat' dir='ltr'><strong>comperimus.</strong></span> <span class='ocrx_word' id='word_1_436' title='bbox 307 2871 418 2905; x_wconf 63' lang='lat' dir='ltr'><strong>Euseb,</strong></span> <span class='ocrx_word' id='word_1_437' title='bbox 440 2872 475 2899; x_wconf 83' lang='grc' dir='ltr'><em>Η.</em></span> <span class='ocrx_word' id='word_1_438' title='bbox 489 2871 535 2906; x_wconf 78' lang='grc' dir='ltr'><strong>Ε.,</strong></span> <span class='ocrx_word' id='word_1_439' title='bbox 550 2875 567 2899; x_wconf 91' lang='lat' dir='ltr'><strong>l.</strong></span> <span class='ocrx_word' id='word_1_440' title='bbox 581 2880 623 2904; x_wconf 82' lang='grc' dir='ltr'>ιιι,</span> <span class='ocrx_word' id='word_1_441' title='bbox 642 2881 666 2900; x_wconf 84' lang='lat' dir='ltr'><strong>c.</strong></span> <span class='ocrx_word' id='word_1_442' title='bbox 685 2873 726 2905; x_wconf 86' lang='lat' dir='ltr'><strong>l6,</strong></span> <span class='ocrx_word' id='word_1_443' title='bbox 745 2873 795 2901; x_wconf 79' lang='lat'><strong>58:</strong></span> 
     </span>
    </p>
   </div>
   <div class='ocr_carea' id='block_1_67' title="bbox 871 933 1656 971">
    <p class='ocr_par' dir='ltr' id='par_1_67' title="bbox 871 933 1656 971">
     <span class='ocr_line' id='line_1_69' title="bbox 871 933 1656 971; baseline 0.006 -11"><span class='ocrx_word' id='word_1_444' title='bbox 871 941 933 960; x_wconf 89' lang='lat' dir='ltr'><strong>nam</strong></span> <span class='ocrx_word' id='word_1_445' title='bbox 967 933 1115 961; x_wconf 84' lang='lat' dir='ltr'><strong>Ecclesiam</strong></span> <span class='ocrx_word' id='word_1_446' title='bbox 1147 934 1300 969; x_wconf 87' lang='lat' dir='ltr'><strong>scripsere,</strong></span> <span class='ocrx_word' id='word_1_447' title='bbox 1327 935 1459 970; x_wconf 82' lang='lat' dir='ltr'><strong>quasdam</strong></span> <span class='ocrx_word' id='word_1_448' title='bbox 1490 937 1656 971; x_wconf 76' lang='lat' dir='ltr'><strong>quaestiones</strong></span> 
     </span>
    </p>
   </div>
   <div class='ocr_carea' id='block_1_68' title="bbox 870 979 1655 1014">
    <p class='ocr_par' dir='ltr' id='par_1_68' title="bbox 870 979 1655 1014">
     <span class='ocr_line' id='line_1_70' title="bbox 870 979 1655 1014; baseline 0.009 -9"><span class='ocrx_word' id='word_1_449' title='bbox 870 984 1063 1014; x_wconf 89' lang='lat' dir='ltr'><strong>proponentes.</strong></span> <span class='ocrx_word' id='word_1_450' title='bbox 1085 979 1114 1007; x_wconf 88' lang='lat' dir='ltr'><strong>S.</strong></span> <span class='ocrx_word' id='word_1_451' title='bbox 1128 979 1276 1008; x_wconf 89' lang='lat' dir='ltr'><strong>Clementis</strong></span> <span class='ocrx_word' id='word_1_452' title='bbox 1299 981 1420 1009; x_wconf 89' lang='lat' dir='ltr'><strong>animum</strong></span> <span class='ocrx_word' id='word_1_453' title='bbox 1441 982 1560 1010; x_wconf 89' lang='lat' dir='ltr'><strong>schisma</strong></span> <span class='ocrx_word' id='word_1_454' title='bbox 1582 984 1655 1012; x_wconf 88' lang='lat' dir='ltr'><strong>istud</strong></span> 
     </span>
    </p>
   </div>
   <div class='ocr_carea' id='block_1_69' title="bbox 869 1024 1654 1062">
    <p class='ocr_par' dir='ltr' id='par_1_69' title="bbox 869 1024 1654 1062">
     <span class='ocr_line' id='line_1_71' title="bbox 869 1024 1654 1062; baseline 0.006 -11"><span class='ocrx_word' id='word_1_455' title='bbox 869 1024 1005 1060; x_wconf 79' lang='lat' dir='ltr'><strong>aﬂligebat</strong></span> <span class='ocrx_word' id='word_1_456' title='bbox 1029 1025 1191 1060; x_wconf 88' lang='lat' dir='ltr'><strong>plurimum,</strong></span> <span class='ocrx_word' id='word_1_457' title='bbox 1214 1026 1394 1062; x_wconf 89' lang='lat' dir='ltr'><strong>cupiebatque</strong></span> <span class='ocrx_word' id='word_1_458' title='bbox 1418 1031 1495 1055; x_wconf 90' lang='lat' dir='ltr'><strong>tanto</strong></span> <span class='ocrx_word' id='word_1_459' title='bbox 1520 1029 1592 1055; x_wconf 83' lang='lat' dir='ltr'><strong>malo</strong></span> <span class='ocrx_word' id='word_1_460' title='bbox 1605 1030 1654 1056; x_wconf 84' lang='lat' dir='ltr'><strong>ob—</strong></span> 
     </span>
    </p>
   </div>
   <div class='ocr_carea' id='block_1_70' title="bbox 868 1070 1654 1109">
    <p class='ocr_par' dir='ltr' id='par_1_70' title="bbox 868 1070 1654 1109">
     <span class='ocr_line' id='line_1_72' title="bbox 868 1070 1654 1109; baseline 0.005 -11"><span class='ocrx_word' id='word_1_461' title='bbox 868 1071 941 1098; x_wconf 84' lang='lat' dir='ltr'><strong>viam</strong></span> <span class='ocrx_word' id='word_1_462' title='bbox 960 1070 1014 1098; x_wconf 91' lang='lat' dir='ltr'><strong>ire:</strong></span> <span class='ocrx_word' id='word_1_463' title='bbox 1030 1079 1124 1098; x_wconf 92' lang='lat' dir='ltr'><strong>verum</strong></span> <span class='ocrx_word' id='word_1_464' title='bbox 1139 1079 1201 1099; x_wconf 92' lang='lat' dir='ltr'><strong>cum</strong></span> <span class='ocrx_word' id='word_1_465' title='bbox 1216 1071 1332 1100; x_wconf 86' lang='lat' dir='ltr'><strong>Romani</strong></span> <span class='ocrx_word' id='word_1_466' title='bbox 1356 1073 1407 1107; x_wconf 90' lang='lat' dir='ltr'><strong>ipsi</strong></span> <span class='ocrx_word' id='word_1_467' title='bbox 1429 1073 1491 1101; x_wconf 92' lang='lat' dir='ltr'><strong>aliis</strong></span> <span class='ocrx_word' id='word_1_468' title='bbox 1511 1075 1591 1102; x_wconf 85' lang='lat' dir='ltr'><strong>malis</strong></span> <span class='ocrx_word' id='word_1_469' title='bbox 1607 1075 1654 1109; x_wconf 90' lang='lat' dir='ltr'><strong>ja-</strong></span> 
     </span>
    </p>
   </div>
   <div class='ocr_carea' id='block_1_71' title="bbox 868 1118 1652 1155">
    <p class='ocr_par' dir='ltr' id='par_1_71' title="bbox 868 1118 1652 1155">
     <span class='ocr_line' id='line_1_73' title="bbox 868 1118 1652 1155; baseline 0.005 -12"><span class='ocrx_word' id='word_1_470' title='bbox 868 1121 1019 1149; x_wconf 87' lang='lat' dir='ltr'><strong>ctarentur,</strong></span> <span class='ocrx_word' id='word_1_471' title='bbox 1043 1121 1196 1152; x_wconf 85' lang='lat' dir='ltr'><strong>promptam</strong></span> <span class='ocrx_word' id='word_1_472' title='bbox 1224 1118 1279 1146; x_wconf 92' lang='lat' dir='ltr'><strong>illis</strong></span> <span class='ocrx_word' id='word_1_473' title='bbox 1309 1126 1388 1154; x_wconf 90' lang='lat' dir='ltr'><strong>opem</strong></span> <span class='ocrx_word' id='word_1_474' title='bbox 1417 1119 1488 1147; x_wconf 80' lang='lat' dir='ltr'><strong>ferre</strong></span> <span class='ocrx_word' id='word_1_475' title='bbox 1519 1121 1652 1155; x_wconf 83' lang='lat' dir='ltr'><strong>nequivit.</strong></span> 
     </span>
    </p>
   </div>
   <div class='ocr_carea' id='block_1_72' title="bbox 869 1160 1654 1200">
    <p class='ocr_par' dir='ltr' id='par_1_72' title="bbox 869 1160 1654 1200">
     <span class='ocr_line' id='line_1_74' title="bbox 869 1160 1654 1200; baseline 0.003 -13"><span class='ocrx_word' id='word_1_476' title='bbox 869 1160 1022 1188; x_wconf 91' lang='lat' dir='ltr'><strong>Domitiano</strong></span> <span class='ocrx_word' id='word_1_477' title='bbox 1035 1166 1124 1189; x_wconf 89' lang='lat' dir='ltr'><strong>aulem</strong></span> <span class='ocrx_word' id='word_1_478' title='bbox 1139 1162 1275 1190; x_wconf 84' lang='lat' dir='ltr'><strong>exstincto</strong></span> <span class='ocrx_word' id='word_1_479' title='bbox 1295 1170 1367 1190; x_wconf 91' lang='lat' dir='ltr'><strong>anno</strong></span> <span class='ocrx_word' id='word_1_480' title='bbox 1393 1163 1428 1190; x_wconf 85' lang='lat'><strong>95</strong></span> <span class='ocrx_word' id='word_1_481' title='bbox 1449 1164 1585 1200; x_wconf 79' lang='lat' dir='ltr'><strong>rebusque</strong></span> <span class='ocrx_word' id='word_1_482' title='bbox 1597 1164 1654 1191; x_wconf 78' lang='lat' dir='ltr'><strong>Bo-</strong></span> 
     </span>
    </p>
   </div>
   <div class='ocr_carea' id='block_1_73' title="bbox 868 1206 1652 1244">
    <p class='ocr_par' dir='ltr' id='par_1_73' title="bbox 868 1206 1652 1244">
     <span class='ocr_line' id='line_1_75' title="bbox 868 1206 1652 1244; baseline 0.009 -12"><span class='ocrx_word' id='word_1_483' title='bbox 868 1206 957 1233; x_wconf 89' lang='lat' dir='ltr'><strong>manis</strong></span> <span class='ocrx_word' id='word_1_484' title='bbox 976 1206 1074 1241; x_wconf 81' lang='lat' dir='ltr'><strong>majori</strong></span> <span class='ocrx_word' id='word_1_485' title='bbox 1101 1208 1130 1234; x_wconf 89' lang='lat' dir='ltr'><strong>in</strong></span> <span class='ocrx_word' id='word_1_486' title='bbox 1151 1209 1348 1244; x_wconf 84' lang='lat' dir='ltr'><strong>tranquillitate</strong></span> <span class='ocrx_word' id='word_1_487' title='bbox 1364 1209 1523 1239; x_wconf 82' lang='lat' dir='ltr'><strong>collocatis.</strong></span> <span class='ocrx_word' id='word_1_488' title='bbox 1541 1215 1652 1239; x_wconf 84' lang='lat' dir='ltr'><strong>sanctus</strong></span> 
     </span>
    </p>
   </div>
   <div class='ocr_carea' id='block_1_74' title="bbox 867 1251 1647 1288">
    <p class='ocr_par' dir='ltr' id='par_1_74' title="bbox 867 1251 1647 1288">
     <span class='ocr_line' id='line_1_76' title="bbox 867 1251 1647 1288; baseline 0.006 -10"><span class='ocrx_word' id='word_1_489' title='bbox 867 1251 993 1280; x_wconf 86' lang='lat' dir='ltr'><strong>Clemens</strong></span> <span class='ocrx_word' id='word_1_490' title='bbox 1020 1256 1141 1288; x_wconf 86' lang='lat' dir='ltr'><strong>tempore</strong></span> <span class='ocrx_word' id='word_1_491' title='bbox 1174 1262 1255 1287; x_wconf 87' lang='lat' dir='ltr'><strong>usus,</strong></span> <span class='ocrx_word' id='word_1_492' title='bbox 1284 1253 1435 1283; x_wconf 82' lang='lat' dir='ltr'><strong>Corinthiis</strong></span> <span class='ocrx_word' id='word_1_493' title='bbox 1465 1256 1576 1283; x_wconf 88' lang='lat' dir='ltr'><strong>tandem</strong></span> <span class='ocrx_word' id='word_1_494' title='bbox 1605 1264 1647 1284; x_wconf 86' lang='lat' dir='ltr'><strong>re-</strong></span> 
     </span>
    </p>
   </div>
   <div class='ocr_carea' id='block_1_75' title="bbox 866 1298 987 1333">
    <p class='ocr_par' dir='ltr' id='par_1_75' title="bbox 866 1298 987 1333">
     <span class='ocr_line' id='line_1_77' title="bbox 866 1298 987 1333; baseline 0 -8"><span class='ocrx_word' id='word_1_495' title='bbox 866 1298 987 1333; x_wconf 85' lang='lat' dir='ltr'><strong>scripsit.</strong></span> 
     </span>
    </p>
   </div>
   <div class='ocr_carea' id='block_1_76' title="bbox 901 1342 1652 1380">
    <p class='ocr_par' dir='ltr' id='par_1_76' title="bbox 901 1342 1652 1380">
     <span class='ocr_line' id='line_1_78' title="bbox 901 1342 1652 1380; baseline 0.005 -11"><span class='ocrx_word' id='word_1_496' title='bbox 901 1342 941 1370; x_wconf 86' lang='lat' dir='ltr'><strong>De</strong></span> <span class='ocrx_word' id='word_1_497' title='bbox 966 1343 1016 1370; x_wconf 85' lang='lat' dir='ltr'><strong>hac</strong></span> <span class='ocrx_word' id='word_1_498' title='bbox 1037 1344 1148 1378; x_wconf 81' lang='lat' dir='ltr'><strong>epistola</strong></span> <span class='ocrx_word' id='word_1_499' title='bbox 1167 1344 1312 1379; x_wconf 85' lang='lat' dir='ltr'><strong>judicium.</strong></span> <span class='ocrx_word' id='word_1_500' title='bbox 1328 1360 1365 1365; x_wconf 86' lang='lat'><strong>-——</strong></span> <span class='ocrx_word' id='word_1_501' title='bbox 1387 1344 1569 1373; x_wconf 85' lang='lat' dir='ltr'><strong>Celeberrima</strong></span> <span class='ocrx_word' id='word_1_502' title='bbox 1591 1351 1652 1380; x_wconf 85' lang='lat' dir='ltr'><strong>cst,</strong></span> 
     </span>
    </p>
   </div>
   <div class='ocr_carea' id='block_1_77' title="bbox 866 1389 1701 1435">
    <p class='ocr_par' dir='ltr' id='par_1_77' title="bbox 866 1389 1701 1435">
     <span class='ocr_line' id='line_1_79' title="bbox 866 1389 1701 1435; baseline 0.006 -20"><span class='ocrx_word' id='word_1_503' title='bbox 866 1389 938 1423; x_wconf 88' lang='lat' dir='ltr'><strong>quod</strong></span> <span class='ocrx_word' id='word_1_504' title='bbox 959 1397 1054 1417; x_wconf 89' lang='lat' dir='ltr'><strong>omnes</strong></span> <span class='ocrx_word' id='word_1_505' title='bbox 1074 1395 1176 1417; x_wconf 89' lang='lat' dir='ltr'><strong>norunt</strong></span> <span class='ocrx_word' id='word_1_506' title='bbox 1199 1391 1310 1422; x_wconf 89' lang='lat' dir='ltr'><strong>eruditi,</strong></span> <span class='ocrx_word' id='word_1_507' title='bbox 1331 1399 1392 1426; x_wconf 73' lang='lat' dir='ltr'><strong>quae</strong></span> <span class='ocrx_word' id='word_1_508' title='bbox 1413 1392 1488 1426; x_wconf 89' lang='lat' dir='ltr'><strong>prior</strong></span> <span class='ocrx_word' id='word_1_509' title='bbox 1501 1391 1652 1420; x_wconf 81' lang='lat' dir='ltr'><strong>Corinthiis</strong></span> <span class='ocrx_word' id='word_1_510' title='bbox 1696 1429 1701 1435; x_wconf 77' lang='lat'><strong>_</strong></span> 
     </span>
    </p>
   </div>
   <div class='ocr_carea' id='block_1_78' title="bbox 865 1433 1651 1472">
    <p class='ocr_par' dir='ltr' id='par_1_78' title="bbox 865 1433 1651 1472">
     <span class='ocr_line' id='line_1_80' title="bbox 865 1433 1651 1472; baseline 0.003 -11"><span class='ocrx_word' id='word_1_511' title='bbox 865 1433 1034 1469; x_wconf 80' lang='lat' dir='ltr'><strong>inscribitur,</strong></span> <span class='ocrx_word' id='word_1_512' title='bbox 1040 1435 1150 1469; x_wconf 75' lang='lat' dir='ltr'><strong>epistola</strong></span> <span class='ocrx_word' id='word_1_513' title='bbox 1158 1444 1167 1462; x_wconf 86' lang='lat'><strong><em>:</em></strong></span> <span class='ocrx_word' id='word_1_514' title='bbox 1181 1435 1333 1470; x_wconf 74' lang='grc' dir='ltr'><strong>ἱκανωτάτη</strong></span> <span class='ocrx_word' id='word_1_515' title='bbox 1345 1437 1450 1472; x_wconf 79' lang='grc' dir='ltr'><strong>γραφή,</strong></span> <span class='ocrx_word' id='word_1_516' title='bbox 1460 1437 1651 1470; x_wconf 80' lang='lat' dir='ltr'><strong>potentissima,</strong></span> 
     </span>
    </p>
   </div>
   <div class='ocr_carea' id='block_1_79' title="bbox 865 1479 1651 1516">
    <p class='ocr_par' dir='ltr' id='par_1_79' title="bbox 865 1479 1651 1516">
     <span class='ocr_line' id='line_1_81' title="bbox 865 1479 1651 1516; baseline 0.003 -10"><span class='ocrx_word' id='word_1_517' title='bbox 865 1487 913 1507; x_wconf 76' lang='lat' dir='ltr'><strong>seu</strong></span> <span class='ocrx_word' id='word_1_518' title='bbox 921 1486 950 1507; x_wconf 90' lang='lat' dir='ltr'><strong>ut</strong></span> <span class='ocrx_word' id='word_1_519' title='bbox 959 1479 1082 1508; x_wconf 81' lang='lat' dir='ltr'><strong>Valesius</strong></span> <span class='ocrx_word' id='word_1_520' title='bbox 1093 1481 1184 1511; x_wconf 86' lang='lat' dir='ltr'><strong>vertit,</strong></span> <span class='ocrx_word' id='word_1_521' title='bbox 1197 1481 1405 1508; x_wconf 69' lang='lat' dir='ltr'><strong>luculentissima</strong></span> <span class='ocrx_word' id='word_1_522' title='bbox 1419 1482 1564 1516; x_wconf 79' lang='lat' dir='ltr'><strong>scriptura,</strong></span> <span class='ocrx_word' id='word_1_523' title='bbox 1578 1482 1651 1508; x_wconf 80' lang='lat' dir='ltr'><strong>dicta</strong></span> 
     </span>
    </p>
   </div>
   <div class='ocr_carea' id='block_1_80' title="bbox 864 1525 1650 1562">
    <p class='ocr_par' dir='ltr' id='par_1_80' title="bbox 864 1525 1650 1562">
     <span class='ocr_line' id='line_1_82' title="bbox 864 1525 1650 1562; baseline 0.001 -10"><span class='ocrx_word' id='word_1_524' title='bbox 864 1533 879 1552; x_wconf 88' lang='lat' dir='ltr'><strong>a</strong></span> <span class='ocrx_word' id='word_1_525' title='bbox 890 1525 918 1552; x_wconf 90' lang='lat' dir='ltr'><strong>S.</strong></span> <span class='ocrx_word' id='word_1_526' title='bbox 932 1525 1036 1553; x_wconf 58' lang='lat' dir='ltr'><strong>Irenaeo</strong></span> <span class='ocrx_word' id='word_1_527' title='bbox 1051 1526 1106 1562; x_wconf 71' lang='grc'><strong>(48)</strong></span> <span class='ocrx_word' id='word_1_528' title='bbox 1118 1536 1125 1560; x_wconf 87' lang='grc'>;</span> <span class='ocrx_word' id='word_1_529' title='bbox 1140 1526 1268 1562; x_wconf 76' lang='grc' dir='ltr'><strong>ἐπιστολὴ</strong></span> <span class='ocrx_word' id='word_1_530' title='bbox 1287 1527 1390 1562; x_wconf 84' lang='grc' dir='ltr'><strong>μεγάλη</strong></span> <span class='ocrx_word' id='word_1_531' title='bbox 1397 1535 1426 1553; x_wconf 87' lang='grc' dir='ltr'><strong>τε</strong></span> <span class='ocrx_word' id='word_1_532' title='bbox 1440 1527 1486 1554; x_wconf 74' lang='grc' dir='ltr'><strong>καὶ</strong></span> <span class='ocrx_word' id='word_1_533' title='bbox 1500 1527 1650 1562; x_wconf 76' lang='grc' dir='ltr'><strong>θαυμασία,</strong></span> 
     </span>
    </p>
   </div>
   <div class='ocr_carea' id='block_1_81' title="bbox 863 1571 1650 1607">
    <p class='ocr_par' dir='ltr' id='par_1_81' title="bbox 863 1571 1650 1607">
     <span class='ocr_line' id='line_1_83' title="bbox 863 1571 1650 1607; baseline 0.001 -10"><span class='ocrx_word' id='word_1_534' title='bbox 863 1579 960 1606; x_wconf 82' lang='lat' dir='ltr'><strong>magna</strong></span> <span class='ocrx_word' id='word_1_535' title='bbox 972 1576 997 1598; x_wconf 90' lang='lat' dir='ltr'><strong>et</strong></span> <span class='ocrx_word' id='word_1_536' title='bbox 1011 1571 1189 1604; x_wconf 78' lang='lat' dir='ltr'><strong>admirabilis,</strong></span> <span class='ocrx_word' id='word_1_537' title='bbox 1199 1572 1233 1599; x_wconf 93' lang='lat' dir='ltr'><strong>ab</strong></span> <span class='ocrx_word' id='word_1_538' title='bbox 1249 1571 1367 1599; x_wconf 85' lang='lat' dir='ltr'><strong>Eusebio</strong></span> <span class='ocrx_word' id='word_1_539' title='bbox 1383 1572 1450 1607; x_wconf 71' lang='grc'><strong>(49),</strong></span> <span class='ocrx_word' id='word_1_540' title='bbox 1477 1576 1560 1606; x_wconf 90' lang='lat' dir='ltr'><strong>atque</strong></span> <span class='ocrx_word' id='word_1_541' title='bbox 1582 1572 1650 1599; x_wconf 80' lang='lat' dir='ltr'><strong>adeo</strong></span> 
     </span>
    </p>
   </div>
   <div class='ocr_carea' id='block_1_82' title="bbox 866 1616 1650 1651">
    <p class='ocr_par' dir='ltr' id='par_1_82' title="bbox 866 1616 1650 1651">
     <span class='ocr_line' id='line_1_84' title="bbox 866 1616 1650 1651; baseline 0.001 -9"><span class='ocrx_word' id='word_1_542' title='bbox 866 1619 971 1643; x_wconf 88' lang='lat' dir='ltr'><strong>tantum</strong></span> <span class='ocrx_word' id='word_1_543' title='bbox 991 1624 1046 1643; x_wconf 86' lang='lat' dir='ltr'><strong>non</strong></span> <span class='ocrx_word' id='word_1_544' title='bbox 1061 1617 1206 1644; x_wconf 88' lang='lat' dir='ltr'><strong>canonica.</strong></span> <span class='ocrx_word' id='word_1_545' title='bbox 1221 1616 1287 1643; x_wconf 87' lang='lat' dir='ltr'><strong>Eam</strong></span> <span class='ocrx_word' id='word_1_546' title='bbox 1303 1616 1375 1651; x_wconf 87' lang='lat' dir='ltr'><strong>apud</strong></span> <span class='ocrx_word' id='word_1_547' title='bbox 1392 1624 1487 1644; x_wconf 87' lang='lat' dir='ltr'><strong>omnes</strong></span> <span class='ocrx_word' id='word_1_548' title='bbox 1502 1617 1650 1644; x_wconf 86' lang='lat' dir='ltr'><strong>auctorita-</strong></span> 
     </span>
    </p>
   </div>
   <div class='ocr_carea' id='block_1_83' title="bbox 865 1662 1647 1697">
    <p class='ocr_par' dir='ltr' id='par_1_83' title="bbox 865 1662 1647 1697">
     <span class='ocr_line' id='line_1_85' title="bbox 865 1662 1647 1697; baseline 0.001 -10"><span class='ocrx_word' id='word_1_549' title='bbox 865 1665 919 1689; x_wconf 88' lang='lat' dir='ltr'><strong>tem</strong></span> <span class='ocrx_word' id='word_1_550' title='bbox 941 1662 1068 1694; x_wconf 88' lang='lat' dir='ltr'><strong>obtinuit,</strong></span> <span class='ocrx_word' id='word_1_551' title='bbox 1093 1666 1122 1689; x_wconf 91' lang='lat' dir='ltr'><strong>ut</strong></span> <span class='ocrx_word' id='word_1_552' title='bbox 1142 1662 1255 1697; x_wconf 85' lang='lat' dir='ltr'><strong>perinde</strong></span> <span class='ocrx_word' id='word_1_553' title='bbox 1272 1669 1304 1689; x_wconf 86' lang='lat' dir='ltr'><strong>ac</strong></span> <span class='ocrx_word' id='word_1_554' title='bbox 1327 1662 1438 1697; x_wconf 71' lang='lat' dir='ltr'><strong>reliqua:</strong></span> <span class='ocrx_word' id='word_1_555' title='bbox 1463 1663 1647 1697; x_wconf 85' lang='lat' dir='ltr'><strong>apostolorum</strong></span> 
     </span>
    </p>
   </div>
   <div class='ocr_carea' id='block_1_84' title="bbox 864 1707 1646 1742">
    <p class='ocr_par' dir='ltr' id='par_1_84' title="bbox 864 1707 1646 1742">
     <span class='ocr_line' id='line_1_86' title="bbox 864 1707 1646 1742; baseline 0.001 -8"><span class='ocrx_word' id='word_1_556' title='bbox 864 1707 986 1741; x_wconf 64' lang='lat' dir='ltr'><strong>epistolae</strong></span> <span class='ocrx_word' id='word_1_557' title='bbox 1000 1707 1108 1742; x_wconf 91' lang='lat' dir='ltr'><strong>publice</strong></span> <span class='ocrx_word' id='word_1_558' title='bbox 1130 1708 1267 1742; x_wconf 83' lang='lat' dir='ltr'><strong>aliquibus</strong></span> <span class='ocrx_word' id='word_1_559' title='bbox 1280 1707 1307 1734; x_wconf 91' lang='lat' dir='ltr'><strong>in</strong></span> <span class='ocrx_word' id='word_1_560' title='bbox 1321 1707 1445 1736; x_wconf 85' lang='lat' dir='ltr'><strong>ecclesiis</strong></span> <span class='ocrx_word' id='word_1_561' title='bbox 1459 1708 1529 1735; x_wconf 88' lang='lat' dir='ltr'><strong>lecta</strong></span> <span class='ocrx_word' id='word_1_562' title='bbox 1545 1708 1627 1735; x_wconf 79' lang='lat' dir='ltr'><strong>fuerit</strong></span> <span class='ocrx_word' id='word_1_563' title='bbox 1640 1718 1646 1735; x_wconf 89' lang='lat'>:</span> 
     </span>
    </p>
   </div>
   <div class='ocr_carea' id='block_1_85' title="bbox 863 1750 1647 1787">
    <p class='ocr_par' dir='ltr' id='par_1_85' title="bbox 863 1750 1647 1787">
     <span class='ocr_line' id='line_1_87' title="bbox 863 1750 1647 1787; baseline -0.001 -10"><span class='ocrx_word' id='word_1_564' title='bbox 863 1751 937 1786; x_wconf 77' lang='lat' dir='ltr'><strong>quod</strong></span> <span class='ocrx_word' id='word_1_565' title='bbox 967 1751 1076 1787; x_wconf 89' lang='lat' dir='ltr'><strong>quidem</strong></span> <span class='ocrx_word' id='word_1_566' title='bbox 1112 1755 1212 1786; x_wconf 54' lang='lat' dir='ltr'><strong>prater</strong></span> <span class='ocrx_word' id='word_1_567' title='bbox 1241 1750 1403 1782; x_wconf 86' lang='lat' dir='ltr'><strong>Eusebium,</strong></span> <span class='ocrx_word' id='word_1_568' title='bbox 1435 1750 1647 1786; x_wconf 79' lang='lat' dir='ltr'><strong>Hieronymum,</strong></span> 
     </span>
    </p>
   </div>
   <div class='ocr_carea' id='block_1_86' title="bbox 863 1795 1647 1832">
    <p class='ocr_par' dir='ltr' id='par_1_86' title="bbox 863 1795 1647 1832">
     <span class='ocr_line' id='line_1_88' title="bbox 863 1795 1647 1832; baseline -0.003 -8"><span class='ocrx_word' id='word_1_569' title='bbox 863 1797 986 1832; x_wconf 88' lang='lat' dir='ltr'><strong>aliosque</strong></span> <span class='ocrx_word' id='word_1_570' title='bbox 999 1800 1106 1824; x_wconf 84' lang='lat' dir='ltr'><strong>veteres</strong></span> <span class='ocrx_word' id='word_1_571' title='bbox 1120 1797 1279 1832; x_wconf 85' lang='lat' dir='ltr'><strong>scriptores,</strong></span> <span class='ocrx_word' id='word_1_572' title='bbox 1296 1801 1412 1824; x_wconf 85' lang='lat' dir='ltr'><strong>testatur</strong></span> <span class='ocrx_word' id='word_1_573' title='bbox 1427 1796 1566 1831; x_wconf 86' lang='lat' dir='ltr'><strong>antiquior</strong></span> <span class='ocrx_word' id='word_1_574' title='bbox 1584 1795 1647 1822; x_wconf 86' lang='lat' dir='ltr'><strong>Dio-</strong></span> 
     </span>
    </p>
   </div>
   <div class='ocr_carea' id='block_1_87' title="bbox 863 1841 1648 1878">
    <p class='ocr_par' dir='ltr' id='par_1_87' title="bbox 863 1841 1648 1878">
     <span class='ocr_line' id='line_1_89' title="bbox 863 1841 1648 1878; baseline -0.003 -8"><span class='ocrx_word' id='word_1_575' title='bbox 863 1843 958 1878; x_wconf 64' lang='lat' dir='ltr'><strong>nysius</strong></span> <span class='ocrx_word' id='word_1_576' title='bbox 972 1842 1176 1870; x_wconf 86' lang='lat' dir='ltr'><strong>Corinthiorum</strong></span> <span class='ocrx_word' id='word_1_577' title='bbox 1191 1843 1335 1877; x_wconf 81' lang='lat' dir='ltr'><strong>episcopus</strong></span> <span class='ocrx_word' id='word_1_578' title='bbox 1347 1842 1414 1877; x_wconf 86' lang='grc'><strong>(50).</strong></span> <span class='ocrx_word' id='word_1_579' title='bbox 1432 1841 1494 1869; x_wconf 68' lang='lat' dir='ltr'><strong>Haec</strong></span> <span class='ocrx_word' id='word_1_580' title='bbox 1507 1849 1573 1869; x_wconf 84' lang='lat' dir='ltr'><strong>sane</strong></span> <span class='ocrx_word' id='word_1_581' title='bbox 1593 1842 1648 1876; x_wconf 85' lang='lat' dir='ltr'><strong>pri-</strong></span> 
     </span>
    </p>
   </div>
   <div class='ocr_carea' id='block_1_88' title="bbox 863 1887 1647 1923">
    <p class='ocr_par' dir='ltr' id='par_1_88' title="bbox 863 1887 1647 1923">
     <span class='ocr_line' id='line_1_90' title="bbox 863 1887 1647 1923; baseline -0.003 -8"><span class='ocrx_word' id='word_1_582' title='bbox 863 1895 941 1916; x_wconf 84' lang='lat' dir='ltr'><strong>scum</strong></span> <span class='ocrx_word' id='word_1_583' title='bbox 957 1887 1098 1922; x_wconf 78' lang='lat' dir='ltr'><strong>Evangelii</strong></span> <span class='ocrx_word' id='word_1_584' title='bbox 1113 1888 1233 1923; x_wconf 87' lang='lat' dir='ltr'><strong>vigorem</strong></span> <span class='ocrx_word' id='word_1_585' title='bbox 1256 1888 1341 1922; x_wconf 88' lang='lat' dir='ltr'><strong>spirat</strong></span> <span class='ocrx_word' id='word_1_586' title='bbox 1355 1897 1361 1914; x_wconf 90' lang='lat'>:</span> <span class='ocrx_word' id='word_1_587' title='bbox 1379 1887 1466 1923; x_wconf 86' lang='lat' dir='ltr'><strong>stylus</strong></span> <span class='ocrx_word' id='word_1_588' title='bbox 1483 1895 1564 1922; x_wconf 88' lang='lat' dir='ltr'><strong>quam</strong></span> <span class='ocrx_word' id='word_1_589' title='bbox 1583 1895 1647 1921; x_wconf 89' lang='lat' dir='ltr'><strong>pro-</strong></span> 
     </span>
    </p>
   </div>
   <div class='ocr_carea' id='block_1_89' title="bbox 863 1934 1647 1962">
    <p class='ocr_par' dir='ltr' id='par_1_89' title="bbox 863 1934 1647 1962">
     <span class='ocr_line' id='line_1_91' title="bbox 863 1934 1647 1962; baseline -0.001 0"><span class='ocrx_word' id='word_1_590' title='bbox 863 1935 935 1962; x_wconf 80' lang='lat' dir='ltr'><strong>xime</strong></span> <span class='ocrx_word' id='word_1_591' title='bbox 953 1934 987 1962; x_wconf 87' lang='lat' dir='ltr'><strong>ad</strong></span> <span class='ocrx_word' id='word_1_592' title='bbox 1007 1934 1111 1962; x_wconf 77' lang='lat' dir='ltr'><strong>Navum</strong></span> <span class='ocrx_word' id='word_1_593' title='bbox 1127 1934 1329 1962; x_wconf 84' lang='lat' dir='ltr'><strong>Testamentum</strong></span> <span class='ocrx_word' id='word_1_594' title='bbox 1345 1934 1468 1961; x_wconf 81' lang='lat' dir='ltr'><strong>accedit:</strong></span> <span class='ocrx_word' id='word_1_595' title='bbox 1492 1942 1536 1961; x_wconf 86' lang='lat' dir='ltr'><strong>res</strong></span> <span class='ocrx_word' id='word_1_596' title='bbox 1550 1935 1647 1961; x_wconf 80' lang='lat' dir='ltr'><strong>verba-</strong></span> 
     </span>
    </p>
   </div>
   <div class='ocr_carea' id='block_1_90' title="bbox 862 1979 1646 2016">
    <p class='ocr_par' dir='ltr' id='par_1_90' title="bbox 862 1979 1646 2016">
     <span class='ocr_line' id='line_1_92' title="bbox 862 1979 1646 2016; baseline -0.003 -8"><span class='ocrx_word' id='word_1_597' title='bbox 862 1989 915 2016; x_wconf 87' lang='lat' dir='ltr'><strong>que</strong></span> <span class='ocrx_word' id='word_1_598' title='bbox 937 1981 995 2015; x_wconf 90' lang='lat' dir='ltr'><strong>ipsa</strong></span> <span class='ocrx_word' id='word_1_599' title='bbox 1015 1980 1157 2015; x_wconf 84' lang='lat' dir='ltr'><strong>desumpta</strong></span> <span class='ocrx_word' id='word_1_600' title='bbox 1177 1981 1205 2008; x_wconf 93' lang='lat' dir='ltr'><strong>in</strong></span> <span class='ocrx_word' id='word_1_601' title='bbox 1221 1980 1317 2015; x_wconf 88' lang='lat' dir='ltr'><strong>primis</strong></span> <span class='ocrx_word' id='word_1_602' title='bbox 1341 1988 1374 2007; x_wconf 84' lang='lat' dir='ltr'><strong>ex</strong></span> <span class='ocrx_word' id='word_1_603' title='bbox 1399 1979 1527 2015; x_wconf 86' lang='lat' dir='ltr'><strong>Epistolis</strong></span> <span class='ocrx_word' id='word_1_604' title='bbox 1554 1979 1646 2006; x_wconf 84' lang='lat' dir='ltr'><strong>Pauli-</strong></span> 
     </span>
    </p>
   </div>
   <div class='ocr_carea' id='block_1_91' title="bbox 862 2024 1644 2062">
    <p class='ocr_par' dir='ltr' id='par_1_91' title="bbox 862 2024 1644 2062">
     <span class='ocr_line' id='line_1_93' title="bbox 862 2024 1644 2062; baseline -0.004 -8"><span class='ocrx_word' id='word_1_605' title='bbox 862 2027 906 2054; x_wconf 90' lang='lat' dir='ltr'><strong>nis</strong></span> <span class='ocrx_word' id='word_1_606' title='bbox 920 2026 987 2062; x_wconf 81' lang='grc'><strong>(51).</strong></span> <span class='ocrx_word' id='word_1_607' title='bbox 1004 2025 1125 2060; x_wconf 91' lang='lat' dir='ltr'><strong>Denique</strong></span> <span class='ocrx_word' id='word_1_608' title='bbox 1147 2025 1216 2052; x_wconf 90' lang='lat' dir='ltr'><strong>nihil</strong></span> <span class='ocrx_word' id='word_1_609' title='bbox 1233 2024 1290 2052; x_wconf 81' lang='lat' dir='ltr'><strong>fere</strong></span> <span class='ocrx_word' id='word_1_610' title='bbox 1310 2025 1337 2052; x_wconf 93' lang='lat' dir='ltr'><strong>in</strong></span> <span class='ocrx_word' id='word_1_611' title='bbox 1352 2033 1383 2052; x_wconf 80' lang='lat' dir='ltr'><strong>ea</strong></span> <span class='ocrx_word' id='word_1_612' title='bbox 1404 2025 1517 2060; x_wconf 85' lang='lat' dir='ltr'><strong>reperiri</strong></span> <span class='ocrx_word' id='word_1_613' title='bbox 1535 2025 1644 2052; x_wconf 90' lang='lat' dir='ltr'><strong>contin-</strong></span> 
     </span>
    </p>
   </div>
   <div class='ocr_carea' id='block_1_92' title="bbox 861 2070 1644 2108">
    <p class='ocr_par' dir='ltr' id='par_1_92' title="bbox 861 2070 1644 2108">
     <span class='ocr_line' id='line_1_94' title="bbox 861 2070 1644 2108; baseline -0.001 -9"><span class='ocrx_word' id='word_1_614' title='bbox 861 2071 911 2108; x_wconf 81' lang='lat' dir='ltr'><strong>git,</strong></span> <span class='ocrx_word' id='word_1_615' title='bbox 931 2072 1004 2107; x_wconf 90' lang='lat' dir='ltr'><strong>quod</strong></span> <span class='ocrx_word' id='word_1_616' title='bbox 1018 2071 1147 2107; x_wconf 67' lang='lat' dir='ltr'><strong>primmva</strong></span> <span class='ocrx_word' id='word_1_617' title='bbox 1163 2070 1301 2098; x_wconf 83' lang='lat' dir='ltr'><strong>nascentis</strong></span> <span class='ocrx_word' id='word_1_618' title='bbox 1323 2070 1452 2098; x_wconf 60' lang='lat' dir='ltr'><strong>Ecclesiae</strong></span> <span class='ocrx_word' id='word_1_619' title='bbox 1479 2071 1644 2098; x_wconf 81' lang='lat' dir='ltr'><strong>incunabula</strong></span> 
     </span>
    </p>
   </div>
   <div class='ocr_carea' id='block_1_93' title="bbox 862 2173 1036 2205">
    <p class='ocr_par' dir='ltr' id='par_1_93' title="bbox 862 2173 1036 2205">
     <span class='ocr_line' id='line_1_95' title="bbox 862 2173 1036 2205; baseline 0 -5"><span class='ocrx_word' id='word_1_620' title='bbox 862 2173 881 2201; x_wconf 91' lang='lat' dir='ltr'><strong>l.</strong></span> <span class='ocrx_word' id='word_1_621' title='bbox 899 2181 936 2205; x_wconf 86' lang='lat' dir='ltr'><strong>Iv,</strong></span> <span class='ocrx_word' id='word_1_622' title='bbox 953 2181 977 2201; x_wconf 91' lang='lat' dir='ltr'><strong>c.</strong></span> <span class='ocrx_word' id='word_1_623' title='bbox 990 2173 1036 2201; x_wconf 78' lang='lat'><strong>23.</strong></span> 
     </span>
    </p>
   </div>
   <div class='ocr_carea' id='block_1_94' title="bbox 897 2207 1457 2244">
    <p class='ocr_par' dir='ltr' id='par_1_94' title="bbox 897 2207 1457 2244">
     <span class='ocr_line' id='line_1_96' title="bbox 897 2207 1457 2244; baseline -0.007 -8"><span class='ocrx_word' id='word_1_624' title='bbox 897 2208 953 2244; x_wconf 75' lang='grc'><strong>(44)</strong></span> <span class='ocrx_word' id='word_1_625' title='bbox 972 2208 1113 2244; x_wconf 67' lang='lat' dir='ltr'><strong>Qatechesi</strong></span> <span class='ocrx_word' id='word_1_626' title='bbox 1126 2208 1169 2240; x_wconf 73' lang='lat' dir='ltr'><strong>l8,</strong></span> <span class='ocrx_word' id='word_1_627' title='bbox 1182 2215 1208 2236; x_wconf 89' lang='lat' dir='ltr'><strong>c.</strong></span> <span class='ocrx_word' id='word_1_628' title='bbox 1350 2243 1392 2244; x_wconf 21' lang='grc' dir='ltr'><em>γη</em></span> <span class='ocrx_word' id='word_1_629' title='bbox 1449 2227 1457 2232; x_wconf 84' lang='lat'><strong>.</strong></span> 
     </span>
    </p>
   </div>
   <div class='ocr_carea' id='block_1_95' title="bbox 896 2214 1637 2304">
    <p class='ocr_par' dir='ltr' id='par_1_95' title="bbox 896 2214 1637 2304">
     <span class='ocr_line' id='line_1_97' title="bbox 897 2214 1457 2244; baseline -0.002 -8"><span class='ocrx_word' id='word_1_630' title='bbox 897 2214 942 2244; x_wconf 75' lang='lat' dir='ltr'><strong>(M</strong></span> <span class='ocrx_word' id='word_1_631' title='bbox 972 2214 1113 2236; x_wconf 74' lang='lat' dir='ltr'><strong>Catecnesi</strong></span> <span class='ocrx_word' id='word_1_632' title='bbox 1126 2214 1169 2240; x_wconf 73' lang='lat' dir='ltr'><strong>ut,</strong></span> <span class='ocrx_word' id='word_1_633' title='bbox 1182 2215 1208 2236; x_wconf 89' lang='lat' dir='ltr'><strong>c.</strong></span> <span class='ocrx_word' id='word_1_634' title='bbox 1222 2214 1248 2235; x_wconf 75' lang='lat' dir='ltr'><strong>tt.</strong></span> <span class='ocrx_word' id='word_1_635' title='bbox 1449 2227 1457 2232; x_wconf 77' lang='lat'><strong>.</strong></span> 
     </span>
     <span class='ocr_line' id='line_1_98' title="bbox 896 2214 1637 2279; baseline 0 -9"><span class='ocrx_word' id='word_1_636' title='bbox 896 2214 953 2279; x_wconf 57' lang='lat'><strong>(45;</strong></span> <span class='ocrx_word' id='word_1_637' title='bbox 973 2242 1073 2270; x_wconf 77' lang='lat' dir='ltr'><strong>llaeresi</strong></span> <span class='ocrx_word' id='word_1_638' title='bbox 1098 2244 1142 2272; x_wconf 84' lang='grc'><strong>50.</strong></span> <span class='ocrx_word' id='word_1_639' title='bbox 1166 2251 1193 2270; x_wconf 88' lang='lat' dir='ltr'><strong>n.</strong></span> <span class='ocrx_word' id='word_1_640' title='bbox 1209 2243 1252 2274; x_wconf 82' lang='lat' dir='ltr'><strong>l5,</strong></span> <span class='ocrx_word' id='word_1_641' title='bbox 1271 2251 1332 2278; x_wconf 88' lang='lat' dir='ltr'><strong>pag.</strong></span> <span class='ocrx_word' id='word_1_642' title='bbox 1346 2243 1410 2276; x_wconf 74' lang='lat'><strong>159;</strong></span> <span class='ocrx_word' id='word_1_643' title='bbox 1433 2247 1460 2270; x_wconf 86' lang='lat' dir='ltr'><strong>et</strong></span> <span class='ocrx_word' id='word_1_644' title='bbox 1478 2242 1574 2270; x_wconf 67' lang='lat' dir='ltr'><strong>lintres.</strong></span> <span class='ocrx_word' id='word_1_645' title='bbox 1591 2243 1637 2276; x_wconf 73' lang='lat'><strong>27,</strong></span> 
     </span>
     <span class='ocr_line' id='line_1_99' title="bbox 904 2277 1296 2304; baseline 0 0"><span class='ocrx_word' id='word_1_646' title='bbox 904 2278 931 2304; x_wconf 88' lang='lat'><strong>6.</strong></span> <span class='ocrx_word' id='word_1_647' title='bbox 947 2285 1007 2304; x_wconf 71' lang='lat' dir='ltr'><strong>nan.</strong></span> <span class='ocrx_word' id='word_1_648' title='bbox 1025 2278 1086 2304; x_wconf 78' lang='grc'><strong>107.</strong></span> <span class='ocrx_word' id='word_1_649' title='bbox 1107 2278 1172 2304; x_wconf 87' lang='lat' dir='ltr'><strong>edit.</strong></span> <span class='ocrx_word' id='word_1_650' title='bbox 1186 2277 1296 2304; x_wconf 85' lang='lat' dir='ltr'><strong>Petavii.</strong></span> 
     </span>
    </p>
   </div>
   <div class='ocr_carea' id='block_1_96' title="bbox 862 2278 1637 2348">
    <p class='ocr_par' dir='ltr' id='par_1_96' title="bbox 862 2278 1637 2348">
     <span class='ocr_line' id='line_1_100' title="bbox 862 2278 1495 2341; baseline -0.002 -36"><span class='ocrx_word' id='word_1_651' title='bbox 862 2286 890 2306; x_wconf 94' lang='lat' dir='ltr'><strong>n.</strong></span> <span class='ocrx_word' id='word_1_652' title='bbox 904 2278 931 2311; x_wconf 89' lang='lat'><strong>6,</strong></span> <span class='ocrx_word' id='word_1_653' title='bbox 947 2285 1007 2341; x_wconf 50' lang='lat' dir='ltr'><strong>pti‘g.</strong></span> <span class='ocrx_word' id='word_1_654' title='bbox 1025 2278 1086 2310; x_wconf 79' lang='grc'><strong>107,</strong></span> <span class='ocrx_word' id='word_1_655' title='bbox 1107 2278 1172 2306; x_wconf 90' lang='lat' dir='ltr'><strong>edit.</strong></span> <span class='ocrx_word' id='word_1_656' title='bbox 1186 2278 1296 2306; x_wconf 85' lang='lat' dir='ltr'><strong>Petavii.</strong></span> <span class='ocrx_word' id='word_1_657' title='bbox 1389 2314 1394 2318; x_wconf 34' lang='grc' dir='ltr'><strong>Ι</strong></span> <span class='ocrx_word' id='word_1_658' title='bbox 1490 2313 1495 2319; x_wconf 77' lang='lat'><strong>_</strong></span> 
     </span>
     <span class='ocr_line' id='line_1_101' title="bbox 895 2311 1637 2348; baseline -0.001 -8"><span class='ocrx_word' id='word_1_659' title='bbox 895 2313 950 2348; x_wconf 69' lang='grc'><strong>(46)</strong></span> <span class='ocrx_word' id='word_1_660' title='bbox 995 2313 1038 2341; x_wconf 84' lang='lat' dir='ltr'><strong>ide</strong></span> <span class='ocrx_word' id='word_1_661' title='bbox 1059 2313 1213 2348; x_wconf 62' lang='lat' dir='ltr'><strong>Origenem,</strong></span> <span class='ocrx_word' id='word_1_662' title='bbox 1226 2316 1292 2340; x_wconf 85' lang='lat' dir='ltr'><strong>tom.</strong></span> <span class='ocrx_word' id='word_1_663' title='bbox 1306 2312 1330 2344; x_wconf 92' lang='lat' dir='ltr'><strong>l,</strong></span> <span class='ocrx_word' id='word_1_664' title='bbox 1353 2312 1418 2340; x_wconf 78' lang='lat' dir='ltr'><strong>edit.</strong></span> <span class='ocrx_word' id='word_1_665' title='bbox 1434 2311 1536 2348; x_wconf 61' lang='lat' dir='ltr'><strong>Paris&quot;</strong></span> <span class='ocrx_word' id='word_1_666' title='bbox 1557 2313 1637 2346; x_wconf 78' lang='grc'>1755,</span> 
     </span>
    </p>
   </div>
   <div class='ocr_carea' id='block_1_97' title="bbox 858 2347 1637 2383">
    <p class='ocr_par' dir='ltr' id='par_1_97' title="bbox 858 2347 1637 2383">
     <span class='ocr_line' id='line_1_102' title="bbox 858 2347 1637 2383; baseline -0.001 -8"><span class='ocrx_word' id='word_1_667' title='bbox 858 2347 920 2383; x_wconf 83' lang='lat' dir='ltr'><strong>pag.</strong></span> <span class='ocrx_word' id='word_1_668' title='bbox 932 2348 980 2381; x_wconf 70' lang='lat'><strong>82;</strong></span> <span class='ocrx_word' id='word_1_669' title='bbox 996 2352 1063 2383; x_wconf 86' lang='lat' dir='ltr'><strong>tom.</strong></span> <span class='ocrx_word' id='word_1_670' title='bbox 1077 2348 1126 2378; x_wconf 84' lang='lat' dir='ltr'><strong>lll.</strong></span> <span class='ocrx_word' id='word_1_671' title='bbox 1147 2355 1208 2383; x_wconf 86' lang='lat' dir='ltr'><strong>pag.</strong></span> <span class='ocrx_word' id='word_1_672' title='bbox 1223 2348 1292 2383; x_wconf 56' lang='lat'><strong>4‘22;</strong></span> <span class='ocrx_word' id='word_1_673' title='bbox 1308 2352 1335 2375; x_wconf 89' lang='lat' dir='ltr'><strong>et</strong></span> <span class='ocrx_word' id='word_1_674' title='bbox 1358 2352 1424 2374; x_wconf 89' lang='lat' dir='ltr'><strong>tom.</strong></span> <span class='ocrx_word' id='word_1_675' title='bbox 1448 2347 1481 2374; x_wconf 75' lang='lat' dir='ltr'><strong>lx</strong></span> <span class='ocrx_word' id='word_1_676' title='bbox 1494 2368 1500 2378; x_wconf 82' lang='lat'><strong>.</strong></span> <span class='ocrx_word' id='word_1_677' title='bbox 1518 2352 1587 2383; x_wconf 87' lang='lat' dir='ltr'><strong>part.</strong></span> <span class='ocrx_word' id='word_1_678' title='bbox 1601 2355 1637 2380; x_wconf 85' lang='grc' dir='ltr'>ιι,</span> 
     </span>
    </p>
   </div>
   <div class='ocr_carea' id='block_1_98' title="bbox 859 2382 1637 2417">
    <p class='ocr_par' dir='ltr' id='par_1_98' title="bbox 859 2382 1637 2417">
     <span class='ocr_line' id='line_1_103' title="bbox 859 2382 1637 2417; baseline 0 -8"><span class='ocrx_word' id='word_1_679' title='bbox 859 2382 920 2417; x_wconf 80' lang='lat' dir='ltr'><strong>pag.</strong></span> <span class='ocrx_word' id='word_1_680' title='bbox 942 2383 1003 2415; x_wconf 73' lang='grc'><strong>145,</strong></span> <span class='ocrx_word' id='word_1_681' title='bbox 1020 2382 1087 2410; x_wconf 89' lang='lat' dir='ltr'><strong>edit.</strong></span> <span class='ocrx_word' id='word_1_682' title='bbox 1111 2382 1199 2410; x_wconf 81' lang='lat' dir='ltr'><strong>[luetii</strong></span> <span class='ocrx_word' id='word_1_683' title='bbox 1223 2382 1358 2413; x_wconf 59' lang='lat' dir='ltr'><strong>Colonias,</strong></span> <span class='ocrx_word' id='word_1_684' title='bbox 1378 2382 1458 2410; x_wconf 77' lang='grc'><strong>1685.</strong></span> <span class='ocrx_word' id='word_1_685' title='bbox 1473 2382 1559 2409; x_wconf 81' lang='lat' dir='ltr'><strong>Clem.</strong></span> <span class='ocrx_word' id='word_1_686' title='bbox 1575 2383 1637 2410; x_wconf 63' lang='lat' dir='ltr'><strong>Alco</strong></span> 
     </span>
    </p>
   </div>
   <div class='ocr_carea' id='block_1_99' title="bbox 858 2417 1636 2452">
    <p class='ocr_par' dir='ltr' id='par_1_99' title="bbox 858 2417 1636 2452">
     <span class='ocr_line' id='line_1_104' title="bbox 858 2417 1636 2452; baseline 0.001 -8"><span class='ocrx_word' id='word_1_687' title='bbox 858 2418 953 2449; x_wconf 76' lang='lat' dir='ltr'><strong>xand.,</strong></span> <span class='ocrx_word' id='word_1_688' title='bbox 978 2419 996 2445; x_wconf 95' lang='lat' dir='ltr'><strong>l.</strong></span> <span class='ocrx_word' id='word_1_689' title='bbox 1016 2425 1024 2444; x_wconf 86' lang='grc' dir='ltr'><strong>ι</strong></span> <span class='ocrx_word' id='word_1_690' title='bbox 1053 2418 1165 2449; x_wconf 89' lang='lat' dir='ltr'><strong>Strom.,</strong></span> <span class='ocrx_word' id='word_1_691' title='bbox 1186 2426 1211 2445; x_wconf 91' lang='lat' dir='ltr'><strong>c.</strong></span> <span class='ocrx_word' id='word_1_692' title='bbox 1227 2417 1252 2449; x_wconf 88' lang='lat'><strong>7,</strong></span> <span class='ocrx_word' id='word_1_693' title='bbox 1267 2422 1332 2445; x_wconf 89' lang='lat' dir='ltr'><strong>tom.</strong></span> <span class='ocrx_word' id='word_1_694' title='bbox 1347 2418 1373 2449; x_wconf 87' lang='grc' dir='ltr'><strong>ι,</strong></span> <span class='ocrx_word' id='word_1_695' title='bbox 1399 2425 1458 2452; x_wconf 89' lang='lat' dir='ltr'><strong>pag.</strong></span> <span class='ocrx_word' id='word_1_696' title='bbox 1482 2418 1544 2450; x_wconf 80' lang='grc'>559,</span> <span class='ocrx_word' id='word_1_697' title='bbox 1569 2419 1636 2445; x_wconf 86' lang='lat' dir='ltr'><strong>edit.</strong></span> 
     </span>
    </p>
   </div>
   <div class='ocr_carea' id='block_1_100' title="bbox 859 2452 1633 2488">
    <p class='ocr_par' dir='ltr' id='par_1_100' title="bbox 859 2452 1633 2488">
     <span class='ocr_line' id='line_1_105' title="bbox 859 2452 1633 2488; baseline 0 -8"><span class='ocrx_word' id='word_1_698' title='bbox 859 2452 1009 2488; x_wconf 78' lang='lat' dir='ltr'><strong>onniens.</strong></span> <span class='ocrx_word' id='word_1_699' title='bbox 1035 2453 1117 2486; x_wconf 79' lang='lat' dir='ltr'><strong>l7l5;</strong></span> <span class='ocrx_word' id='word_1_700' title='bbox 1138 2456 1165 2479; x_wconf 91' lang='lat' dir='ltr'><strong>et</strong></span> <span class='ocrx_word' id='word_1_701' title='bbox 1186 2453 1254 2484; x_wconf 88' lang='lat' dir='ltr'><strong>l.|v,</strong></span> <span class='ocrx_word' id='word_1_702' title='bbox 1270 2461 1295 2480; x_wconf 90' lang='lat' dir='ltr'><strong>c.</strong></span> <span class='ocrx_word' id='word_1_703' title='bbox 1315 2453 1339 2482; x_wconf 86' lang='lat' dir='ltr'><strong>l.</strong></span> <span class='ocrx_word' id='word_1_704' title='bbox 1362 2456 1428 2479; x_wconf 91' lang='lat' dir='ltr'><strong>tom.</strong></span> <span class='ocrx_word' id='word_1_705' title='bbox 1446 2453 1471 2488; x_wconf 23' lang='lat' dir='ltr'><strong>l7.</strong></span> <span class='ocrx_word' id='word_1_706' title='bbox 1495 2461 1556 2488; x_wconf 81' lang='lat' dir='ltr'><strong>pag.</strong></span> <span class='ocrx_word' id='word_1_707' title='bbox 1572 2453 1633 2484; x_wconf 82' lang='lat'><strong>609;</strong></span> 
     </span>
    </p>
   </div>
   <div class='ocr_carea' id='block_1_101' title="bbox 859 2487 1636 2521">
    <p class='ocr_par' dir='ltr' id='par_1_101' title="bbox 859 2487 1636 2521">
     <span class='ocr_line' id='line_1_106' title="bbox 859 2487 1636 2521; baseline 0 -7"><span class='ocrx_word' id='word_1_708' title='bbox 859 2487 969 2515; x_wconf 88' lang='lat' dir='ltr'><strong>Hieron.</strong></span> <span class='ocrx_word' id='word_1_709' title='bbox 986 2488 1024 2515; x_wconf 86' lang='lat' dir='ltr'><strong>De</strong></span> <span class='ocrx_word' id='word_1_710' title='bbox 1045 2489 1107 2515; x_wconf 83' lang='lat' dir='ltr'><strong>viris</strong></span> <span class='ocrx_word' id='word_1_711' title='bbox 1131 2487 1242 2518; x_wconf 76' lang='lat' dir='ltr'><strong>illustr.,</strong></span> <span class='ocrx_word' id='word_1_712' title='bbox 1255 2495 1280 2515; x_wconf 93' lang='lat' dir='ltr'><strong>c.</strong></span> <span class='ocrx_word' id='word_1_713' title='bbox 1295 2488 1345 2520; x_wconf 83' lang='lat' dir='ltr'><strong>l5;</strong></span> <span class='ocrx_word' id='word_1_714' title='bbox 1366 2491 1433 2515; x_wconf 89' lang='lat' dir='ltr'><strong>tom.</strong></span> <span class='ocrx_word' id='word_1_715' title='bbox 1456 2487 1488 2518; x_wconf 84' lang='lat' dir='ltr'><strong>ll,</strong></span> <span class='ocrx_word' id='word_1_716' title='bbox 1506 2487 1575 2521; x_wconf 84' lang='lat' dir='ltr'><strong>part.</strong></span> <span class='ocrx_word' id='word_1_717' title='bbox 1598 2496 1636 2521; x_wconf 75' lang='grc' dir='ltr'><strong>ιι,</strong></span> 
     </span>
    </p>
   </div>
   <div class='ocr_carea' id='block_1_102' title="bbox 858 2521 1558 2558">
    <p class='ocr_par' dir='ltr' id='par_1_102' title="bbox 858 2521 1558 2558">
     <span class='ocr_line' id='line_1_107' title="bbox 858 2521 1558 2558; baseline 0.001 -9"><span class='ocrx_word' id='word_1_718' title='bbox 858 2531 919 2558; x_wconf 87' lang='lat' dir='ltr'><strong>pag.</strong></span> <span class='ocrx_word' id='word_1_719' title='bbox 933 2523 1013 2553; x_wconf 87' lang='grc'>8505,</span> <span class='ocrx_word' id='word_1_720' title='bbox 1027 2524 1092 2550; x_wconf 89' lang='lat' dir='ltr'><strong>edit.</strong></span> <span class='ocrx_word' id='word_1_721' title='bbox 1107 2523 1210 2558; x_wconf 63' lang='lat' dir='ltr'><strong>novies.</strong></span> <span class='ocrx_word' id='word_1_722' title='bbox 1224 2521 1332 2550; x_wconf 71' lang='lat' dir='ltr'><strong>Venetae</strong></span> <span class='ocrx_word' id='word_1_723' title='bbox 1346 2523 1379 2558; x_wconf 87' lang='lat' dir='ltr'><strong>de</strong></span> <span class='ocrx_word' id='word_1_724' title='bbox 1394 2530 1465 2550; x_wconf 89' lang='lat' dir='ltr'><strong>anno</strong></span> <span class='ocrx_word' id='word_1_725' title='bbox 1480 2521 1558 2550; x_wconf 80' lang='grc'><strong>1767.</strong></span> 
     </span>
    </p>
   </div>
   <div class='ocr_carea' id='block_1_103' title="bbox 893 2556 1633 2593">
    <p class='ocr_par' dir='ltr' id='par_1_103' title="bbox 893 2556 1633 2593">
     <span class='ocr_line' id='line_1_108' title="bbox 893 2556 1633 2593; baseline -0.001 -8"><span class='ocrx_word' id='word_1_726' title='bbox 893 2556 948 2593; x_wconf 73' lang='grc'><strong>(47)</strong></span> <span class='ocrx_word' id='word_1_727' title='bbox 969 2558 1042 2586; x_wconf 86' lang='lat' dir='ltr'><strong>Idem</strong></span> <span class='ocrx_word' id='word_1_728' title='bbox 1067 2559 1085 2585; x_wconf 91' lang='grc' dir='ltr'>ι.</span> <span class='ocrx_word' id='word_1_729' title='bbox 1108 2565 1134 2586; x_wconf 89' lang='lat' dir='ltr'><strong>c.</strong></span> <span class='ocrx_word' id='word_1_730' title='bbox 1160 2556 1225 2585; x_wconf 78' lang='lat' dir='ltr'><strong>Vide</strong></span> <span class='ocrx_word' id='word_1_731' title='bbox 1248 2559 1330 2585; x_wconf 86' lang='lat' dir='ltr'><strong>etiam</strong></span> <span class='ocrx_word' id='word_1_732' title='bbox 1359 2557 1489 2584; x_wconf 78' lang='lat' dir='ltr'><strong>Irenaeum</strong></span> <span class='ocrx_word' id='word_1_733' title='bbox 1511 2558 1558 2585; x_wconf 88' lang='lat' dir='ltr'><strong>lib.</strong></span> <span class='ocrx_word' id='word_1_734' title='bbox 1583 2565 1633 2590; x_wconf 85' lang='grc' dir='ltr'>ιιι,</span> 
     </span>
    </p>
   </div>
   <div class='ocr_carea' id='block_1_104' title="bbox 855 2594 1282 2663">
    <p class='ocr_par' dir='ltr' id='par_1_104' title="bbox 855 2594 1282 2663">
     <span class='ocr_line' id='line_1_109' title="bbox 855 2594 1282 2663; baseline 0 -8"><span class='ocrx_word' id='word_1_735' title='bbox 855 2594 959 2663; x_wconf 38' lang='lat'><strong>“$83;-</strong></span> <span class='ocrx_word' id='word_1_736' title='bbox 969 2627 1082 2663; x_wconf 40' lang='lat' dir='ltr'><strong>LibLm,</strong></span> <span class='ocrx_word' id='word_1_737' title='bbox 1096 2635 1156 2662; x_wconf 89' lang='lat' dir='ltr'><strong>cap.</strong></span> <span class='ocrx_word' id='word_1_738' title='bbox 1168 2628 1196 2660; x_wconf 83' lang='grc'>5,</span> <span class='ocrx_word' id='word_1_739' title='bbox 1211 2636 1240 2655; x_wconf 94' lang='lat' dir='ltr'><strong>n.</strong></span> <span class='ocrx_word' id='word_1_740' title='bbox 1255 2627 1282 2655; x_wconf 90' lang='grc'>5.</span> 
     </span>
    </p>
   </div>
   <div class='ocr_carea' id='block_1_105' title="bbox 891 2661 1634 2704">
    <p class='ocr_par' dir='ltr' id='par_1_105' title="bbox 891 2661 1634 2704">
     <span class='ocr_line' id='line_1_110' title="bbox 891 2661 1634 2704; baseline -0.003 -14"><span class='ocrx_word' id='word_1_741' title='bbox 891 2661 947 2704; x_wconf 57' lang='grc' dir='ltr'><strong>(δερ)</strong></span> <span class='ocrx_word' id='word_1_742' title='bbox 968 2663 1004 2690; x_wconf 87' lang='grc' dir='ltr'><strong>Η.</strong></span> <span class='ocrx_word' id='word_1_743' title='bbox 1018 2662 1063 2694; x_wconf 84' lang='grc' dir='ltr'><strong>Ε.,</strong></span> <span class='ocrx_word' id='word_1_744' title='bbox 1081 2661 1186 2697; x_wconf 60' lang='grc' dir='ltr'>Ιίιιίιιιι,</span> <span class='ocrx_word' id='word_1_745' title='bbox 1197 2670 1258 2698; x_wconf 91' lang='lat' dir='ltr'><strong>cap.</strong></span> <span class='ocrx_word' id='word_1_746' title='bbox 1271 2662 1315 2694; x_wconf 78' lang='grc'><strong>16,</strong></span> <span class='ocrx_word' id='word_1_747' title='bbox 1329 2670 1390 2698; x_wconf 87' lang='lat' dir='ltr'><strong>pag.</strong></span> <span class='ocrx_word' id='word_1_748' title='bbox 1406 2661 1451 2694; x_wconf 85' lang='grc'><strong>95,</strong></span> <span class='ocrx_word' id='word_1_749' title='bbox 1460 2661 1525 2689; x_wconf 91' lang='lat' dir='ltr'><strong>edit.</strong></span> <span class='ocrx_word' id='word_1_750' title='bbox 1535 2661 1634 2689; x_wconf 84' lang='lat' dir='ltr'><strong>Tauri-</strong></span> 
     </span>
    </p>
   </div>
   <div class='ocr_carea' id='block_1_106' title="bbox 854 2706 1462 2768">
    <p class='ocr_par' dir='ltr' id='par_1_106' title="bbox 854 2706 1462 2768">
     <span class='ocr_line' id='line_1_111' title="bbox 854 2706 958 2726; baseline 0.01 -1"><span class='ocrx_word' id='word_1_751' title='bbox 854 2706 958 2726; x_wconf 82' lang='lat' dir='ltr'><strong>nensis.</strong></span> 
     </span>
     <span class='ocr_line' id='line_1_112' title="bbox 890 2732 1462 2768; baseline -0.003 -8"><span class='ocrx_word' id='word_1_752' title='bbox 890 2733 945 2768; x_wconf 94' lang='grc'><strong>(50)</strong></span> <span class='ocrx_word' id='word_1_753' title='bbox 964 2733 1041 2768; x_wconf 77' lang='lat' dir='ltr'><strong>Apud</strong></span> <span class='ocrx_word' id='word_1_754' title='bbox 1056 2732 1168 2764; x_wconf 76' lang='lat' dir='ltr'><strong>Eusel).,</strong></span> <span class='ocrx_word' id='word_1_755' title='bbox 1184 2732 1219 2760; x_wconf 84' lang='grc' dir='ltr'><em>Η.</em></span> <span class='ocrx_word' id='word_1_756' title='bbox 1234 2732 1279 2764; x_wconf 83' lang='grc' dir='ltr'><strong>Ε.,</strong></span> <span class='ocrx_word' id='word_1_757' title='bbox 1295 2732 1313 2759; x_wconf 92' lang='lat' dir='ltr'><strong>l.</strong></span> <span class='ocrx_word' id='word_1_758' title='bbox 1327 2740 1403 2768; x_wconf 44' lang='lat' dir='ltr'><strong>IVLC.</strong></span> 
     </span>
    </p>
   </div>
   <div class='ocr_carea' id='block_1_107' title="bbox 888 2766 1631 2829">
    <p class='ocr_par' dir='ltr' id='par_1_107' title="bbox 888 2766 1631 2829">
     <span class='ocr_line' id='line_1_113' title="bbox 888 2766 1631 2829; baseline -0.004 -34"><span class='ocrx_word' id='word_1_759' title='bbox 888 2766 944 2803; x_wconf 79' lang='lat' dir='ltr'><strong>(5t)</strong></span> <span class='ocrx_word' id='word_1_760' title='bbox 963 2766 1026 2795; x_wconf 60' lang='lat' dir='ltr'><strong>Haec</strong></span> <span class='ocrx_word' id='word_1_761' title='bbox 1043 2769 1101 2802; x_wconf 88' lang='lat' dir='ltr'><strong>ipsa</strong></span> <span class='ocrx_word' id='word_1_762' title='bbox 1113 2768 1272 2798; x_wconf 80' lang='lat' dir='ltr'><strong>similitudo.</strong></span> <span class='ocrx_word' id='word_1_763' title='bbox 1287 2771 1356 2794; x_wconf 86' lang='lat' dir='ltr'><strong>teste</strong></span> <span class='ocrx_word' id='word_1_764' title='bbox 1370 2767 1401 2794; x_wconf 84' lang='grc' dir='ltr'><strong>ι).</strong></span> <span class='ocrx_word' id='word_1_765' title='bbox 1415 2767 1578 2829; x_wconf 55' lang='lat' dir='ltr'><strong>llierorgmo</strong></span> <span class='ocrx_word' id='word_1_766' title='bbox 1592 2766 1631 2799; x_wconf 91' lang='lat' dir='ltr'><strong>(in</strong></span> 
     </span>
     <span class='ocr_line' id='line_1_114' title="bbox 888 2801 1630 2829; baseline -0.004 0"><span class='ocrx_word' id='word_1_767' title='bbox 888 2804 932 2829; x_wconf 83' lang='lat' dir='ltr'><strong>tal.</strong></span> <span class='ocrx_word' id='word_1_768' title='bbox 949 2811 973 2829; x_wconf 92' lang='lat' dir='ltr'><strong>c.</strong></span> <span class='ocrx_word' id='word_1_769' title='bbox 990 2803 1046 2829; x_wconf 73' lang='grc'><strong>15).</strong></span> <span class='ocrx_word' id='word_1_770' title='bbox 1063 2804 1089 2829; x_wconf 92' lang='lat' dir='ltr'><strong>in</strong></span> <span class='ocrx_word' id='word_1_771' title='bbox 1102 2811 1184 2829; x_wconf 81' lang='lat' dir='ltr'><strong>causa</strong></span> <span class='ocrx_word' id='word_1_772' title='bbox 1201 2803 1261 2829; x_wconf 80' lang='lat' dir='ltr'><strong>fuit.</strong></span> <span class='ocrx_word' id='word_1_773' title='bbox 1277 2810 1327 2829; x_wconf 86' lang='lat' dir='ltr'><strong>cur</strong></span> <span class='ocrx_word' id='word_1_774' title='bbox 1338 2803 1446 2829; x_wconf 84' lang='lat' dir='ltr'><strong>uuidatn</strong></span> <span class='ocrx_word' id='word_1_775' title='bbox 1463 2801 1491 2829; x_wconf 90' lang='lat' dir='ltr'><strong>S.</strong></span> <span class='ocrx_word' id='word_1_776' title='bbox 1527 2802 1630 2828; x_wconf 81' lang='lat' dir='ltr'><strong>lenien-</strong></span> 
     </span>
    </p>
   </div>
   <div class='ocr_carea' id='block_1_108' title="bbox 853 2801 1630 2841">
    <p class='ocr_par' dir='ltr' id='par_1_108' title="bbox 853 2801 1630 2841">
     <span class='ocr_line' id='line_1_115' title="bbox 853 2801 1630 2841; baseline -0.005 -11"><span class='ocrx_word' id='word_1_777' title='bbox 853 2801 938 2841; x_wconf 44' lang='lat' dir='ltr'><strong>catalL&#39;</strong></span> <span class='ocrx_word' id='word_1_778' title='bbox 949 2811 973 2841; x_wconf 87' lang='lat' dir='ltr'><strong>c.</strong></span> <span class='ocrx_word' id='word_1_779' title='bbox 990 2801 1089 2841; x_wconf 29' lang='lat' dir='ltr'><strong>l5_).’in</strong></span> <span class='ocrx_word' id='word_1_780' title='bbox 1102 2811 1184 2841; x_wconf 67' lang='lat' dir='ltr'><strong>causa</strong></span> <span class='ocrx_word' id='word_1_781' title='bbox 1201 2803 1261 2841; x_wconf 62' lang='lat' dir='ltr'><strong>fuit,</strong></span> <span class='ocrx_word' id='word_1_782' title='bbox 1277 2810 1327 2829; x_wconf 88' lang='lat' dir='ltr'><strong>cur</strong></span> <span class='ocrx_word' id='word_1_783' title='bbox 1338 2803 1446 2837; x_wconf 88' lang='lat' dir='ltr'><strong>quidam</strong></span> <span class='ocrx_word' id='word_1_784' title='bbox 1463 2801 1491 2829; x_wconf 91' lang='lat' dir='ltr'><strong>S.</strong></span> <span class='ocrx_word' id='word_1_785' title='bbox 1503 2801 1630 2841; x_wconf 76' lang='lat' dir='ltr'><strong>Clemen-</strong></span> 
     </span>
    </p>
   </div>
   <div class='ocr_carea' id='block_1_109' title="bbox 852 2837 1627 2878">
    <p class='ocr_par' dir='ltr' id='par_1_109' title="bbox 852 2837 1627 2878">
     <span class='ocr_line' id='line_1_116' title="bbox 852 2837 1627 2878; baseline -0.005 -13"><span class='ocrx_word' id='word_1_786' title='bbox 852 2843 905 2866; x_wconf 89' lang='lat' dir='ltr'><strong>tem</strong></span> <span class='ocrx_word' id='word_1_787' title='bbox 919 2838 1044 2873; x_wconf 69' lang='lat' dir='ltr'><strong>Epistolaa</strong></span> <span class='ocrx_word' id='word_1_788' title='bbox 1056 2839 1089 2865; x_wconf 87' lang='lat' dir='ltr'><strong>ad</strong></span> <span class='ocrx_word' id='word_1_789' title='bbox 1108 2837 1235 2878; x_wconf 62' lang='lat' dir='ltr'><strong>llehrmos</strong></span> <span class='ocrx_word' id='word_1_790' title='bbox 1252 2838 1436 2873; x_wconf 84' lang='lat' dir='ltr'><strong>interpretem,</strong></span> <span class='ocrx_word' id='word_1_791' title='bbox 1448 2841 1529 2872; x_wconf 71' lang='lat' dir='ltr'><strong>atque</strong></span> <span class='ocrx_word' id='word_1_792' title='bbox 1545 2837 1627 2863; x_wconf 85' lang='lat' dir='ltr'><strong>etiam</strong></span> 
     </span>
    </p>
   </div>
   <div class='ocr_carea' id='block_1_110' title="bbox 850 2878 1268 2902">
    <p class='ocr_par' dir='ltr' id='par_1_110' title="bbox 850 2878 1268 2902">
     <span class='ocr_line' id='line_1_117' title="bbox 850 2878 1268 2902; baseline -0.002 -2"><span class='ocrx_word' id='word_1_793' title='bbox 850 2878 988 2901; x_wconf 80' lang='lat' dir='ltr'><strong>auctorem</strong></span> <span class='ocrx_word' id='word_1_794' title='bbox 1006 2881 1066 2902; x_wconf 86' lang='lat' dir='ltr'><strong>esse</strong></span> <span class='ocrx_word' id='word_1_795' title='bbox 1078 2878 1268 2901; x_wconf 71' lang='lat' dir='ltr'><strong>eXIstImarint.</strong></span> 
     </span>
    </p>
   </div>
  </div>
