1875 3101
225 155 276 182 ΙΞἹ

787 154 831 181 ΑΙ)
851 153 880 181 S.
900 152 1111 182 CLEMENTEM
1129 152 1139 179 Ι
1160 151 1275 180 PAPAM
1781 150 1822 178 tu

224 220 279 239 non
295 211 408 244 referat;
426 211 559 246 nihilque,
578 211 651 247 quod
667 211 756 239 virum
771 212 851 247 plane
876 211 1004 246 apostoli~
1019 212 1044 242 Α
1058 211 1131 237 aetati
1146 210 1298 237 vicinorum
1310 207 1364 239 vix,
1378 215 1411 235 ac
1422 215 1456 235 ne
1470 207 1512 234 vix
1528 206 1637 242 quidem
1652 206 1710 233 lleri
1724 208 1823 243 potest),

223 265 287 285 cum
301 265 356 284 non
372 257 490 284 maxime
504 257 608 286 deceat.

260 302 454 334 Dubitatiottes,
469 311 525 336 quae
541 303 573 329 de
587 303 635 330 hac
649 303 762 338 epistola
776 308 963 330 moventur.—
973 301 1007 329 At

223 348 349 383 quamvis
363 347 519 382 hujusmodi
536 348 720 375 venerandum
735 355 821 375 sacra:
836 347 1006 382 antiquitatis

224 395 431 420 monumentum
447 399 463 418 a
486 391 626 426 plerisque
649 392 764 419 vetustis
784 390 1006 426 locupletissimis

223 438 350 469 testibus,
363 444 557 472 usquequaque
567 441 721 471 astruatur;
737 442 818 472 atque
831 437 912 464 simul
923 444 956 463 ac
971 443 1006 463 ex

223 483 416 518 antiquissimo
443 491 495 511 ms.
508 483 604 511 codice
621 483 806 510 Alexandrino
828 482 901 510 istud
920 482 948 509 in
963 482 1006 508 lu-

224 536 283 556 cem
301 528 352 555 l‘uit
371 528 489 562 editum,
503 535 612 556 summo
629 528 798 556 eruditorum
815 527 870 554 fere
883 527 1005 555 omnium

224 581 371 606 consensu,
391 574 529 601 sincerum
543 574 666 604 omnino,
685 577 929 609 quantumcunque
950 576 1003 604 est,

224 619 346 653 agnitum
362 619 452 650 fuerit,
476 622 626 654 receptum,
645 619 904 654 comprobatumque
922 627 928 645 :
950 625 1004 644 non

224 663 336 691 deluere
351 667 442 691 tamen
457 664 509 690 hoc
522 667 550 691 et
571 665 715 698 superiore
730 664 842 695 saeculo,
863 664 910 698 qui
926 663 1005 690 vitia-

225 713 283 736 tum
300 709 381 740 idem,
399 709 523 744 mireque
539 709 731 744 interpolatum
744 709 884 736 obﬁrmate
895 712 1006 736 contem

224 754 324 782 derint.
348 754 402 782 Eos
429 755 501 782 inter
523 755 625 790 primas
642 758 714 782 tenet
735 753 875 781 Gisbertus
893 753 1004 781 V0etius

226 799 366 834 theologia:
394 800 533 836 professor
547 801 573 827 in
587 800 733 828 Academia
754 799 942 834 Ultrajectina,
957 799 1003 835 qui

223 846 313 873 varias
330 845 386 881 (52)
408 845 540 873 adversus
565 846 635 872 hanc
656 846 799 880 epistolam
819 845 903 872 mmit
925 845 1004 880 obje-

223 891 338 923 ctiones,
355 891 402 918 sed
427 891 506 926 plane
531 890 652 921 frivolas,
667 895 694 918 et
708 891 832 926 supinam
849 890 1003 918 redolentes

222 936 431 971 negligentiam;
458 937 497 963 uti
520 937 595 964 clare
617 936 738 964 ostendit
759 936 919 963 Joacltimus
945 936 1002 962 Ma-

221 982 304 1009 derus
319 982 346 1008 in
362 981 519 1016 prtel'atione
535 982 569 1009 ad
589 982 733 1013 lectorem,
759 981 1004 1009 llelmenstadiensi

221 1026 334 1054 editioni
359 1026 485 1062 Epistolas
510 1027 657 1055 Clementis
678 1027 828 1062 premissa.
851 1027 900 1054 Ast
931 1026 1003 1053 nihil

222 1072 333 1103 mirum,
356 1073 446 1099 virum
462 1072 556 1104 istum,
573 1073 664 1100 multa:
686 1073 805 1107 alioquin
831 1072 954 1099 lectionis
975 1072 1004 1099 in

222 1115 432 1144 recentioribus.
455 1117 598 1151 epistolam
613 1117 702 1144 sancti
717 1116 876 1148 Clementis,
897 1117 1005 1152 aliaque

221 1161 356 1195 ejusmodi
373 1162 409 1188 ob
423 1165 586 1189 vetustatem
606 1162 760 1190 veneranda
782 1167 958 1190 monumenta
977 1163 1004 1190 in

220 1206 334 1233 dubium
350 1214 479 1239 vocasse;
506 1214 568 1234 cum
587 1207 657 1242 ipse,
669 1215 703 1234 ex
725 1207 795 1234 male
817 1212 1004 1242 praeconcepta

220 1252 349 1286 opinione
364 1259 396 1278 ac
409 1252 473 1279 odio
487 1252 619 1280 adversus
639 1252 777 1287 antiquam
791 1253 933 1280 catholica
954 1253 1005 1280 Ec-

220 1297 310 1324 clesia:
326 1297 656 1332 traditionem,optaverit,
670 1298 774 1325 nullum
786 1298 867 1333 plane
884 1299 1005 1326 virorum

221 1343 435 1378 apostolicorum
452 1344 583 1378 scriptum
597 1351 751 1379 superesse,
764 1348 794 1371 ut
806 1344 853 1371 illo
869 1345 929 1376 ipso
945 1345 1005 1372 loco

221 1390 322 1416 indicat
335 1389 509 1424 sequentibus
525 1390 615 1417 verbis
629 1399 635 1416 :
653 1389 826 1416 Admiramur
842 1391 1005 1426 singularem

219 1435 270 1462 Dei
283 1434 484 1469 providentiam,
506 1443 565 1469 qua:
589 1435 689 1461 curavit
724 1440 752 1461 ut
775 1435 808 1462 ab
829 1437 1006 1470 apostolorum

219 1480 367 1514 discipulis,
399 1481 510 1515 virisque
542 1481 721 1515 apostolorum
746 1481 843 1509 swculo
865 1483 1003 1516 proximis,

220 1530 267 1552 aut
284 1526 351 1552 nihil
366 1525 532 1557 scriberetur,
555 1531 601 1552 aut
617 1525 682 1552 nihil
696 1532 903 1558 conservaretur,
925 1531 950 1554 et
970 1527 1004 1554 ad

219 1577 337 1606 posteros
363 1577 496 1604 inuitaret,
516 1576 561 1598 aut
581 1572 675 1598 saltem
697 1572 763 1598 nihil
787 1572 820 1598 ab
847 1573 924 1599 initio
953 1573 1004 1600 Ec-

220 1618 307 1644 clesia:
327 1625 409 1652 usque
431 1618 459 1644 in
481 1617 550 1644 hunc
571 1617 639 1645 diem
659 1623 813 1652 superesset,
835 1618 868 1645 de
882 1627 934 1653 quo
953 1627 1004 1645 non

219 1663 404 1695 dubitaretur;
428 1667 474 1689 aut
501 1663 570 1698 quod
593 1671 639 1698 per
664 1665 748 1691 tineas
774 1664 936 1700 blattasque,
958 1669 1004 1692 aut

220 1709 304 1735 alium
324 1710 439 1744 quemvis
458 1709 507 1736 Dei
519 1711 665 1737 exercitum
683 1711 833 1737 mutilatum
849 1719 899 1738 non
919 1717 1004 1738 esset:

220 1758 250 1780 ut
263 1754 314 1781 soli
323 1753 470 1788 Scriptura:
486 1759 559 1782 tanta
573 1754 716 1782 evidentius
735 1763 784 1782 sua
804 1760 935 1783 constaret
955 1765 1005 1783 au-

219 1799 341 1831 ctoritas,
359 1799 449 1834 illique
459 1799 510 1826 soli
524 1804 591 1826 esset
605 1800 714 1834 propria
728 1800 965 1834 incorruptibilitos
979 1805 1004 1828 et

220 1845 367 1873 αξιεγιιίιαε.
385 1844 484 1872 Verum
498 1845 556 1874 alii.
568 1845 689 1872 melioris
700 1845 728 1872 in
743 1846 785 1873 bis
799 1845 881 1873 rebus
895 1846 1002 1881 judicii,

220 1891 323 1918 talibus
335 1891 436 1918 directe
455 1891 686 1923 contradicentes.
707 1891 841 1918 mirantur
857 1893 960 1927 potius,
972 1899 1005 1919 ac

221 1936 319 1963 merito
342 1935 524 1968 depruadicant
549 1934 650 1969 (judice
674 1935 733 1962 viro
759 1935 912 1962 clarissimo
935 1934 1004 1963 Gra-

221 1981 267 2008 bio
288 1981 355 2016 (55),
373 1981 537 2016 singularem
552 1981 672 2008 divinam
690 1979 901 2013 Providentiam,
920 1990 930 2006 ‹
944 1988 1005 2016 quae

221 2028 339 2059 curavit,
351 2031 380 2054 ut
394 2034 410 2054 a
424 2031 582 2054 sanctorum
599 2026 784 2061 apostolorum
800 2026 952 2062 discipulis,
965 2027 1006 2054 vi-

221 2072 315 2106 risque
328 2072 495 2107 apostolicis,
506 2075 534 2098 et
547 2071 732 2105 apostolorum
746 2071 846 2097 seculo
861 2071 1003 2105 proximis,

222 2118 302 2152 plura
321 2117 518 2148 scriberentur,
531 2123 681 2150 eorumque
695 2116 786 2150 aliqua
805 2120 900 2143 sancte
914 2124 1005 2144 asserv

222 2166 285 2190 vata
297 2163 332 2190 ab
348 2162 424 2190 initio
439 2162 568 2189 Ecclesiae
583 2162 610 2188 in
631 2161 706 2188 hunc
720 2169 807 2196 usque
818 2161 890 2188 diem
909 2169 1005 2196 super-

1057 255 1173 290 denique
1196 259 1226 282 ut
1241 261 1319 282 sacer
1341 253 1426 281 codex
1446 260 1462 280 a
1484 252 1660 286 corruptione
1683 258 1716 278 ac
1734 251 1823 286 injuria

1055 308 1111 328 non
1133 305 1187 327 tam
1212 304 1378 335 temporum,
1400 305 1482 333 quam
1507 297 1640 324 malorum
1652 296 1822 332 ingeniorum,

1056 345 1253 376 vindicaretur,
1269 349 1295 372 et
1310 343 1444 379 genuinus
1458 342 1518 377 ejus
1536 349 1635 369 sensus
1651 341 1679 368 in
1700 340 1824 375 aliquibus

1056 391 1125 419 locis
1148 389 1348 426 quodammodo
1367 389 1513 420 obscurus,
1535 387 1676 423 magisque
1697 386 1733 413 ab
1752 386 1824 413 hatre-

1055 436 1118 464 ticis
1132 436 1305 467 obscuratus,
1317 434 1424 470 egregie
1441 434 1642 466 illustraretur;
1658 432 1753 467 sicque
1771 439 1824 466 pro-

1055 482 1114 517 pria
1127 482 1201 509 verbi
1217 481 1302 508 divini
1318 480 1419 507 veritas
1437 482 1533 506 contra
1547 477 1633 505 falsas
1654 476 1823 512 quorumdam

1056 528 1196 555 hominum
1212 527 1362 562 opiniones,
1385 524 1444 552 heri
1459 527 1548 555 natas,
1570 531 1632 551 cras
1658 531 1724 550 vero
1749 522 1823 549 inter-

1055 570 1153 602 Ituras,
1171 570 1335 602 ﬁrmaretur,
1347 569 1374 596 in
1388 572 1520 596 aeternum
1531 568 1687 595 duratura.»
1698 566 1824 594 Hactenus

1054 616 1096 642 vir
1111 615 1287 649 gravissimus
1301 613 1427 642 Grabius.

1091 661 1214 688 Voetium
1228 668 1323 696 presso
1345 660 1413 695 pede
1438 663 1584 694 sequentes
1604 659 1749 687 Eduardus
1769 659 1826 687 Ber-

1054 707 1166 739 nardus,
1187 710 1268 741 atque
1282 705 1400 733 Joannes
1417 706 1541 733 Clericus
1560 705 1616 741 (54)
1638 705 1709 732 hanc
1732 706 1824 740 episto-

1055 752 1108 779 lam
1124 760 1139 778 a
1157 752 1235 787 plane
1251 751 1385 786 improbo,
1405 751 1452 786 qui
1467 750 1600 779 Clementi
1616 749 1742 778 Romano
1756 751 1825 778 innu-

1055 805 1143 825 meras
1158 797 1304 825 Clementis
1319 796 1492 824 Alexandrini
1507 796 1620 823 lacinias
1631 796 1764 828 adsuerit,
1783 797 1824 824 mi-

1056 851 1116 870 sere
1143 842 1270 870 foedatam
1299 842 1414 870 suadere
1447 842 1548 869 conati.
1574 841 1727 877 Utrumque
1753 850 1825 877 porro

1019 875 1141 916 Β[ςοιὶᾱίξ
1168 888 1296 916 refutavit
1323 888 1364 916 Cl.
1400 887 1534 915 Henricus
1573 875 1721 915 Wotton-us
1754 875 1824 923 (55).

1052 933 1132 961 Juvat
1153 934 1299 969 ipsummct
1324 934 1396 961 hunc
1418 933 1605 961 doctissimum
1631 933 1722 959 virum
1738 932 1787 959 hac
1800 933 1827 960 de

1053 987 1083 1007 re
1106 979 1283 1007 disserentem
1302 979 1413 1006 audire:
1430 989 1439 1005 ε
1456 978 1526 1006 lrriti
1538 981 1619 1010 sunt,
1635 978 1742 1012 inquit,
1756 977 1827 1011 hujus

1054 1023 1206 1059 (Bernardi)
1226 1027 1361 1052 conatus:
1377 1024 1423 1059 qui
1439 1025 1510 1051 enim
1535 1024 1587 1050 hoc
1611 1022 1693 1050 modo
1716 1031 1751 1050 ex
1773 1023 1826 1050 Cle-

1054 1073 1144 1097 mente
1169 1068 1354 1096 Alexandrino
1376 1069 1481 1104 arguit,
1505 1073 1551 1095 aut
1577 1076 1639 1096 eum
1669 1076 1728 1095 non
1753 1067 1827 1103 probe

1054 1115 1140 1146 novit,
1161 1118 1208 1142 aut
1223 1115 1293 1142 mala
1308 1114 1360 1142 ﬁde
1379 1115 1449 1149 agit;
1465 1114 1559 1142 eadem
1581 1115 1653 1141 enim
1670 1114 1776 1142 ratione
1790 1121 1829 1141 ac-

1055 1165 1111 1188 tum
1133 1161 1185 1188 erit
1207 1161 1241 1188 de
1264 1160 1404 1188 autltentia
1427 1166 1454 1188 et
1474 1161 1526 1188 [ide
1548 1168 1654 1193 eorum,
1676 1161 1755 1195 quia
1776 1160 1829 1188 Cle-

1055 1211 1144 1233 mente
1160 1206 1341 1233 Alexandrino
1367 1213 1481 1241 usquam
1503 1206 1633 1238 citantur,
1658 1206 1826 1240 scriptorum.

1055 1251 1141 1280 Nemo
1168 1252 1239 1280 enim
1262 1251 1373 1279 Patrum
1396 1252 1500 1286 majore
1524 1251 1632 1279 licentia
1653 1255 1697 1279 est
1719 1259 1786 1279 usus
1806 1252 1829 1279 in

1055 1298 1173 1326 citandis
1188 1297 1356 1330 auctoribus,
1368 1298 1425 1325 sive
1440 1298 1538 1328 sacris.
1551 1299 1607 1325 sive
1620 1297 1741 1325 ethnicis
1754 1306 1760 1323 :
1776 1305 1829 1325 cum

1055 1344 1079 1372 ei
1094 1344 1123 1371 in
1138 1351 1214 1371 more
1227 1343 1274 1375 sit,
1286 1350 1339 1370 non
1353 1343 1457 1377 integra
1471 1346 1613 1370 auctorum
1633 1343 1719 1370 verba
1730 1351 1828 1378 semper

1055 1390 1187 1421 recitare,
1208 1389 1255 1416 sed
1280 1396 1330 1424 pro
1354 1388 1469 1415 arbitrio
1493 1396 1544 1416 suo
1565 1395 1637 1415 nunc
1664 1388 1828 1420 contrahere,

1055 1442 1129 1462 nunc
1146 1435 1180 1462 de
1203 1441 1253 1462 suo
1275 1434 1411 1467 inserere,
1434 1434 1487 1460 alia
1513 1433 1655 1466 omittere,
1679 1433 1735 1460 alia
1757 1433 1830 1461 variis

1056 1480 1145 1507 modis
1163 1483 1280 1506 mutare.
1293 1489 1303 1505 ι

1094 1534 1104 1551 ι
1126 1524 1155 1552 Si
1170 1525 1202 1551 ad
1220 1524 1276 1552 hac
1295 1524 1389 1552 sedulo
1411 1523 1546 1555 attendas,
1567 1531 1712 1559 agnosces,
1729 1524 1772 1559 pie
1790 1523 1830 1551 Le-

1054 1575 1131 1604 ctor,
1154 1577 1278 1601 mecum,
1302 1577 1333 1596 ex
1356 1569 1541 1596 Alexandrino
1565 1576 1619 1596 non
1647 1569 1828 1605 interpolatam

1054 1614 1150 1647 fuisse,
1163 1615 1244 1642 toties
1263 1614 1297 1642 ab
1314 1614 1435 1642 Ecclesia
1454 1614 1581 1649 primaeva
1596 1614 1763 1641 celebratam
1779 1615 1829 1641 lau-

1054 1661 1145 1692 dibus,
1161 1660 1216 1687 imo
1229 1664 1257 1687 et
1271 1667 1332 1686 cum
1349 1660 1436 1687 sacris
1452 1659 1601 1693 Scripturis
1617 1659 1729 1694 publice
1742 1659 1828 1687 lectam

1054 1706 1133 1734 Rom.
1153 1705 1302 1733 Clementis
1325 1705 1502 1741 epistolam.»
1530 1704 1593 1732 Haec
1616 1704 1767 1732 Wottonus
1792 1705 1828 1731 cui

1053 1757 1142 1779 tamen
1151 1752 1293 1787 praeiverat
1300 1751 1420 1778 Joannes
1435 1750 1562 1778 Potterus
1572 1751 1614 1777 vir
1624 1750 1659 1778 cl.
1672 1751 1702 1778 in
1717 1751 1829 1778 animad-

1053 1797 1224 1826 versionibus
1232 1797 1265 1824 ad
1272 1796 1583 1825 ClementemAlexandr.
1593 1796 1650 1832 (56)
1660 1797 1707 1824 ubi
1719 1804 1830 1824 summa-

1054 1844 1102 1871 tim
1108 1843 1279 1879 quidem,sed
1287 1843 1386 1870 acriter
1393 1842 1523 1870 Bernardi
1531 1842 1750 1877 conjectaticnes
1755 1841 1828 1869 elisit.

1088 1890 1207 1925 Longius
1225 1889 1315 1916 adhuc
1337 1895 1499 1924 progressus
1520 1892 1563 1916 est
1584 1887 1706 1916 Joannes
1729 1887 1830 1915 Mothe-

1053 1936 1125 1964 mius
1139 1936 1199 1971 (57)
1209 1936 1254 1970 qui
1271 1935 1417 1962 Clementis
1437 1933 1581 1969 epistolam
1601 1934 1719 1969 primam
1740 1938 1829 1969 quarta

1053 1981 1096 2009 sui
1118 1985 1192 2016 parte
1208 1979 1390 2008 mulctandam
1407 1984 1511 2011 censet,
1530 1988 1546 2006 a
1560 1979 1654 2015 capite
1672 1979 1802 2007 nimirum
1815 1979 1830 2006 9

1053 2027 1088 2054 ad
1101 2027 1149 2060 55;
1165 2025 1215 2054 sed
1233 2034 1268 2053 ne
1282 2025 1374 2060 priora
1396 2025 1505 2060 quidem
1524 2025 1618 2052 decem
1639 2026 1733 2060 capita
1747 2026 1829 2060 eoju-

1053 2072 1114 2099 dice
1126 2071 1160 2098 ab
1181 2071 1391 2105 interpolatione
1414 2074 1478 2097 sunt
1498 2077 1613 2104 prorsus
1636 2069 1782 2098 immunia.
1801 2069 1830 2096 At

1053 2117 1145 2144 inania
1160 2123 1233 2147 esse,
1245 2123 1276 2142 ac
1291 2115 1382 2142 {utilia
1399 2115 1540 2142 Moshemii
1554 2118 1715 2150 argumenta
1730 2115 1758 2142 in
1773 2122 1830 2141 ocu-

1055 2162 1089 2189 lis
1104 2162 1194 2197 posuit
1207 2161 1326 2188 Joannes
1350 2160 1504 2188 Ludovicus
1519 2159 1588 2196 Frcy
1606 2159 1674 2196 (58).
1698 2159 1829 2195 Siquidem

221 2212 329 2240 essent,
354 2215 405 2235 nec
426 2215 441 2234 a
465 2207 560 2235 blattis
586 2207 736 2242 lineisque,
758 2207 846 2234 aliove
869 2207 1003 2241 ejusmodi
1019 2209 1041 2236 ι)
1056 2208 1155 2235 invicte
1169 2207 1211 2235 vir
1224 2207 1348 2234 eruditus
1365 2206 1477 2238 evincit,
1489 2213 1551 2233 cum
1566 2213 1598 2233 ex
1615 2206 1782 2241 antiquitate
1793 2213 1832 2231 εον

221 2253 354 2285 exercitu,
372 2251 418 2280 sed
437 2251 557 2280 strenuis
570 2252 597 2278 in
609 2252 733 2279 ordinata
748 2251 795 2279 Dei
809 2252 866 2279 acie
879 2252 1004 2286 prostatis

222 2298 266 2327 vel
283 2297 429 2332 parastotis
453 2297 610 2329 ederentur,
637 2297 725 2332 deque
748 2298 783 2325 iis
805 2297 897 2325 nullus
926 2297 1006 2324 dubi-

222 2343 299 2371 tandi
321 2344 397 2370 locus
418 2343 530 2371 relictus
544 2347 632 2376 esset;
655 2348 685 2370 ut
704 2343 834 2371 nimirum
859 2342 1006 2377 Scriptura:

223 2393 300 2416 tanto
319 2389 472 2417 evidentius
497 2396 546 2416 sua
564 2392 704 2416 constaret
723 2388 884 2419 auctoritas,
904 2395 937 2415 ac
959 2395 1006 2414 ca-

223 2436 323 2463 nonica
338 2435 494 2470 Evangelia,
511 2434 619 2470 aliaque
641 2434 744 2469 scripta
763 2437 920 2462 sanctorum
942 2441 1007 2470 apo-

223 2483 355 2511 stolon
366 2487 393 2510 et
405 2481 601 2516 discipulorum
618 2488 633 2508 a
650 2480 739 2512 falsis,
751 2488 812 2515 qua:
830 2480 939 2507 illorum
956 2488 1006 2508 no-

224 2528 345 2556 minibus
360 2528 501 2563 supposita
522 2530 600 2560 sunt,
621 2526 854 2558 discernerentur,
875 2525 913 2561 (id
932 2525 1005 2560 quod

225 2574 328 2610 abSque
339 2573 535 2601 catholicorum
550 2571 662 2599 Patrum
676 2572 833 2604 traditione,
849 2571 1005 2607 apostolica:

261 2661 317 2695 (52)
336 2660 432 2687 Pani
461 2659 587 2695 Seleetar.
613 2659 756 2693 disputat.,
771 2667 832 2695 pag.
847 2659 907 2686 l03.

222 2693 318 2758 26:55)
342 2695 464 2730 Spicileg.
491 2694 542 2722 SS.
560 2693 691 2727 Patrum,
718 2693 783 2722 tom.
804 2693 831 2726 ι,
852 2701 914 2729 pag.
939 2694 1004 2727 260,

261 2766 317 2797 (54)
331 2766 360 2793 ln
372 2764 445 2793 notis
456 2765 521 2793 edit.
538 2763 590 2791 PP.
606 2763 748 2799 apostolis.
758 2763 1005 2792 CotelcriantcAm-

226 2800 381 2832 melodum,
396 2800 461 2827 anni
473 2800 551 2827 1724.

263 2836 318 2868 (55)
338 2834 366 2862 ln
385 2836 456 2863 notis
476 2835 508 2862 ad
525 2835 610 2863 Clem.
625 2833 710 2868 Epist.
726 2834 751 2868 l,
767 2842 827 2869 cap.
841 2834 868 2867 9,
883 2842 942 2870 pag.
957 2835 1001 2862 40.

1055 2253 1124 2280 dicis
1143 2252 1337 2283 Alexandrini,
1356 2255 1412 2278 tum
1427 2259 1462 2279 ex
1482 2255 1604 2278 veterum
1627 2249 1742 2278 Patrum
1764 2250 1831 2277 testi-

1056 2298 1171 2329 moniis,
1192 2304 1243 2324 nos
1272 2296 1395 2324 eamdem
1420 2296 1531 2324 omnino
1556 2297 1702 2331 epistolam
1728 2296 1830 2327 habere,

1055 2351 1136 2379 quam
1151 2343 1245 2370 habuit
1261 2346 1366 2370 vetusta
1390 2341 1524 2374 Ecclesia,
1545 2349 1626 2377 quam
1641 2341 1788 2369 audierunt
1809 2341 1831 2366 in

1055 2389 1142 2416 sacris
1153 2388 1268 2416 ccetibus
1282 2388 1403 2423 primaevi
1417 2387 1578 2419 Christiani,
1592 2389 1658 2414 dum
1674 2387 1768 2414 adhuc
1779 2387 1831 2420 ejus

1055 2433 1180 2461 lectionis
1204 2441 1270 2461 usus
1293 2433 1410 2468 vigeret;
1436 2440 1517 2467 quam
1541 2433 1663 2467 legerunt
1690 2432 1830 2467 Dionysius

1055 2479 1224 2511 Corinthius,
1240 2478 1365 2506 Clemens
1381 2477 1592 2509 Alexandrinus,
1611 2477 1734 2513 Cyrillus
1748 2478 1832 2505 Hiero-

1056 2524 1246 2560 solymitanus,
1263 2523 1459 2558 Hieronymus.
1477 2523 1639 2558 cecterique;
1660 2530 1744 2557 quam
1763 2521 1831 2550 deni-

1056 2577 1109 2606 que
1127 2568 1305 2604 Polycarpum
1327 2567 1520 2603 Smyrnensem
1541 2568 1702 2603 episcopum
1725 2572 1754 2595 et
1768 2575 1831 2594 mar-

1092 2657 1149 2693 (56)
1167 2657 1267 2693 Potter.
1284 2656 1316 2683 ad
1339 2655 1424 2693 Clem.
1445 2654 1577 2682 Alexand.
1604 2654 1706 2682 Strom.
1725 2654 1744 2682 l.
1759 2662 1794 2686 IV,
1808 2662 1836 2681 cf

1058 2691 1101 2724 18,
1118 2700 1178 2727 pag.
1191 2692 1254 2722 (iit),
1270 2691 1371 2727 nota}.

1055 2724 1245 2790 GH(fi‘ljlustit.
1255 2726 1315 2753 hist.
1326 2725 1424 2754 Christ.
1433 2726 1546 2761 majores
1554 2732 1615 2752 uec.
1624 2732 1644 2755 ι,
1652 2724 1744 2759 p.2l2
1755 2731 1830 2761 usque

1092 2797 1149 2831 (58)
1168 2795 1275 2823 Pratl‘at.
1297 2794 1329 2822 ad
1352 2794 1433 2828 epist.
1456 2792 1506 2821 SS.
1524 2792 1576 2821 PP.
1605 2795 1828 2829 apostolic.,cim

1057 2833 1186 2860 medium.
