1875 3101
198 146 244 174 l5!

742 143 787 170 Al)
807 143 835 170 S.
854 140 1068 170 CLEMENTEM
1087 142 1098 170 l
1116 140 1234 170 PAPAM

1763 140 1776 167 1
1781 140 1813 167 5‘2

191 202 305 231 Joannis
321 201 481 230 Damasceni
489 209 572 238 opera
587 201 762 236 intelligitur;
783 204 864 235 atque
878 208 910 228 ex
921 208 973 229 ms.
989 203 1013 232 Α
1026 199 1177 227 Ecclesiam
1188 198 1390 226 Corinthiacam
1400 198 1477 234 prius
1489 205 1520 226 ea
1532 198 1616 226 missa
1625 197 1718 232 fuerit,
1730 206 1812 234 quam

190 249 296 281 codice,
315 257 370 284 quo
391 248 491 276 Junius
507 249 540 276 ad
564 255 625 276 eam
645 248 672 274 in
688 247 826 282 publicum
842 246 974 274 edendam

189 303 257 323 usus
275 299 328 328 est,
343 303 422 330 quem
436 303 450 321 a
466 295 546 330 primi
562 302 648 329 usque
662 293 764 321 Nicaeni
783 293 893 320 concilii
906 296 975 320 tem-

189 342 304 376 poribus
314 345 455 369 exaratum
476 341 532 376 (78)
545 341 629 368 fuisse
644 340 795 367 existimat.
814 339 893 366 Prior
911 338 975 375 qui-

188 392 250 415 dem
268 388 380 422 epistola
393 388 419 414 in
431 387 540 414 laudato
548 386 641 413 codice
653 386 686 413 ad
696 386 797 413 calcem
808 386 848 413 sic
857 385 975 422 inscrip-

190 438 216 461 ta
225 434 324 469 legitur
335 442 342 460 ι
354 434 511 469 Κλήμεντος
527 433 594 468 πρὸς
610 431 769 468 Κορινθίους
790 431 918 467 ἐπιστολὴ
929 431 973 463 Α’;

191 480 329 515 posterior
343 487 408 507 vero
424 479 464 507 sic
477 487 483 504 :
506 479 665 514 Κλήμεντος
676 476 836 512 ἐπιστολὴΒ⁹
844 477 916 509 ;licet
927 484 975 503 att-

189 529 244 553 tem
255 525 390 559 posterior
399 532 431 551 ex
447 524 620 550 librariorum
630 522 698 549 forte
707 522 973 556 incuria,pr:enotata

190 570 261 606 πρὸς
279 569 440 606 Κορινθίως
453 569 525 596 haud
545 572 717 603 compareat;
733 567 827 602 quidni
839 571 934 602 etcum
942 567 976 595 ad

187 615 343 643 Corinthios
358 615 470 642 missam
479 615 678 646 existimemus,
689 621 750 640 cum
759 613 859 648 prioris
875 613 973 640 inscri-

187 662 245 696 ptio
257 661 308 688 hac
323 661 357 688 de
368 668 398 687 re
416 661 483 688 satis
499 667 636 694 superque
650 659 778 686 iudubios
791 666 843 686 nos
858 659 974 686 reddat?

187 707 334 734 Enimvero
343 715 432 742 neque
446 707 522 742 prior
543 706 642 741 legitur
658 706 685 733 in
705 705 828 733 indiculo
846 704 931 733 fuisse
939 705 972 732 ad

186 752 345 780 Corinthios
368 752 529 787 perscripta.
544 752 611 784 Quis
625 759 707 786 porro
725 759 759 778 ne
773 751 847 778 illam
865 751 973 786 quidem

186 796 391 824 Corinthiorum
408 797 516 823 nomine
530 797 663 831 signatam
677 805 710 824 ex
721 795 843 830 ejusdem
857 795 973 823 lndiculi

187 843 297 871 silentio
309 843 371 877 jure
383 842 498 877 arguat?
509 842 602 878 Neque
622 843 685 869 item
699 842 837 869 silentium
849 850 900 869 nos
915 850 973 870 mo-

1027 243 1107 272 Soter
1115 252 1192 272 etiam
1206 244 1334 279 deinceps
1351 244 1439 272 eidem
1454 243 1637 279 inscripserit.

1062 290 1216 325 Responsio.
1228 305 1264 310 —
1277 290 1377 318 Verum
1393 294 1463 322 esto,
1481 290 1634 318 meminerit
1650 290 1696 317 hic
1711 290 1814 327 Diony-

1027 337 1085 365 sius
1096 337 1196 372 prioris
1210 341 1314 364 tantum
1332 336 1481 364 Clementis
1493 337 1630 371 epistolae:
1650 345 1740 372 neque
1756 337 1815 372 pla-

1026 387 1070 410 cet
1083 383 1156 410 enim
1166 382 1304 418 Beveregii
1320 383 1454 410 sententia
1466 383 1535 418 (84).
1550 383 1737 417 conjicientis,
1754 383 1814 418 epi-

1026 436 1138 463 scopum
1154 428 1357 456 Corinthiorum
1378 429 1480 456 omissa
1504 427 1608 456 Soteris
1631 428 1750 463 epistola
1780 427 1815 456 de

1027 479 1143 510 utraque
1152 474 1322 503 Clementina
1339 474 1422 502 verba
1438 473 1546 502 fecisse.
1567 473 1658 502 Minus
1675 474 1742 502 item
1764 482 1814 501 no-

1026 521 1069 549 bis
1096 521 1238 556 probatur,
1264 521 1336 557 quod
1359 521 1404 548 alii
1440 521 1620 554 arbitrantur,
1652 521 1814 556 Dionysium

1025 575 1122 602 nempe
1137 567 1209 594 illam
1226 567 1373 595 Clementis
1394 567 1549 602 epistolam,
1565 575 1626 602 quae
1647 567 1760 602 publice
1780 566 1815 595 le-

1025 612 1149 647 gebatur,
1162 612 1223 639 ideo
1243 612 1366 639 fortasse
1378 612 1512 648 προτέραν
1523 619 1644 644 vocasse,
1657 616 1688 638 ut
1702 620 1764 639 eam
1780 612 1814 639 ab

1025 658 1110 685 altera
1125 657 1231 686 Soteris
1246 658 1279 685 ad
1293 657 1451 686 Corinthios
1466 657 1569 693 pariter
1589 658 1693 693 scripta
1713 657 1814 685 distin-

1025 708 1129 739 gueret.
1141 704 1230 732 Athis
1246 704 1349 739 missis,
1369 712 1434 732 num
1446 708 1588 740 propterea
1605 704 1657 731 rite
1667 712 1733 731 cum
1746 703 1815 731 Cra-

1025 751 1070 778 bio
1083 750 1204 786 colligas,
1225 755 1288 786 post
1308 758 1395 778 sevum
1417 750 1526 778 demum
1546 750 1668 786 Dionysii
1688 755 1814 778 vertente

1025 795 1125 822 saeculo
1160 803 1180 822 ιι
1209 795 1247 822 ita
1279 795 1443 827 scribentis,
1476 795 1674 823 Clementinam
1711 803 1813 823 secun-

1024 841 1085 867 dam
1103 840 1189 868 l'uisse
1213 841 1379 869 conﬁctam?
1395 841 1452 868 Hoc
1470 849 1554 868 unum
1578 841 1683 869 scilicet
1705 850 1740 869 ex
1766 842 1812 874 iis,

186 893 248 916 vcat
271 887 393 919 Eusebii,
410 891 437 914 et
457 887 504 921 qui
528 895 590 914 eum
616 887 702 914 secuti
718 891 792 918 sunt,
815 885 973 922 Hieronymi
991 883 1011 910 Β
1026 886 1188 914 observante
1200 886 1348 914 Coutantio
1363 890 1468 921 nostro,
1477 887 1574 914 conlici
1591 895 1672 922 posse
1688 887 1811 919 videtur,

185 937 268 968 atque
282 932 383 964 Ruﬁni,
399 933 456 968 qui,
471 933 535 960 ilum
557 933 680 968 epistola:
696 932 823 960 secundae
843 933 973 960 memine-

185 983 259 1010 runt,
272 978 399 1006 Ecclesia
412 977 595 1006 C-orinthiacm
620 978 706 1005 fuisse
721 978 794 1005 illam
812 978 971 1012 inscriptam

185 1032 240 1052 non
253 1024 405 1060 perhibent.
420 1024 488 1051 Cum
506 1025 579 1051 enim
593 1024 693 1051 laudati
713 1024 870 1058 scriptores,
888 1026 917 1050 ut
933 1031 974 1050 re-

183 1075 228 1098 cte
241 1069 413 1102 Coutantius,
427 1074 578 1097 memorata
595 1069 686 1105 priore
697 1068 844 1096 Clementis
858 1067 971 1102 epistola

185 1117 219 1144 ad
233 1116 391 1144 Corinthios
406 1117 498 1144 statim
515 1115 648 1143 subdant:
666 1116 750 1149 fertur
773 1119 796 1142 et
811 1115 905 1146 altera,
924 1122 971 1141 ne-

183 1171 238 1199 que
249 1163 283 1190 ad
293 1163 362 1190 alios
375 1163 445 1190 hanc
459 1163 573 1189 alteram
588 1161 719 1195 scriptam
735 1161 895 1196 designent;
910 1167 970 1187 eam

184 1216 293 1244 quoque
305 1208 338 1236 ad
354 1208 464 1235 eosdem
486 1207 616 1241 scriptam
633 1206 784 1241 intelligere
799 1205 897 1233 merito
912 1205 970 1232 exi-

183 1257 348 1284 stimantur:
366 1254 487 1289 alioquin
513 1255 536 1280 si
553 1253 592 1280 .ad
618 1253 687 1280 alios
711 1253 823 1279 missam
844 1256 968 1285 nossent,

183 1308 273 1336 neque
286 1300 312 1327 id
336 1299 510 1332 innuissent,
535 1299 593 1326 haec
610 1298 730 1333 ipsorutn
747 1298 888 1325 reticentia
908 1297 969 1332 jure

183 1351 216 1371 ac
229 1344 326 1371 merito
338 1343 510 1378 negligentiae
524 1341 658 1376 culpanda
670 1342 818 1369 videretur.

219 1388 337 1423 Objectlo
357 1389 444 1423 prima
461 1393 555 1415 contra
568 1387 733 1414 authentiam
747 1387 825 1422 hujus
840 1387 968 1422 Epistolas

181 1434 363 1462 Clementina.
385 1448 421 1453 —
445 1433 565 1460 Joannes
588 1432 709 1460 Morinos
731 1433 801 1460 hanc
823 1433 965 1468 epistolam

182 1480 379 1515 suppositionis
395 1484 548 1514 suspectam
564 1479 645 1506 habet
659 1486 692 1505 eo
707 1485 878 1514 argumento,
892 1479 965 1514 quod

182 1526 310 1552 nimirum
328 1525 402 1552 illius
417 1525 515 1559 stylus,
531 1532 586 1552 non
609 1528 638 1550 ut
652 1524 763 1559 prioris,
786 1525 822 1551 sit
838 1525 964 1560 simplex,

181 1571 229 1599 sed
244 1571 387 1606 argutulus
403 1570 471 1606 (79),
487 1578 542 1598 non
557 1575 653 1605 sponte
669 1569 764 1602 lluens,
781 1570 828 1597 sed
850 1578 900 1606 pro
916 1579 964 1598 au-

180 1617 353 1652 ctoriscaptu
371 1617 493 1644 studiose
514 1616 689 1650 elaboratus;
716 1623 769 1643 non
793 1616 964 1652 ὰπεριοδικὸς

179 1667 207 1690 et
232 1669 428 1696 nonnunquam
443 1661 666 1694 ἀνανταπόδοτος,
688 1661 734 1689 sed
748 1661 892 1688 verborum
909 1670 965 1689 am-

178 1707 276 1739 bitum,
291 1707 452 1739 antitheses,
464 1714 614 1742 earumque
629 1708 805 1742 repetitiones
820 1707 964 1736 ambitiose

178 1753 296 1780 all'ectet.
309 1752 379 1780 Idem
393 1761 502 1789 quoque
514 1758 706 1789 argumentum
718 1757 796 1789 urget
809 1752 963 1781 Richardus

178 1800 317 1828 Slnmnius
332 1799 399 1834 (80).

213 1848 329 1876 Intlciari
345 1848 470 1883 equidem
486 1849 582 1880 nolim,
597 1848 669 1876 haud
682 1849 741 1876 leve
756 1849 904 1884 aliquando
918 1856 963 1876 ar-

177 1897 335 1928 gumentum
356 1901 390 1920 ex
404 1893 630 1921 dissimilitudine
645 1895 708 1930 styli
725 1900 880 1930 suppetere.
907 1903 962 1930 quo

176 1939 258 1966 alicui
269 1939 394 1974 scriptori
406 1947 475 1974 opus
487 1939 666 1973 abjudicetur.
685 1940 786 1975 aliique
800 1940 959 1972 addicatur;

175 1984 323 2012 dummodo
347 1988 438 2012 tamen
463 1985 569 2020 reliqua
594 1986 646 2013 rite
670 1986 836 2014 cohaereant.
860 1985 960 2014 Verum

174 2037 248 2058 nunc
269 2039 400 2059 canonem
424 2032 550 2059 criticum
576 2040 629 2060 non
657 2041 718 2061 esse
732 2034 846 2060 nimium
862 2041 961 2068 urgen-

175 2076 250 2108 dum,
263 2084 342 2104 nemo
353 2084 408 2103 non
425 2077 517 2111 videt;
537 2078 685 2112 siquidem,
698 2079 837 2113 utoptime
855 2077 960 2106 Cotele-

175 2121 245 2154 rius,
261 2129 341 2156 quem
352 2122 477 2157 sequitur
490 2127 518 2150 et
535 2122 654 2151 Crabius
669 2124 802 2160 (81),styli
817 2124 960 2152 dissimili-

174 2167 242 2195 tudo
254 2168 289 2195 ab
303 2168 397 2196 eodem
413 2169 548 2204 scriptore
563 2177 612 2205 pro
627 2170 757 2198 varietate
772 2177 924 2206 temporum
931 2175 960 2199 et

174 2221 321 2242 causarum
337 2214 402 2241 oriri
417 2215 515 2249 potuit.

211 2258 330 2293 Objectio
341 2264 455 2286 secunda
468 2268 500 2286 ea:
511 2260 638 2296 Dionysio
649 2260 846 2288 Corinthiorum
855 2262 956 2296 episco-

172 2311 205 2338 po
215 2303 459 2338 desumpta.—Vir.
474 2304 509 2332 cl.
521 2303 642 2332 Joannes
657 2303 774 2332 Grabius
785 2305 840 2340 (82)
851 2313 884 2333 ex
896 2313 957 2332 vcr-

174 2350 215 2377 bis
229 2349 349 2385 Dionysii
368 2349 572 2377 Corinthiorum
588 2351 707 2386 episcopi
724 2351 794 2386 apud
810 2351 956 2378 Eusebium

171 2395 229 2431 (85)
238 2395 334 2423 conflci
345 2399 433 2431 putat,
443 2403 525 2422 unam
540 2395 673 2423 duntaxat
682 2404 697 2423 a
708 2396 739 2423 D.
750 2396 886 2424 Clemente
896 2398 956 2432 epi-

170 2441 268 2469 stolam
282 2448 343 2468 esse
353 2441 496 2475 scriptam,
512 2448 594 2475 quam
604 2441 653 2477 τὴν
669 2442 807 2478 προτέραν
823 2441 867 2468 διὰ
882 2442 956 2477 Κλή-

171 2494 267 2522 μεντος
273 2487 423 2521 γραφεῖσαν
433 2485 580 2522 Dionysius
591 2487 718 2521 appellat,
726 2488 798 2522 quod
809 2487 914 2515 scilicet
920 2488 954 2515 ad

204 2572 261 2608 (73)
322 2572 468 2614 Clementis
479 2581 511 2600 ex
524 2574 603 2614 epist.
613 2575 684 2614 Zuad
693 2575 899 2608 Corinth.:rQui
908 2584 952 2604 res

170 2610 315 2645 praesentis
331 2610 556 2645 vitaecognoscit,
573 2610 709 2645 intelligit,
728 2619 815 2645 neque
830 2619 872 2642 ea,
891 2619 952 2645 quae

168 2642 291 2680 nonnulli
299 2642 427 2680 jucunda
442 2642 579 2679 reputant,
600 2642 687 2672 aliena
705 2642 780 2678 esse,
796 2650 842 2671 aut
855 2642 951 2680 procul

168 2677 265 2705 dissita
282 2678 316 2705 ab
332 2678 376 2709 iis.
399 2686 460 2713 quae
473 2677 540 2707 'odio
551 2680 735 2712 liabentur,il.
753 2677 774 2708 It
801 2677 951 2708 Parollelo-

167 2720 236 2743 rum,
254 2720 314 2748 cap.
330 2713 374 2740 20.
389 2713 487 2755 {unius
497 2715 602 2749 praefat.
613 2715 640 2742 in
649 2715 734 2744 Clcm.
750 2715 843 2751 epist.,
859 2719 924 2743 tom.
940 2715 950 2742 Ι

167 2746 280 2774 Patrum
296 2749 510 2781 apastoltcorum,
525 2758 586 2781 pag.
604 2750 666 2779 152.

167 2758 510 2791 rutrum‘apasntottt‘ot‘tt-mZ
525 2758 586 2812 pag.
604 2758 666 2779 102.
927 2787 933 2792 I

166 2782 256 2844 tn
271 2782 417 2812 Exercitui.
439 2785 547 2817 Bibltc.,
575 2806 581 2812 .
599 2793 619 2817 t,
635 2793 694 2822 cap.
712 2786 738 2818 4,
755 2786 781 2818 5,
797 2785 824 2818 9,
845 2793 949 2814 exerci-

201 2839 258 2902 (ξςῦ)
274 2852 343 2880 Bibl.
359 2853 461 2887 Chois.,
477 2859 496 2882 t.
512 2854 532 2888 ι,
549 2862 572 2883 c.
590 2855 634 2887 58,
652 2863 712 2891 pag.
724 2855 788 2884 282.

1024 934 1111 961 fuisse
1128 934 1156 961 iu
1175 941 1252 961 more
1267 934 1398 969 positum,
1414 933 1595 969 institutoque
1609 933 1741 961 Ecclesia:
1759 933 1813 962 Co-

1024 979 1198 1011 rinthiorum,
1221 981 1339 1015 priorem
1361 981 1470 1016 quidem
1493 980 1641 1008 Clementis
1665 981 1811 1015 epistolam

1023 1024 1086 1059 legi,
1100 1025 1280 1060 posteriorem
1296 1034 1349 1053 non
1373 1027 1446 1054 item.
1465 1025 1594 1060 Nunquid
1616 1026 1727 1054 demum
1745 1030 1812 1054 tunc

1023 1070 1153 1105 temporis
1162 1073 1240 1097 erant
1254 1070 1373 1106 legendae
1385 1071 1412 1098 in
1423 1072 1539 1107 publicis
1551 1071 1730 1099 ecclesiarum
1743 1079 1812 1098 con-

1023 1116 1148 1143 ventibus
1162 1123 1258 1144 omnes
1279 1124 1333 1144 non
1353 1117 1539 1151 apostolorum
1556 1117 1647 1148 modo,
1662 1117 1711 1144 sed
1727 1118 1811 1144 etiam

1022 1162 1233 1196 apostolicorum
1249 1162 1370 1189 virorum
1389 1163 1526 1198 epistolae:
1542 1167 1571 1190 ut
1585 1163 1701 1198 proinde
1717 1166 1810 1198 poste-

1021 1207 1077 1234 rior
1091 1208 1239 1236 Clementis
1255 1209 1391 1236 censenda
1404 1210 1440 1236 sit
1453 1209 1690 1244 pseudepigrapha
1701 1217 1736 1236 eo
1755 1217 1809 1236 no-

1021 1254 1104 1286 mine,
1121 1254 1194 1289 quod
1214 1254 1248 1282 de
1269 1255 1344 1283 illius
1365 1255 1483 1282 lectione
1502 1255 1531 1282 in
1551 1258 1687 1282 conventu
1708 1254 1810 1282 Corin-

1019 1300 1112 1327 thiaco
1124 1301 1226 1327 nullam
1248 1300 1352 1335 injiciat
1372 1301 1537 1328 mentionem
1552 1300 1719 1336 Dionysius?
1737 1300 1808 1328 Cum

1020 1345 1112 1380 itaque
1138 1347 1255 1381 priorem
1283 1347 1393 1381 quidem
1416 1346 1528 1374 minime
1546 1354 1611 1374 vero
1625 1346 1807 1381 posteriorem

1018 1391 1046 1418 in
1061 1395 1133 1419 cortu
1146 1392 1331 1420 ecclesiastico
1344 1392 1444 1427 perlegi
1461 1393 1637 1420 consuevisse
1649 1392 1684 1419 ab
1698 1393 1808 1428 episco-

1018 1444 1054 1472 po
1066 1436 1270 1465 Corinthiorum
1289 1437 1464 1465 addiscamus
1478 1446 1485 1471 ;
1502 1438 1566 1465 hinc
1586 1445 1652 1466 sane
1670 1439 1808 1473 perspici-

1018 1490 1088 1514 mus,
1106 1490 1155 1510 cur
1170 1482 1288 1518 priorem
1304 1484 1427 1510 eximiam
1435 1491 1544 1517 prorsus
1556 1488 1633 1519 atque
1653 1484 1806 1511 mirabilem

1019 1529 1160 1563 appellarit
1173 1530 1317 1564 episcopus
1333 1529 1532 1562 Caesareensis;
1544 1530 1578 1557 de
1589 1530 1742 1564 posteriore
1755 1538 1804 1556 ve-

1017 1581 1047 1600 ro
1063 1574 1223 1608 scripserit:
1238 1573 1319 1600 Illam
1333 1574 1418 1601 minus
1430 1578 1521 1601 notant
1534 1574 1626 1609 fuisse,
1636 1583 1717 1610 neque
1729 1583 1746 1602 o
1762 1583 1807 1602 uo-

1015 1618 1111 1646 teribus
1119 1624 1285 1654 usurpatam.

1050 1664 1206 1692 Occurritur
1237 1666 1322 1693 tertia:
1345 1665 1494 1699 obiectioni.
1518 1665 1670 1701 Responsio.
1690 1682 1727 1687 —
1746 1666 1806 1696 Nec

1013 1710 1086 1737 dicat
1100 1711 1141 1738 vir
1162 1711 1295 1742 eruditus,
1320 1711 1517 1746 suppositionis
1540 1712 1723 1746 suspicionem
1748 1713 1804 1740 sibi

1013 1755 1125 1791 injicere
1143 1757 1304 1784 sententiam
1316 1764 1331 1784 e
1347 1757 1416 1784 libro
1425 1757 1542 1792 quodam
1557 1760 1712 1793 apocrypha
1723 1766 1804 1787 acce-

1012 1807 1098 1837 ptam,
1114 1811 1173 1837 quae
1187 1803 1214 1829 in
1230 1803 1310 1838 hujus
1324 1803 1445 1838 epistola:
1459 1803 1547 1838 capite
1563 1804 1593 1830 ll
1617 1808 1717 1836 exstat,
1737 1812 1802 1832 cum

1010 1848 1066 1883 jam
1084 1853 1111 1876 et
1122 1849 1149 1875 in
1167 1848 1266 1883 prioris
1283 1849 1372 1884 capite
1385 1849 1431 1881 25,
1450 1850 1545 1884 paucis
1566 1851 1688 1883 mutatis,
1702 1858 1803 1879 occur-

1012 1898 1064 1922 rat.
1088 1893 1116 1921 Si
1132 1894 1204 1921 enim
1219 1899 1314 1921 contra
1329 1894 1476 1922 secundam
1496 1895 1641 1929 epistolam
1659 1895 1717 1923 haec
1729 1898 1803 1925 ratio

1010 1941 1065 1968 vim
1080 1940 1202 1972 haberet,
1218 1940 1274 1974 jam
1290 1940 1323 1968 de
1338 1940 1432 1975 prima}
1446 1948 1553 1975 quoque
1568 1941 1724 1976 integritate
1733 1950 1802 1969 con-

1011 1986 1156 2013 clamatum
1177 1986 1256 2014 foret.
1275 1986 1360 2018 Adde,
1376 1986 1448 2021 quod
1468 1986 1581 2021 repetita
1597 1986 1718 2021 ejusdem
1735 1996 1801 2016 sen-

1009 2032 1101 2060 tentiae
1135 2033 1227 2060 citatio
1250 2032 1406 2059 nullatenus
1433 2032 1529 2059 idonea
1555 2032 1591 2059 sit
1616 2032 1676 2060 falsi
1706 2035 1800 2068 suspi-

1009 2078 1089 2105 candi
1103 2085 1197 2110 causa,
1213 2077 1250 2105 ita
1258 2081 1386 2106 censente
1400 2078 1458 2105 viro
1470 2077 1499 2105 in
1515 2085 1545 2106 re
1556 2079 1650 2106 critica
1662 2079 1800 2114 peritissi-

1009 2131 1055 2151 mo
1068 2123 1225 2151 Coutantio.

1045 2167 1162 2202 Objectio
1169 2171 1275 2202 quarta,
1292 2171 1318 2194 et
1341 2167 1486 2203 responsio.
1494 2167 1604 2195 —Sunt
1616 2167 1737 2204 insuper,
1749 2169 1797 2205 qui

972 2220 996 2250 υ
1009 2213 1135 2241 secundae
1150 2213 1231 2248 hujus
1256 2213 1376 2248 epistola:
1396 2213 1503 2241 veritati
1516 2213 1605 2241 locum
1627 2214 1760 2248 objiciant
1780 2223 1796 2242 ι

1008 2258 1234 2294 pseudo-Justino
1250 2258 1437 2294 desumptum,
1453 2259 1499 2294 qui
1522 2259 1563 2286 sic
1588 2267 1618 2287 se
1640 2260 1738 2287 habet:
1766 2260 1796 2288 Si

1006 2305 1142 2340 pra'sentis
1155 2313 1243 2331 rerum
1258 2310 1344 2332 status
1363 2305 1423 2339 ﬁnis
1438 2309 1478 2332 est
1495 2305 1636 2339 impiorum
1651 2313 1697 2340 per
1708 2306 1794 2341 ignem

1002 2350 1146 2385 judicium,
1159 2355 1237 2384 prout
1255 2355 1386 2377 testantur
1400 2350 1545 2385 Scriptura;
1561 2351 1751 2386 prophetarum
1768 2356 1794 2379 et

1006 2396 1195 2430 apostolorum,
1212 2401 1290 2431 atque
1304 2396 1411 2431 insuper
1433 2396 1550 2431 sibyllae,
1565 2400 1594 2422 ut
1615 2397 1653 2423 ait
1676 2396 1710 2424 Β.
1732 2396 1793 2423 Cle-

1005 2451 1076 2469 mens
1092 2443 1119 2469 in
1130 2442 1242 2476 epistola
1255 2441 1289 2469 ad
1310 2441 1471 2473 Corinthios,
1488 2442 1522 2468 ad
1536 2450 1596 2477 quae
1612 2442 1721 2476 quidem
1732 2450 1791 2470 vcr-

1005 2489 1039 2516 ba
1062 2490 1140 2523 plura
1161 2487 1267 2516 erudite
1288 2487 1414 2515 observat
1430 2487 1593 2520 Cotelerius,
1609 2492 1691 2523 atque
1705 2497 1739 2516 ex
1759 2497 1790 2516 eo

1051 2575 1095 2611 8t)
1112 2575 1235 2611 Spicileg.
1249 2581 1268 2604 t.
1285 2575 1306 2607 Ι,
1322 2584 1382 2611 pag.
1396 2576 1460 2605 268.

1051 2584 1095 2611 δι)
1112 2584 1235 2611 δριιιιες.
1249 2584 1268 2604 ι.
1287 2584 1343 2638 μὲν

1051 2611 1096 2645 82)
1109 2611 1189 2643 lbid.,
1206 2619 1268 2646 pag.
1280 2611 1315 2638 26
1336 2633 1343 2639 .

1038 2646 1094 2681 (85)
1112 2646 1249 2682 llodieVS.
1273 2646 1341 2673 diem
1360 2646 1528 2673 Dominicum
1554 2647 1740 2682 transegimus,
1762 2650 1787 2676 in

1001 2689 1052 2716 quo
1067 2686 1178 2718 uestram
1202 2681 1310 2718 legimus
1330 2681 1491 2718 epistolam:
1507 2690 1584 2716 quam
1601 2681 1705 2717 quidem
1729 2692 1786 2718 per-

1000 2721 1077 2751 petuo
1098 2716 1217 2750 deinceps
1238 2717 1358 2751 legentes,
1382 2716 1489 2749 perinde
1505 2725 1535 2744 ac
1549 2716 1661 2751 priorem
1677 2716 1754 2745 illam
1770 2727 1786 2745 α

1001 2750 1133 2788 Clemente
1148 2750 1284 2788 s_cript_ant,
1291 2752 1361 2788 unde
1370 2752 1475 2786 optimis
1487 2750 1594 2788 monitis
1607 2753 1784 2788 instruamur,

1001 2786 1136 2813 habemus.
1152 2786 1263 2819 Euseb,
1286 2786 1321 2813 Il.
1337 2786 1380 2820 E.,
1399 2787 1416 2814 l.
1435 2795 1472 2817 tv,
1488 2795 1513 2815 c.
1527 2787 1573 2814 25.

1036 2820 1092 2856 (84)
1107 2820 1172 2849 Cod.
1183 2829 1288 2855 canam,
1304 2822 1323 2849 l.
1338 2829 1368 2855 u,
1381 2829 1440 2858 cap.
1454 2821 1480 2855 9,
1497 2822 1510 2858 ς
1528 2823 1570 2855 l0,
1588 2830 1650 2858 pag.
1666 2823 1729 2853 illi.
