1875 3101
53 133 96 160 l5!

670 130 840 160 ΡῐὶυίΕΜΙΑ
861 128 1053 158 VABIORUM.

1611 131 1662 158 ιω

50 189 200 217 Coutantius
210 188 318 223 aliique.
338 186 438 215 Verum
457 187 491 215 iis
503 188 606 220 missis,
620 188 718 223 conjici
735 189 822 224 primo
836 190 861 220 Α
910 187 1028 222 Objectio
1048 192 1134 218 sexta.
1156 191 1182 214 et
1207 189 1395 222 respottsio.—
1407 188 1491 216 Instat
1516 196 1596 224 porro
1622 189 1664 216 vir

50 239 140 271 posset,
152 233 280 261 nimirum
294 232 368 261 hunc
382 233 544 268 scriptorem
555 233 686 260 memoria
702 233 827 262 ellluente

51 279 221 310 existimasse,
238 278 290 305 hoc
299 277 403 312 sibyllae
417 277 612 310 testimonium,
623 278 696 313 quod
711 278 738 305 in
758 277 828 305 Con-

52 323 218 351 stitutionibus
246 322 396 357 apostolicis
409 323 524 358 legerat,
545 323 573 350 in
587 323 703 358 epistola
718 323 752 351 ad
769 323 825 351 Co-

52 371 158 398 rinthios
167 374 286 398 exstare.
304 369 335 398 Si
356 370 447 398 minus
463 371 568 406 placeat
582 370 639 398 haec
657 371 825 405 conjectura,

53 417 112 445 illud
131 417 224 445 saltem
241 424 304 444 cum
327 416 495 445 doctissimis
507 417 572 444 viris
589 424 746 445 asseverare
771 425 826 444 non

52 463 180 495 dubitabo,
195 466 319 489 nostrum
332 462 491 497 scriptorem
507 463 618 490 minime
631 470 694 489 cum
708 463 742 490 iis
758 462 828 490 face-

53 517 88 540 re.
104 509 146 544 qui
169 508 227 543 ejus
243 509 399 536 testimonio
425 512 549 540 utuntur,
576 511 605 534 ut
629 508 771 543 epistolam
796 508 824 535 S.

53 554 186 582 Clementis
195 553 342 581 secundam
358 553 469 580 minime
480 553 624 588 genuinam
632 561 694 581 esse
701 553 826 588 probent,

54 600 94 628 sal
108 599 222 626 hominis
233 598 330 630 fetum,
350 598 393 625 cui
409 598 465 625 noti
477 601 555 625 erant
575 597 697 633 sibyllini
720 597 753 624 de
774 605 821 624 ex-

53 645 243 680 tremojudicio
258 652 365 675 versus,
387 644 474 671 multo
485 644 644 671 recentioris
661 648 755 671 sancto
766 644 827 671 Cle-

53 697 150 726 mente;
165 695 194 719 ut
201 693 326 719 omittam
345 690 634 726 pseudo-Justinumin
647 692 773 726 ambiguo
784 699 827 718 re-

53 739 165 773 liquisse,
177 741 266 765 utram
276 737 363 764 sancti
373 736 520 764 Clementis
535 736 676 771 epistolam
691 737 824 764 citaverit.

53 783 87 811 lta
103 783 154 812 fere
173 783 284 811 disserit
298 783 340 810 vir
361 782 538 811 doctissimus
552 782 719 810 Prudentius
733 787 826 810 noster

55 830 136 857 Μαι-ειη
148 830 212 865 (85).

85 876 193 911 Objectio
215 876 309 911 quinta
329 876 450 904 diluitur.
463 892 498 896 —
511 874 684 903 llermannus
704 875 825 903 Venema

54 925 227 956 argumentum
252 925 349 948 contra
374 921 540 948 authentiam
564 921 690 948 secundae
706 921 828 955 epistola:

54 975 82 994 eo
94 967 172 998 ducit.
188 967 262 1002 quod
277 973 372 994 auctor
385 967 506 1002 epistola-
520 967 679 1002 posterioris
692 974 752 994 sese
772 967 828 994 ori-

54 1013 107 1047 gine
124 1013 247 1046 gentilem
266 1016 357 1047 aperte
372 1012 468 1047 prodat
479 1012 545 1047 (86),
561 1020 624 1039 cum
637 1020 652 1039 e
668 1018 764 1039 contra
779 1020 828 1039 na-

55 1058 118 1085 tione
130 1057 249 1084 Judaeum
269 1057 354 1085 fuisse
365 1057 531 1086 Clementem
547 1058 666 1085 clamare
685 1062 829 1086 censeatur

54 1104 121 1130 locus
135 1103 177 1130 ille
191 1103 295 1138 prioris
309 1103 443 1138 epistolae,
460 1103 504 1130 ubi
537 1103 626 1132 Iacob
664 1107 766 1138 patrem
781 1112 829 1130 no-

53 1152 127 1175 strIm
140 1149 257 1183 appellat
270 1148 374 1184 (87).At
388 1149 496 1176 clumbe
508 1148 629 1183 profecto
639 1152 828 1183 argumentum

54 1195 216 1227 istiusmodi,
243 1203 300 1230 quo
318 1194 500 1222 Corinthiacse
525 1194 685 1229 posterioris
706 1195 828 1229 cpistola:

53 1240 152 1266 tollatur
164 1240 317 1273 integritas.
329 1239 429 1272 Quidni
443 1240 523 1267 sodes
534 1240 660 1267 Clemens
675 1239 752 1267 Pauli
768 1249 830 1266 συν-

53 1285 133 1320 εργός,
179 1285 265 1314 Iacob
297 1290 398 1319 patrem
424 1289 542 1312 nostrum
567 1292 600 1312 eo
621 1292 705 1312 sensu
731 1292 829 1312 vocare

53 1331 168 1364 potuerit,
182 1337 237 1365 quo
251 1331 324 1358 idem
340 1330 485 1366 Apostolus
505 1329 695 1364 promissionis
715 1330 785 1358 ﬁlios
802 1332 829 1357 iu

53 1377 146 1404 semine
159 1376 275 1404 Abrahae
299 1380 325 1404 et
338 1375 423 1404 lsrael
438 1377 588 1411 computari
604 1376 695 1409 docet,
711 1381 742 1404 ut
756 1381 829 1404 recte.

52 1420 203 1449 Coutanlius
216 1420 273 1457 (88)
287 1424 380 1448 noster
393 1421 534 1448 observat?
557 1421 618 1449 Non
639 1422 718 1454 enim,
742 1422 830 1457 inquit

53 1467 151 1496 divinus
156 1476 254 1502 praeco.
264 1476 364 1499 omnes,
372 1468 417 1501 qui
426 1474 457 1494 ea:
469 1466 554 1494 Israel
563 1472 635 1498 sunt,
642 1468 662 1494 ii
670 1472 732 1495 sunt
739 1467 830 1494 Israe-

54 1513 115 1543 lita;
122 1521 198 1548 neque
205 1513 250 1549 qui
256 1521 341 1540 semen
349 1513 463 1539 Abrahw
470 1518 541 1543 sunt,
559 1521 647 1540 omnes
658 1513 725 1547 ﬁlii;
735 1512 780 1539 sed
794 1513 822 1539 in
842 1530 862 1557 ρ

53 1556 125 1585 Isaac
131 1560 262 1586 vocabitur
270 1559 317 1585 tibi
327 1557 456 1589 scmen;id
465 1562 513 1591 est,
522 1566 573 1584 non
582 1559 626 1593 qui
635 1558 687 1592 ﬁlii
694 1558 792 1589 carnis.
802 1557 829 1583 lii

53 1603 98 1636 ﬁlii
106 1603 167 1636 Dei;
179 1604 225 1632 sed
233 1605 278 1640 qui
293 1604 344 1638 ﬁlii
351 1604 609 1638 suntpromissionis,
620 1604 786 1630 aestimantur
800 1603 829 1629 in

54 1650 139 1678 terniue
149 1650 184 1671 '-’
191 1659 201 1678 :
211 1651 273 1678 hinc
283 1650 346 1677 alibi
354 1650 461 1676 N'etiam
476 1649 583 1684 ipsemet
595 1649 736 1684 Apostolus
743 1647 830 1675 Israel

54 1695 96 1722 Dei
108 1700 176 1723 vocat
187 1696 291 1723 easdem
301 1694 482 1730 promissionis
492 1694 573 1728 ﬁlios,
585 1694 638 1721 sive
652 1701 684 1721 ea:
693 1693 829 1720 circumci-

54 1742 118 1768 sione
127 1742 177 1769 sive
191 1749 223 1769 ea:
238 1741 369 1777 prtrputio
376 1745 490 1768 vocatos.
498 1739 574 1767 Hanc
584 1740 667 1775 igitur
677 1739 828 1767 doctrinam

55 1786 299 1821 institutionemque
310 1786 427 1821 primum
439 1785 547 1820 quidem
558 1788 701 1812 assecutus
713 1791 728 1810 a
745 1783 829 1810 Paulo

54 1831 167 1860 Clemens
181 1831 332 1862 Romanus,
343 1830 474 1864 deinceps
490 1838 553 1857 vero
568 1830 662 1857 volens
677 1833 703 1857 et
714 1830 772 1864 ipse
783 1829 830 1856 iis-

55 1877 108 1904 dem
121 1877 278 1912 apostolicis
292 1877 415 1904 imbuere
433 1876 577 1911 praaceptis
598 1876 766 1907 Corinthios,
781 1875 825 1903 Ja-

54 1922 142 1950 cobum
149 1928 248 1958 patrm
259 1927 378 1950 nostrum
387 1923 502 1955 vocavit;
512 1922 739 1957 quemadmodum
748 1924 829 1951 etiam

56 1968 157 2001 ibidem,
165 1968 304 1996 nonnullis
313 1969 576 2003 interjeclis,patrem
585 1973 701 1995 nostrum
712 1970 832 2004 appella-

55 2013 90 2039 vit
101 2013 282 2040 Abrahamum
294 2013 362 2048 (89).
377 2014 464 2046 Quam
480 2013 591 2048 quidem
606 2014 757 2041 doctrinam
766 2022 828 2042 cum

55 2059 142 2088 deinde
152 2061 302 2096 accepisset
313 2059 435 2087 Ecclesia
446 2059 568 2087 Romana
582 2060 640 2087 sive
653 2061 687 2087 ab
693 2060 829 2095 Apostolo,

56 2107 107 2133 sive
116 2107 148 2133 ab
158 2107 217 2142 ipso
227 2107 309 2135 etiam
321 2106 469 2138 Clemente,
482 2109 604 2133 sanctam
615 2105 686 2132 inter
697 2106 830 2133 actionem

56 2153 226 2186 precationem
240 2152 395 2187 hujusmodi
411 2151 497 2180 sacris
513 2150 646 2178 ministris
661 2151 828 2179 recitandam

877 234 1000 265 criticus.
1015 237 1097 268 atque
1111 241 1145 261 ex
1154 233 1197 261 his
1210 234 1301 262 verbis
1317 233 1440 268 ejusdem
1453 234 1577 269 epistolae
1587 235 1642 270 (92)
1653 246 1662 264 :

877 279 973 306 Plures
990 280 1055 314 facti
1078 287 1168 306 sumus
1184 280 1227 312 iis,
1243 280 1288 314 qui
1310 279 1394 307 Deum
1409 280 1504 307 habere
1527 287 1664 308 censentur

877 325 988 360 (Judais
1001 325 1087 360 scil.),
1104 325 1216 360 colligit,
1228 329 1366 352 auctorem
1377 333 1410 353 eo
1418 326 1526 353 demum
1543 330 1664 362 tempore

876 371 987 403 vixisse,
1003 378 1058 406 quo
1068 370 1293 398 Christianismus
1306 371 1376 399 inter
1391 375 1484 404 gentes
1496 373 1664 400 numerosis-

877 417 963 444 simus
975 419 1034 444 erat
1044 424 1126 450 supra
1136 416 1259 449 Judmos,
1271 417 1343 452 quod
1355 417 1464 451 quidem
1474 437 1484 449 ,
1505 417 1604 452 inquit.
1619 425 1663 445 re-

877 462 1052 497 ctius,‘quam
1067 463 1095 488 in
1109 461 1267 494 Clementis,
1282 461 1432 497 quadratin
1448 461 1570 497 Trajani.
1581 467 1608 489 et
1621 470 1665 490 se-

877 508 1018 542 quentium
1045 508 1238 542 imperatorum
1263 511 1395 542 tempora,
1419 508 1519 543 quibus
1542 508 1665 536 Ecclesia

883 554 1002 589 gentium
1011 554 1090 588 longe
1103 554 1210 589 lateque
1224 558 1369 589 propagata
1385 559 1438 581 est.

912 599 982 632 Quid
1006 600 1099 627 multis
1117 608 1186 635 opus
1207 597 1266 628 est?
1291 608 1382 628 nonne
1405 599 1505 627 Paulus
1529 599 1562 627 ad
1583 599 1664 629 Rom.

878 646 1001 673 scribens
1016 647 1118 681 gratias
1132 646 1186 674 Deo
1200 647 1306 682 agebat,
1322 646 1393 681 quod
1417 646 1483 673 ﬁdes
1498 654 1592 673 eorum
1617 654 1666 673 an-

878 692 1050 719 nuntiaretur
1065 693 1091 719 in
1108 693 1235 720 universo
1248 693 1349 720 mundo
1361 692 1399 719 ”?
1409 692 1504 719 Nonne
1518 692 1624 719 dicebat
1637 693 1664 720 in

877 745 980 764 omnem
996 742 1093 764 terram
1108 738 1204 765 exiisse
1219 737 1296 765 verba
1308 746 1397 765 eorum
1410 738 1448 765 ην
1471 737 1566 765 Nonne
1580 737 1664 765 Deum

878 783 1047 818 gloriﬁcabat
1061 783 1130 818 quod
1148 785 1303 819 mysterium
1324 785 1483 819 temporibus
1500 785 1605 812 aeternis
1624 789 1666 811 ta-

878 830 979 861 citum,
1005 830 1167 864 pate/actum
1191 835 1258 857 esset
1281 830 1314 857 ad
1342 830 1515 857 obeditionem
1549 830 1611 865 ﬁdei
1635 831 1664 857 in

878 874 980 900 cunctis
1005 874 1123 909 gentibus
1147 874 1184 901 "?
1205 874 1304 901 Eodem
1327 875 1454 910 loquendi
1479 882 1577 910 genere
1602 876 1666 902 alibi

877 927 986 954 quoque
999 919 1085 945 utitur
1105 918 1175 946 idem
1192 919 1338 953 Apostolus
1362 920 1396 947 ad
1419 919 1598 948 Colossenses
1612 930 1618 948 :
1633 921 1666 947 In

878 963 952 991 verbo
966 964 1083 990 veritatis
1097 963 1243 999 Evangelii,
1257 965 1372 1000 quod....
1390 966 1416 992 in
1432 967 1551 994 universo
1569 967 1666 994 mundo

877 1015 925 1041 est,
940 1013 964 1036 et
988 1009 1133 1043 fructi/ica!
1154 1014 1179 1036 et
1203 1011 1295 1037 crescit
1311 1010 1343 1037 “.
1358 1010 1391 1037 Et
1415 1011 1512 1039 iterum
1526 1022 1532 1039 :
1547 1012 1667 1047 Euange—

879 1055 990 1083 lium....
1015 1054 1188 1089 pradicatum
1212 1060 1251 1082 est
1274 1057 1300 1083 in
1323 1058 1447 1085 universa
1462 1064 1592 1092 creatura,
1609 1067 1668 1094 qua:

878 1100 925 1127 sub
932 1100 995 1126 cazlo
1005 1105 1043 1126 est
1056 1100 1088 1131 ¹⁸,
1096 1099 1130 1126 ad
1138 1099 1309 1128 Timotheum
1323 1102 1386 1129 ilem
1397 1110 1403 1127 :
1413 1099 1667 1137 Quodpra'dicatum

877 1150 917 1172 est
930 1145 1059 1180 gentibus.
1076 1145 1203 1172 creditum
1218 1151 1256 1173 cst
1272 1147 1299 1174 in
1315 1147 1412 1175 mundo
1428 1148 1450 1164 "
1464 1148 1598 1184 (magnum
1613 1151 1668 1178 sci-

878 1190 941 1217 licet
963 1190 1067 1223 pietatis
1092 1191 1310 1226 sacramentum).
1335 1191 1391 1220 Nec
1413 1193 1510 1220 tnirum
1534 1202 1614 1228 sane;
1639 1198 1669 1221 ut

878 1237 950 1264 enim
974 1237 1042 1265 alios
1066 1244 1258 1273 przetereamus
1282 1240 1435 1275 apostolos.
1460 1248 1531 1268 unus
1553 1249 1669 1276 magnus

877 1281 990 1314 Paulus,
1008 1287 1078 1311 teste
1091 1288 1186 1312 nostro
1198 1285 1335 1313 Clemente
1347 1285 1413 1321 (95),
1429 1294 1518 1321 praeco
1534 1286 1622 1315 factus
1637 1288 1665 1314 in

878 1327 989 1356 Oriente
1002 1333 1029 1356 et
1044 1328 1236 1357 Occidente...
1249 1338 1309 1356 cum
1323 1331 1472 1358 uniuersum
1483 1331 1609 1358 mundum
1620 1332 1670 1358 do-

879 1375 974 1401 cuisset
983 1374 1129 1409 justitiam,
1145 1379 1171 1402 et
1186 1374 1221 1401 ad
1237 1375 1384 1402 Occidentis
1400 1377 1537 1404 terminum
1548 1377 1668 1409 uenisset,

879 1428 911 1446 ac
926 1419 974 1446 sub
988 1420 1117 1454 prafectis
1133 1421 1290 1456 martyrium
1301 1429 1395 1456 passus
1406 1427 1484 1453 esset,
1497 1423 1534 1449 ita
1548 1430 1562 1450 e
1572 1423 1670 1449 ηιυηάο

878 1465 1024 1500 emigravit.
1041 1465 1109 1493 Cum
1122 1466 1180 1505 haec
1191 1467 1226 1493 ita
1243 1466 1308 1498 sint,
1321 1467 1415 1502 quidni
1430 1475 1495 1503 ergo
1505 1476 1568 1496 vere
1581 1469 1672 1504 scrip-

880 1511 945 1538 serit
960 1511 986 1538 iu
1001 1512 1152 1546 posteriore
1167 1513 1281 1546 epistola
1289 1512 1414 1540 Clemens
1428 1512 1586 1541 Romanus:
1600 1513 1669 1541 Ptu-

880 1565 921 1584 res
936 1557 1002 1592 {acti
1025 1565 1116 1584 sumus
1139 1556 1260 1590 Iudaeis,
1290 1558 1335 1593 qui
1350 1557 1433 1585 Deum
1446 1558 1541 1586 habere
1560 1567 1670 1587 censen-

880 1607 922 1629 tur
933 1602 947 1630 ἵ

913 1646 1034 1674 Dituitur
1056 1646 1167 1681 objectio
1194 1647 1315 1681 septima.
1333 1661 1368 1666 —
1385 1646 1485 1674 Verum
1508 1647 1542 1674 ad
1568 1648 1670 1675 nodum

880 1692 1029 1728 graviorem
1052 1692 1211 1720 solvendum
1227 1692 1350 1720 studiose
1365 1699 1555 1728 properemus;
1576 1694 1671 1720 statuit

878 1739 951 1767 enim
958 1739 1000 1766 vir
1010 1739 1046 1766 cl.
1056 1737 1177 1766 Venema
1190 1738 1245 1774 (9i)
1256 1739 1377 1774 epistolae
1391 1739 1518 1766 secundae
1529 1743 1669 1766 auctorem

880 1793 909 1813 se
933 1792 948 1812 a
970 1784 1109 1812 Clemente
1132 1784 1270 1812 diversum
1296 1792 1328 1812 eo
1356 1784 1415 1820 ipso
1438 1784 1570 1820 proﬁteri,
1594 1785 1668 1820 quod

879 1831 980 1859 Christi
991 1831 1162 1858 divinitatem
1175 1838 1305 1866 expresse
1316 1831 1444 1862 inculcet,
1455 1834 1482 1858 et
1493 1830 1600 1858 Domini
1615 1839 1670 1858 non

880 1881 995 1906 tantum.
1013 1877 1065 1904 sed.
1076 1876 1123 1903 Dei
1137 1876 1218 1903 etiam
1234 1875 1341 1902 titulum
1355 1876 1380 1903 ei
1393 1876 1512 1903 dandum
1529 1883 1590 1904 esse
1603 1884 1670 1904 con-

880 1922 986 1956 tendat;
1002 1930 1063 1949 cum
1086 1929 1169 1950 verus
1187 1921 1311 1949 Clemens
1323 1921 1378 1956 (95)
1403 1921 1428 1948 id
1450 1929 1584 1956 nusquam
1605 1921 1670 1948 data

880 1975 962 2002 opera
978 1967 1083 2000 fecerit,
1097 1974 1147 1994 nec
1168 1967 1221 1994 alio
1236 1974 1267 1993 ac
1289 1966 1395 1993 Domini
1411 1966 1488 1993 titulo
1509 1974 1572 1994 eum
1585 1974 1669 1994 orna-

880 2013 958 2045 verit,
975 2012 1037 2040 licet
1049 2012 1094 2040 hic
1109 2012 1164 2039 illic
1179 2019 1209 2039 se
1221 2011 1323 2039 Christi
1338 2011 1507 2038 divinitatem
1520 2019 1670 2046 agnoscere

880 2058 1010 2086 insinuet.
1025 2057 1124 2085 Verum
1151 2057 1232 2084 unico
1254 2065 1287 2084 ex
1313 2057 1427 2091 epistola
1453 2058 1539 2092 prima
1563 2058 1669 2092 prolato

881 2106 941 2132 loco
955 2109 1012 2132 tota
1037 2104 1148 2131 eliditur
1165 2103 1291 2131 Venemaa
1315 2103 1442 2138 objectio.
1467 2102 1512 2130 Sic
1526 2108 1614 2130 autem
1639 2111 1670 2132 se

881 2152 962 2180 habet
975 2161 981 2178 :
1006 2151 1069 2182 Τοῖς
1080 2150 1195 2185 ἐφοδίοις
1208 2149 1255 2176 τοῦ
1266 2149 1332 2176 Θεοῦ
1347 2149 1509 2185 ἀρκούμενοι
1523 2149 1570 2174 καὶ
1584 2157 1670 2184 προσ-

57 2196 143 2224 indixit
154 2197 208 2233 (90)
221 2207 228 2224 :
242 2197 311 2224 Deus
323 2196 441 2231 ﬁdelium
456 2196 536 2223 Pater
549 2204 659 2228 summe,
674 2197 720 2232 qui
732 2197 759 2223 in
775 2202 827 2224 toto

914 2205 986 2228 οντες
998 2197 1061 2228 τοὺς
1082 2196 1177 2230 λόγους
1191 2194 1274 2222 αὐτοῦ
1288 2194 1424 2230 ἐπιμελῶς
1434 2213 1442 2226 ,
1467 2195 1668 2230 ὲστερνισμὲνοι

57 2240 111 2268 orbe
128 2245 258 2268 terrarum
277 2241 459 2275 promissionis
473 2242 543 2276 ﬁlios
559 2240 659 2275 diffusa
678 2241 825 2276 adoptionis

56 2287 134 2320 gratia
155 2287 335 2321 multiplicas,
361 2291 386 2313 et
409 2295 455 2321 per
479 2286 610 2314 Paschale
633 2292 826 2314 sacramentum

57 2330 180 2358 Abraham
198 2340 308 2366 puerum
327 2337 400 2358 tuum
420 2332 611 2365 universarum,
629 2332 696 2359 sicut
712 2332 825 2366 jurasti,

57 2377 160 2409 gentium
171 2378 248 2412 efﬁcis
258 2377 435 2410 Patrem,elc.
444 2377 519 2411 μηδι
533 2385 640 2412 quoque
662 2378 762 2405 clarius
780 2378 828 2406 ad-

59 2421 166 2458 ltuc(91)
179 2433 185 2450 :
198 2423 280 2450 Pater
290 2423 351 2458 ﬁdei
362 2427 458 2450 nostri:
471 2423 604 2449 Abraham
614 2430 742 2455 summus,
754 2423 830 2450 obtu-

59 2467 85 2493 lit
98 2467 272 2495 ltalocaustum
285 2477 362 2503 super
376 2468 460 2495 altare
474 2476 521 2502 pro
536 2468 601 2503 ﬁlio.

877 2241 926 2279 ἦτε
939 2244 996 2274 τοῖς
1009 2242 1183 2277 σπλάγχνοις,
1198 2241 1245 2268 καὶ
1259 2241 1293 2267 τὰ
1307 2240 1457 2275 παθήματα
1469 2239 1553 2266 αὐτοῦ
1569 2238 1602 2276 ἦν
1614 2240 1668 2276 πρὸ

878 2287 1023 2324 ὀφθαλμῶν
1039 2287 1125 2323 ὑμῶν.
1143 2287 1200 2314 Hoc
1213 2291 1255 2314 est
1269 2285 1334 2313 :Dei
1349 2285 1443 2312 viatico
1459 2286 1572 2312 contenti
1585 2290 1671 2312 etaer-

880 2334 999 2361 monibus
1013 2334 1088 2361 illius
1111 2333 1248 2368 diligenter
1260 2331 1431 2363 attendentes,
1457 2331 1564 2358 dilatati
1586 2332 1668 2358 eratis

880 2380 907 2406 in
921 2379 1071 2412 uisceribus,
1084 2385 1108 2406 et
1120 2379 1254 2414 passiones
1266 2378 1322 2412 ejus
1336 2385 1391 2412 pra:
1404 2377 1488 2404 oculis
1503 2377 1573 2404 vobis
1581 2383 1666 2406 erant.

919 2423 970 2452 Ubi
984 2424 1101 2459 primum
1124 2423 1336 2453 observandum,
1358 2422 1500 2450 relativum
1515 2421 1598 2448 αὐτοῦ
1625 2430 1669 2448 re-

881 2468 982 2506 spicere
989 2470 1084 2504 procul
1099 2469 1182 2496 dubio
1196 2468 1318 2503 proxime
1330 2467 1494 2495 antecedens
1505 2466 1582 2494 Θεοῦ.
1598 2467 1667 2495 Cum

89 2523 124 2560 ‘_"
137 2523 213 2551 Rom.
232 2533 270 2557 ix,
283 2524 309 2555 6.
325 2524 351 2552 8.
389 2524 411 2540 "
422 2523 508 2560 Calat.
525 2532 563 2555 τι,
578 2523 620 2560 15.
638 2523 680 2551 16.
714 2524 734 2539 “
751 2522 830 2551 Rom.
844 2532 862 2558 ι,
874 2524 900 2552 8.
940 2526 961 2541 ¹²
974 2525 1051 2553 llom.
1066 2533 1092 2560 x,
1104 2525 1147 2552 18.
1186 2525 1208 2541 "
1229 2524 1307 2552 Rom.
1317 2523 1429 2557 “1,25,
1440 2523 1486 2551 26.
1524 2522 1546 2540 ⁸⁸
1558 2523 1665 2551 Coloss-

46 2558 111 2589 ‘t,6.
157 2560 179 2575 “
194 2560 274 2593 ibid.,
290 2560 335 2586 '25.
387 2559 411 2575 "
425 2559 435 2586 l
449 2559 520 2586 Tim.
538 2567 579 2591 ιιι,
594 2558 638 2585 16.

90 2612 141 2649 (85)
151 2615 288 2645 lnnoviss.
298 2615 366 2651 Opp.
376 2615 442 2644 edit.
455 2615 485 2643 S.
507 2614 608 2643 Justin.
621 2613 668 2647 51.,
686 2613 779 2641 adnot.
792 2614 827 2641 ad

59 2646 124 2676 hunc
133 2646 232 2678 locum.

90 2683 142 2719 (86)
158 2685 292 2717 Clemens,
308 2685 387 2719 epist.
401 2684 419 2711 2
443 2684 476 2711 ad
490 2684 626 2716 Coriutli.,
646 2691 706 2719 cap.
723 2684 736 2712 1
756 2687 783 2712 et
796 2684 826 2712 2.

93 2719 145 2754 (87)
163 2719 246 2754 idem,
260 2720 340 2754 epist.
357 2721 383 2753 1,
398 2727 458 2754 cap.
474 2720 501 2747 4.
789 2723 791 2725 ’

161 2753 244 2790 Epist.
259 2753 332 2782 liam.
357 2753 461 2789 pontif.,
478 2762 539 2790 pag.
554 2754 599 2782 41.

101 2788 143 2824 89)
161 2788 296 2824 Clemens,
310 2788 397 2824 ep.'1,
412 2788 532 2824 eapf5l'.

90 2823 144 2860 (90)
162 2823 264 2853 liuet.
276 2823 363 2859 Rom“
376 2823 494 2854 Sabhato
505 2824 643 2860 sancto,ad
653 2823 773 2860 propliet.
798 2823 825 2851 ι.

915 2616 971 2651 (91)
992 2616 1154 2643 Breuiarium
1168 2615 1256 2647 Rom.,
1270 2614 1388 2642 Sahbalo
1397 2617 1459 2642 ante
1469 2613 1668 2651 Quinquagesi-

878 2659 962 2684 mam,
978 2652 1011 2678 ad
1028 2651 1190 2686 Magni/ictu.

925 2686 970 2718 92)
989 2684 1085 2721 Clem],
1100 2684 1179 2721 epist.
1195 2685 1223 2716 2,
1238 2692 1298 2720 cap.
1315 2684 1343 2713 2.

925 2722 969 2756 93)
989 2721 1074 2756 Epist.
1091 2722 1117 2752 1,
1134 2728 1194 2756 cap.
1217 2721 1243 2748 5.

913 2729 969 2758 (ao)
989 2729 1074 2762 LptSt.
1091 2729 1117 2752 ι,
1134 2729 1194 2782 cag.
1217 2729 1243 2748 θ.

913 2756 972 2796 (ἓξ)
991 2756 1077 2796 Epist.
1093 2757 1121 2796 ἓ,
1137 2756 1151 2791 §
1185 2756 1346 2796 0,_pag._'t't.

914 2790 970 2828 (95)
991 2790 1076 2827 Epist.
1093 2791 1120 2826 2,
1140 2790 1200 2826 cap.
1218 2791 1230 2818 1
1248 2790 1275 2819 et
1293 2791 1320 2818 5.
