1875 3101
208 139 258 167 135

770 138 815 165 AD
835 137 863 165 S.
884 135 1094 165 CLEMENTEM
1115 136 1125 163 l
1144 134 1258 163 ΡΛΡΑΜ

1784 133 1830 161 132

206 197 447 233 ιιυιειιιπαοήματα
462 197 537 225 nullo
551 201 631 232 pacto
638 197 694 225 Deo
703 197 778 223 Patri
798 195 909 223 attribui
920 195 992 230 lpos-
1007 198 1029 225 Α
1043 201 1073 221 ea
1089 201 1150 220 cum
1165 193 1235 220 idem
1255 192 1372 219 lrenteus
1394 191 1578 227 apostolorum
1594 190 1765 225 temporibus
1780 194 1831 216 tam

206 243 272 274 sint,
287 243 422 277 reliquum
436 247 479 270 est
507 248 536 270 ut
556 243 601 270 hic
620 243 713 270 Jesum
736 241 876 270 Christum
897 240 995 267 Filium

206 287 265 320 Dei,
281 288 365 316 Deum
377 288 411 316 de
427 288 492 320 Deo.
508 288 592 316 Deum
611 296 706 316 verum
719 288 753 316 de
768 287 823 315 Deo
837 294 901 315 vero
917 287 995 314 intel-

207 334 304 362 lexerit
317 337 429 362 sanctus
445 334 581 361 Clemens.

471 379 671 407 ARTICULUS
689 379 733 408 lll.

242 432 276 452 DE
295 432 418 452 τειιιιοιιιῑ
437 432 489 456 QUO
507 433 632 456 UTBAQUE
653 432 782 452 EPISTOLA
807 432 961 452 COBINTIIIIS

499 468 609 487 SCRIPTA
629 467 703 487 FUIT.

244 515 282 542 De
297 520 420 550 tempore,
434 523 485 550 quo
499 517 586 550 prima
601 516 652 551 fuit
665 521 787 548 exarata,
803 516 936 550 opiniones
956 515 997 541 di-

208 568 298 588 cente.
312 576 346 581 —
357 561 489 596 Superest
504 570 578 589 nunc
593 567 699 597 tempus
723 562 925 597 inquirendum,
943 569 997 596 quo

209 610 323 641 utraque
345 607 461 641 epistola
476 609 564 635 sancti
579 608 727 635 Clementis
748 607 830 635 fuerit
847 607 997 634 Corinthiis

208 652 321 687 scripta.
347 653 378 679 Et
403 653 437 682 de
469 655 559 688 priore
581 654 689 689 quidem
705 661 802 688 magna
823 654 892 680 inter
907 653 998 680 erudi—

207 702 250 726 tos
266 699 338 726 viros
352 700 538 727 controversia
549 704 601 727 est.
618 699 655 726 Ac
670 700 732 727 licet
745 700 832 735 prima
847 700 920 726 illius
937 707 998 726 vcr-

207 744 241 771 ba
256 743 289 772 de
305 746 495 779 persecutione
508 746 580 772 dicta
600 754 661 774 esse
674 746 797 781 plerique
817 753 912 773 omnes
932 753 999 772 con-

207 790 344 823 sentiant,
361 798 392 818 ea
408 795 498 818 tamen
515 792 560 818 alii
575 791 608 819 de
618 791 744 823 Neronis,
761 791 806 818 alii
820 790 854 818 de
871 790 1000 818 Domitia-

207 836 235 863 ni
251 837 439 872 persecutione
455 839 680 872 interpretantur.
695 837 730 864 Et
747 838 817 864 hanc
830 837 938 872 quidem
953 837 996 863 alii

1046 240 1152 266 vicinus
1167 238 1334 265 Clementem
1349 237 1430 264 tertio
1443 237 1504 264 loco
1518 237 1553 264 ab
1567 236 1700 271 apostolis
1711 240 1776 271 post
1791 235 1831 261 Li-

1046 292 1110 312 num
1121 284 1268 313 etCletum.
1278 291 1336 316 seu,
1351 287 1380 310 ut
1388 287 1477 315 vocat,
1491 281 1663 313 Anacletnm.
1673 281 1769 309 Romae
1778 281 1833 316 epi-

1046 334 1185 364 scopatum
1209 329 1335 356 sortitum
1360 335 1422 355 esse
1439 327 1553 359 scribat,
1579 327 1715 362 reliquum
1732 330 1789 359 est,
1808 332 1834 353 ut

1046 382 1107 402 eum
1121 374 1244 409 pluribus
1261 377 1322 408 post
1336 372 1470 400 Neronem
1488 373 1568 400 annis
1590 372 1720 400 Romanae
1740 371 1833 400 Eccle-

1047 420 1095 447 siae
1117 419 1378 446 administrationem
1404 419 1559 453 suscepisse
1582 418 1738 446 crediderit.
1759 418 1834 445 Hunc

1047 470 1137 493 autem
1151 473 1182 493 ea
1207 466 1234 492 in
1249 473 1279 493 re
1295 465 1394 492 falsum
1418 472 1490 496 esse,
1505 465 1567 500 quis
1581 465 1632 492 sibi
1655 464 1834 499 persuadeat?

1048 510 1141 538 Eidem
1156 510 1340 545 suffragantur
1352 513 1378 537 et
1396 509 1520 544 plerique
1546 509 1652 542 Patres,
1668 510 1716 545 qui
1734 509 1834 536 Roma-

1048 563 1144 583 norum
1158 555 1315 590 pontificum
1331 555 1429 583 seriem
1446 559 1551 588 texunt,
1568 560 1649 591 atque
1663 556 1716 590 ipsi
1729 560 1835 584 veteres

1048 601 1176 636 catalogi,
1191 601 1218 628 in
1236 601 1335 636 quibus
1350 600 1429 628 Petro
1444 601 1538 633 Linus,
1556 601 1624 628 Lino
1645 601 1750 635 Cletus,
1775 602 1835 628 huic

1048 647 1174 674 Clemens
1189 647 1356 675 successisse
1370 647 1477 682 legitur.
1492 647 1552 682 Ipsa
1566 655 1673 683 quoque
1688 647 1836 676 Clementis

1048 693 1129 719 verba
1148 693 1237 727 capite
1251 692 1286 719 64
1300 692 1382 727 hujus
1399 693 1520 727 epistolae
1534 693 1709 720 occurrentia
1725 693 1775 728 qui
1791 701 1836 720 ex-

1050 738 1183 773 penderit.
1201 739 1246 765 ubi
1261 738 1369 765 laudata
1387 738 1572 773 apostolorum
1588 739 1762 774 providentia
1779 739 1837 766 sub-

1049 784 1104 811 dit:
1115 783 1165 816 Qui
1175 783 1255 818 igitur
1269 783 1300 810 ab
1315 783 1379 816 illis,
1392 788 1437 810 aut
1451 783 1569 817 deinceps
1583 784 1615 811 ab
1629 785 1690 811 aliis
1704 785 1769 812 viris
1784 787 1836 812 exi-

1051 830 1111 856 miis
1128 830 1264 856 constituti
1278 834 1384 857 sunt...
1403 837 1434 856 ac
1456 829 1532 864 longo
1546 834 1658 864 tempore
1677 830 1835 864 pra-clarum

207 881 366 915 fel-ventem.
385 882 431 909 alii
456 883 626 911 des-mentem
649 879 820 918 intelligunt;
837 883 901 910 hinc
923 883 997 910 circa
1013 872 1033 900 Β
1048 875 1080 901 ab
1099 875 1219 901 omnibus
1242 875 1420 902 testimonium
1439 879 1615 909 reportarunt,
1633 875 1679 903 hos
1702 884 1835 903 cernemus

207 932 325 964 tempus,
341 937 396 964 quo
411 930 525 964 epistola
540 930 586 956 illa
600 934 713 957 exarata
729 933 782 961 est,
798 929 896 964 triplex
910 929 998 956 maxi-

207 981 250 1001 me
267 974 365 1002 existit
380 975 485 1010 opinio.
506 974 596 1001 Prima
619 979 661 1002 est
680 973 794 1001 Joannis
808 973 914 1001 Ernesti
929 973 998 1000 Gra-

207 1019 243 1046 bii
255 1019 322 1054 (96),
338 1020 412 1055 Pagii
425 1020 492 1056 (97),
507 1020 568 1048 Orsi
581 1020 657 1056 (98).
677 1024 704 1047 et
721 1019 853 1047 Gallandii
866 1018 933 1055 (99),
950 1018 997 1053 qui

206 1072 265 1092 eam
279 1065 396 1093 Neronis
412 1067 602 1100 persecutione
616 1066 768 1097 desinente,
792 1065 915 1100 proxime
935 1069 997 1100 post

206 1111 392 1146 apostolorum
401 1111 473 1138 Petri
484 1116 510 1138 et
520 1111 596 1138 Pauli
609 1111 781 1146 martyrium,
795 1111 845 1138 hoc
859 1115 912 1144 est,
925 1119 998 1138 anno

205 1156 309 1183 Christi
323 1156 357 1183 68
374 1157 416 1183 vel
431 1157 512 1183 etiam
530 1157 564 1183 65
575 1159 701 1187 exeunte,
715 1156 845 1190 scriptam
860 1163 921 1183 esse
934 1163 998 1182 con-

206 1202 336 1237 tendunt;
356 1203 441 1230 altera
457 1201 595 1230 Godefridi
621 1201 771 1233 Vendelini,
787 1202 909 1229 eamdem
926 1209 997 1229 anno

205 1248 309 1275 Christi
323 1247 358 1274 95
379 1247 500 1275 fervente
519 1247 663 1275 Domitiani
679 1247 868 1282 persecutione
883 1247 998 1281 alligan-

207 1293 255 1320 tis.
271 1291 412 1320 Postrema
428 1292 555 1319 Cotelerii
571 1297 652 1327 atque
666 1292 840 1324 Tillemontii,
856 1293 901 1327 qui
922 1292 997 1319 illam

206 1339 349 1366 desinente
366 1338 490 1373 ejusdem
514 1338 687 1373 imperatoris
712 1340 903 1374 persecutione
923 1339 996 1366 circa

208 1391 310 1411 annum
331 1382 433 1410 Christi
452 1383 486 1410 97
506 1384 634 1418 scriptam
661 1385 840 1412 arbitrantur.
865 1383 996 1416 Quartam

207 1428 251 1456 vir
272 1428 443 1456 clarissimus
466 1428 597 1456 Claudius
619 1428 716 1464 Fleury
729 1429 802 1465 (100)
822 1430 995 1463 excogitavit.

207 1481 268 1509 qum
290 1473 324 1501 ad
339 1473 431 1500 Grabii
452 1474 614 1501 sententiam
630 1475 743 1510 propius
758 1474 874 1502 accedit.
895 1473 997 1509 Nempe

208 1519 243 1546 ad
257 1519 283 1546 id
307 1523 424 1554 tempus,
438 1519 510 1554 quod
528 1519 642 1547 Neronis
666 1520 805 1547 interitum
830 1520 945 1555 excepit,
969 1524 996 1547 et

208 1565 465 1601 Jerosolymitanum
481 1565 628 1593 antecessit
642 1565 789 1598 excidium,
803 1565 899 1594 referri
915 1573 996 1601 posse

209 1611 346 1646 opinatur,
369 1615 395 1638 et
410 1618 490 1638 casus
511 1611 650 1642 adversos,
676 1611 702 1638 in
717 1611 839 1645 epistolae
862 1611 996 1645 principio

209 1660 385 1689 memoratos,
402 1657 435 1684 de
450 1656 521 1684 bello
535 1656 697 1692 civili,quod
711 1656 827 1685 Neronis
841 1664 915 1684 mors
926 1657 998 1685 exci-

210 1702 288 1735 tavit,
301 1702 503 1736 interpretatur.

245 1746 323 1774 Circa
339 1756 434 1774 annum
451 1747 550 1776 Christi
563 1747 608 1780 97,
624 1748 794 1783 probabiliter
809 1748 908 1783 scriptu
927 1748 996 1775 dici-

210 1798 265 1822 tur.
276 1809 309 1814 -—
321 1793 473 1821 Obscurum
492 1802 545 1821 non
563 1798 615 1826 est.
628 1794 794 1822 Clementem
809 1795 846 1821 ibi
856 1795 891 1822 de
901 1801 997 1821 aerum-

211 1840 266 1871 nis,
279 1840 379 1875 quibus
401 1848 531 1875 oppressa
555 1843 614 1868 erat
634 1840 757 1867 Romana
779 1840 911 1873 Ecclesia,
934 1848 997 1868 cum

211 1885 415 1913 Corinthiorum
428 1886 572 1920 epistolam
597 1886 711 1921 accepit,
727 1885 774 1913 sed
795 1893 811 1912 a
826 1886 924 1921 quibus
952 1892 1005 1913 re-v

209 1933 340 1968 spirabat,
350 1939 412 1959 cum
434 1932 504 1960 hanc
526 1933 680 1967 rescripsit,
707 1933 806 1960 habere
832 1939 996 1963 sermonem,

211 1977 333 2012 adeoque
345 1976 491 2005 Vendelini
506 1977 539 2005 de
552 1978 742 2013 persecutione
757 1977 876 2006 fervente
888 1982 998 2006 senten-

211 2023 277 2050 tiam
292 2023 403 2051 minime
417 2023 582 2058 probandam
598 2030 670 2051 esse.
685 2023 778 2058 Neque
790 2023 880 2050 minus
895 2027 997 2050 certum

211 2074 246 2092 ex
261 2066 355 2093 eodem
369 2067 482 2094 exordio
496 2067 652 2100 coniicitur,
665 2074 802 2095 aerumnas
818 2067 878 2095 illas
891 2068 924 2095 de
937 2075 998 2102 per-

213 2112 353 2140 secutione
363 2111 478 2140 Neronis
488 2113 660 2148 interpretari
676 2121 729 2141 non
742 2114 832 2141 licere.
845 2113 916 2141 Nihil
927 2115 999 2141 enim

212 2161 282 2189 erat,
298 2165 347 2184 cur
361 2157 389 2184 in
405 2158 556 2185 litterarum
571 2158 697 2185 tarditate
707 2157 855 2185 Corinthiis
866 2166 1000 2186 excusan-

1047 921 1127 955 oﬁicio
1143 921 1240 954 injuste
1265 920 1352 955 dejici.
1370 920 1442 952 Haec,
1458 921 1578 955 inquam.
1594 921 1640 956 qui
1665 921 1835 956 expendcrit,

1047 974 1208 1001 persuasum
1225 967 1276 994 sibi
1292 966 1412 998 habebit,
1429 967 1570 1001 epistolam
1586 966 1666 994 istam
1682 970 1750 994 tunc
1768 970 1834 994 tem-

1048 1013 1123 1046 poris
1137 1013 1320 1047 conscriptam
1334 1020 1409 1046 esse,
1423 1020 1485 1039 cum
1502 1012 1535 1039 ab
1559 1011 1647 1039 ollicio
1664 1019 1716 1039 suo
1740 1013 1834 1039 remoti

1048 1058 1164 1085 fuissent
1189 1058 1355 1094 presbyteri;
1373 1058 1420 1093 qui
1449 1066 1503 1085 non
1529 1058 1616 1086 solum
1631 1058 1666 1086 ab
1691 1058 1834 1093 apostolis.

1048 1103 1095 1131 sed
1109 1104 1189 1131 etiam
1205 1104 1239 1131 ab
1253 1103 1315 1131 aliis
1328 1104 1467 1139 deinceps,
1483 1104 1535 1131 hoc
1547 1108 1589 1131 est
1603 1104 1638 1131 ab
1652 1111 1749 1131 eorum
1773 1111 1836 1130 suc-

1047 1149 1204 1177 cessoribus
1225 1149 1352 1181 ordinati,
1377 1157 1477 1177 munus
1501 1157 1580 1177 suum
1609 1149 1691 1184 longo
1714 1155 1836 1184 tempore

1048 1196 1182 1222 obierant.
1200 1195 1332 1222 Standum
1348 1195 1429 1230 igitur
1445 1199 1487 1223 est
1502 1195 1643 1223 sententia:
1669 1195 1794 1227 Eusebii,
1811 1196 1834 1222 in
1863 1204 1865 1207 ·

1047 1241 1127 1275 cujus
1138 1241 1275 1268 Chronico
1287 1241 1325 1276 (5)
1345 1241 1519 1276 pontificatus
1535 1241 1685 1269 Clementis
1709 1241 1789 1268 initia
1805 1243 1835 1268 ad

1048 1290 1200 1322 postremos
1237 1287 1383 1314 Domitiani
1409 1287 1580 1322 imperatoris
1599 1295 1686 1315 annos
1710 1288 1836 1315 referun-

1048 1337 1101 1360 tur.
1116 1331 1193 1360 Unde
1208 1332 1275 1359 nihil
1289 1333 1387 1360 rationi
1401 1333 1487 1368 magis
1503 1337 1717 1361 consentaneum
1739 1341 1837 1361 occurs

1048 1379 1094 1410 rit,
1110 1386 1190 1413 quam
1206 1381 1234 1405 ut
1253 1378 1457 1405 Corinthiorum
1475 1379 1617 1414 epistolam
1633 1379 1764 1407 saeviente
1787 1379 1836 1406 Do-

1047 1425 1150 1452 mitiani
1163 1425 1351 1460 persecutione
1370 1424 1483 1452 Romam
1506 1426 1673 1460 pervenisse,
1688 1430 1772 1462 atque
1785 1427 1838 1454 illis

1046 1470 1139 1498 eadem
1154 1471 1342 1506 persecutione
1352 1470 1494 1498 desinente
1508 1479 1523 1498 a
1538 1471 1677 1500 Clemente
1696 1473 1772 1500 circa
1791 1481 1838 1500 an-

1047 1524 1112 1544 num
1126 1516 1227 1544 Christi
1243 1517 1277 1544 97
1293 1518 1456 1552 rescriptum
1473 1525 1534 1545 esse
1548 1513 1720 1546 censeamus.

1080 1562 1332 1598 Jeroaolymitanum
1358 1564 1481 1598 templum
1505 1564 1606 1591 stetisse
1630 1572 1663 1591 ea:
1677 1573 1710 1591 ea
1731 1565 1838 1591 minimc

1046 1609 1194 1643 conﬁcitur.
1216 1624 1251 1628 —
1267 1608 1361 1644 Neque
1376 1609 1420 1637 his
1434 1609 1593 1637 adversatur
1607 1609 1673 1637 illud
1686 1609 1838 1638 Clementis

1047 1655 1132 1682 nostri
1144 1655 1200 1690 (4):
1218 1655 1278 1682 Non
1293 1655 1396 1690 ubique.
1412 1656 1519 1690 fratres,
1534 1656 1680 1690 o/feruntur
1701 1657 1838 1691 sacriﬁcia

1042 1701 1131 1736 jugia,
1148 1701 1187 1728 vel
1210 1702 1304 1733 votiva,
1321 1705 1359 1728 vet
1372 1710 1419 1737 pro
1432 1706 1537 1736 peccato
1552 1706 1576 1728 et
1597 1702 1704 1735 delicto,
1721 1704 1769 1730 sed
1793 1702 1840 1730 Je-

1047 1746 1186 1782 rorolymic
1198 1751 1310 1774 tantum.
1326 1746 1401 1775 Licet
1411 1747 1529 1775 Grabius
1544 1748 1608 1774 hinc
1618 1752 1694 1775 certo
1707 1749 1761 1776 sibi
1777 1757 1838 1776 con-

1047 1797 1121 1820 stare
1135 1793 1219 1824 dicat,
1234 1794 1365 1828 templum
1382 1793 1640 1829 Jerosolymitanum
1656 1799 1723 1822 tunc
1743 1797 1838 1823 stetis-

1047 1846 1086 1871 se,
1100 1842 1180 1874 atque
1193 1839 1327 1867 excidium
1343 1840 1426 1872 illius,
1440 1840 1512 1875 quod
1526 1840 1554 1868 in
1568 1848 1670 1868 annum
1682 1841 1716 1868 70
1730 1841 1836 1874 incidit,

1047 1884 1162 1911 necdum
1179 1884 1343 1920 contigisse;
1355 1885 1475 1920 alioquin
1490 1893 1543 1912 non
1556 1886 1713 1920 offeruntur,
1728 1887 1757 1914 in
1773 1896 1838 1923 prae-

1048 1930 1129 1961 senti,
1145 1929 1192 1958 sed
1208 1930 1272 1958 olim
1288 1931 1476 1964 o/jerebantur,
1495 1931 1592 1959 fuisset
1605 1931 1764 1961 dicendum.

1086 1975 1184 2003 Verum
1204 1984 1259 2003 non
1275 1976 1343 2004 satis
1364 1977 1480 2004 attendit
1499 1977 1540 2004 vir
1554 1977 1678 2006 eruditus
1699 1981 1837 2007 sermonis

1048 2029 1139 2054 usum,
1158 2030 1213 2057 quo
1234 2030 1279 2050 res
1294 2023 1445 2057 praeteritas
1459 2023 1541 2051 veluti
1555 2028 1704 2058 praesentes
1719 2024 1756 2052 ob
1772 2033 1838 2052 ocu-

1049 2068 1090 2095 los
1104 2075 1215 2102 ponere,
1231 2071 1258 2096 et
1273 2076 1322 2103 per
1335 2075 1455 2103 praesens
1470 2073 1578 2103 tempus
1602 2069 1748 2096 enuntiare
1774 2078 1837 2097 nar.

1049 2113 1122 2140 ranti
1136 2113 1207 2141 licet.
1224 2113 1294 2147 Quid
1310 2115 1381 2141 enim
1398 2114 1425 2141 in
1442 2114 1492 2141 hac
1507 2114 1621 2149 epistola
1637 2114 1688 2142 sibi
1702 2115 1773 2146 vult,
1793 2123 1836 2142 sa-

1049 2159 1150 2194 criﬁcia
1163 2168 1214 2187 non
1229 2161 1256 2187 in
1267 2161 1338 2187 omni
1353 2160 1422 2192 loco,
1436 2160 1481 2187 sed
1494 2159 1666 2195 Jerosolymis
1681 2165 1787 2188 tantum
1801 2162 1840 2195 of-

215 2203 251 2230 da
281 2203 334 2230 hoc
357 2207 506 2236 taceretur,
535 2203 645 2231 Petrum
670 2203 814 2235 videlicet,
834 2203 915 2237 cujus
938 2208 997 2231 erat
1014 2203 1035 2231 D
1049 2205 1181 2240 feruntur,
1199 2206 1252 2234 nisi
1279 2206 1359 2239 illud,
1374 2213 1408 2233 ex
1432 2206 1589 2241 praescripto
1613 2207 1679 2242 legis
1698 2208 1837 2235 sacrificia

214 2250 336 2284 ipsorum
347 2249 507 2278 satisfacere
516 2250 725 2286 quaestionibus,
735 2250 769 2277 iis
777 2250 894 2285 acceptis
905 2249 1001 2277 deten-

213 2302 283 2328 tum.
300 2305 410 2329 caasum,
425 2302 452 2324 et
470 2305 486 2324 e
508 2298 578 2325 vivis
595 2297 679 2325 fuisse
695 2297 843 2326 sublatum.
857 2297 958 2326 Deinde
972 2299 999 2326 in

213 2347 273 2371 toto
293 2343 422 2379 Epistolas
435 2347 563 2370 contextu
582 2343 649 2370 illud
666 2343 799 2375 innuitur,
814 2350 878 2370 eum
898 2344 998 2379 ipsum,

214 2389 261 2424 qui
276 2396 350 2416 nunc
368 2389 508 2421 rescribit.
525 2388 601 2423 prius
617 2388 821 2416 Corinthiorum
834 2389 935 2424 scripta
953 2397 1000 2417 ac-

215 2436 332 2470 cepisse.
346 2434 480 2468 Quocirca
496 2434 530 2462 ad
545 2435 663 2462 litteram
681 2435 846 2470 intelligendi
861 2440 926 2463 sunt
942 2439 1000 2462 tum

216 2480 333 2508 lrenazus
344 2480 395 2515 (l),
407 2484 464 2507 tum
479 2480 645 2515 Hegesippus
656 2480 705 2516 (2),
715 2488 777 2508 cum
788 2481 998 2515 dissensionem,

216 2533 298 2560 quam
312 2526 409 2554 sedare
432 2533 505 2553 nunc
524 2532 638 2554 conatur
651 2526 786 2559 Clemens,
803 2535 856 2555 non
873 2528 924 2555 sub
948 2527 999 2554 Pe-

217 2576 269 2604 tro,
278 2571 327 2599 sed
340 2570 534 2599 subClemente
544 2576 632 2599 ortam
647 2580 709 2600 esse
721 2576 867 2601 testantur.
882 2572 1000 2600 Praeter-

253 2649 309 2686 (96)
328 2649 450 2686 Spicileg.
462 2649 600 2686 Patrum"
614 2655 680 2678 tom.
695 2651 716 2684 Ι,
729 2658 794 2686 pag.
808 2650 861 2678 954
872 2655 899 2678 et
912 2649 974 2678 255.

255 2684 312 2721 (97)
331 2684 364 2721 in
379 2685 438 2712 erit.
456 2685 575 2717 Baronii,
590 2687 624 2714 ad
640 2694 706 2721 ann.
723 2684 800 2721 τεξς
815 2686 842 2713 5.

254 2720 311 2756 (98)
331 2719 433 2747 Histor.
447 2721 523 2754 εδει,
539 2721 586 2749 lib.
602 2729 631 2753 ιι,
649 2721 662 2756 §
679 2720 723 2753 5‘2,
740 2719 806 2748 ῑοιιῖ.
824 2721 844 2752 Ι,
859 2727 920 2755 pag.
935 2720 998 2751 ill,

219 2755 284 2783 edit.
300 2755 377 2782 Rom.

254 2790 310 2826 (99)
332 2790 363 2817 In
380 2792 475 2818 novin.
495 2791 619 2818 Biblioth.
639 2790 707 2824 Ρη,
723 2795 788 2817 tom.
805 2789 826 2823 l,
841 2790 867 2817 in
885 2791 999 2826 prolcg.,

222 2834 281 2862 pag.
300 2826 342 2859 l9,
361 2834 437 2854 tum.
451 2827 478 2853 9.

1048 2250 1224 2287 Jerosolymis
1240 2257 1342 2279 tantum
1365 2251 1530 2286 offeruntur?
1542 2252 1615 2287 quod
1634 2252 1745 2287 quidem
1768 2261 1838 2289 praa~

1049 2298 1180 2333 scriptum
1193 2305 1256 2325 cum
1269 2299 1418 2325 etiamnum
1434 2298 1462 2325 in
1478 2297 1536 2332 lege
1555 2302 1674 2330 maneat,
1693 2297 1752 2332 ipsa
1777 2298 1838 2325 Cle-

1050 2343 1149 2371 mentis
1161 2343 1242 2370 verba
1257 2339 1338 2370 etiam
1352 2342 1431 2370 nobis
1449 2342 1546 2370 ell'erre
1569 2349 1623 2370 non
1646 2343 1737 2378 inepte
1764 2352 1837 2370 nunc

1049 2389 1152 2416 liceret.
1168 2387 1270 2423 Nempe
1283 2388 1408 2415 Clemens
1423 2387 1626 2423 comparatione
1646 2395 1678 2415 ac
1690 2395 1770 2416 more
1789 2388 1838 2416 Ju-

1049 2434 1180 2465 daaorum,
1196 2434 1296 2468 quibus
1316 2433 1514 2461 sacrificiorum
1530 2434 1603 2470 leges
1623 2441 1639 2461 a
1655 2434 1749 2469 Moyse
1769 2443 1838 2470 pra-

1050 2480 1218 2510 scribuntur,
1234 2479 1398 2506 Christianis
1413 2483 1510 2506 auctor
1523 2483 1576 2511 est,
1592 2482 1622 2506 ut
1637 2483 1665 2506 et
1679 2479 1731 2514 ipsi
1748 2484 1835 2508 statu-

1051 2531 1108 2554 tum
1124 2526 1158 2553 ab
1171 2526 1302 2561 apostolis
1317 2525 1486 2553 oblationum
1499 2528 1527 2552 et
1541 2522 1689 2552 ofﬁciorum
1711 2526 1835 2553 ordinem

1051 2577 1205 2600 reverenter
1217 2571 1352 2606 accipiant
1368 2577 1400 2598 ae
1413 2574 1531 2598 servent.
1547 2570 1604 2598 Hoc
1618 2574 1719 2603 autem,
1735 2575 1766 2598 ut
1779 2571 1833 2606 ipse

1085 2650 1158 2684 (l00)
1180 2649 1271 2677 Tom.l
1287 2648 1360 2676 Eccl.
1376 2649 1451 2680 hist,
1464 2656 1526 2684 pag.
1541 2649 1605 2680 265,
1620 2650 1688 2677 edit.
1709 2650 1802 2678 Latin.

1085 2685 1124 2719 tl)
1141 2684 1205 2720 Lib.
1218 2692 1248 2720 ιιι
1270 2685 1378 2720 Advers.
1394 2684 1499 2720 harem,
1520 2692 1579 2720 cap.
1598 2685 1624 2717 5,
1641 2689 1668 2712 et
1685 2686 1760 2720 apud
1780 2685 1832 2714 Eu-

1051 2719 1165 2751 sebium.
1184 2719 1268 2751 Η.Ε.,
1285 2719 1332 2746 lib.
1350 2727 1374 2751 ν,
1390 2727 1414 2747 c.
1430 2719 1456 2746 6.

1085 2754 1123 2789 (2)
1143 2755 1219 2790 Apud
1235 2754 1344 2786 Euseb.,
1362 2755 1408 2782 lib.
1425 2761 1462 2786 Iv,
1477 2762 1537 2789 cap.
1552 2754 1597 2783 22.

1086 2790 1124 2824 (ὅ)
1144 2789 1210 2823 Cap.
1227 2790 1271 2817 15.

1086 2825 1123 2860 (ι)
1144 2825 1227 2860 Epist.
1244 2825 1255 2853 ι
1272 2824 1368 2858 Cleon.
1384 2832 1443 2860 cap.
1459 2824 1502 2852 tl.
