1875 3101
50 184 102 211 137

681 179 849 208 ΡηοοεΜιΑ
869 179 1061 209 YARIORUM.

1630 186 1680 213 138

46 242 88 268 vir
104 239 304 268 celeberrimus
319 239 449 266 Claudius
466 238 562 275 Fleury
578 239 677 266 fatetur
690 239 740 273 (5),
757 239 784 266 in
797 247 845 266 ex-
859 239 881 268 Δ
895 239 941 273 qui
958 243 1068 274 propter
1084 240 1238 272 exordium,
1255 241 1282 266 in
1298 247 1352 274 quo
1365 240 1495 267 salutatio
1514 247 1575 268 cum
1601 249 1681 276 prece

47 286 183 320 ponendis
198 285 450 320 comparationibus
465 293 516 312 usu
531 285 614 316 venit,
632 288 662 312 ut
677 292 722 312 res
733 292 844 320 praeter-

896 284 1166 319 cnnjuncta,contra
1181 285 1368 320 apostolorum
1401 289 1484 320 atque
1505 286 1591 321 ipsius
1619 286 1681 314 Cle-

47 331 91 358 itaa
118 331 234 366 perinde
250 339 282 360 ac
295 331 319 360 si
330 335 479 367 praesentes
493 331 631 362 adessent,
644 330 679 358 ob
693 331 788 358 oculos
799 338 846 365 po-
895 331 996 358 mentis
1011 332 1214 365 morem,deest,
1229 339 1289 359 eam
1316 332 1342 359 in
1365 331 1538 360 homiliarnm
1567 340 1681 360 censum

46 380 160 404 nantur.

79 422 139 450 Nec
152 424 275 459 sequitur
290 431 322 451 ex
344 433 387 456 ea,
403 429 432 451 ut
444 423 519 451 Petri
532 428 557 450 et
581 423 662 450 Pauli
686 424 843 459 martyrium

43 469 165 502 proxime
175 469 466 504 exceperit—Frustra
477 469 558 497 etiam
570 469 736 497 Clementem
751 471 842 505 proxi-

45 522 88 542 me
103 519 169 550 post
180 515 255 543 Petri
270 520 298 544 et
319 515 397 543 Pauli
412 517 574 552 martyrium
597 516 742 551 scripsisse
755 524 788 544 ex
809 524 842 544 eo

44 561 198 596 colligitur,
207 561 282 596 quod
292 562 382 598 capite
391 561 408 590 4
419 561 473 598 (6),
490 562 593 595 Abelis,
602 561 806 599 Jacob,,Moysis
816 566 842 590 et

46 604 172 638 Davidis.
193 606 241 642 qui
263 615 312 642 per
329 608 530 635 aemulationem
558 615 591 635 ac
616 607 746 636 invidiam
757 609 842 636 multa

46 652 120 687 passi
137 656 215 684 sunt,
232 654 376 687 promissis
391 654 529 688 exemplis,
546 654 641 689 capitis
656 654 673 682 5
685 654 761 682 initio
776 655 840 682 sub-

42 697 118 732 jicit:
137 706 146 723 ι
165 697 217 725 Sed
233 699 323 726 missis
343 699 472 726 veteribus
492 700 617 734 exemplis
643 701 778 728 veniamus
806 703 841 728 ad

45 742 190 776 proximos
201 743 320 771 athletas
332 748 357 770 et
374 744 461 771 (etatis
476 748 573 772 nostra:
586 753 711 780 generosa
721 747 842 781 exempla

45 795 184 814 sumamus
197 788 247 823 (7),
267 798 276 814 ι
290 795 322 815 ac
344 788 442 817 deinde
456 788 530 817 Petri
543 793 570 817 et
591 790 668 818 Pauli
680 793 840 828 martyrium

44 837 168 863 enarrat.
182 833 268 861 Nemo
284 833 356 862 enim
368 842 423 862 non
437 835 522 868 videt,
534 843 616 871 quam
630 841 704 865 recte
715 838 841 866 Clemens

46 879 120 905 circa
137 886 241 906 annum
257 879 358 908 Christi
372 880 407 908 97
419 880 494 909 Petri
519 888 551 909 ac.
563 881 641 910 Pauli
666 885 838 919 martyrium,

44 930 108 950 cum
127 924 301 960 temporibus
323 925 444 958 Davidis,
470 925 582 962 Moysis.
599 926 685 955 Jacob
698 931 726 956 et
749 920 841 957 Abelis

43 974 248 1004 comparatum,
268 972 420 1006 proximum
435 980 467 1000 ae
491 973 606 1001 vicinum
630 975 717 1003 atatis
742 981 841 1004 nostra:

43 1015 157 1044 dixerit.
173 1017 232 1044 lmo
246 1025 334 1053 neque
350 1019 505 1053 proximum
519 1020 554 1048 ab
567 1028 601 1048 eo
615 1020 717 1049 dicitur
730 1022 838 1055 diebus,

44 1061 147 1096 quibus
163 1063 269 1095 scribit,
283 1063 331 1091 sed
346 1064 419 1092 aetati
435 1064 536 1101 (γενεᾷ)
550 1073 632 1102 quam
656 1067 721 1103 agit,
737 1075 786 1096 seu
810 1069 838 1097 in

43 1115 99 1143 qua
124 1108 210 1144 degit.
234 1109 347 1137 Demum
362 1111 452 1146 capite
476 1111 686 1148 quadragesimo
709 1115 838 1149 septimo,

44 1154 91 1181 ubi
105 1154 141 1182 ad
167 1155 323 1190 evangelica
346 1160 470 1192 tempora
491 1157 614 1186 animum
636 1158 731 1192 refert,
752 1167 838 1195 eaque

44 1206 109 1225 cum
135 1199 182 1226 illo
198 1201 329 1234 temporis
352 1201 442 1236 spatio
457 1201 573 1235 confert,
588 1210 645 1238 quo
662 1204 769 1238 scribit,
785 1204 839 1232 Co-

43 1245 213 1272 rinthiorum
228 1245 379 1275 Ecclesiam
396 1247 533 1283 antiquam
547 1256 655 1282 vocare,
671 1253 699 1277 et
719 1250 837 1285 primum

42 1298 140 1318 eorum
154 1291 309 1324 dissidium,
325 1291 359 1320 de
371 1301 426 1328 quo
440 1292 541 1322 Paulus
564 1295 686 1330 loquitur
698 1296 729 1329 ",
755 1300 785 1323 ut
808 1296 837 1323 in

42 1337 174 1371 principio
190 1336 326 1373 Evangelii
339 1345 426 1367 ortum
439 1347 601 1374 memorare,
615 1341 757 1378 ipsamque
771 1349 837 1378 apo-

42 1383 107 1410 stoli
119 1382 203 1417 hujus
220 1384 374 1419 epistolam,
388 1386 496 1413 tametsi
511 1387 718 1422 quattuordecim
729 1392 835 1417 tantum

42 1430 125 1458 annis
150 1430 288 1458 excidium
314 1430 572 1468 Jerosolymitannm
598 1436 780 1469 praecesserit,
807 1437 836 1464 in

40 1476 173 1510 principia
198 1475 336 1512 Evangelii
366 1479 491 1513 scriptam
513 1479 607 1507 dicere
630 1487 686 1508 non
717 1481 834 1510 dubitat.

895 375 1064 403 referendam
1092 384 1155 404 esse
1176 378 1320 412 judicavit.
1338 377 1437 405 Verum
1468 387 1522 406 non
1543 383 1617 405 tanta
1639 383 1682 406 est

894 422 953 450 haec
971 423 1052 454 ratio,
1077 428 1106 450 ut
1119 428 1254 455 veterum,
1278 424 1324 458 qni
1345 423 1484 458 epistolam
1508 429 1679 460 nuncupant,

894 476 1002 496 summo
1015 470 1162 496 consensui
1176 477 1230 497 non
1242 470 1331 496 dicam
1343 470 1483 503 anteferri,
1499 470 1547 498 sed
1559 471 1602 498 vel
1614 478 1681 498 con-

895 513 960 541 ferri
988 514 1044 541 ullo
1070 514 1151 542 modo
1174 515 1270 542 valeat.
1288 514 1408 550 Longius
1433 515 1522 543 adhuc
1546 517 1681 550 processit

893 559 1059 593 Dodwellus,
1077 561 1329 597 intemperantioris
1344 562 1454 590 critices
1475 566 1596 590 sectator
1622 568 1680 590 stu-

893 605 1078 638 diosissimus,
1094 606 1140 641 qui
1152 615 1276 634 asserere
1292 615 1347 635 non
1362 606 1508 640 dubitavit,
1529 608 1590 635 loca
1611 615 1681 635 non-

892 649 967 676 nulla
980 649 1103 685 ejusdem
1114 651 1236 686 epistolae
1251 651 1351 687 stylum
1374 652 1541 687 eclogarium
1556 652 1679 689 llypoty-

892 702 995 729 poseon
1022 694 1171 724 Clementis
1194 696 1373 724 Alexandrini
1403 697 1527 731 referre,
1557 698 1680 734 adeoque

892 741 1031 769 immistos
1047 741 1164 769 invicem
1180 741 1249 770 duos
1263 742 1326 770 illos
1338 742 1424 771 fuisse
1437 742 1601 772 Clementes.
1626 743 1679 772 Sed

892 793 1021 814 censores
1031 786 1186 815 istiusmodi
1202 788 1355 821 mittamus,
1368 789 1413 823 qui
1438 796 1453 816 a
1464 789 1579 817 veritate
1600 789 1680 824 longe

891 832 1018 860 aberrare
1032 837 1194 861 noscuntur.

926 878 986 905 Duo
1004 879 1114 906 maximi
1129 879 1253 907 momenti
1268 879 1425 907 documenta
1438 889 1486 915 pro
1497 880 1629 915 ﬁdelibus.
1645 896 1680 902 —

893 923 931 951 Ex
940 924 1096 953 venerando
1106 925 1159 953 hoc
1178 932 1264 953 sacrm
1291 926 1463 961 antiquitatis
1489 932 1676 958 monumento,

891 970 965 1006 quod
981 978 1116 999 summam
1131 971 1284 1006 primorum
1296 971 1517 1000 Christianorum
1544 972 1677 1007 simplici-

891 1021 975 1045 tatem
989 1017 1071 1052 sapit,
1089 1017 1144 1046 duo
1164 1018 1192 1044 in
1205 1017 1302 1052 primis
1316 1018 1429 1046 maximi
1443 1018 1573 1046 momenti
1591 1018 1678 1046 docn-

891 1066 981 1090 menta
1004 1062 1098 1090 fideles
1120 1063 1285 1099 percipiunt.
1309 1062 1430 1091 Primum
1452 1063 1543 1096 enim,
1576 1063 1622 1090 ubi
1647 1063 1676 1090 in

889 1108 1019 1144 primaria
1035 1108 1167 1142 Ecclesia,
1181 1112 1221 1136 tot
1233 1108 1353 1144 Spiritus
1366 1109 1454 1138 sancti
1469 1108 1550 1137 donis
1563 1113 1676 1142 ornata,

889 1163 922 1183 ac
934 1155 1062 1184 maximis
1076 1156 1263 1192 apostolorum
1281 1156 1429 1185 sudoribus
1441 1156 1560 1188 exculta,
1582 1155 1676 1191 spinas

889 1200 1093 1230 dissensionum
1103 1205 1215 1230 exortae
1229 1201 1334 1235 vident,
1354 1201 1446 1229 minus
1454 1202 1512 1236 jam
1528 1201 1675 1232 mirantur,

889 1248 914 1276 si
929 1249 1001 1276 inter
1014 1248 1189 1277 Christianas
1204 1249 1363 1282 societates,
1379 1255 1441 1284 quis
1463 1253 1537 1277 recte
1560 1256 1676 1284 compo-

888 1295 948 1323 sita
959 1295 1085 1329 audiunt,
1098 1295 1255 1332 hujusmodi
1267 1296 1395 1324 scandala
1403 1295 1507 1324 oboriri
1520 1295 1674 1330 contigerit.

888 1339 1034 1376 Nunquam
1059 1341 1189 1369 nimirum
1209 1341 1328 1376 quiescit
1353 1341 1483 1376 antiquus
1508 1341 1675 1372 zizaniorum

887 1387 1037 1415 seminator
1051 1391 1078 1415 et
1089 1394 1184 1422 agrum
1199 1386 1306 1415 Domini
1318 1386 1446 1416 infaustis
1459 1387 1609 1415 seminibus
1625 1386 1677 1414 fa:-

887 1433 953 1461 dare
979 1440 1036 1460 non
1060 1436 1162 1461 cessat.
1188 1432 1242 1461 Sed
1270 1434 1396 1469 quamvis
1411 1433 1554 1469 antiquum
1571 1433 1607 1461 sit
1622 1433 1674 1461 hoc

886 1478 1010 1512 malum,
1029 1486 1084 1506 non
1109 1479 1171 1507 ideo
1189 1483 1280 1506 tamen
1312 1479 1404 1508 minus
1431 1479 1598 1515 lugendum;
1626 1479 1673 1506 sed

42 1522 123 1556 Quod
148 1530 215 1551 sane
231 1523 350 1552 evidenti
375 1529 535 1560 argumento
549 1529 602 1558 est,
618 1534 692 1560 eum,
717 1534 781 1554 cum
797 1528 834 1556 ita
886 1523 991 1552 nullum
999 1531 1071 1557 esse,
1084 1524 1128 1552 cui
1144 1524 1294 1553 remedium
1306 1524 1388 1553 citius
1417 1524 1603 1553 adhibendum
1625 1525 1672 1556 sit.

42 1569 189 1601 scriberet,
205 1570 312 1605 longius
337 1571 372 1599 ab
391 1572 487 1600 eodem
512 1571 649 1608 principio
664 1574 812 1602 recessisse
825 1584 832 1602 ε
847 1585 870 1614 c
887 1571 951 1599 item
961 1578 994 1599 ex
1005 1570 1059 1599 hoc
1073 1571 1186 1607 scripto,
1202 1575 1232 1599 ut
1241 1579 1275 1599 ex
1287 1570 1366 1598 Pauli
1382 1571 1512 1607 Epistola,
1526 1571 1674 1605 docemur;

42 1622 96 1642 nec
119 1615 222 1643 abhinc
236 1616 384 1645 recessisse
407 1617 516 1653 longius
527 1618 675 1652 videretur,
689 1619 763 1652 si.ut
778 1621 836 1649 vult
856 1613 861 1614 ⁷
887 1623 984 1651 nempe
1003 1616 1079 1643 ῑθιιυί
1101 1615 1301 1644 discordiarum
1317 1615 1437 1648 “ammav
1451 1617 1505 1645 ηίεί
1519 1613 1601 1652 (ibam
1617 1617 1674 1652 μί’

42 1660 173 1694 Crabius,
186 1662 316 1697 praedicta
330 1662 406 1691 Pauli
420 1664 536 1700 epistola
551 1664 603 1693 hac
616 1665 764 1694 Clementis
785 1675 836 1695 no-
886 1670 961 1690 mum
974 1662 1175 1698 exstinguatur,
1188 1662 1264 1691 brevi
1279 1663 1377 1699 ingens
1395 1662 1551 1691 incendium
1579 1663 1674 1691 conci-

42 1714 102 1734 γεω
117 1707 260 1740 duntaxat,
277 1708 319 1736 vel
336 1708 371 1736 ad
385 1717 522 1737 summum
535 1709 679 1739 duodecim
693 1711 773 1740 annis
786 1719 836 1747 po-
884 1708 950 1742 turi,
966 1709 1090 1745 apprime
1105 1710 1250 1738 callebant.

42 1752 142 1779 sterior
158 1751 238 1780 foret.
1143 1766 1342 1795 ABTICULUS
1364 1767 1408 1794 Ν.

77 1795 117 1822 De
132 1801 265 1830 tempore,
295 1805 346 1832 quo
372 1797 458 1826 altera
476 1799 589 1834 epistola
615 1801 724 1835 scripta.
740 1816 775 1822 -—
797 1801 834 1830 De

43 1842 175 1876 temporis
186 1846 278 1870 autem
292 1844 442 1877 notatione,
456 1852 510 1880 quo
524 1846 627 1880 scripta
645 1846 728 1875 fuerit
741 1851 833 1882 poste-

43 1888 99 1915 rior
113 1888 267 1916 Clementis
280 1890 407 1925 epistola,
427 1890 497 1918 nihil
522 1891 632 1926 quidem
648 1894 718 1921 certi
743 1902 776 1922 ex
800 1902 832 1922 ea

999 1820 1150 1844 UTRIUSQUE
1163 1820 1300 1841 EPISTOLE
1315 1820 1410 1840 BREVIS
1425 1820 1562 1840 ANALYSIS.

938 1857 1036 1886 Prima
1052 1858 1087 1886 ad
1108 1858 1331 1920 Corinthiosaldioi
1347 1857 1490 1886 Clementis
1502 1859 1620 1892 cpistola:

1217 1902 1251 1920 an
1282 1902 1347 1920 um.

1217 1902 1336 1929 anatym
1341 1914 1347 1921 .

41 1935 140 1963 elicere
153 1943 318 1971 possumus,
340 1945 404 1965 cum
431 1938 528 1966 mutila
543 1939 578 1967 ad
592 1947 643 1968 nos
664 1941 830 1976 pervenerit,
917 1939 1036 1968 Sanctus
1056 1939 1195 1973 Clemens,
1224 1943 1369 1975 postquam
1392 1939 1556 1975 Corinthiis,
1573 1938 1669 1967 eodem

41 1981 115 2009 unde
125 1981 196 2008 illud
211 1986 357 2011 statuatur.
378 1983 431 2016 Qui
443 1991 504 2012 eam
516 1984 650 2021 integram
665 1986 764 2022 legisse
779 1995 830 2022 pu-
882 1985 939 2013 fere
953 1989 1033 2021 pacto
1061 1993 1116 2021 quo
1140 1985 1220 2013 divus
1232 1984 1334 2013 Paulus
1348 1984 1485 2020 Epistolas
1502 1992 1566 2013 suas
1588 1992 1669 2013 exor-

40 2032 115 2055 tatur
129 2027 257 2061 Pbotins,
270 2028 299 2056 in
313 2029 374 2064 ejus
384 2030 545 2059 recensione
557 2032 658 2060 nullam
670 2032 736 2061 iacit
748 2034 831 2062 dissi-
880 2030 966 2063 ditur.
982 2031 1097 2058 Salutem
1113 2031 1239 2063 dixisset.
1261 2034 1361 2066 pursat
1386 2038 1417 2059 se
1431 2030 1503 2066 apud
1517 2038 1576 2065 εοεν
1592 2031 1667 2066 quo“

40 2073 78 2101 dii
95 2073 266 2102 Corinthiaci
277 2075 442 2104 mentionem
455 2085 463 2111 ;
479 2076 527 2104 sed
542 2077 628 2112 ipsam
641 2079 830 2108 tantummodo
880 2077 1027 2112 propositis
1042 2076 1260 2106 dubitationibus
1274 2077 1381 2106 tardius
1395 2077 1541 2106 rescribat.
1557 2077 1660 2105 Eorum

40 2120 255 2151 institutionem.
269 2124 297 2149 et
307 2121 523 2151 admonitionem
540 2124 662 2153 melioris
675 2126 738 2153 vita:
749 2126 830 2154 indu—
879 2123 978 2151 deinde
992 2123 1109 2151 virtutes
1123 2123 1239 2156 extollit,
1249 2123 1311 2151 ﬁdei
1323 2123 1461 2159 praecipue
1471 2124 1666 2155 constantiam,

40 2174 105 2195 cere
119 2166 218 2195 scribit
231 2166 281 2203 (8).
295 2167 366 2195 Hinc
381 2167 463 2197 facile
477 2170 540 2204 quis
556 2171 677 2206 colligat,
696 2171 829 2201 Corintho

926 2169 990 2197 tatis
1003 2170 1205 2203 excellentiam,
1217 2169 1413 2205 hospitalitatis
1423 2170 1666 2206 magniﬁcentiam,

40 2211 158 2239 Romam
174 2211 276 2240 reduce
291 2211 451 2247 Fortunato,
472 2221 534 2242 cum
558 2215 620 2243 aliis
636 2216 729 2250 sociis,
752 2218 828 2245 schi-
879 2215 1023 2243 scientiam
1054 2215 1298 2248 absolutissimam.
1326 2215 1465 2244 sincerum
1488 2215 1517 2243 in
1542 2220 1667 2251 νθειοτει

41 2261 131 2284 smate
143 2256 200 2292 jam
215 2257 335 2292 sublato,
349 2262 377 2286 et
391 2259 476 2294 quieti
488 2258 610 2288 Ecclesia
630 2261 677 2288 illa
691 2263 826 2298 restituta,
842 2255 866 2283 Β
879 2261 1053 2296 obsequium.
1069 2260 1116 2288 Dei
1130 2260 1207 2288 verbi
1223 2260 1357 2292 studium.
1372 2261 1512 2297 egregium
1538 2269 1590 2296 pro
1615 2269 1665 2290 sua

41 2303 113 2331 hanc
128 2302 229 2332 deinde
243 2303 329 2332 fuisse
341 2312 357 2331 a
367 2303 508 2334 Clemente
515 2307 696 2342 perscriptam
721 2309 826 2344 episto-
881 2307 1053 2341 aliorumque
1064 2306 1153 2333 salute
1161 2306 1244 2334 animi
1254 2306 1414 2339 candorem,
1429 2312 1511 2342 atque
1521 2307 1548 2334 in
1557 2307 1664 2335 Domini

40 2351 94 2377 iam
107 2357 181 2378 anno
195 2349 265 2378 forte
277 2350 312 2378 98
328 2351 490 2386 insequente
500 2372 508 2385 ,
524 2360 580 2388 quo
590 2353 620 2381 in
645 2361 713 2389 pace
740 2356 827 2391 magis
878 2351 985 2387 legibus
995 2351 1139 2380 servandis
1153 2351 1325 2385 ﬁdelitatem,
1340 2353 1524 2382 commendat.
1533 2352 1574 2381 Ad
1590 2354 1665 2381 schi-

40 2396 132 2424 adbuc
150 2395 324 2424 ﬁrmarentur
335 2395 481 2426 Corinthii.
876 2404 937 2425 sma
956 2396 1055 2424 deinde
1064 2396 1213 2429 transiens,
1225 2404 1281 2432 quo
1294 2401 1336 2425 tot
1349 2397 1466 2426 virtutes
1477 2398 1664 2426 obscuraban-

77 2441 151 2468 Num
166 2441 252 2469 altera
261 2441 404 2469 Clementis
411 2443 523 2477 epistola
533 2445 568 2472 u‘r
581 2445 700 2473 nomium
710 2455 825 2481 pa"...
875 2446 922 2469 tur
935 2451 941 2469 :
958 2441 1050 2470 Omnis
1064 2442 1161 2478 gloria,
1173 2442 1272 2478 inquit,
1287 2447 1313 2470 et
1327 2444 1401 2478 copia
1420 2443 1491 2471 vobis
1509 2444 1575 2472 data
1593 2450 1661 2476 erat.

39 2487 114 2516 Viris
126 2487 291 2523 quibusdam
302 2487 403 2522 doctis,
419 2490 569 2524 praesertim
580 2490 730 2520 Vendelino
744 2496 826 2528 atque
878 2495 955 2524 atque
967 2489 995 2516 in
1009 2488 1081 2516 vobis
1100 2488 1169 2516 illud
1179 2487 1324 2523 Scriptura:
1336 2490 1472 2524 impletum
1483 2497 1540 2518 est:
1564 2500 1572 2516 ι
1586 2490 1660 2524 Edit,

38 2532 193 2564 Blondello,
203 2532 294 2561 visum
309 2532 372 2566 fuit,
384 2534 533 2562 secundam
553 2535 702 2565 Clementis
724 2538 757 2566 ad
771 2539 825 2566 Co-
876 2543 902 2564 ει
917 2535 992 2567 bibit,
1010 2539 1035 2562 et
1049 2534 1179 2562 dilatatur
1191 2539 1241 2567 est,
1257 2543 1289 2561 ac
1305 2535 1486 2562 incrauatus:
1499 2540 1524 2563 et
1551 2537 1662 2564 recalci-

35 2577 157 2606 rinthios
172 2577 316 2614 epistolam
339 2578 458 2608 homiliaz
470 2581 562 2616 potius
578 2586 681 2618 partem
691 2590 763 2617 esse,
779 2585 824 2613 cui
877 2581 1077 2610 travitdilectus
1091 2581 1122 2608 ‘°.
1139 2590 1149 2606 ι
1169 2580 1239 2608 Hinc
1263 2581 1399 2609 wmulatio
1419 2586 1444 2608 et
1467 2581 1613 2616 discordia,
1636 2589 1661 2610 et

35 2623 161 2659 opinioni
173 2623 292 2652 Grabius
304 2632 413 2660 quoque
437 2626 629 2656 incunctanter
646 2628 821 2666 subscripsit,
877 2628 981 2656 seditio.
996 2627 1041 2656 Sic
1055 2627 1255 2655 insurrexerunt
1270 2627 1421 2656 inhonorati
1433 2633 1526 2656 contra
1546 2629 1661 2656 honora-

72 2757 94 2772 "
110 2754 121 2782 1
134 2754 200 2783 Cor.
214 2764 235 2783 ι.
275 2756 298 2773 ¹⁶
308 2755 388 2785 Deut.
404 2765 479 2785 xxxn
489 2778 497 2791 ,
507 2759 550 2787 i5.

69 2859 108 2900 (§)
125 2858 165 2900 ad
180 2866 283 2900 annum
296 2860 344 2900 769,
361 2865 427 2890 tom.
444 2861 542 2900 l,_pag.
558 2863 620 2892 284.
909 2865 948 2900 (7)
968 2864 1064 2895 Clem.,
1077 2864 1157 2900 epist.
1173 2865 1198 2892 t.
1216 2872 1291 2892 num.
1311 2864 1336 2891 5.

72 2865 108 2893 ιδ)
125 2865 165 2887 an
180 2866 283 2888 annum
299 2865 344 2892 69.
361 2865 427 2890 tom.
444 2865 464 2894 l,
483 2869 542 2899 pag.
558 2865 620 2892 284.
922 2865 948 2900 7)
968 2865 1064 2895 Clem.,
1077 2865 1157 2900 epist.
1173 2865 1198 2892 t.
1216 2872 1291 2892 num.

72 2895 108 2930 (6)
127 2895 215 2923 Clem.
231 2895 314 2931 epist.
327 2896 353 2928 ί,
368 2903 444 2925 num.
462 2897 488 2926 4.
909 2865 949 2936 i8)
967 2900 1090 2933 Photius,
1110 2900 1204 2927 codice
1218 2905 1307 2925 cxxvi.

148 2942 366 2978 Pauculis.
394 2943 418 2975 1.
1515 2947 1534 2977 5
