  <div class='ocr_page' id='page_1' title='image "/cluster/home/n/w/nwhite01/storage/ocr_20150623/1/njp.32101077772331/109.png"; bbox 0 0 1875 3101; ppageno 0'>
   <div class='ocr_carea' id='block_1_1' title="bbox 187 181 237 209">
    <p class='ocr_par' dir='ltr' id='par_1_1' title="bbox 187 181 237 209">
     <span class='ocr_line' id='line_1_1' title="bbox 187 181 237 209; baseline -0.02 0"><span class='ocrx_word' id='word_1_1' title='bbox 187 181 237 209; x_wconf 70' lang='grc'><strong><em>139</em></strong></span> 
     </span>
    </p>
   </div>
   <div class='ocr_carea' id='block_1_2' title="bbox 755 174 1242 205">
    <p class='ocr_par' dir='ltr' id='par_1_2' title="bbox 755 174 1242 205">
     <span class='ocr_line' id='line_1_2' title="bbox 755 174 1242 205; baseline -0.002 -2"><span class='ocrx_word' id='word_1_2' title='bbox 755 176 799 203; x_wconf 84' lang='lat' dir='ltr'><strong><em>AD</em></strong></span> <span class='ocrx_word' id='word_1_3' title='bbox 819 175 848 205; x_wconf 90' lang='lat' dir='ltr'><strong><em>S.</em></strong></span> <span class='ocrx_word' id='word_1_4' title='bbox 869 175 1080 204; x_wconf 77' lang='lat' dir='ltr'><strong><em>CLEMENTEM</em></strong></span> <span class='ocrx_word' id='word_1_5' title='bbox 1098 175 1108 202; x_wconf 97' lang='lat' dir='ltr'><strong><em>l</em></strong></span> <span class='ocrx_word' id='word_1_6' title='bbox 1127 174 1242 203; x_wconf 80' lang='lat' dir='ltr'><strong>PAPAM</strong></span> 
     </span>
    </p>
   </div>
   <div class='ocr_carea' id='block_1_3' title="bbox 1764 179 1813 206">
    <p class='ocr_par' dir='ltr' id='par_1_3' title="bbox 1764 179 1813 206">
     <span class='ocr_line' id='line_1_3' title="bbox 1764 179 1813 206; baseline 0 0"><span class='ocrx_word' id='word_1_7' title='bbox 1764 179 1813 206; x_wconf 73' lang='lat' dir='ltr'><strong><em>MO</em></strong></span> 
     </span>
    </p>
   </div>
   <div class='ocr_carea' id='block_1_4' title="bbox 186 232 1814 270">
    <p class='ocr_par' dir='ltr' id='par_1_4' title="bbox 186 232 1814 270">
     <span class='ocr_line' id='line_1_4' title="bbox 186 232 1814 270; baseline 0.001 -8"><span class='ocrx_word' id='word_1_8' title='bbox 186 243 236 268; x_wconf 80' lang='lat' dir='ltr'><strong><em>tos,</em></strong></span> <span class='ocrx_word' id='word_1_9' title='bbox 254 234 362 270; x_wconf 81' lang='lat' dir='ltr'><strong><em>inglorii</em></strong></span> <span class='ocrx_word' id='word_1_10' title='bbox 378 238 470 260; x_wconf 87' lang='lat' dir='ltr'><strong><em>contra</em></strong></span> <span class='ocrx_word' id='word_1_11' title='bbox 485 233 626 268; x_wconf 83' lang='lat' dir='ltr'><strong><em>gloriosos;</em></strong></span> <span class='ocrx_word' id='word_1_12' title='bbox 650 233 802 266; x_wconf 87' lang='lat' dir='ltr'><strong><em>insipientes</em></strong></span> <span class='ocrx_word' id='word_1_13' title='bbox 817 237 910 260; x_wconf 79' lang='lat' dir='ltr'><strong><em>contra</em></strong></span> <span class='ocrx_word' id='word_1_14' title='bbox 925 241 968 259; x_wconf 83' lang='lat' dir='ltr'><strong><em>sa-</em></strong></span> <span class='ocrx_word' id='word_1_15' title='bbox 984 235 1006 263; x_wconf 80' lang='grc' dir='ltr'><strong>Α</strong></span> <span class='ocrx_word' id='word_1_16' title='bbox 1022 239 1121 267; x_wconf 86' lang='lat' dir='ltr'><strong><em>parens</em></strong></span> <span class='ocrx_word' id='word_1_17' title='bbox 1135 232 1235 260; x_wconf 81' lang='lat' dir='ltr'><strong><em>divina:</em></strong></span> <span class='ocrx_word' id='word_1_18' title='bbox 1248 232 1390 261; x_wconf 84' lang='lat' dir='ltr'><strong><em>electionis</em></strong></span> <span class='ocrx_word' id='word_1_19' title='bbox 1402 239 1459 260; x_wconf 67' lang='lat' dir='ltr'><strong><em>suae</em></strong></span> <span class='ocrx_word' id='word_1_20' title='bbox 1471 233 1620 269; x_wconf 77' lang='lat' dir='ltr'><strong><em>participes</em></strong></span> <span class='ocrx_word' id='word_1_21' title='bbox 1649 241 1700 262; x_wconf 89' lang='lat' dir='ltr'><strong><em>nos</em></strong></span> <span class='ocrx_word' id='word_1_22' title='bbox 1715 234 1814 263; x_wconf 77' lang='lat' dir='ltr'><strong><em>eﬂece-</em></strong></span> 
     </span>
    </p>
   </div>
   <div class='ocr_carea' id='block_1_5' title="bbox 184 277 971 318">
    <p class='ocr_par' dir='ltr' id='par_1_5' title="bbox 184 277 971 318">
     <span class='ocr_line' id='line_1_5' title="bbox 184 277 971 318; baseline -0.006 -8"><span class='ocrx_word' id='word_1_23' title='bbox 184 284 294 318; x_wconf 85' lang='lat' dir='ltr'><strong><em>pientes,</em></strong></span> <span class='ocrx_word' id='word_1_24' title='bbox 305 277 412 316; x_wconf 73' lang='lat' dir='ltr'><strong><em>juvenes</em></strong></span> <span class='ocrx_word' id='word_1_25' title='bbox 420 280 545 307; x_wconf 83' lang='lat' dir='ltr'><strong><em>adversus</em></strong></span> <span class='ocrx_word' id='word_1_26' title='bbox 558 279 682 306; x_wconf 85' lang='lat' dir='ltr'><strong><em>seniores.</em></strong></span> <span class='ocrx_word' id='word_1_27' title='bbox 695 278 758 306; x_wconf 83' lang='lat' dir='ltr'><strong><em>Ideo</em></strong></span> <span class='ocrx_word' id='word_1_28' title='bbox 773 279 865 313; x_wconf 79' lang='lat' dir='ltr'><strong><em>procul</em></strong></span> <span class='ocrx_word' id='word_1_29' title='bbox 876 278 971 306; x_wconf 88' lang='lat' dir='ltr'><strong><em>absunt</em></strong></span> 
     </span>
    </p>
   </div>
   <div class='ocr_carea' id='block_1_6' title="bbox 182 324 972 363">
    <p class='ocr_par' dir='ltr' id='par_1_6' title="bbox 182 324 972 363">
     <span class='ocr_line' id='line_1_6' title="bbox 182 324 972 363; baseline -0.004 -8"><span class='ocrx_word' id='word_1_30' title='bbox 182 328 289 363; x_wconf 78' lang='lat' dir='ltr'><strong><em>iustitia</em></strong></span> <span class='ocrx_word' id='word_1_31' title='bbox 300 332 324 354; x_wconf 91' lang='lat' dir='ltr'><strong><em>et</em></strong></span> <span class='ocrx_word' id='word_1_32' title='bbox 339 334 408 361; x_wconf 71' lang='lat' dir='ltr'><strong><em>pax;</em></strong></span> <span class='ocrx_word' id='word_1_33' title='bbox 426 326 489 352; x_wconf 88' lang='lat' dir='ltr'><strong><em>dum</em></strong></span> <span class='ocrx_word' id='word_1_34' title='bbox 499 325 675 359; x_wconf 70' lang='lat' dir='ltr'><strong><em>unusquisque</em></strong></span> <span class='ocrx_word' id='word_1_35' title='bbox 695 325 814 351; x_wconf 88' lang='lat' dir='ltr'><strong><em>timorem</em></strong></span> <span class='ocrx_word' id='word_1_36' title='bbox 830 324 879 352; x_wconf 88' lang='lat' dir='ltr'><strong><em>Dei</em></strong></span> <span class='ocrx_word' id='word_1_37' title='bbox 897 324 972 352; x_wconf 48' lang='lat' dir='ltr'><strong><em>dese-</em></strong></span> 
     </span>
    </p>
   </div>
   <div class='ocr_carea' id='block_1_7' title="bbox 184 371 970 407">
    <p class='ocr_par' dir='ltr' id='par_1_7' title="bbox 184 371 970 407">
     <span class='ocr_line' id='line_1_7' title="bbox 184 371 970 407; baseline -0.003 -7"><span class='ocrx_word' id='word_1_38' title='bbox 184 375 230 406; x_wconf 85' lang='lat' dir='ltr'><strong><em>rit,</em></strong></span> <span class='ocrx_word' id='word_1_39' title='bbox 247 378 272 400; x_wconf 92' lang='lat' dir='ltr'><strong><em>et</em></strong></span> <span class='ocrx_word' id='word_1_40' title='bbox 286 373 313 399; x_wconf 90' lang='lat' dir='ltr'><strong><em>in</em></strong></span> <span class='ocrx_word' id='word_1_41' title='bbox 333 372 385 407; x_wconf 85' lang='lat' dir='ltr'><strong><em>ﬁde</em></strong></span> <span class='ocrx_word' id='word_1_42' title='bbox 396 372 469 398; x_wconf 89' lang='lat' dir='ltr'><strong><em>illius</em></strong></span> <span class='ocrx_word' id='word_1_43' title='bbox 490 371 605 402; x_wconf 75' lang='lat' dir='ltr'><strong><em>cwcutit,</em></strong></span> <span class='ocrx_word' id='word_1_44' title='bbox 623 379 668 397; x_wconf 87' lang='lat' dir='ltr'><strong><em>nec</em></strong></span> <span class='ocrx_word' id='word_1_45' title='bbox 680 371 707 397; x_wconf 91' lang='lat' dir='ltr'><strong><em>in</em></strong></span> <span class='ocrx_word' id='word_1_46' title='bbox 722 371 853 398; x_wconf 86' lang='lat' dir='ltr'><strong><em>institutis</em></strong></span> <span class='ocrx_word' id='word_1_47' title='bbox 872 379 970 406; x_wconf 82' lang='lat' dir='ltr'><strong><em>pra&#39;ce—</em></strong></span> 
     </span>
    </p>
   </div>
   <div class='ocr_carea' id='block_1_8' title="bbox 182 410 972 454">
    <p class='ocr_par' dir='ltr' id='par_1_8' title="bbox 182 410 972 454">
     <span class='ocr_line' id='line_1_8' title="bbox 182 410 972 454; baseline -0.004 -8"><span class='ocrx_word' id='word_1_48' title='bbox 182 424 287 454; x_wconf 88' lang='lat' dir='ltr'><strong><em>ptorum</em></strong></span> <span class='ocrx_word' id='word_1_49' title='bbox 298 418 354 453; x_wconf 89' lang='lat' dir='ltr'><strong><em>ejus</em></strong></span> <span class='ocrx_word' id='word_1_50' title='bbox 370 410 500 448; x_wconf 79' lang='lat' dir='ltr'><strong><em>ambulat,</em></strong></span> <span class='ocrx_word' id='word_1_51' title='bbox 526 424 572 443; x_wconf 85' lang='lat' dir='ltr'><strong><em>nec</em></strong></span> <span class='ocrx_word' id='word_1_52' title='bbox 587 415 692 444; x_wconf 78' lang='lat' dir='ltr'><strong><em>Christo</em></strong></span> <span class='ocrx_word' id='word_1_53' title='bbox 704 416 823 443; x_wconf 80' lang='lat' dir='ltr'><strong><em>decenter</em></strong></span> <span class='ocrx_word' id='word_1_54' title='bbox 833 424 972 443; x_wconf 85' lang='lat' dir='ltr'><strong><em>conversa—</em></strong></span> 
     </span>
    </p>
   </div>
   <div class='ocr_carea' id='block_1_9' title="bbox 185 462 970 498">
    <p class='ocr_par' dir='ltr' id='par_1_9' title="bbox 185 462 970 498">
     <span class='ocr_line' id='line_1_9' title="bbox 185 462 970 498; baseline -0.003 -6"><span class='ocrx_word' id='word_1_55' title='bbox 185 470 242 495; x_wconf 83' lang='lat' dir='ltr'><strong><em>tur,‘</em></strong></span> <span class='ocrx_word' id='word_1_56' title='bbox 265 463 309 491; x_wconf 84' lang='lat' dir='ltr'><strong><em>sed</em></strong></span> <span class='ocrx_word' id='word_1_57' title='bbox 329 463 506 498; x_wconf 76' lang='lat' dir='ltr'><strong><em>unusquisque</em></strong></span> <span class='ocrx_word' id='word_1_58' title='bbox 531 462 674 490; x_wconf 83' lang='lat' dir='ltr'><strong><em>secundum</em></strong></span> <span class='ocrx_word' id='word_1_59' title='bbox 697 470 792 497; x_wconf 81' lang='lat' dir='ltr'><strong><em>pravas</em></strong></span> <span class='ocrx_word' id='word_1_60' title='bbox 815 463 970 496; x_wconf 84' lang='lat' dir='ltr'><strong><em>cupiditates</em></strong></span> 
     </span>
    </p>
   </div>
   <div class='ocr_carea' id='block_1_10' title="bbox 183 509 970 544">
    <p class='ocr_par' dir='ltr' id='par_1_10' title="bbox 183 509 970 544">
     <span class='ocr_line' id='line_1_10' title="bbox 183 509 970 544; baseline -0.003 -6"><span class='ocrx_word' id='word_1_61' title='bbox 183 519 246 538; x_wconf 84' lang='lat' dir='ltr'><strong><em>suas</em></strong></span> <span class='ocrx_word' id='word_1_62' title='bbox 260 509 366 542; x_wconf 78' lang='lat' dir='ltr'><strong><em>incedit,</em></strong></span> <span class='ocrx_word' id='word_1_63' title='bbox 377 509 503 536; x_wconf 77' lang='lat' dir='ltr'><strong><em>invidiam</em></strong></span> <span class='ocrx_word' id='word_1_64' title='bbox 515 509 634 544; x_wconf 84' lang='lat' dir='ltr'><strong><em>iniquam</em></strong></span> <span class='ocrx_word' id='word_1_65' title='bbox 645 509 787 544; x_wconf 81' lang='lat' dir='ltr'><strong><em>etimpiam</em></strong></span> <span class='ocrx_word' id='word_1_66' title='bbox 802 509 970 541; x_wconf 80' lang='lat' dir='ltr'><strong><em>assumenda,</em></strong></span> 
     </span>
    </p>
   </div>
   <div class='ocr_carea' id='block_1_11' title="bbox 184 555 771 592">
    <p class='ocr_par' dir='ltr' id='par_1_11' title="bbox 184 555 771 592">
     <span class='ocr_line' id='line_1_11' title="bbox 184 555 771 592; baseline -0.003 -8"><span class='ocrx_word' id='word_1_67' title='bbox 184 565 230 591; x_wconf 88' lang='lat' dir='ltr'><strong><em>per</em></strong></span> <span class='ocrx_word' id='word_1_68' title='bbox 243 565 322 592; x_wconf 87' lang='lat' dir='ltr'><strong><em>quam</em></strong></span> <span class='ocrx_word' id='word_1_69' title='bbox 337 560 362 583; x_wconf 91' lang='lat' dir='ltr'><strong><em>et</em></strong></span> <span class='ocrx_word' id='word_1_70' title='bbox 378 564 447 582; x_wconf 82' lang='lat' dir='ltr'><strong><em>mors</em></strong></span> <span class='ocrx_word' id='word_1_71' title='bbox 465 555 573 582; x_wconf 78' lang='lat' dir='ltr'><strong><em>intravit</em></strong></span> <span class='ocrx_word' id='word_1_72' title='bbox 588 555 616 581; x_wconf 88' lang='lat' dir='ltr'><strong><em>in</em></strong></span> <span class='ocrx_word' id='word_1_73' title='bbox 635 555 771 582; x_wconf 88' lang='lat' dir='ltr'><strong><em>mundum.</em></strong></span> 
     </span>
    </p>
   </div>
   <div class='ocr_carea' id='block_1_12' title="bbox 220 599 970 635">
    <p class='ocr_par' dir='ltr' id='par_1_12' title="bbox 220 599 970 635">
     <span class='ocr_line' id='line_1_12' title="bbox 220 599 970 635; baseline -0.001 -6"><span class='ocrx_word' id='word_1_74' title='bbox 220 602 348 629; x_wconf 80' lang='lat' dir='ltr'><strong><em>Pluribus</em></strong></span> <span class='ocrx_word' id='word_1_75' title='bbox 376 600 473 628; x_wconf 85' lang='lat' dir='ltr'><strong><em>deinde</em></strong></span> <span class='ocrx_word' id='word_1_76' title='bbox 495 599 600 627; x_wconf 82' lang='lat' dir='ltr'><strong><em>Veteris</em></strong></span> <span class='ocrx_word' id='word_1_77' title='bbox 625 599 794 628; x_wconf 84' lang='lat' dir='ltr'><strong><em>Testamenti</em></strong></span> <span class='ocrx_word' id='word_1_78' title='bbox 821 600 970 635; x_wconf 85' lang='lat' dir='ltr'><strong><em>exemplis,</em></strong></span> 
     </span>
    </p>
   </div>
   <div class='ocr_carea' id='block_1_13' title="bbox 183 646 972 684">
    <p class='ocr_par' dir='ltr' id='par_1_13' title="bbox 183 646 972 684">
     <span class='ocr_line' id='line_1_13' title="bbox 183 646 972 684; baseline -0.004 -8"><span class='ocrx_word' id='word_1_79' title='bbox 183 656 244 684; x_wconf 67' lang='lat' dir='ltr'><strong><em>quae</em></strong></span> <span class='ocrx_word' id='word_1_80' title='bbox 263 647 435 675; x_wconf 90' lang='lat' dir='ltr'><strong><em>incommoda</em></strong></span> <span class='ocrx_word' id='word_1_81' title='bbox 448 655 480 674; x_wconf 78' lang='lat' dir='ltr'><strong><em>ex</em></strong></span> <span class='ocrx_word' id='word_1_82' title='bbox 490 646 591 673; x_wconf 86' lang='lat' dir='ltr'><strong>invidia</strong></span> <span class='ocrx_word' id='word_1_83' title='bbox 602 647 737 678; x_wconf 88' lang='lat' dir='ltr'><strong><em>oriantur,</em></strong></span> <span class='ocrx_word' id='word_1_84' title='bbox 747 647 886 680; x_wconf 79' lang='lat' dir='ltr'><strong><em>ostendit;</em></strong></span> <span class='ocrx_word' id='word_1_85' title='bbox 901 647 972 674; x_wconf 86' lang='lat' dir='ltr'><strong><em>inter</em></strong></span> 
     </span>
    </p>
   </div>
   <div class='ocr_carea' id='block_1_14' title="bbox 183 692 969 728">
    <p class='ocr_par' dir='ltr' id='par_1_14' title="bbox 183 692 969 728">
     <span class='ocr_line' id='line_1_14' title="bbox 183 692 969 728; baseline -0.004 -6"><span class='ocrx_word' id='word_1_86' title='bbox 183 699 280 723; x_wconf 64' lang='lat' dir='ltr'><strong><em>caetera</em></strong></span> <span class='ocrx_word' id='word_1_87' title='bbox 295 702 360 722; x_wconf 87' lang='lat' dir='ltr'><strong><em>vero</em></strong></span> <span class='ocrx_word' id='word_1_88' title='bbox 371 693 461 724; x_wconf 87' lang='lat' dir='ltr'><strong><em>Caini.</em></strong></span> <span class='ocrx_word' id='word_1_89' title='bbox 478 692 570 720; x_wconf 68' lang='lat' dir='ltr'><strong><em>Mariae</em></strong></span> <span class='ocrx_word' id='word_1_90' title='bbox 585 693 689 720; x_wconf 88' lang='lat' dir='ltr'><strong><em>sororis</em></strong></span> <span class='ocrx_word' id='word_1_91' title='bbox 701 692 802 728; x_wconf 78' lang='lat' dir='ltr'><strong><em>Moysis</em></strong></span> <span class='ocrx_word' id='word_1_92' title='bbox 815 696 842 720; x_wconf 90' lang='lat' dir='ltr'><strong><em>et</em></strong></span> <span class='ocrx_word' id='word_1_93' title='bbox 867 692 969 724; x_wconf 81' lang='lat' dir='ltr'><strong><em>Aaron,</em></strong></span> 
     </span>
    </p>
   </div>
   <div class='ocr_carea' id='block_1_15' title="bbox 185 739 972 774">
    <p class='ocr_par' dir='ltr' id='par_1_15' title="bbox 185 739 972 774">
     <span class='ocr_line' id='line_1_15' title="bbox 185 739 972 774; baseline -0.003 -6"><span class='ocrx_word' id='word_1_94' title='bbox 185 741 293 768; x_wconf 87' lang='lat' dir='ltr'><strong><em>Dalhan</em></strong></span> <span class='ocrx_word' id='word_1_95' title='bbox 309 744 337 768; x_wconf 85' lang='lat' dir='ltr'><strong><em>et</em></strong></span> <span class='ocrx_word' id='word_1_96' title='bbox 351 740 455 767; x_wconf 82' lang='lat' dir='ltr'><strong><em>Abiron</em></strong></span> <span class='ocrx_word' id='word_1_97' title='bbox 467 739 590 774; x_wconf 79' lang='lat' dir='ltr'><strong><em>exempla</em></strong></span> <span class='ocrx_word' id='word_1_98' title='bbox 597 743 738 771; x_wconf 82' lang='lat' dir='ltr'><strong><em>recenset;</em></strong></span> <span class='ocrx_word' id='word_1_99' title='bbox 751 743 834 774; x_wconf 88' lang='lat' dir='ltr'><strong><em>atque</em></strong></span> <span class='ocrx_word' id='word_1_100' title='bbox 849 743 878 766; x_wconf 91' lang='lat' dir='ltr'><strong><em>ut</em></strong></span> <span class='ocrx_word' id='word_1_101' title='bbox 900 746 972 766; x_wconf 90' lang='lat' dir='ltr'><strong><em>novo</em></strong></span> 
     </span>
    </p>
   </div>
   <div class='ocr_carea' id='block_1_16' title="bbox 182 784 969 819">
    <p class='ocr_par' dir='ltr' id='par_1_16' title="bbox 182 784 969 819">
     <span class='ocr_line' id='line_1_16' title="bbox 182 784 969 819; baseline -0.004 -6"><span class='ocrx_word' id='word_1_102' title='bbox 182 785 293 813; x_wconf 71' lang='lat' dir='ltr'><strong><em>invidiae</em></strong></span> <span class='ocrx_word' id='word_1_103' title='bbox 325 785 449 819; x_wconf 83' lang='lat' dir='ltr'><strong><em>exemplo</em></strong></span> <span class='ocrx_word' id='word_1_104' title='bbox 474 784 634 812; x_wconf 75' lang='lat' dir='ltr'><strong><em>Corinthios</em></strong></span> <span class='ocrx_word' id='word_1_105' title='bbox 664 784 756 811; x_wconf 86' lang='lat' dir='ltr'><strong><em>acrius</em></strong></span> <span class='ocrx_word' id='word_1_106' title='bbox 782 788 969 811; x_wconf 80' lang='lat' dir='ltr'><strong><em>commoveat:</em></strong></span> 
     </span>
    </p>
   </div>
   <div class='ocr_carea' id='block_1_17' title="bbox 186 829 972 866">
    <p class='ocr_par' dir='ltr' id='par_1_17' title="bbox 186 829 972 866">
     <span class='ocr_line' id='line_1_17' title="bbox 186 829 972 866; baseline -0.003 -8"><span class='ocrx_word' id='word_1_107' title='bbox 186 831 299 866; x_wconf 82' lang='lat' dir='ltr'><strong><em>Propter</em></strong></span> <span class='ocrx_word' id='word_1_108' title='bbox 324 831 443 865; x_wconf 86' lang='lat' dir='ltr'><strong><em>iniquam</em></strong></span> <span class='ocrx_word' id='word_1_109' title='bbox 459 830 666 860; x_wconf 73' lang='lat' dir='ltr'><strong><em>cumulationem,</em></strong></span> <span class='ocrx_word' id='word_1_110' title='bbox 683 829 782 864; x_wconf 90' lang='lat' dir='ltr'><strong><em>inquit,</em></strong></span> <span class='ocrx_word' id='word_1_111' title='bbox 798 829 911 863; x_wconf 86' lang='lat' dir='ltr'><strong><em>apostoli</em></strong></span> <span class='ocrx_word' id='word_1_112' title='bbox 920 829 972 856; x_wconf 77' lang='lat' dir='ltr'><strong><em>Pa-</em></strong></span> 
     </span>
    </p>
   </div>
   <div class='ocr_carea' id='block_1_18' title="bbox 184 875 968 911">
    <p class='ocr_par' dir='ltr' id='par_1_18' title="bbox 184 875 968 911">
     <span class='ocr_line' id='line_1_18' title="bbox 184 875 968 911; baseline -0.003 -7"><span class='ocrx_word' id='word_1_113' title='bbox 184 883 240 905; x_wconf 87' lang='lat' dir='ltr'><strong><em>trus</em></strong></span> <span class='ocrx_word' id='word_1_114' title='bbox 255 883 280 904; x_wconf 91' lang='lat' dir='ltr'><strong><em>et</em></strong></span> <span class='ocrx_word' id='word_1_115' title='bbox 297 877 398 904; x_wconf 85' lang='lat' dir='ltr'><strong><em>Paulus</em></strong></span> <span class='ocrx_word' id='word_1_116' title='bbox 411 876 569 911; x_wconf 79' lang='lat' dir='ltr'><strong><em>martyrium</em></strong></span> <span class='ocrx_word' id='word_1_117' title='bbox 583 876 739 910; x_wconf 83' lang='lat' dir='ltr'><strong><em>passi‘sunt.</em></strong></span> <span class='ocrx_word' id='word_1_118' title='bbox 755 875 868 910; x_wconf 83' lang='lat' dir='ltr'><strong><em>Propter</em></strong></span> <span class='ocrx_word' id='word_1_119' title='bbox 889 883 968 902; x_wconf 69' lang='lat' dir='ltr'><strong><em>temu-</em></strong></span> 
     </span>
    </p>
   </div>
   <div class='ocr_carea' id='block_1_19' title="bbox 184 920 972 958">
    <p class='ocr_par' dir='ltr' id='par_1_19' title="bbox 184 920 972 958">
     <span class='ocr_line' id='line_1_19' title="bbox 184 920 972 958; baseline -0.004 -8"><span class='ocrx_word' id='word_1_120' title='bbox 184 924 309 950; x_wconf 82' lang='lat' dir='ltr'><strong><em>lationem</em></strong></span> <span class='ocrx_word' id='word_1_121' title='bbox 331 930 431 958; x_wconf 86' lang='lat' dir='ltr'><strong><em>quoque</em></strong></span> <span class='ocrx_word' id='word_1_122' title='bbox 455 921 590 949; x_wconf 81' lang='lat' dir='ltr'><strong><em>Danaides</em></strong></span> <span class='ocrx_word' id='word_1_123' title='bbox 605 926 630 948; x_wconf 88' lang='lat' dir='ltr'><strong><em>et</em></strong></span> <span class='ocrx_word' id='word_1_124' title='bbox 660 920 738 948; x_wconf 88' lang='lat' dir='ltr'><strong><em>Dirce</em></strong></span> <span class='ocrx_word' id='word_1_125' title='bbox 761 920 798 956; x_wconf 90' lang='lat'><strong><em>(9)</em></strong></span> <span class='ocrx_word' id='word_1_126' title='bbox 819 920 972 955; x_wconf 75' lang='lat' dir='ltr'><strong><em>fortissime</em></strong></span> 
     </span>
    </p>
   </div>
   <div class='ocr_carea' id='block_1_20' title="bbox 182 965 973 1002">
    <p class='ocr_par' dir='ltr' id='par_1_20' title="bbox 182 965 973 1002">
     <span class='ocr_line' id='line_1_20' title="bbox 182 965 973 1002; baseline -0.005 -6"><span class='ocrx_word' id='word_1_127' title='bbox 182 969 238 996; x_wconf 78' lang='lat' dir='ltr'><strong><em>illte</em></strong></span> <span class='ocrx_word' id='word_1_128' title='bbox 249 969 381 1000; x_wconf 74' lang='lat' dir='ltr'><strong><em>mulieres,</em></strong></span> <span class='ocrx_word' id='word_1_129' title='bbox 394 976 453 995; x_wconf 91' lang='lat' dir='ltr'><strong><em>cum</em></strong></span> <span class='ocrx_word' id='word_1_130' title='bbox 463 968 554 1002; x_wconf 82' lang='lat' dir='ltr'><strong><em>gravia</em></strong></span> <span class='ocrx_word' id='word_1_131' title='bbox 566 971 591 994; x_wconf 89' lang='lat' dir='ltr'><strong><em>et</em></strong></span> <span class='ocrx_word' id='word_1_132' title='bbox 608 965 724 1001; x_wconf 81' lang='lat' dir='ltr'><strong><em>nefanda</em></strong></span> <span class='ocrx_word' id='word_1_133' title='bbox 737 966 867 1000; x_wconf 85' lang='lat' dir='ltr'><strong><em>supplicia</em></strong></span> <span class='ocrx_word' id='word_1_134' title='bbox 891 965 973 993; x_wconf 81' lang='lat' dir='ltr'><strong><em>susti-</em></strong></span> 
     </span>
    </p>
   </div>
   <div class='ocr_carea' id='block_1_21' title="bbox 183 1010 972 1047">
    <p class='ocr_par' dir='ltr' id='par_1_21' title="bbox 183 1010 972 1047">
     <span class='ocr_line' id='line_1_21' title="bbox 183 1010 972 1047; baseline -0.004 -6"><span class='ocrx_word' id='word_1_135' title='bbox 183 1015 313 1047; x_wconf 77' lang='lat' dir='ltr'><strong><em>nuissent,</em></strong></span> <span class='ocrx_word' id='word_1_136' title='bbox 326 1021 434 1040; x_wconf 81' lang='lat' dir='ltr'><strong><em>cursum</em></strong></span> <span class='ocrx_word' id='word_1_137' title='bbox 446 1021 523 1040; x_wconf 88' lang='lat' dir='ltr'><strong><em>suum</em></strong></span> <span class='ocrx_word' id='word_1_138' title='bbox 537 1012 588 1047; x_wconf 86' lang='lat' dir='ltr'><strong><em>ﬁde</em></strong></span> <span class='ocrx_word' id='word_1_139' title='bbox 600 1012 698 1039; x_wconf 79' lang='lat' dir='ltr'><strong><em>inuicta</em></strong></span> <span class='ocrx_word' id='word_1_140' title='bbox 720 1011 896 1046; x_wconf 81' lang='lat' dir='ltr'><strong><em>perfecerunt.</em></strong></span> <span class='ocrx_word' id='word_1_141' title='bbox 912 1010 972 1044; x_wconf 86' lang='lat' dir='ltr'><strong><em>Quo</em></strong></span> 
     </span>
    </p>
   </div>
   <div class='ocr_carea' id='block_1_22' title="bbox 184 1057 973 1093">
    <p class='ocr_par' dir='ltr' id='par_1_22' title="bbox 184 1057 973 1093">
     <span class='ocr_line' id='line_1_22' title="bbox 184 1057 973 1093; baseline -0.003 -7"><span class='ocrx_word' id='word_1_142' title='bbox 184 1067 248 1088; x_wconf 72' lang='lat' dir='ltr'><strong><em>vero</em></strong></span> <span class='ocrx_word' id='word_1_143' title='bbox 262 1067 310 1087; x_wconf 86' lang='lat' dir='ltr'><strong><em>eos</em></strong></span> <span class='ocrx_word' id='word_1_144' title='bbox 325 1059 359 1086; x_wconf 88' lang='lat' dir='ltr'><strong><em>ad</em></strong></span> <span class='ocrx_word' id='word_1_145' title='bbox 380 1059 533 1087; x_wconf 87' lang='lat' dir='ltr'><strong><em>vocationis</em></strong></span> <span class='ocrx_word' id='word_1_146' title='bbox 558 1066 615 1086; x_wconf 82' lang='lat' dir='ltr'><strong><em>suae</em></strong></span> <span class='ocrx_word' id='word_1_147' title='bbox 631 1057 719 1085; x_wconf 83' lang='lat' dir='ltr'><strong><em>olIicia</em></strong></span> <span class='ocrx_word' id='word_1_148' title='bbox 734 1061 816 1093; x_wconf 86' lang='lat' dir='ltr'><strong><em>atque</em></strong></span> <span class='ocrx_word' id='word_1_149' title='bbox 828 1057 861 1085; x_wconf 90' lang='lat' dir='ltr'><strong><em>ad</em></strong></span> <span class='ocrx_word' id='word_1_150' title='bbox 883 1058 973 1093; x_wconf 70' lang='lat' dir='ltr'><strong><em>pinni-</em></strong></span> 
     </span>
    </p>
   </div>
   <div class='ocr_carea' id='block_1_23' title="bbox 183 1104 971 1139">
    <p class='ocr_par' dir='ltr' id='par_1_23' title="bbox 183 1104 971 1139">
     <span class='ocr_line' id='line_1_23' title="bbox 183 1104 971 1139; baseline -0.001 -7"><span class='ocrx_word' id='word_1_151' title='bbox 183 1105 296 1132; x_wconf 85' lang='lat' dir='ltr'><strong><em>tentiani</em></strong></span> <span class='ocrx_word' id='word_1_152' title='bbox 308 1105 475 1136; x_wconf 82' lang='lat' dir='ltr'><strong><em>hortaretur,</em></strong></span> <span class='ocrx_word' id='word_1_153' title='bbox 486 1105 637 1132; x_wconf 83' lang='lat' dir='ltr'><strong><em>vocationis</em></strong></span> <span class='ocrx_word' id='word_1_154' title='bbox 648 1105 770 1139; x_wconf 92' lang='lat' dir='ltr'><strong><em>ipsorum</em></strong></span> <span class='ocrx_word' id='word_1_155' title='bbox 787 1104 971 1137; x_wconf 82' lang='lat' dir='ltr'><strong><em>sanctitatem,</em></strong></span> 
     </span>
    </p>
   </div>
   <div class='ocr_carea' id='block_1_24' title="bbox 184 1149 974 1184">
    <p class='ocr_par' dir='ltr' id='par_1_24' title="bbox 184 1149 974 1184">
     <span class='ocr_line' id='line_1_24' title="bbox 184 1149 974 1184; baseline 0.001 -9"><span class='ocrx_word' id='word_1_156' title='bbox 184 1150 333 1184; x_wconf 85' lang='lat' dir='ltr'><strong><em>pretiosum</em></strong></span> <span class='ocrx_word' id='word_1_157' title='bbox 359 1149 462 1177; x_wconf 84' lang='lat' dir='ltr'><strong><em>Christi</em></strong></span> <span class='ocrx_word' id='word_1_158' title='bbox 498 1149 659 1184; x_wconf 76' lang='lat' dir='ltr'><strong><em>sanguinem</em></strong></span> <span class='ocrx_word' id='word_1_159' title='bbox 685 1157 735 1184; x_wconf 89' lang='lat' dir='ltr'><strong><em>pro</em></strong></span> <span class='ocrx_word' id='word_1_160' title='bbox 759 1153 852 1177; x_wconf 87' lang='lat' dir='ltr'><strong><em>nostra</em></strong></span> <span class='ocrx_word' id='word_1_161' title='bbox 885 1149 974 1177; x_wconf 88' lang='lat' dir='ltr'><strong><em>salute</em></strong></span> 
     </span>
    </p>
   </div>
   <div class='ocr_carea' id='block_1_25' title="bbox 182 1195 970 1232">
    <p class='ocr_par' dir='ltr' id='par_1_25' title="bbox 182 1195 970 1232">
     <span class='ocr_line' id='line_1_25' title="bbox 182 1195 970 1232; baseline -0.001 -8"><span class='ocrx_word' id='word_1_162' title='bbox 182 1196 300 1224; x_wconf 71' lang='lat' dir='ltr'><strong><em>effusum</em></strong></span> <span class='ocrx_word' id='word_1_163' title='bbox 326 1195 393 1232; x_wconf 73' lang='lat'><strong><em>(10).</em></strong></span> <span class='ocrx_word' id='word_1_164' title='bbox 409 1195 591 1223; x_wconf 81' lang='lat' dir='ltr'><strong><em>Ninivitarum</em></strong></span> <span class='ocrx_word' id='word_1_165' title='bbox 622 1196 822 1231; x_wconf 83' lang='lat' dir='ltr'><strong><em>paenitentiam,</em></strong></span> <span class='ocrx_word' id='word_1_166' title='bbox 849 1195 970 1228; x_wconf 85' lang='lat' dir='ltr'><strong><em>Henoch,</em></strong></span> 
     </span>
    </p>
   </div>
   <div class='ocr_carea' id='block_1_26' title="bbox 184 1242 972 1277">
    <p class='ocr_par' dir='ltr' id='par_1_26' title="bbox 184 1242 972 1277">
     <span class='ocr_line' id='line_1_26' title="bbox 184 1242 972 1277; baseline -0.003 -7"><span class='ocrx_word' id='word_1_167' title='bbox 184 1242 252 1275; x_wconf 76' lang='lat' dir='ltr'><strong><em>Noe,</em></strong></span> <span class='ocrx_word' id='word_1_168' title='bbox 268 1242 414 1270; x_wconf 81' lang='lat' dir='ltr'><strong><em>Ahrahami</em></strong></span> <span class='ocrx_word' id='word_1_169' title='bbox 429 1242 598 1275; x_wconf 84' lang='lat' dir='ltr'><strong><em>ﬁdelitatem,</em></strong></span> <span class='ocrx_word' id='word_1_170' title='bbox 614 1246 782 1277; x_wconf 56' lang='lat' dir='ltr'><strong><em>exterasque</em></strong></span> <span class='ocrx_word' id='word_1_171' title='bbox 804 1242 972 1277; x_wconf 86' lang='lat' dir='ltr'><strong><em>patriarcha-</em></strong></span> 
     </span>
    </p>
   </div>
   <div class='ocr_carea' id='block_1_27' title="bbox 183 1288 972 1324">
    <p class='ocr_par' dir='ltr' id='par_1_27' title="bbox 183 1288 972 1324">
     <span class='ocr_line' id='line_1_27' title="bbox 183 1288 972 1324; baseline -0.003 -7"><span class='ocrx_word' id='word_1_172' title='bbox 183 1297 245 1317; x_wconf 79' lang='lat' dir='ltr'><strong><em>rum</em></strong></span> <span class='ocrx_word' id='word_1_173' title='bbox 262 1289 388 1321; x_wconf 79' lang='lat' dir='ltr'><strong><em>virtutes,</em></strong></span> <span class='ocrx_word' id='word_1_174' title='bbox 402 1288 467 1316; x_wconf 82' lang='lat' dir='ltr'><strong><em>Jesu</em></strong></span> <span class='ocrx_word' id='word_1_175' title='bbox 475 1289 577 1316; x_wconf 89' lang='lat' dir='ltr'><strong><em>Christi</em></strong></span> <span class='ocrx_word' id='word_1_176' title='bbox 590 1289 784 1320; x_wconf 82' lang='lat' dir='ltr'><strong><em>humilitatem,</em></strong></span> <span class='ocrx_word' id='word_1_177' title='bbox 808 1288 878 1324; x_wconf 81' lang='lat' dir='ltr'><strong><em>ejus,</em></strong></span> <span class='ocrx_word' id='word_1_178' title='bbox 891 1295 907 1314; x_wconf 88' lang='lat' dir='ltr'><strong><em>a</em></strong></span> <span class='ocrx_word' id='word_1_179' title='bbox 918 1296 972 1323; x_wconf 91' lang='lat' dir='ltr'><strong><em>quo</em></strong></span> 
     </span>
    </p>
   </div>
   <div class='ocr_carea' id='block_1_28' title="bbox 184 1333 972 1370">
    <p class='ocr_par' dir='ltr' id='par_1_28' title="bbox 184 1333 972 1370">
     <span class='ocr_line' id='line_1_28' title="bbox 184 1333 972 1370; baseline -0.003 -8"><span class='ocrx_word' id='word_1_180' title='bbox 184 1335 268 1363; x_wconf 84' lang='lat' dir='ltr'><strong><em>creati</em></strong></span> <span class='ocrx_word' id='word_1_181' title='bbox 281 1343 387 1366; x_wconf 85' lang='lat' dir='ltr'><strong><em>sumus,</em></strong></span> <span class='ocrx_word' id='word_1_182' title='bbox 405 1335 554 1362; x_wconf 86' lang='lat' dir='ltr'><strong><em>bonitatem</em></strong></span> <span class='ocrx_word' id='word_1_183' title='bbox 571 1338 653 1370; x_wconf 89' lang='lat' dir='ltr'><strong><em>atque</em></strong></span> <span class='ocrx_word' id='word_1_184' title='bbox 661 1334 863 1362; x_wconf 86' lang='lat' dir='ltr'><strong><em>miserationem</em></strong></span> <span class='ocrx_word' id='word_1_185' title='bbox 875 1343 882 1367; x_wconf 90' lang='lat'>;</span> <span class='ocrx_word' id='word_1_186' title='bbox 896 1333 972 1368; x_wconf 85' lang='lat' dir='ltr'><strong><em>pacis</em></strong></span> 
     </span>
    </p>
   </div>
   <div class='ocr_carea' id='block_1_29' title="bbox 183 1380 970 1412">
    <p class='ocr_par' dir='ltr' id='par_1_29' title="bbox 183 1380 970 1412">
     <span class='ocr_line' id='line_1_29' title="bbox 183 1380 970 1412; baseline -0.003 -4"><span class='ocrx_word' id='word_1_187' title='bbox 183 1386 211 1409; x_wconf 81' lang='lat' dir='ltr'><strong><em>et</em></strong></span> <span class='ocrx_word' id='word_1_188' title='bbox 219 1381 380 1409; x_wconf 80' lang='lat' dir='ltr'><strong><em>humilitatis</em></strong></span> <span class='ocrx_word' id='word_1_189' title='bbox 389 1380 541 1412; x_wconf 87' lang='lat' dir='ltr'><strong><em>commoda,</em></strong></span> <span class='ocrx_word' id='word_1_190' title='bbox 552 1381 763 1407; x_wconf 85' lang='lat' dir='ltr'><strong><em>inanimatarum</em></strong></span> <span class='ocrx_word' id='word_1_191' title='bbox 769 1383 970 1412; x_wconf 79' lang='lat' dir='ltr'><strong><em>creaturarum,</em></strong></span> 
     </span>
    </p>
   </div>
   <div class='ocr_carea' id='block_1_30' title="bbox 185 1426 972 1462">
    <p class='ocr_par' dir='ltr' id='par_1_30' title="bbox 185 1426 972 1462">
     <span class='ocr_line' id='line_1_30' title="bbox 185 1426 972 1462; baseline -0.004 -7"><span class='ocrx_word' id='word_1_192' title='bbox 185 1428 263 1459; x_wconf 84' lang='lat' dir='ltr'><strong><em>solis,</em></strong></span> <span class='ocrx_word' id='word_1_193' title='bbox 279 1428 362 1459; x_wconf 67' lang='lat' dir='ltr'><strong><em>lunae,</em></strong></span> <span class='ocrx_word' id='word_1_194' title='bbox 376 1427 529 1458; x_wconf 86' lang='lat' dir='ltr'><strong><em>stellarum,</em></strong></span> <span class='ocrx_word' id='word_1_195' title='bbox 542 1427 626 1454; x_wconf 85' lang='lat' dir='ltr'><strong><em>maris</em></strong></span> <span class='ocrx_word' id='word_1_196' title='bbox 639 1430 665 1454; x_wconf 84' lang='lat' dir='ltr'><strong><em>et</em></strong></span> <span class='ocrx_word' id='word_1_197' title='bbox 676 1426 838 1462; x_wconf 83' lang='lat' dir='ltr'><strong><em>abyssorum</em></strong></span> <span class='ocrx_word' id='word_1_198' title='bbox 851 1426 972 1460; x_wconf 86' lang='lat' dir='ltr'><strong><em>impene-</em></strong></span> 
     </span>
    </p>
   </div>
   <div class='ocr_carea' id='block_1_31' title="bbox 184 1473 970 1508">
    <p class='ocr_par' dir='ltr' id='par_1_31' title="bbox 184 1473 970 1508">
     <span class='ocr_line' id='line_1_31' title="bbox 184 1473 970 1508; baseline 0 -8"><span class='ocrx_word' id='word_1_199' title='bbox 184 1474 324 1501; x_wconf 85' lang='lat' dir='ltr'><strong><em>trabilium</em></strong></span> <span class='ocrx_word' id='word_1_200' title='bbox 355 1474 383 1500; x_wconf 92' lang='lat' dir='ltr'><strong><em>in</em></strong></span> <span class='ocrx_word' id='word_1_201' title='bbox 408 1473 456 1500; x_wconf 88' lang='lat' dir='ltr'><strong><em>Dei</em></strong></span> <span class='ocrx_word' id='word_1_202' title='bbox 471 1474 544 1507; x_wconf 72' lang='lat' dir='ltr'><strong><em>leges</em></strong></span> <span class='ocrx_word' id='word_1_203' title='bbox 561 1473 614 1500; x_wconf 86' lang='lat' dir='ltr'><strong><em>sibi</em></strong></span> <span class='ocrx_word' id='word_1_204' title='bbox 632 1473 774 1508; x_wconf 85' lang='lat' dir='ltr'><strong><em>impositas</em></strong></span> <span class='ocrx_word' id='word_1_205' title='bbox 796 1473 970 1508; x_wconf 81' lang='lat' dir='ltr'><strong><em>obsequium,</em></strong></span> 
     </span>
    </p>
   </div>
   <div class='ocr_carea' id='block_1_32' title="bbox 185 1517 970 1553">
    <p class='ocr_par' dir='ltr' id='par_1_32' title="bbox 185 1517 970 1553">
     <span class='ocr_line' id='line_1_32' title="bbox 185 1517 970 1553; baseline 0.001 -9"><span class='ocrx_word' id='word_1_206' title='bbox 185 1521 323 1552; x_wconf 84' lang='lat' dir='ltr'><strong><em>postremo</em></strong></span> <span class='ocrx_word' id='word_1_207' title='bbox 342 1517 448 1544; x_wconf 92' lang='lat' dir='ltr'><strong><em>Domini</em></strong></span> <span class='ocrx_word' id='word_1_208' title='bbox 467 1525 530 1553; x_wconf 77' lang='lat' dir='ltr'><strong><em>erga</em></strong></span> <span class='ocrx_word' id='word_1_209' title='bbox 542 1525 586 1545; x_wconf 88' lang='lat' dir='ltr'><strong><em>res</em></strong></span> <span class='ocrx_word' id='word_1_210' title='bbox 599 1525 694 1546; x_wconf 87' lang='lat' dir='ltr'><strong><em>omnes</em></strong></span> <span class='ocrx_word' id='word_1_211' title='bbox 709 1522 813 1546; x_wconf 86' lang='lat' dir='ltr'><strong><em>creatas</em></strong></span> <span class='ocrx_word' id='word_1_212' title='bbox 829 1518 970 1552; x_wconf 88' lang='lat' dir='ltr'><strong><em>beneﬁcia,</em></strong></span> 
     </span>
    </p>
   </div>
   <div class='ocr_carea' id='block_1_33' title="bbox 1024 278 1815 313">
    <p class='ocr_par' dir='ltr' id='par_1_33' title="bbox 1024 278 1815 313">
     <span class='ocr_line' id='line_1_33' title="bbox 1024 278 1815 313; baseline 0.006 -9"><span class='ocrx_word' id='word_1_213' title='bbox 1024 278 1069 311; x_wconf 87' lang='lat' dir='ltr'><strong><em>rit,</em></strong></span> <span class='ocrx_word' id='word_1_214' title='bbox 1081 282 1109 305; x_wconf 86' lang='lat' dir='ltr'><strong><em>ct</em></strong></span> <span class='ocrx_word' id='word_1_215' title='bbox 1124 278 1213 306; x_wconf 82' lang='lat' dir='ltr'><strong><em>sancti</em></strong></span> <span class='ocrx_word' id='word_1_216' title='bbox 1229 279 1321 313; x_wconf 87' lang='lat' dir='ltr'><strong><em>populi</em></strong></span> <span class='ocrx_word' id='word_1_217' title='bbox 1338 279 1460 307; x_wconf 88' lang='lat' dir='ltr'><strong><em>membra</em></strong></span> <span class='ocrx_word' id='word_1_218' title='bbox 1473 279 1633 312; x_wconf 87' lang='lat' dir='ltr'><strong><em>reddiderit,</em></strong></span> <span class='ocrx_word' id='word_1_219' title='bbox 1648 280 1718 308; x_wconf 89' lang='lat' dir='ltr'><strong><em>nihil</em></strong></span> <span class='ocrx_word' id='word_1_220' title='bbox 1734 281 1815 309; x_wconf 77' lang='lat' dir='ltr'><strong><em>nobis</em></strong></span> 
     </span>
    </p>
   </div>
   <div class='ocr_carea' id='block_1_34' title="bbox 1023 325 1815 361">
    <p class='ocr_par' dir='ltr' id='par_1_34' title="bbox 1023 325 1815 361">
     <span class='ocr_line' id='line_1_34' title="bbox 1023 325 1815 361; baseline 0.004 -10"><span class='ocrx_word' id='word_1_221' title='bbox 1023 332 1179 359; x_wconf 82' lang='lat' dir='ltr'><strong><em>superesse,</em></strong></span> <span class='ocrx_word' id='word_1_222' title='bbox 1196 325 1250 352; x_wconf 88' lang='lat' dir='ltr'><strong><em>nisi</em></strong></span> <span class='ocrx_word' id='word_1_223' title='bbox 1271 328 1302 352; x_wconf 93' lang='lat' dir='ltr'><strong><em>ut</em></strong></span> <span class='ocrx_word' id='word_1_224' title='bbox 1321 325 1467 361; x_wconf 72' lang='lat' dir='ltr'><strong><em>omnigena</em></strong></span> <span class='ocrx_word' id='word_1_225' title='bbox 1492 329 1567 353; x_wconf 86' lang='lat' dir='ltr'><strong><em>recta</em></strong></span> <span class='ocrx_word' id='word_1_226' title='bbox 1590 333 1674 361; x_wconf 85' lang='lat' dir='ltr'><strong><em>opera</em></strong></span> <span class='ocrx_word' id='word_1_227' title='bbox 1691 327 1815 354; x_wconf 77' lang='lat' dir='ltr'><strong><em>maximo</em></strong></span> 
     </span>
    </p>
   </div>
   <div class='ocr_carea' id='block_1_35' title="bbox 1022 370 1816 400">
    <p class='ocr_par' dir='ltr' id='par_1_35' title="bbox 1022 370 1816 400">
     <span class='ocr_line' id='line_1_35' title="bbox 1022 370 1816 400; baseline 0.001 -3"><span class='ocrx_word' id='word_1_228' title='bbox 1022 377 1084 397; x_wconf 90' lang='lat' dir='ltr'><strong><em>cum</em></strong></span> <span class='ocrx_word' id='word_1_229' title='bbox 1102 371 1187 397; x_wconf 89' lang='lat' dir='ltr'><strong><em>animi</em></strong></span> <span class='ocrx_word' id='word_1_230' title='bbox 1203 370 1301 398; x_wconf 86' lang='lat' dir='ltr'><strong><em>ardore</em></strong></span> <span class='ocrx_word' id='word_1_231' title='bbox 1311 375 1504 399; x_wconf 86' lang='lat' dir='ltr'><strong><em>eonsectemur</em></strong></span> <span class='ocrx_word' id='word_1_232' title='bbox 1519 372 1553 399; x_wconf 90' lang='lat' dir='ltr'><strong><em>ad</em></strong></span> <span class='ocrx_word' id='word_1_233' title='bbox 1568 371 1681 399; x_wconf 83' lang='lat' dir='ltr'><strong><em>Patrum</em></strong></span> <span class='ocrx_word' id='word_1_234' title='bbox 1701 377 1816 400; x_wconf 87' lang='lat' dir='ltr'><strong><em>nostro-</em></strong></span> 
     </span>
    </p>
   </div>
   <div class='ocr_carea' id='block_1_36' title="bbox 1022 415 1814 452">
    <p class='ocr_par' dir='ltr' id='par_1_36' title="bbox 1022 415 1814 452">
     <span class='ocr_line' id='line_1_36' title="bbox 1022 415 1814 452; baseline 0.001 -9"><span class='ocrx_word' id='word_1_235' title='bbox 1022 424 1083 443; x_wconf 88' lang='lat' dir='ltr'><strong><em>rum</em></strong></span> <span class='ocrx_word' id='word_1_236' title='bbox 1099 415 1261 448; x_wconf 85' lang='lat' dir='ltr'><strong><em>Abrahami,</em></strong></span> <span class='ocrx_word' id='word_1_237' title='bbox 1277 415 1365 444; x_wconf 83' lang='lat' dir='ltr'><strong><em>lsaaei</em></strong></span> <span class='ocrx_word' id='word_1_238' title='bbox 1379 420 1406 444; x_wconf 90' lang='lat' dir='ltr'><strong><em>et</em></strong></span> <span class='ocrx_word' id='word_1_239' title='bbox 1416 415 1501 444; x_wconf 85' lang='lat' dir='ltr'><strong><em>Jacob</em></strong></span> <span class='ocrx_word' id='word_1_240' title='bbox 1511 417 1677 452; x_wconf 82' lang='lat' dir='ltr'><strong><em>exemplum,</em></strong></span> <span class='ocrx_word' id='word_1_241' title='bbox 1693 425 1814 452; x_wconf 89' lang='lat' dir='ltr'><strong><em>quorum</em></strong></span> 
     </span>
    </p>
   </div>
   <div class='ocr_carea' id='block_1_37' title="bbox 1023 462 1816 497">
    <p class='ocr_par' dir='ltr' id='par_1_37' title="bbox 1023 462 1816 497">
     <span class='ocr_line' id='line_1_37' title="bbox 1023 462 1816 497; baseline 0.001 -8"><span class='ocrx_word' id='word_1_242' title='bbox 1023 462 1100 493; x_wconf 82' lang='lat' dir='ltr'><strong><em>ﬁdes,</em></strong></span> <span class='ocrx_word' id='word_1_243' title='bbox 1123 462 1276 490; x_wconf 88' lang='lat' dir='ltr'><strong><em>obedientia</em></strong></span> <span class='ocrx_word' id='word_1_244' title='bbox 1304 467 1385 497; x_wconf 86' lang='lat' dir='ltr'><strong><em>atque</em></strong></span> <span class='ocrx_word' id='word_1_245' title='bbox 1411 462 1550 491; x_wconf 82' lang='lat' dir='ltr'><strong><em>humilitas</em></strong></span> <span class='ocrx_word' id='word_1_246' title='bbox 1576 467 1630 490; x_wconf 87' lang='lat' dir='ltr'><strong><em>tam</em></strong></span> <span class='ocrx_word' id='word_1_247' title='bbox 1663 463 1816 497; x_wconf 71' lang='lat' dir='ltr'><strong><em>grandibus</em></strong></span> 
     </span>
    </p>
   </div>
   <div class='ocr_carea' id='block_1_38' title="bbox 1023 507 1816 544">
    <p class='ocr_par' dir='ltr' id='par_1_38' title="bbox 1023 507 1816 544">
     <span class='ocr_line' id='line_1_38' title="bbox 1023 507 1816 544; baseline 0.003 -10"><span class='ocrx_word' id='word_1_248' title='bbox 1023 508 1142 544; x_wconf 68' lang='lat' dir='ltr'><strong><em>praemiis</em></strong></span> <span class='ocrx_word' id='word_1_249' title='bbox 1157 508 1260 536; x_wconf 66' lang='lat' dir='ltr'><strong><em>uirecta:</em></strong></span> <span class='ocrx_word' id='word_1_250' title='bbox 1270 507 1356 536; x_wconf 79' lang='lat' dir='ltr'><strong><em>fuere.</em></strong></span> <span class='ocrx_word' id='word_1_251' title='bbox 1374 507 1415 536; x_wconf 88' lang='lat' dir='ltr'><strong><em>Sit</em></strong></span> <span class='ocrx_word' id='word_1_252' title='bbox 1430 516 1496 543; x_wconf 74' lang='lat' dir='ltr'><strong><em>ergo</em></strong></span> <span class='ocrx_word' id='word_1_253' title='bbox 1515 509 1602 536; x_wconf 88' lang='lat' dir='ltr'><strong><em>omnis</em></strong></span> <span class='ocrx_word' id='word_1_254' title='bbox 1623 510 1751 544; x_wconf 84' lang='lat' dir='ltr'><strong><em>gloriatio</em></strong></span> <span class='ocrx_word' id='word_1_255' title='bbox 1766 518 1816 536; x_wconf 86' lang='lat' dir='ltr'><strong><em>no-</em></strong></span> 
     </span>
    </p>
   </div>
   <div class='ocr_carea' id='block_1_39' title="bbox 1022 554 1825 590">
    <p class='ocr_par' dir='ltr' id='par_1_39' title="bbox 1022 554 1825 590">
     <span class='ocr_line' id='line_1_39' title="bbox 1022 554 1825 590; baseline 0 -8"><span class='ocrx_word' id='word_1_256' title='bbox 1022 560 1079 582; x_wconf 86' lang='lat' dir='ltr'><strong><em>stra</em></strong></span> <span class='ocrx_word' id='word_1_257' title='bbox 1087 560 1112 582; x_wconf 89' lang='lat' dir='ltr'><strong><em>et</em></strong></span> <span class='ocrx_word' id='word_1_258' title='bbox 1126 555 1226 589; x_wconf 89' lang='lat' dir='ltr'><strong><em>ﬁducia</em></strong></span> <span class='ocrx_word' id='word_1_259' title='bbox 1243 554 1271 582; x_wconf 90' lang='lat' dir='ltr'><strong><em>in</em></strong></span> <span class='ocrx_word' id='word_1_260' title='bbox 1282 555 1354 589; x_wconf 85' lang='lat' dir='ltr'><strong><em>ipso:</em></strong></span> <span class='ocrx_word' id='word_1_261' title='bbox 1367 555 1498 582; x_wconf 76' lang='lat' dir='ltr'><strong><em>uoluntati</em></strong></span> <span class='ocrx_word' id='word_1_262' title='bbox 1509 555 1565 590; x_wconf 91' lang='lat' dir='ltr'><strong><em>ejus</em></strong></span> <span class='ocrx_word' id='word_1_263' title='bbox 1581 556 1759 590; x_wconf 87' lang='lat' dir='ltr'><strong><em>subjiciamur</em></strong></span> <span class='ocrx_word' id='word_1_264' title='bbox 1771 563 1780 582; x_wconf 90' lang='lat'><strong><em>:</em></strong></span> <span class='ocrx_word' id='word_1_265' title='bbox 1791 560 1825 582; x_wconf 29' lang='lat' dir='ltr'><strong><em>et.</em></strong></span> 
     </span>
    </p>
   </div>
   <div class='ocr_carea' id='block_1_40' title="bbox 1022 601 1816 636">
    <p class='ocr_par' dir='ltr' id='par_1_40' title="bbox 1022 601 1816 636">
     <span class='ocr_line' id='line_1_40' title="bbox 1022 601 1816 636; baseline 0.001 -9"><span class='ocrx_word' id='word_1_266' title='bbox 1022 610 1070 628; x_wconf 86' lang='lat' dir='ltr'><strong><em>nos</em></strong></span> <span class='ocrx_word' id='word_1_267' title='bbox 1084 601 1250 628; x_wconf 80' lang='lat' dir='ltr'><strong><em>concorditer</em></strong></span> <span class='ocrx_word' id='word_1_268' title='bbox 1258 609 1317 627; x_wconf 90' lang='lat' dir='ltr'><strong><em>cum</em></strong></span> <span class='ocrx_word' id='word_1_269' title='bbox 1332 601 1431 636; x_wconf 79' lang='lat' dir='ltr'><strong><em>angelis</em></strong></span> <span class='ocrx_word' id='word_1_270' title='bbox 1441 609 1531 628; x_wconf 84' lang='lat' dir='ltr'><strong><em>coram</em></strong></span> <span class='ocrx_word' id='word_1_271' title='bbox 1541 601 1598 636; x_wconf 89' lang='lat' dir='ltr'><strong><em>ipso</em></strong></span> <span class='ocrx_word' id='word_1_272' title='bbox 1610 601 1741 633; x_wconf 81' lang='lat' dir='ltr'><strong><em>Sanctus,</em></strong></span> <span class='ocrx_word' id='word_1_273' title='bbox 1749 609 1816 629; x_wconf 90' lang='lat' dir='ltr'><strong><em>san-</em></strong></span> 
     </span>
    </p>
   </div>
   <div class='ocr_carea' id='block_1_41' title="bbox 1023 646 1817 679">
    <p class='ocr_par' dir='ltr' id='par_1_41' title="bbox 1023 646 1817 679">
     <span class='ocr_line' id='line_1_41' title="bbox 1023 646 1817 679; baseline 0 -5"><span class='ocrx_word' id='word_1_274' title='bbox 1023 652 1096 679; x_wconf 88' lang='lat' dir='ltr'><strong><em>ctus,</em></strong></span> <span class='ocrx_word' id='word_1_275' title='bbox 1105 650 1220 675; x_wconf 86' lang='lat' dir='ltr'><strong><em>sanctus</em></strong></span> <span class='ocrx_word' id='word_1_276' title='bbox 1228 646 1417 678; x_wconf 75' lang='lat' dir='ltr'><strong><em>clamantibus,</em></strong></span> <span class='ocrx_word' id='word_1_277' title='bbox 1427 647 1561 674; x_wconf 85' lang='lat' dir='ltr'><strong><em>communi</em></strong></span> <span class='ocrx_word' id='word_1_278' title='bbox 1568 655 1708 679; x_wconf 84' lang='lat' dir='ltr'><strong><em>consensu,</em></strong></span> <span class='ocrx_word' id='word_1_279' title='bbox 1720 652 1745 675; x_wconf 87' lang='lat' dir='ltr'><strong><em>et</em></strong></span> <span class='ocrx_word' id='word_1_280' title='bbox 1755 653 1817 674; x_wconf 85' lang='lat' dir='ltr'><strong><em>tan-</em></strong></span> 
     </span>
    </p>
   </div>
   <div class='ocr_carea' id='block_1_42' title="bbox 1022 692 1816 728">
    <p class='ocr_par' dir='ltr' id='par_1_42' title="bbox 1022 692 1816 728">
     <span class='ocr_line' id='line_1_42' title="bbox 1022 692 1816 728; baseline 0.001 -9"><span class='ocrx_word' id='word_1_281' title='bbox 1022 701 1101 728; x_wconf 85' lang='lat' dir='ltr'><strong><em>quam</em></strong></span> <span class='ocrx_word' id='word_1_282' title='bbox 1112 700 1165 720; x_wconf 83' lang='lat' dir='ltr'><strong><em>uno</em></strong></span> <span class='ocrx_word' id='word_1_283' title='bbox 1177 700 1222 719; x_wconf 91' lang='lat' dir='ltr'><strong><em>ore</em></strong></span> <span class='ocrx_word' id='word_1_284' title='bbox 1232 693 1387 725; x_wconf 80' lang='lat' dir='ltr'><strong><em>clamamus,</em></strong></span> <span class='ocrx_word' id='word_1_285' title='bbox 1400 696 1429 718; x_wconf 86' lang='lat' dir='ltr'><strong><em>ut</em></strong></span> <span class='ocrx_word' id='word_1_286' title='bbox 1439 692 1578 727; x_wconf 84' lang='lat' dir='ltr'><strong><em>participes</em></strong></span> <span class='ocrx_word' id='word_1_287' title='bbox 1590 693 1687 727; x_wconf 87' lang='lat' dir='ltr'><strong><em>ﬁamus</em></strong></span> <span class='ocrx_word' id='word_1_288' title='bbox 1701 701 1816 728; x_wconf 76' lang='lat' dir='ltr'><strong><em>magna-</em></strong></span> 
     </span>
    </p>
   </div>
   <div class='ocr_carea' id='block_1_43' title="bbox 1023 738 1817 774">
    <p class='ocr_par' dir='ltr' id='par_1_43' title="bbox 1023 738 1817 774">
     <span class='ocr_line' id='line_1_43' title="bbox 1023 738 1817 774; baseline 0 -8"><span class='ocrx_word' id='word_1_289' title='bbox 1023 747 1082 766; x_wconf 91' lang='lat' dir='ltr'><strong><em>rum</em></strong></span> <span class='ocrx_word' id='word_1_290' title='bbox 1096 743 1121 766; x_wconf 87' lang='lat' dir='ltr'><strong><em>et</em></strong></span> <span class='ocrx_word' id='word_1_291' title='bbox 1131 739 1294 774; x_wconf 82' lang='lat' dir='ltr'><strong><em>inclytarum</em></strong></span> <span class='ocrx_word' id='word_1_292' title='bbox 1309 738 1518 773; x_wconf 83' lang='lat' dir='ltr'><strong><em>promissionum</em></strong></span> <span class='ocrx_word' id='word_1_293' title='bbox 1531 738 1589 772; x_wconf 83' lang='lat' dir='ltr'><strong><em>ejus</em></strong></span> <span class='ocrx_word' id='word_1_294' title='bbox 1599 758 1607 770; x_wconf 90' lang='lat'><strong><em>,</em></strong></span> <span class='ocrx_word' id='word_1_295' title='bbox 1622 745 1741 774; x_wconf 86' lang='lat' dir='ltr'><strong><em>quarum</em></strong></span> <span class='ocrx_word' id='word_1_296' title='bbox 1768 745 1817 766; x_wconf 76' lang='lat' dir='ltr'><strong><em>ex-</em></strong></span> 
     </span>
    </p>
   </div>
   <div class='ocr_carea' id='block_1_44' title="bbox 1023 783 1785 819">
    <p class='ocr_par' dir='ltr' id='par_1_44' title="bbox 1023 783 1785 819">
     <span class='ocr_line' id='line_1_44' title="bbox 1023 783 1785 819; baseline -0.001 -8"><span class='ocrx_word' id='word_1_297' title='bbox 1023 784 1179 812; x_wconf 88' lang='lat' dir='ltr'><strong><em>cellentiam</em></strong></span> <span class='ocrx_word' id='word_1_298' title='bbox 1189 787 1217 811; x_wconf 87' lang='lat' dir='ltr'><strong><em>et</em></strong></span> <span class='ocrx_word' id='word_1_299' title='bbox 1231 784 1413 819; x_wconf 87' lang='lat' dir='ltr'><strong><em>quantitatem</em></strong></span> <span class='ocrx_word' id='word_1_300' title='bbox 1431 783 1490 818; x_wconf 85' lang='lat' dir='ltr'><strong><em>ipse</em></strong></span> <span class='ocrx_word' id='word_1_301' title='bbox 1504 787 1611 810; x_wconf 90' lang='lat' dir='ltr'><strong><em>tantum</em></strong></span> <span class='ocrx_word' id='word_1_302' title='bbox 1628 783 1785 819; x_wconf 78' lang='lat' dir='ltr'><strong><em>cognoscit.</em></strong></span> 
     </span>
    </p>
   </div>
   <div class='ocr_carea' id='block_1_45' title="bbox 1059 829 1818 865">
    <p class='ocr_par' dir='ltr' id='par_1_45' title="bbox 1059 829 1818 865">
     <span class='ocr_line' id='line_1_45' title="bbox 1059 829 1818 865; baseline -0.003 -7"><span class='ocrx_word' id='word_1_303' title='bbox 1059 829 1170 858; x_wconf 87' lang='lat' dir='ltr'><strong><em>Ordinis</em></strong></span> <span class='ocrx_word' id='word_1_304' title='bbox 1184 837 1260 863; x_wconf 89' lang='lat' dir='ltr'><strong><em>vero,</em></strong></span> <span class='ocrx_word' id='word_1_305' title='bbox 1274 833 1303 857; x_wconf 89' lang='lat' dir='ltr'><strong><em>et</em></strong></span> <span class='ocrx_word' id='word_1_306' title='bbox 1315 829 1385 856; x_wconf 90' lang='lat' dir='ltr'><strong><em>inter</em></strong></span> <span class='ocrx_word' id='word_1_307' title='bbox 1401 829 1564 864; x_wconf 61' lang='lat' dir='ltr'><strong><em>praepositos</em></strong></span> <span class='ocrx_word' id='word_1_308' title='bbox 1589 832 1671 865; x_wconf 86' lang='lat' dir='ltr'><strong><em>atque</em></strong></span> <span class='ocrx_word' id='word_1_309' title='bbox 1686 829 1818 857; x_wconf 83' lang='lat' dir='ltr'><strong><em>subditos</em></strong></span> 
     </span>
    </p>
   </div>
   <div class='ocr_carea' id='block_1_46' title="bbox 1024 875 1817 906">
    <p class='ocr_par' dir='ltr' id='par_1_46' title="bbox 1024 875 1817 906">
     <span class='ocr_line' id='line_1_46' title="bbox 1024 875 1817 906; baseline -0.001 -3"><span class='ocrx_word' id='word_1_310' title='bbox 1024 876 1194 903; x_wconf 83' lang='lat' dir='ltr'><strong><em>discriminis</em></strong></span> <span class='ocrx_word' id='word_1_311' title='bbox 1206 875 1398 903; x_wconf 85' lang='lat' dir='ltr'><strong><em>necessitatem</em></strong></span> <span class='ocrx_word' id='word_1_312' title='bbox 1413 875 1441 902; x_wconf 93' lang='lat' dir='ltr'><strong><em>in</em></strong></span> <span class='ocrx_word' id='word_1_313' title='bbox 1455 875 1643 903; x_wconf 81' lang='lat' dir='ltr'><strong><em>ecclesiastico</em></strong></span> <span class='ocrx_word' id='word_1_314' title='bbox 1659 875 1817 906; x_wconf 79' lang='lat' dir='ltr'><strong><em>ministerio</em></strong></span> 
     </span>
    </p>
   </div>
   <div class='ocr_carea' id='block_1_47' title="bbox 1024 920 1818 957">
    <p class='ocr_par' dir='ltr' id='par_1_47' title="bbox 1024 920 1818 957">
     <span class='ocr_line' id='line_1_47' title="bbox 1024 920 1818 957; baseline -0.003 -7"><span class='ocrx_word' id='word_1_315' title='bbox 1024 923 1275 955; x_wconf 85' lang='lat' dir='ltr'><strong><em>demonstraturus,</em></strong></span> <span class='ocrx_word' id='word_1_316' title='bbox 1285 921 1390 949; x_wconf 70' lang='lat' dir='ltr'><strong><em>militiae</em></strong></span> <span class='ocrx_word' id='word_1_317' title='bbox 1399 922 1554 957; x_wconf 77' lang='lat' dir='ltr'><strong><em>exemplum</em></strong></span> <span class='ocrx_word' id='word_1_318' title='bbox 1570 922 1709 957; x_wconf 89' lang='lat' dir='ltr'><strong><em>proponit.</em></strong></span> <span class='ocrx_word' id='word_1_319' title='bbox 1723 920 1818 957; x_wconf 83' lang='lat' dir='ltr'><strong><em>Neque</em></strong></span> 
     </span>
    </p>
   </div>
   <div class='ocr_carea' id='block_1_48' title="bbox 1022 968 1818 1003">
    <p class='ocr_par' dir='ltr' id='par_1_48' title="bbox 1022 968 1818 1003">
     <span class='ocr_line' id='line_1_48' title="bbox 1022 968 1818 1003; baseline -0.001 -8"><span class='ocrx_word' id='word_1_320' title='bbox 1022 969 1092 996; x_wconf 87' lang='lat' dir='ltr'><strong><em>enim</em></strong></span> <span class='ocrx_word' id='word_1_321' title='bbox 1103 969 1141 995; x_wconf 86' lang='lat' dir='ltr'><strong><em>ibi</em></strong></span> <span class='ocrx_word' id='word_1_322' title='bbox 1157 976 1246 995; x_wconf 82' lang='lat' dir='ltr'><strong><em>omnes</em></strong></span> <span class='ocrx_word' id='word_1_323' title='bbox 1269 968 1388 1003; x_wconf 66' lang='lat' dir='ltr'><strong><em>praefecti</em></strong></span> <span class='ocrx_word' id='word_1_324' title='bbox 1407 971 1480 1000; x_wconf 83' lang='lat' dir='ltr'><strong><em>sunt,</em></strong></span> <span class='ocrx_word' id='word_1_325' title='bbox 1496 975 1577 1002; x_wconf 82' lang='lat' dir='ltr'><strong><em>neque</em></strong></span> <span class='ocrx_word' id='word_1_326' title='bbox 1602 968 1718 1000; x_wconf 89' lang='lat' dir='ltr'><strong><em>tribuni,</em></strong></span> <span class='ocrx_word' id='word_1_327' title='bbox 1734 975 1818 1003; x_wconf 84' lang='lat' dir='ltr'><strong><em>neque</em></strong></span> 
     </span>
    </p>
   </div>
   <div class='ocr_carea' id='block_1_49' title="bbox 1024 1013 1819 1050">
    <p class='ocr_par' dir='ltr' id='par_1_49' title="bbox 1024 1013 1819 1050">
     <span class='ocr_line' id='line_1_49' title="bbox 1024 1013 1819 1050; baseline -0.001 -9"><span class='ocrx_word' id='word_1_328' title='bbox 1024 1014 1202 1046; x_wconf 85' lang='lat' dir='ltr'><strong><em>centuriones,</em></strong></span> <span class='ocrx_word' id='word_1_329' title='bbox 1220 1013 1267 1041; x_wconf 77' lang='lat' dir='ltr'><strong><em>sed</em></strong></span> <span class='ocrx_word' id='word_1_330' title='bbox 1278 1014 1456 1050; x_wconf 88' lang='lat' dir='ltr'><strong><em>unusquisque</em></strong></span> <span class='ocrx_word' id='word_1_331' title='bbox 1464 1015 1493 1041; x_wconf 88' lang='lat' dir='ltr'><strong><em>in</em></strong></span> <span class='ocrx_word' id='word_1_332' title='bbox 1509 1022 1558 1041; x_wconf 86' lang='lat' dir='ltr'><strong><em>suo</em></strong></span> <span class='ocrx_word' id='word_1_333' title='bbox 1578 1014 1669 1040; x_wconf 82' lang='lat' dir='ltr'><strong><em>ordine</em></strong></span> <span class='ocrx_word' id='word_1_334' title='bbox 1685 1013 1718 1040; x_wconf 89' lang='lat' dir='ltr'><strong><em>ab</em></strong></span> <span class='ocrx_word' id='word_1_335' title='bbox 1735 1014 1819 1047; x_wconf 87' lang='lat' dir='ltr'><strong><em>impe-</em></strong></span> 
     </span>
    </p>
   </div>
   <div class='ocr_carea' id='block_1_50' title="bbox 1024 1059 1818 1095">
    <p class='ocr_par' dir='ltr' id='par_1_50' title="bbox 1024 1059 1818 1095">
     <span class='ocr_line' id='line_1_50' title="bbox 1024 1059 1818 1095; baseline -0.001 -8"><span class='ocrx_word' id='word_1_336' title='bbox 1024 1065 1113 1088; x_wconf 85' lang='lat' dir='ltr'><strong><em>ratore</em></strong></span> <span class='ocrx_word' id='word_1_337' title='bbox 1127 1065 1152 1088; x_wconf 90' lang='lat' dir='ltr'><strong><em>et</em></strong></span> <span class='ocrx_word' id='word_1_338' title='bbox 1164 1059 1275 1087; x_wconf 86' lang='lat' dir='ltr'><strong><em>ducibus</em></strong></span> <span class='ocrx_word' id='word_1_339' title='bbox 1302 1059 1432 1087; x_wconf 88' lang='lat' dir='ltr'><strong><em>mandata</em></strong></span> <span class='ocrx_word' id='word_1_340' title='bbox 1455 1060 1567 1095; x_wconf 84' lang='lat' dir='ltr'><strong><em>peragit.</em></strong></span> <span class='ocrx_word' id='word_1_341' title='bbox 1591 1060 1695 1088; x_wconf 86' lang='lat' dir='ltr'><strong><em>Cuncta</em></strong></span> <span class='ocrx_word' id='word_1_342' title='bbox 1723 1059 1818 1094; x_wconf 88' lang='lat' dir='ltr'><strong><em>itaque</em></strong></span> 
     </span>
    </p>
   </div>
   <div class='ocr_carea' id='block_1_51' title="bbox 1024 1105 1818 1140">
    <p class='ocr_par' dir='ltr' id='par_1_51' title="bbox 1024 1105 1818 1140">
     <span class='ocr_line' id='line_1_51' title="bbox 1024 1105 1818 1140; baseline 0 -8"><span class='ocrx_word' id='word_1_343' title='bbox 1024 1106 1116 1133; x_wconf 83' lang='lat' dir='ltr'><strong><em>ordine</em></strong></span> <span class='ocrx_word' id='word_1_344' title='bbox 1129 1105 1251 1133; x_wconf 83' lang='lat' dir='ltr'><strong><em>debemus</em></strong></span> <span class='ocrx_word' id='word_1_345' title='bbox 1262 1105 1358 1140; x_wconf 82' lang='lat' dir='ltr'><strong><em>facere,</em></strong></span> <span class='ocrx_word' id='word_1_346' title='bbox 1376 1113 1435 1140; x_wconf 77' lang='lat' dir='ltr'><strong><em>qute</em></strong></span> <span class='ocrx_word' id='word_1_347' title='bbox 1454 1113 1501 1132; x_wconf 87' lang='lat' dir='ltr'><strong><em>nos</em></strong></span> <span class='ocrx_word' id='word_1_348' title='bbox 1513 1105 1641 1132; x_wconf 87' lang='lat' dir='ltr'><strong><em>Dominus</em></strong></span> <span class='ocrx_word' id='word_1_349' title='bbox 1651 1105 1738 1140; x_wconf 82' lang='lat' dir='ltr'><strong><em>jussit</em></strong></span> <span class='ocrx_word' id='word_1_350' title='bbox 1758 1113 1818 1140; x_wconf 86' lang='lat' dir='ltr'><strong><em>per-</em></strong></span> 
     </span>
    </p>
   </div>
   <div class='ocr_carea' id='block_1_52' title="bbox 1024 1151 1819 1188">
    <p class='ocr_par' dir='ltr' id='par_1_52' title="bbox 1024 1151 1819 1188">
     <span class='ocr_line' id='line_1_52' title="bbox 1024 1151 1819 1188; baseline -0.001 -8"><span class='ocrx_word' id='word_1_351' title='bbox 1024 1161 1111 1188; x_wconf 83' lang='lat' dir='ltr'><strong><em>agere.</em></strong></span> <span class='ocrx_word' id='word_1_352' title='bbox 1132 1152 1286 1180; x_wconf 86' lang='lat' dir='ltr'><strong><em>Oblationes</em></strong></span> <span class='ocrx_word' id='word_1_353' title='bbox 1299 1156 1325 1179; x_wconf 90' lang='lat' dir='ltr'><strong><em>et</em></strong></span> <span class='ocrx_word' id='word_1_354' title='bbox 1340 1152 1425 1187; x_wconf 75' lang='lat' dir='ltr'><strong><em>ofﬁcia</em></strong></span> <span class='ocrx_word' id='word_1_355' title='bbox 1439 1160 1492 1179; x_wconf 89' lang='lat' dir='ltr'><strong><em>non</em></strong></span> <span class='ocrx_word' id='word_1_356' title='bbox 1506 1156 1600 1179; x_wconf 89' lang='lat' dir='ltr'><strong><em>temere</em></strong></span> <span class='ocrx_word' id='word_1_357' title='bbox 1610 1151 1648 1178; x_wconf 84' lang='lat' dir='ltr'><strong><em>vel</em></strong></span> <span class='ocrx_word' id='word_1_358' title='bbox 1664 1151 1819 1179; x_wconf 81' lang='lat' dir='ltr'><strong><em>inordinate</em></strong></span> 
     </span>
    </p>
   </div>
   <div class='ocr_carea' id='block_1_53' title="bbox 1024 1197 1817 1233">
    <p class='ocr_par' dir='ltr' id='par_1_53' title="bbox 1024 1197 1817 1233">
     <span class='ocr_line' id='line_1_53' title="bbox 1024 1197 1817 1233; baseline -0.003 -7"><span class='ocrx_word' id='word_1_359' title='bbox 1024 1199 1083 1233; x_wconf 85' lang='lat' dir='ltr'><strong><em>ﬁeri</em></strong></span> <span class='ocrx_word' id='word_1_360' title='bbox 1107 1198 1241 1233; x_wconf 82' lang='lat' dir='ltr'><strong><em>pnecepit,</em></strong></span> <span class='ocrx_word' id='word_1_361' title='bbox 1268 1197 1314 1224; x_wconf 85' lang='lat' dir='ltr'><strong><em>sed</em></strong></span> <span class='ocrx_word' id='word_1_362' title='bbox 1338 1197 1481 1232; x_wconf 73' lang='lat' dir='ltr'><strong><em>praeﬁnitis</em></strong></span> <span class='ocrx_word' id='word_1_363' title='bbox 1498 1197 1655 1232; x_wconf 79' lang='lat' dir='ltr'><strong><em>temporibus</em></strong></span> <span class='ocrx_word' id='word_1_364' title='bbox 1680 1205 1711 1224; x_wconf 85' lang='lat' dir='ltr'><strong><em>ac</em></strong></span> <span class='ocrx_word' id='word_1_365' title='bbox 1723 1197 1817 1228; x_wconf 85' lang='lat' dir='ltr'><strong><em>horis;</em></strong></span> 
     </span>
    </p>
   </div>
   <div class='ocr_carea' id='block_1_54' title="bbox 1023 1243 1819 1281">
    <p class='ocr_par' dir='ltr' id='par_1_54' title="bbox 1023 1243 1819 1281">
     <span class='ocr_line' id='line_1_54' title="bbox 1023 1243 1819 1281; baseline -0.003 -9"><span class='ocrx_word' id='word_1_366' title='bbox 1023 1253 1074 1281; x_wconf 91' lang='lat' dir='ltr'><strong><em>quo</em></strong></span> <span class='ocrx_word' id='word_1_367' title='bbox 1090 1245 1170 1272; x_wconf 87' lang='lat' dir='ltr'><strong><em>etiam</em></strong></span> <span class='ocrx_word' id='word_1_368' title='bbox 1184 1245 1251 1278; x_wconf 86' lang='lat' dir='ltr'><strong><em>loco,</em></strong></span> <span class='ocrx_word' id='word_1_369' title='bbox 1268 1249 1293 1272; x_wconf 91' lang='lat' dir='ltr'><strong><em>et</em></strong></span> <span class='ocrx_word' id='word_1_370' title='bbox 1309 1252 1325 1270; x_wconf 81' lang='grc' dir='ltr'><em>α</em></span> <span class='ocrx_word' id='word_1_371' title='bbox 1336 1243 1430 1279; x_wconf 81' lang='lat' dir='ltr'><strong><em>quibus</em></strong></span> <span class='ocrx_word' id='word_1_372' title='bbox 1447 1243 1576 1271; x_wconf 87' lang='lat' dir='ltr'><strong><em>celebrari</em></strong></span> <span class='ocrx_word' id='word_1_373' title='bbox 1588 1243 1658 1276; x_wconf 80' lang='lat' dir='ltr'><strong><em>uelit,</em></strong></span> <span class='ocrx_word' id='word_1_374' title='bbox 1687 1244 1743 1278; x_wconf 87' lang='lat' dir='ltr'><strong><em>ipse</em></strong></span> <span class='ocrx_word' id='word_1_375' title='bbox 1769 1251 1819 1270; x_wconf 74' lang='lat' dir='ltr'><strong><em>ea:-</em></strong></span> 
     </span>
    </p>
   </div>
   <div class='ocr_carea' id='block_1_55' title="bbox 1024 1290 1819 1325">
    <p class='ocr_par' dir='ltr' id='par_1_55' title="bbox 1024 1290 1819 1325">
     <span class='ocr_line' id='line_1_55' title="bbox 1024 1290 1819 1325; baseline -0.001 -7"><span class='ocrx_word' id='word_1_376' title='bbox 1024 1291 1172 1318; x_wconf 85' lang='lat' dir='ltr'><strong><em>celsissima</em></strong></span> <span class='ocrx_word' id='word_1_377' title='bbox 1190 1299 1240 1318; x_wconf 86' lang='lat' dir='ltr'><strong><em>sua</em></strong></span> <span class='ocrx_word' id='word_1_378' title='bbox 1251 1290 1387 1318; x_wconf 76' lang='lat' dir='ltr'><strong><em>voluntate</em></strong></span> <span class='ocrx_word' id='word_1_379' title='bbox 1397 1290 1528 1325; x_wconf 78' lang='lat' dir='ltr'><strong><em>deﬁnivit,</em></strong></span> <span class='ocrx_word' id='word_1_380' title='bbox 1554 1295 1582 1317; x_wconf 89' lang='lat' dir='ltr'><strong><em>ut</em></strong></span> <span class='ocrx_word' id='word_1_381' title='bbox 1597 1297 1660 1325; x_wconf 88' lang='lat' dir='ltr'><strong><em>pure</em></strong></span> <span class='ocrx_word' id='word_1_382' title='bbox 1674 1294 1698 1316; x_wconf 90' lang='lat' dir='ltr'><strong><em>et</em></strong></span> <span class='ocrx_word' id='word_1_383' title='bbox 1724 1295 1819 1317; x_wconf 82' lang='lat' dir='ltr'><strong><em>sancte</em></strong></span> 
     </span>
    </p>
   </div>
   <div class='ocr_carea' id='block_1_56' title="bbox 1025 1336 1819 1373">
    <p class='ocr_par' dir='ltr' id='par_1_56' title="bbox 1025 1336 1819 1373">
     <span class='ocr_line' id='line_1_56' title="bbox 1025 1336 1819 1373; baseline -0.001 -8"><span class='ocrx_word' id='word_1_384' title='bbox 1025 1339 1115 1365; x_wconf 86' lang='lat' dir='ltr'><strong><em>omnia</em></strong></span> <span class='ocrx_word' id='word_1_385' title='bbox 1123 1338 1197 1372; x_wconf 78' lang='lat' dir='ltr'><strong><em>facta</em></strong></span> <span class='ocrx_word' id='word_1_386' title='bbox 1216 1338 1298 1373; x_wconf 73' lang='lat' dir='ltr'><strong><em>juxta</em></strong></span> <span class='ocrx_word' id='word_1_387' title='bbox 1312 1337 1369 1372; x_wconf 86' lang='lat' dir='ltr'><strong><em>ejus</em></strong></span> <span class='ocrx_word' id='word_1_388' title='bbox 1383 1336 1589 1372; x_wconf 86' lang='lat' dir='ltr'><strong><em>beneplacitum,</em></strong></span> <span class='ocrx_word' id='word_1_389' title='bbox 1611 1341 1718 1371; x_wconf 85' lang='lat' dir='ltr'><strong><em>accepta</em></strong></span> <span class='ocrx_word' id='word_1_390' title='bbox 1729 1342 1819 1364; x_wconf 83' lang='lat' dir='ltr'><strong><em>essent</em></strong></span> 
     </span>
    </p>
   </div>
   <div class='ocr_carea' id='block_1_57' title="bbox 1025 1383 1819 1420">
    <p class='ocr_par' dir='ltr' id='par_1_57' title="bbox 1025 1383 1819 1420">
     <span class='ocr_line' id='line_1_57' title="bbox 1025 1383 1819 1420; baseline -0.001 -9"><span class='ocrx_word' id='word_1_391' title='bbox 1025 1384 1155 1411; x_wconf 79' lang='lat' dir='ltr'><strong><em>voluntati</em></strong></span> <span class='ocrx_word' id='word_1_392' title='bbox 1168 1384 1236 1418; x_wconf 88' lang='lat' dir='ltr'><strong><em>ejus.</em></strong></span> <span class='ocrx_word' id='word_1_393' title='bbox 1248 1383 1300 1417; x_wconf 80' lang='lat' dir='ltr'><strong><em>Qui</em></strong></span> <span class='ocrx_word' id='word_1_394' title='bbox 1315 1392 1375 1420; x_wconf 89' lang='lat' dir='ltr'><strong><em>ergo</em></strong></span> <span class='ocrx_word' id='word_1_395' title='bbox 1399 1385 1542 1419; x_wconf 80' lang='lat' dir='ltr'><strong><em>assignatis</em></strong></span> <span class='ocrx_word' id='word_1_396' title='bbox 1561 1383 1721 1418; x_wconf 79' lang='lat' dir='ltr'><strong><em>temporibus</em></strong></span> <span class='ocrx_word' id='word_1_397' title='bbox 1740 1383 1819 1410; x_wconf 88' lang='lat' dir='ltr'><strong><em>obla-</em></strong></span> 
     </span>
    </p>
   </div>
   <div class='ocr_carea' id='block_1_58' title="bbox 1025 1429 1820 1465">
    <p class='ocr_par' dir='ltr' id='par_1_58' title="bbox 1025 1429 1820 1465">
     <span class='ocr_line' id='line_1_58' title="bbox 1025 1429 1820 1465; baseline -0.003 -8"><span class='ocrx_word' id='word_1_398' title='bbox 1025 1430 1108 1457; x_wconf 81' lang='lat' dir='ltr'><strong><em>tiones</em></strong></span> <span class='ocrx_word' id='word_1_399' title='bbox 1118 1438 1182 1456; x_wconf 86' lang='lat' dir='ltr'><strong><em>suas</em></strong></span> <span class='ocrx_word' id='word_1_400' title='bbox 1202 1429 1315 1464; x_wconf 80' lang='lat' dir='ltr'><strong><em>faciunt,</em></strong></span> <span class='ocrx_word' id='word_1_401' title='bbox 1332 1430 1432 1464; x_wconf 89' lang='lat' dir='ltr'><strong><em>accepti</em></strong></span> <span class='ocrx_word' id='word_1_402' title='bbox 1444 1434 1469 1456; x_wconf 91' lang='lat' dir='ltr'><strong><em>et</em></strong></span> <span class='ocrx_word' id='word_1_403' title='bbox 1489 1429 1558 1456; x_wconf 88' lang='lat' dir='ltr'><strong><em>beati</em></strong></span> <span class='ocrx_word' id='word_1_404' title='bbox 1579 1434 1662 1460; x_wconf 84' lang='lat' dir='ltr'><strong><em>sunt;</em></strong></span> <span class='ocrx_word' id='word_1_405' title='bbox 1684 1437 1747 1456; x_wconf 84' lang='lat' dir='ltr'><strong><em>nam</em></strong></span> <span class='ocrx_word' id='word_1_406' title='bbox 1772 1429 1820 1465; x_wconf 79' lang='lat' dir='ltr'><strong><em>qui</em></strong></span> 
     </span>
    </p>
   </div>
   <div class='ocr_carea' id='block_1_59' title="bbox 1025 1474 1819 1510">
    <p class='ocr_par' dir='ltr' id='par_1_59' title="bbox 1025 1474 1819 1510">
     <span class='ocr_line' id='line_1_59' title="bbox 1025 1474 1819 1510; baseline -0.003 -8"><span class='ocrx_word' id='word_1_407' title='bbox 1025 1480 1168 1510; x_wconf 77' lang='lat' dir='ltr'><strong><em>sequuntur</em></strong></span> <span class='ocrx_word' id='word_1_408' title='bbox 1182 1475 1249 1510; x_wconf 85' lang='lat' dir='ltr'><strong><em>leges</em></strong></span> <span class='ocrx_word' id='word_1_409' title='bbox 1259 1475 1379 1508; x_wconf 83' lang='lat' dir='ltr'><strong><em>Domini,</em></strong></span> <span class='ocrx_word' id='word_1_410' title='bbox 1391 1483 1443 1502; x_wconf 88' lang='lat' dir='ltr'><strong><em>non</em></strong></span> <span class='ocrx_word' id='word_1_411' title='bbox 1453 1475 1586 1502; x_wconf 86' lang='lat' dir='ltr'><strong><em>aberrant.</em></strong></span> <span class='ocrx_word' id='word_1_412' title='bbox 1597 1474 1706 1502; x_wconf 88' lang='lat' dir='ltr'><strong><em>Summo</em></strong></span> <span class='ocrx_word' id='word_1_413' title='bbox 1722 1475 1819 1510; x_wconf 81' lang='lat' dir='ltr'><strong><em>quippe</em></strong></span> 
     </span>
    </p>
   </div>
   <div class='ocr_carea' id='block_1_60' title="bbox 1025 1521 1818 1553">
    <p class='ocr_par' dir='ltr' id='par_1_60' title="bbox 1025 1521 1818 1553">
     <span class='ocr_line' id='line_1_60' title="bbox 1025 1521 1818 1553; baseline -0.003 -4"><span class='ocrx_word' id='word_1_414' title='bbox 1025 1521 1157 1550; x_wconf 86' lang='lat' dir='ltr'><strong><em>sacerdoti</em></strong></span> <span class='ocrx_word' id='word_1_415' title='bbox 1185 1530 1235 1548; x_wconf 85' lang='lat' dir='ltr'><strong><em>sua</em></strong></span> <span class='ocrx_word' id='word_1_416' title='bbox 1256 1523 1347 1549; x_wconf 89' lang='lat' dir='ltr'><strong><em>munia</em></strong></span> <span class='ocrx_word' id='word_1_417' title='bbox 1368 1521 1465 1548; x_wconf 81' lang='lat' dir='ltr'><strong><em>tributa</em></strong></span> <span class='ocrx_word' id='word_1_418' title='bbox 1479 1526 1562 1553; x_wconf 86' lang='lat' dir='ltr'><strong><em>sunt;</em></strong></span> <span class='ocrx_word' id='word_1_419' title='bbox 1581 1527 1606 1548; x_wconf 88' lang='lat' dir='ltr'><strong><em>et</em></strong></span> <span class='ocrx_word' id='word_1_420' title='bbox 1633 1521 1818 1548; x_wconf 84' lang='lat' dir='ltr'><strong><em>sacerdotibus</em></strong></span> 
     </span>
    </p>
   </div>
   <div class='ocr_carea' id='block_1_61' title="bbox 186 1563 1820 1605">
    <p class='ocr_par' dir='ltr' id='par_1_61' title="bbox 186 1563 1820 1605">
     <span class='ocr_line' id='line_1_61' title="bbox 186 1563 1820 1605; baseline 0.002 -15"><span class='ocrx_word' id='word_1_421' title='bbox 186 1564 322 1599; x_wconf 68' lang='lat' dir='ltr'><strong><em>praecipue</em></strong></span> <span class='ocrx_word' id='word_1_422' title='bbox 340 1571 404 1591; x_wconf 92' lang='lat' dir='ltr'><strong><em>vero</em></strong></span> <span class='ocrx_word' id='word_1_423' title='bbox 418 1564 445 1590; x_wconf 90' lang='lat' dir='ltr'><strong><em>in</em></strong></span> <span class='ocrx_word' id='word_1_424' title='bbox 460 1563 645 1595; x_wconf 83' lang='lat' dir='ltr'><strong><em>Christianos,</em></strong></span> <span class='ocrx_word' id='word_1_425' title='bbox 661 1564 697 1591; x_wconf 87' lang='lat' dir='ltr'><strong><em>ob</em></strong></span> <span class='ocrx_word' id='word_1_426' title='bbox 710 1564 806 1592; x_wconf 91' lang='lat' dir='ltr'><strong><em>oculos</em></strong></span> <span class='ocrx_word' id='word_1_427' title='bbox 832 1565 970 1600; x_wconf 86' lang='lat' dir='ltr'><strong><em>proponit.</em></strong></span> <span class='ocrx_word' id='word_1_428' title='bbox 985 1575 1006 1605; x_wconf 74' lang='grc' dir='ltr'>α</span> <span class='ocrx_word' id='word_1_429' title='bbox 1025 1569 1099 1595; x_wconf 84' lang='lat' dir='ltr'><strong><em>locus</em></strong></span> <span class='ocrx_word' id='word_1_430' title='bbox 1114 1568 1237 1602; x_wconf 84' lang='lat' dir='ltr'><strong><em>proprius</em></strong></span> <span class='ocrx_word' id='word_1_431' title='bbox 1250 1569 1401 1604; x_wconf 86' lang='lat' dir='ltr'><strong><em>assignatus</em></strong></span> <span class='ocrx_word' id='word_1_432' title='bbox 1414 1572 1453 1595; x_wconf 92' lang='lat' dir='ltr'><strong><em>est</em></strong></span> <span class='ocrx_word' id='word_1_433' title='bbox 1465 1575 1475 1600; x_wconf 87' lang='lat'><strong><em>;</em></strong></span> <span class='ocrx_word' id='word_1_434' title='bbox 1489 1573 1514 1595; x_wconf 90' lang='lat' dir='ltr'><strong><em>et</em></strong></span> <span class='ocrx_word' id='word_1_435' title='bbox 1534 1567 1617 1594; x_wconf 74' lang='lat' dir='ltr'><strong><em>lenitis</em></strong></span> <span class='ocrx_word' id='word_1_436' title='bbox 1630 1575 1680 1594; x_wconf 88' lang='lat' dir='ltr'><strong><em>sua</em></strong></span> <span class='ocrx_word' id='word_1_437' title='bbox 1696 1567 1820 1594; x_wconf 86' lang='lat' dir='ltr'><strong><em>ministe-</em></strong></span> 
     </span>
    </p>
   </div>
   <div class='ocr_carea' id='block_1_62' title="bbox 186 1608 972 1645">
    <p class='ocr_par' dir='ltr' id='par_1_62' title="bbox 186 1608 972 1645">
     <span class='ocr_line' id='line_1_62' title="bbox 186 1608 972 1645; baseline -0.001 -8"><span class='ocrx_word' id='word_1_438' title='bbox 186 1609 292 1643; x_wconf 78' lang='lat' dir='ltr'><strong><em>Quibus</em></strong></span> <span class='ocrx_word' id='word_1_439' title='bbox 303 1609 361 1636; x_wconf 76' lang='lat' dir='ltr'><strong><em>[nec</em></strong></span> <span class='ocrx_word' id='word_1_440' title='bbox 391 1609 568 1644; x_wconf 84' lang='lat' dir='ltr'><strong><em>superaddit:</em></strong></span> <span class='ocrx_word' id='word_1_441' title='bbox 587 1608 704 1644; x_wconf 58' lang='lat' dir='ltr'><strong><em>{Equum</em></strong></span> <span class='ocrx_word' id='word_1_442' title='bbox 720 1610 801 1645; x_wconf 84' lang='lat' dir='ltr'><strong><em>igitur</em></strong></span> <span class='ocrx_word' id='word_1_443' title='bbox 821 1617 870 1641; x_wconf 85' lang='lat' dir='ltr'><strong><em>est,</em></strong></span> <span class='ocrx_word' id='word_1_444' title='bbox 886 1615 915 1636; x_wconf 87' lang='lat' dir='ltr'><strong><em>ut</em></strong></span> <span class='ocrx_word' id='word_1_445' title='bbox 939 1609 972 1637; x_wconf 84' lang='lat' dir='ltr'><strong><em>ab</em></strong></span> 
     </span>
    </p>
   </div>
   <div class='ocr_carea' id='block_1_63' title="bbox 184 1654 974 1690">
    <p class='ocr_par' dir='ltr' id='par_1_63' title="bbox 184 1654 974 1690">
     <span class='ocr_line' id='line_1_63' title="bbox 184 1654 974 1690; baseline -0.004 -8"><span class='ocrx_word' id='word_1_446' title='bbox 184 1655 242 1690; x_wconf 83' lang='lat' dir='ltr'><strong><em>ejus</em></strong></span> <span class='ocrx_word' id='word_1_447' title='bbox 258 1654 390 1682; x_wconf 80' lang='lat' dir='ltr'><strong><em>voluntate</em></strong></span> <span class='ocrx_word' id='word_1_448' title='bbox 406 1663 457 1681; x_wconf 88' lang='lat' dir='ltr'><strong><em>non</em></strong></span> <span class='ocrx_word' id='word_1_449' title='bbox 477 1655 560 1681; x_wconf 88' lang='lat' dir='ltr'><strong><em>simus</em></strong></span> <span class='ocrx_word' id='word_1_450' title='bbox 591 1655 752 1690; x_wconf 67' lang='lat' dir='ltr'><strong><em>transfugit:</em></strong></span> <span class='ocrx_word' id='word_1_451' title='bbox 773 1655 889 1682; x_wconf 84' lang='lat' dir='ltr'><strong><em>homines</em></strong></span> <span class='ocrx_word' id='word_1_452' title='bbox 905 1655 974 1682; x_wconf 82' lang='lat' dir='ltr'><strong><em>stul-</em></strong></span> 
     </span>
    </p>
   </div>
   <div class='ocr_carea' id='block_1_64' title="bbox 187 1700 974 1736">
    <p class='ocr_par' dir='ltr' id='par_1_64' title="bbox 187 1700 974 1736">
     <span class='ocr_line' id='line_1_64' title="bbox 187 1700 974 1736; baseline 0 -8"><span class='ocrx_word' id='word_1_453' title='bbox 187 1707 238 1733; x_wconf 83' lang='lat' dir='ltr'><strong><em>tos,</em></strong></span> <span class='ocrx_word' id='word_1_454' title='bbox 251 1701 412 1735; x_wconf 83' lang='lat' dir='ltr'><strong><em>insipientes,</em></strong></span> <span class='ocrx_word' id='word_1_455' title='bbox 429 1700 524 1732; x_wconf 84' lang='lat' dir='ltr'><strong><em>elatos,</em></strong></span> <span class='ocrx_word' id='word_1_456' title='bbox 535 1705 559 1727; x_wconf 91' lang='lat' dir='ltr'><strong><em>et</em></strong></span> <span class='ocrx_word' id='word_1_457' title='bbox 569 1700 713 1736; x_wconf 84' lang='lat' dir='ltr'><strong><em>gloriantes</em></strong></span> <span class='ocrx_word' id='word_1_458' title='bbox 730 1701 757 1728; x_wconf 90' lang='lat' dir='ltr'><strong><em>in</em></strong></span> <span class='ocrx_word' id='word_1_459' title='bbox 785 1701 913 1728; x_wconf 83' lang='lat' dir='ltr'><strong><em>sermonis</em></strong></span> <span class='ocrx_word' id='word_1_460' title='bbox 932 1701 974 1728; x_wconf 88' lang='lat' dir='ltr'><strong><em>sui</em></strong></span> 
     </span>
    </p>
   </div>
   <div class='ocr_carea' id='block_1_65' title="bbox 185 1747 974 1782">
    <p class='ocr_par' dir='ltr' id='par_1_65' title="bbox 185 1747 974 1782">
     <span class='ocr_line' id='line_1_65' title="bbox 185 1747 974 1782; baseline -0.001 -8"><span class='ocrx_word' id='word_1_461' title='bbox 185 1748 317 1782; x_wconf 84' lang='lat' dir='ltr'><strong><em>iactantia</em></strong></span> <span class='ocrx_word' id='word_1_462' title='bbox 333 1747 495 1781; x_wconf 75' lang='lat' dir='ltr'><strong><em>offendamus</em></strong></span> <span class='ocrx_word' id='word_1_463' title='bbox 515 1748 613 1781; x_wconf 88' lang='lat' dir='ltr'><strong><em>potius,</em></strong></span> <span class='ocrx_word' id='word_1_464' title='bbox 629 1755 708 1782; x_wconf 88' lang='lat' dir='ltr'><strong><em>quam</em></strong></span> <span class='ocrx_word' id='word_1_465' title='bbox 734 1747 974 1774; x_wconf 67' lang='lat' dir='ltr'><strong><em>DeumDominum</em></strong></span> 
     </span>
    </p>
   </div>
   <div class='ocr_carea' id='block_1_66' title="bbox 185 1792 972 1828">
    <p class='ocr_par' dir='ltr' id='par_1_66' title="bbox 185 1792 972 1828">
     <span class='ocr_line' id='line_1_66' title="bbox 185 1792 972 1828; baseline 0 -8"><span class='ocrx_word' id='word_1_466' title='bbox 185 1793 279 1821; x_wconf 75' lang='lat' dir='ltr'><strong><em>Iesum</em></strong></span> <span class='ocrx_word' id='word_1_467' title='bbox 294 1792 439 1824; x_wconf 80' lang='lat' dir='ltr'><strong><em>Christum.</em></strong></span> <span class='ocrx_word' id='word_1_468' title='bbox 455 1793 531 1828; x_wconf 83' lang='lat' dir='ltr'><strong><em>cujus</em></strong></span> <span class='ocrx_word' id='word_1_469' title='bbox 543 1794 651 1828; x_wconf 71' lang='lat' dir='ltr'><strong><em>sanguis</em></strong></span> <span class='ocrx_word' id='word_1_470' title='bbox 666 1801 714 1827; x_wconf 89' lang='lat' dir='ltr'><strong><em>pro</em></strong></span> <span class='ocrx_word' id='word_1_471' title='bbox 729 1793 803 1820; x_wconf 86' lang='lat' dir='ltr'><strong><em>nobis</em></strong></span> <span class='ocrx_word' id='word_1_472' title='bbox 829 1793 908 1820; x_wconf 89' lang='lat' dir='ltr'><strong><em>datus</em></strong></span> <span class='ocrx_word' id='word_1_473' title='bbox 923 1798 972 1826; x_wconf 91' lang='lat' dir='ltr'><strong><em>est,</em></strong></span> 
     </span>
    </p>
   </div>
   <div class='ocr_carea' id='block_1_67' title="bbox 188 1838 973 1874">
    <p class='ocr_par' dir='ltr' id='par_1_67' title="bbox 188 1838 973 1874">
     <span class='ocr_line' id='line_1_67' title="bbox 188 1838 973 1874; baseline -0.003 -7"><span class='ocrx_word' id='word_1_474' title='bbox 188 1847 347 1867; x_wconf 80' lang='lat' dir='ltr'><strong><em>veneremur.</em></strong></span> <span class='ocrx_word' id='word_1_475' title='bbox 366 1838 529 1874; x_wconf 75' lang='lat' dir='ltr'><strong><em>Prwpositos</em></strong></span> <span class='ocrx_word' id='word_1_476' title='bbox 545 1843 649 1866; x_wconf 69' lang='grc' dir='ltr'><strong><em>ηοεινοδ</em></strong></span> <span class='ocrx_word' id='word_1_477' title='bbox 663 1847 845 1870; x_wconf 82' lang='lat' dir='ltr'><strong><em>reuereamur;</em></strong></span> <span class='ocrx_word' id='word_1_478' title='bbox 859 1839 973 1866; x_wconf 86' lang='lat' dir='ltr'><strong><em>seniores</em></strong></span> 
     </span>
    </p>
   </div>
   <div class='ocr_carea' id='block_1_68' title="bbox 188 1884 974 1920">
    <p class='ocr_par' dir='ltr' id='par_1_68' title="bbox 188 1884 974 1920">
     <span class='ocr_line' id='line_1_68' title="bbox 188 1884 974 1920; baseline 0 -8"><span class='ocrx_word' id='word_1_479' title='bbox 188 1891 291 1913; x_wconf 88' lang='lat' dir='ltr'><strong><em>nostros</em></strong></span> <span class='ocrx_word' id='word_1_480' title='bbox 312 1886 486 1917; x_wconf 85' lang='lat' dir='ltr'><strong><em>honoremus;</em></strong></span> <span class='ocrx_word' id='word_1_481' title='bbox 502 1885 609 1920; x_wconf 81' lang='lat' dir='ltr'><strong><em>juvenes</em></strong></span> <span class='ocrx_word' id='word_1_482' title='bbox 640 1884 780 1912; x_wconf 86' lang='lat' dir='ltr'><strong><em>doceamus</em></strong></span> <span class='ocrx_word' id='word_1_483' title='bbox 806 1885 974 1919; x_wconf 86' lang='lat' dir='ltr'><strong><em>disciplinam</em></strong></span> 
     </span>
    </p>
   </div>
   <div class='ocr_carea' id='block_1_69' title="bbox 188 1930 974 1966">
    <p class='ocr_par' dir='ltr' id='par_1_69' title="bbox 188 1930 974 1966">
     <span class='ocr_line' id='line_1_69' title="bbox 188 1930 974 1966; baseline -0.001 -8"><span class='ocrx_word' id='word_1_484' title='bbox 188 1931 290 1958; x_wconf 82' lang='lat' dir='ltr'><strong><em>timoris</em></strong></span> <span class='ocrx_word' id='word_1_485' title='bbox 318 1931 383 1963; x_wconf 85' lang='lat' dir='ltr'><strong><em>Dei;</em></strong></span> <span class='ocrx_word' id='word_1_486' title='bbox 410 1931 486 1958; x_wconf 85' lang='lat' dir='ltr'><strong><em>liberi</em></strong></span> <span class='ocrx_word' id='word_1_487' title='bbox 521 1931 606 1958; x_wconf 85' lang='lat' dir='ltr'><strong><em>nostri</em></strong></span> <span class='ocrx_word' id='word_1_488' title='bbox 630 1930 734 1958; x_wconf 87' lang='lat' dir='ltr'><strong><em>discant</em></strong></span> <span class='ocrx_word' id='word_1_489' title='bbox 766 1930 830 1966; x_wconf 90' lang='lat' dir='ltr'><strong><em>quid</em></strong></span> <span class='ocrx_word' id='word_1_490' title='bbox 856 1930 974 1957; x_wconf 86' lang='lat' dir='ltr'><strong><em>charitas</em></strong></span> 
     </span>
    </p>
   </div>
   <div class='ocr_carea' id='block_1_70' title="bbox 188 1976 462 2011">
    <p class='ocr_par' dir='ltr' id='par_1_70' title="bbox 188 1976 462 2011">
     <span class='ocr_line' id='line_1_70' title="bbox 188 1976 462 2011; baseline -0.004 -7"><span class='ocrx_word' id='word_1_491' title='bbox 188 1977 258 2011; x_wconf 77' lang='lat' dir='ltr'><strong><em>apud</em></strong></span> <span class='ocrx_word' id='word_1_492' title='bbox 272 1976 355 2003; x_wconf 89' lang='lat' dir='ltr'><strong><em>Deum</em></strong></span> <span class='ocrx_word' id='word_1_493' title='bbox 367 1977 462 2010; x_wconf 89' lang='lat' dir='ltr'><strong><em>possit.</em></strong></span> 
     </span>
    </p>
   </div>
   <div class='ocr_carea' id='block_1_71' title="bbox 225 2022 974 2055">
    <p class='ocr_par' dir='ltr' id='par_1_71' title="bbox 225 2022 974 2055">
     <span class='ocr_line' id='line_1_71' title="bbox 225 2022 974 2055; baseline 0.001 -6"><span class='ocrx_word' id='word_1_494' title='bbox 225 2022 354 2050; x_wconf 83' lang='lat' dir='ltr'><strong><em>Hortatur</em></strong></span> <span class='ocrx_word' id='word_1_495' title='bbox 366 2022 464 2050; x_wconf 86' lang='lat' dir='ltr'><strong><em>deinde</em></strong></span> <span class='ocrx_word' id='word_1_496' title='bbox 473 2026 586 2050; x_wconf 88' lang='lat' dir='ltr'><strong><em>sanctus</em></strong></span> <span class='ocrx_word' id='word_1_497' title='bbox 604 2023 730 2050; x_wconf 87' lang='lat' dir='ltr'><strong><em>Clemens</em></strong></span> <span class='ocrx_word' id='word_1_498' title='bbox 753 2022 922 2055; x_wconf 86' lang='lat' dir='ltr'><strong><em>Corinthios,</em></strong></span> <span class='ocrx_word' id='word_1_499' title='bbox 944 2027 974 2050; x_wconf 94' lang='lat' dir='ltr'><strong><em>ut</em></strong></span> 
     </span>
    </p>
   </div>
   <div class='ocr_carea' id='block_1_72' title="bbox 190 2068 974 2104">
    <p class='ocr_par' dir='ltr' id='par_1_72' title="bbox 190 2068 974 2104">
     <span class='ocr_line' id='line_1_72' title="bbox 190 2068 974 2104; baseline 0 -9"><span class='ocrx_word' id='word_1_500' title='bbox 190 2068 334 2096; x_wconf 88' lang='lat' dir='ltr'><strong><em>Dominum</em></strong></span> <span class='ocrx_word' id='word_1_501' title='bbox 349 2069 474 2101; x_wconf 85' lang='lat' dir='ltr'><strong><em>timeant,</em></strong></span> <span class='ocrx_word' id='word_1_502' title='bbox 495 2072 576 2104; x_wconf 88' lang='lat' dir='ltr'><strong><em>atque</em></strong></span> <span class='ocrx_word' id='word_1_503' title='bbox 592 2069 620 2096; x_wconf 93' lang='lat' dir='ltr'><strong><em>in</em></strong></span> <span class='ocrx_word' id='word_1_504' title='bbox 641 2069 701 2104; x_wconf 78' lang='lat' dir='ltr'><strong><em>ejus</em></strong></span> <span class='ocrx_word' id='word_1_505' title='bbox 718 2069 839 2097; x_wconf 85' lang='lat' dir='ltr'><strong><em>bonitate</em></strong></span> <span class='ocrx_word' id='word_1_506' title='bbox 854 2073 974 2104; x_wconf 82' lang='lat' dir='ltr'><strong><em>sperent,</em></strong></span> 
     </span>
    </p>
   </div>
   <div class='ocr_carea' id='block_1_73' title="bbox 190 2115 974 2150">
    <p class='ocr_par' dir='ltr' id='par_1_73' title="bbox 190 2115 974 2150">
     <span class='ocr_line' id='line_1_73' title="bbox 190 2115 974 2150; baseline -0.001 -7"><span class='ocrx_word' id='word_1_507' title='bbox 190 2121 246 2144; x_wconf 88' lang='lat' dir='ltr'><strong><em>tum</em></strong></span> <span class='ocrx_word' id='word_1_508' title='bbox 260 2116 295 2142; x_wconf 92' lang='lat' dir='ltr'><strong><em>ob</em></strong></span> <span class='ocrx_word' id='word_1_509' title='bbox 308 2115 519 2143; x_wconf 85' lang='lat' dir='ltr'><strong><em>resurrectionis</em></strong></span> <span class='ocrx_word' id='word_1_510' title='bbox 532 2115 759 2150; x_wconf 83' lang='lat' dir='ltr'><strong><em>ﬁduciam,cujus</em></strong></span> <span class='ocrx_word' id='word_1_511' title='bbox 772 2116 897 2150; x_wconf 87' lang='lat' dir='ltr'><strong><em>exempla</em></strong></span> <span class='ocrx_word' id='word_1_512' title='bbox 922 2116 974 2142; x_wconf 86' lang='lat' dir='ltr'><strong><em>ali--</em></strong></span> 
     </span>
    </p>
   </div>
   <div class='ocr_carea' id='block_1_74' title="bbox 190 2160 975 2197">
    <p class='ocr_par' dir='ltr' id='par_1_74' title="bbox 190 2160 975 2197">
     <span class='ocr_line' id='line_1_74' title="bbox 190 2160 975 2197; baseline 0.003 -9"><span class='ocrx_word' id='word_1_513' title='bbox 190 2166 256 2196; x_wconf 86' lang='lat' dir='ltr'><strong><em>quot</em></strong></span> <span class='ocrx_word' id='word_1_514' title='bbox 269 2160 384 2196; x_wconf 78' lang='lat' dir='ltr'><strong><em>profert,</em></strong></span> <span class='ocrx_word' id='word_1_515' title='bbox 396 2169 411 2188; x_wconf 90' lang='lat' dir='ltr'><strong><em>a</em></strong></span> <span class='ocrx_word' id='word_1_516' title='bbox 423 2161 506 2188; x_wconf 89' lang='lat' dir='ltr'><strong><em>rebus</em></strong></span> <span class='ocrx_word' id='word_1_517' title='bbox 521 2161 694 2189; x_wconf 86' lang='lat' dir='ltr'><strong><em>naturalibus</em></strong></span> <span class='ocrx_word' id='word_1_518' title='bbox 710 2162 804 2196; x_wconf 86' lang='lat' dir='ltr'><strong><em>petita,</em></strong></span> <span class='ocrx_word' id='word_1_519' title='bbox 819 2161 975 2197; x_wconf 84' lang='lat' dir='ltr'><strong><em>cujusmodi</em></strong></span> 
     </span>
    </p>
   </div>
   <div class='ocr_carea' id='block_1_75' title="bbox 189 2206 976 2242">
    <p class='ocr_par' dir='ltr' id='par_1_75' title="bbox 189 2206 976 2242">
     <span class='ocr_line' id='line_1_75' title="bbox 189 2206 976 2242; baseline 0.004 -10"><span class='ocrx_word' id='word_1_520' title='bbox 189 2210 232 2233; x_wconf 82' lang='lat' dir='ltr'><strong><em>est</em></strong></span> <span class='ocrx_word' id='word_1_521' title='bbox 246 2206 311 2233; x_wconf 91' lang='lat' dir='ltr'><strong><em>illud</em></strong></span> <span class='ocrx_word' id='word_1_522' title='bbox 324 2206 458 2241; x_wconf 87' lang='lat' dir='ltr'><strong><em>phccnicis</em></strong></span> <span class='ocrx_word' id='word_1_523' title='bbox 470 2206 538 2241; x_wconf 82' lang='grc' dir='ltr'><strong><em>(Η),</em></strong></span> <span class='ocrx_word' id='word_1_524' title='bbox 547 2209 605 2233; x_wconf 92' lang='lat' dir='ltr'><strong><em>tum</em></strong></span> <span class='ocrx_word' id='word_1_525' title='bbox 618 2207 653 2233; x_wconf 91' lang='lat' dir='ltr'><strong><em>ob</em></strong></span> <span class='ocrx_word' id='word_1_526' title='bbox 660 2206 708 2234; x_wconf 86' lang='lat' dir='ltr'><strong><em>Dei</em></strong></span> <span class='ocrx_word' id='word_1_527' title='bbox 722 2207 909 2242; x_wconf 90' lang='lat' dir='ltr'><strong><em>in-promissis</em></strong></span> <span class='ocrx_word' id='word_1_528' title='bbox 918 2215 976 2235; x_wconf 84' lang='lat' dir='ltr'><strong><em>ser-</em></strong></span> 
     </span>
    </p>
   </div>
   <div class='ocr_carea' id='block_1_76' title="bbox 1024 1613 1818 1648">
    <p class='ocr_par' dir='ltr' id='par_1_76' title="bbox 1024 1613 1818 1648">
     <span class='ocr_line' id='line_1_76' title="bbox 1024 1613 1818 1648; baseline -0.001 -8"><span class='ocrx_word' id='word_1_529' title='bbox 1024 1615 1066 1641; x_wconf 89' lang='lat' dir='ltr'><strong><em>ria</em></strong></span> <span class='ocrx_word' id='word_1_530' title='bbox 1079 1614 1232 1640; x_wconf 87' lang='lat' dir='ltr'><strong><em>incumbunt</em></strong></span> <span class='ocrx_word' id='word_1_531' title='bbox 1243 1622 1252 1646; x_wconf 85' lang='lat'><strong><em>,&#39;</em></strong></span> <span class='ocrx_word' id='word_1_532' title='bbox 1264 1614 1341 1641; x_wconf 86' lang='lat' dir='ltr'><strong><em>homo</em></strong></span> <span class='ocrx_word' id='word_1_533' title='bbox 1350 1613 1434 1641; x_wconf 88' lang='lat' dir='ltr'><strong><em>laicus</em></strong></span> <span class='ocrx_word' id='word_1_534' title='bbox 1444 1614 1581 1648; x_wconf 64' lang='lat' dir='ltr'><strong><em>praeceptis</em></strong></span> <span class='ocrx_word' id='word_1_535' title='bbox 1594 1613 1670 1640; x_wconf 85' lang='lat' dir='ltr'><strong><em>laicis</em></strong></span> <span class='ocrx_word' id='word_1_536' title='bbox 1682 1613 1818 1640; x_wconf 79' lang='lat' dir='ltr'><strong><em>constrin-</em></strong></span> 
     </span>
    </p>
   </div>
   <div class='ocr_carea' id='block_1_77' title="bbox 1024 1659 1819 1696">
    <p class='ocr_par' dir='ltr' id='par_1_77' title="bbox 1024 1659 1819 1696">
     <span class='ocr_line' id='line_1_77' title="bbox 1024 1659 1819 1696; baseline -0.003 -9"><span class='ocrx_word' id='word_1_537' title='bbox 1024 1661 1104 1696; x_wconf 84' lang='lat' dir='ltr'><strong><em>gitur.</em></strong></span> <span class='ocrx_word' id='word_1_538' title='bbox 1117 1659 1299 1695; x_wconf 76' lang='lat' dir='ltr'><strong><em>Unusquisque</em></strong></span> <span class='ocrx_word' id='word_1_539' title='bbox 1309 1665 1433 1693; x_wconf 78' lang='lat' dir='ltr'><strong><em>oestrum,</em></strong></span> <span class='ocrx_word' id='word_1_540' title='bbox 1446 1661 1555 1695; x_wconf 80' lang='lat' dir='ltr'><strong><em>fratres,</em></strong></span> <span class='ocrx_word' id='word_1_541' title='bbox 1567 1661 1595 1686; x_wconf 89' lang='lat' dir='ltr'><strong><em>in</em></strong></span> <span class='ocrx_word' id='word_1_542' title='bbox 1606 1667 1654 1686; x_wconf 92' lang='lat' dir='ltr'><strong><em>suo</em></strong></span> <span class='ocrx_word' id='word_1_543' title='bbox 1666 1663 1738 1686; x_wconf 81' lang='lat' dir='ltr'><strong><em>statu</em></strong></span> <span class='ocrx_word' id='word_1_544' title='bbox 1751 1667 1819 1695; x_wconf 81' lang='lat' dir='ltr'><strong><em>gra-</em></strong></span> 
     </span>
    </p>
   </div>
   <div class='ocr_carea' id='block_1_78' title="bbox 1025 1705 1818 1740">
    <p class='ocr_par' dir='ltr' id='par_1_78' title="bbox 1025 1705 1818 1740">
     <span class='ocr_line' id='line_1_78' title="bbox 1025 1705 1818 1740; baseline -0.004 -6"><span class='ocrx_word' id='word_1_545' title='bbox 1025 1708 1076 1735; x_wconf 89' lang='lat' dir='ltr'><strong><em>tias</em></strong></span> <span class='ocrx_word' id='word_1_546' title='bbox 1098 1707 1153 1734; x_wconf 85' lang='lat' dir='ltr'><strong><em>Deo</em></strong></span> <span class='ocrx_word' id='word_1_547' title='bbox 1180 1706 1286 1739; x_wconf 80' lang='lat' dir='ltr'><strong><em>habeat,</em></strong></span> <span class='ocrx_word' id='word_1_548' title='bbox 1309 1707 1337 1734; x_wconf 86' lang='lat' dir='ltr'><strong><em>in</em></strong></span> <span class='ocrx_word' id='word_1_549' title='bbox 1352 1706 1420 1733; x_wconf 85' lang='lat' dir='ltr'><strong><em>bona</em></strong></span> <span class='ocrx_word' id='word_1_550' title='bbox 1443 1705 1601 1733; x_wconf 86' lang='lat' dir='ltr'><strong><em>conscientia</em></strong></span> <span class='ocrx_word' id='word_1_551' title='bbox 1625 1705 1739 1740; x_wconf 87' lang='lat' dir='ltr'><strong><em>degens,</em></strong></span> <span class='ocrx_word' id='word_1_552' title='bbox 1763 1713 1818 1731; x_wconf 84' lang='lat' dir='ltr'><strong><em>non</em></strong></span> 
     </span>
    </p>
   </div>
   <div class='ocr_carea' id='block_1_79' title="bbox 1025 1749 1818 1789">
    <p class='ocr_par' dir='ltr' id='par_1_79' title="bbox 1025 1749 1818 1789">
     <span class='ocr_line' id='line_1_79' title="bbox 1025 1749 1818 1789; baseline -0.005 -9"><span class='ocrx_word' id='word_1_553' title='bbox 1025 1753 1219 1789; x_wconf 81' lang='lat' dir='ltr'><strong><em>transgrediens</em></strong></span> <span class='ocrx_word' id='word_1_554' title='bbox 1241 1752 1426 1787; x_wconf 67' lang='lat' dir='ltr'><strong><em>praescriptam</em></strong></span> <span class='ocrx_word' id='word_1_555' title='bbox 1441 1751 1557 1778; x_wconf 72' lang='lat' dir='ltr'><strong><em>muneris</em></strong></span> <span class='ocrx_word' id='word_1_556' title='bbox 1583 1750 1714 1786; x_wconf 82' lang='lat' dir='ltr'><strong><em>regulam.</em></strong></span> <span class='ocrx_word' id='word_1_557' title='bbox 1749 1749 1818 1777; x_wconf 82' lang='lat' dir='ltr'><strong><em>Non</em></strong></span> 
     </span>
    </p>
   </div>
   <div class='ocr_carea' id='block_1_80' title="bbox 1025 1795 1820 1833">
    <p class='ocr_par' dir='ltr' id='par_1_80' title="bbox 1025 1795 1820 1833">
     <span class='ocr_line' id='line_1_80' title="bbox 1025 1795 1820 1833; baseline -0.005 -7"><span class='ocrx_word' id='word_1_558' title='bbox 1025 1799 1130 1833; x_wconf 80' lang='lat' dir='ltr'><strong><em>ubique,</em></strong></span> <span class='ocrx_word' id='word_1_559' title='bbox 1147 1799 1256 1833; x_wconf 78' lang='lat' dir='ltr'><strong><em>fratres,</em></strong></span> <span class='ocrx_word' id='word_1_560' title='bbox 1271 1798 1419 1832; x_wconf 68' lang='lat' dir='ltr'><strong><em>offeruntur</em></strong></span> <span class='ocrx_word' id='word_1_561' title='bbox 1432 1797 1567 1832; x_wconf 87' lang='lat' dir='ltr'><strong><em>sacriﬁcia</em></strong></span> <span class='ocrx_word' id='word_1_562' title='bbox 1576 1796 1665 1832; x_wconf 87' lang='lat' dir='ltr'><strong><em>jugia,</em></strong></span> <span class='ocrx_word' id='word_1_563' title='bbox 1681 1796 1726 1823; x_wconf 87' lang='lat' dir='ltr'><strong><em>sed</em></strong></span> <span class='ocrx_word' id='word_1_564' title='bbox 1749 1795 1820 1823; x_wconf 75' lang='lat' dir='ltr'><strong><em>Hie-</em></strong></span> 
     </span>
    </p>
   </div>
   <div class='ocr_carea' id='block_1_81' title="bbox 1025 1843 1819 1880">
    <p class='ocr_par' dir='ltr' id='par_1_81' title="bbox 1025 1843 1819 1880">
     <span class='ocr_line' id='line_1_81' title="bbox 1025 1843 1819 1880; baseline -0.004 -8"><span class='ocrx_word' id='word_1_565' title='bbox 1025 1845 1166 1880; x_wconf 81' lang='lat' dir='ltr'><strong><em>rosolymis</em></strong></span> <span class='ocrx_word' id='word_1_566' title='bbox 1177 1849 1279 1872; x_wconf 88' lang='lat' dir='ltr'><strong><em>tantum</em></strong></span> <span class='ocrx_word' id='word_1_567' title='bbox 1290 1844 1346 1880; x_wconf 74' lang='lat' dir='ltr'><strong><em>(l2)</em></strong></span> <span class='ocrx_word' id='word_1_568' title='bbox 1360 1849 1437 1879; x_wconf 89' lang='lat' dir='ltr'><strong><em>atque</em></strong></span> <span class='ocrx_word' id='word_1_569' title='bbox 1452 1844 1508 1871; x_wconf 87' lang='lat' dir='ltr'><strong><em>illic</em></strong></span> <span class='ocrx_word' id='word_1_570' title='bbox 1522 1852 1574 1871; x_wconf 91' lang='lat' dir='ltr'><strong><em>non</em></strong></span> <span class='ocrx_word' id='word_1_571' title='bbox 1585 1844 1611 1870; x_wconf 88' lang='lat' dir='ltr'><strong><em>in</em></strong></span> <span class='ocrx_word' id='word_1_572' title='bbox 1624 1844 1695 1871; x_wconf 87' lang='lat' dir='ltr'><strong><em>omni</em></strong></span> <span class='ocrx_word' id='word_1_573' title='bbox 1710 1843 1770 1870; x_wconf 86' lang='lat' dir='ltr'><strong><em>loco</em></strong></span> <span class='ocrx_word' id='word_1_574' title='bbox 1787 1843 1819 1878; x_wconf 84' lang='lat' dir='ltr'><strong><em>ﬁt</em></strong></span> 
     </span>
    </p>
   </div>
   <div class='ocr_carea' id='block_1_82' title="bbox 1025 1890 1572 1924">
    <p class='ocr_par' dir='ltr' id='par_1_82' title="bbox 1025 1890 1572 1924">
     <span class='ocr_line' id='line_1_82' title="bbox 1025 1890 1572 1924; baseline -0.004 -6"><span class='ocrx_word' id='word_1_575' title='bbox 1025 1891 1135 1924; x_wconf 87' lang='lat' dir='ltr'><strong><em>oblatio,</em></strong></span> <span class='ocrx_word' id='word_1_576' title='bbox 1150 1891 1195 1918; x_wconf 81' lang='lat' dir='ltr'><strong><em>sed</em></strong></span> <span class='ocrx_word' id='word_1_577' title='bbox 1210 1895 1271 1918; x_wconf 90' lang='lat' dir='ltr'><strong><em>ante</em></strong></span> <span class='ocrx_word' id='word_1_578' title='bbox 1290 1890 1412 1924; x_wconf 81' lang='lat' dir='ltr'><strong><em>templum</em></strong></span> <span class='ocrx_word' id='word_1_579' title='bbox 1426 1890 1460 1917; x_wconf 90' lang='lat' dir='ltr'><strong><em>ad</em></strong></span> <span class='ocrx_word' id='word_1_580' title='bbox 1476 1890 1572 1917; x_wconf 88' lang='lat' dir='ltr'><strong><em>altare.</em></strong></span> 
     </span>
    </p>
   </div>
   <div class='ocr_carea' id='block_1_83' title="bbox 1061 1935 1818 1970">
    <p class='ocr_par' dir='ltr' id='par_1_83' title="bbox 1061 1935 1818 1970">
     <span class='ocr_line' id='line_1_83' title="bbox 1061 1935 1818 1970; baseline -0.003 -6"><span class='ocrx_word' id='word_1_581' title='bbox 1061 1937 1186 1964; x_wconf 83' lang='lat' dir='ltr'><strong><em>Ostendit</em></strong></span> <span class='ocrx_word' id='word_1_582' title='bbox 1211 1937 1292 1965; x_wconf 86' lang='lat' dir='ltr'><strong><em>subin</em></strong></span> <span class='ocrx_word' id='word_1_583' title='bbox 1306 1940 1422 1964; x_wconf 87' lang='lat' dir='ltr'><strong><em>sanctus</em></strong></span> <span class='ocrx_word' id='word_1_584' title='bbox 1438 1936 1564 1964; x_wconf 83' lang='lat' dir='ltr'><strong><em>Clemens</em></strong></span> <span class='ocrx_word' id='word_1_585' title='bbox 1581 1956 1588 1969; x_wconf 87' lang='lat'><strong><em>,</em></strong></span> <span class='ocrx_word' id='word_1_586' title='bbox 1615 1935 1701 1963; x_wconf 79' lang='lat' dir='ltr'><strong><em>Deum</em></strong></span> <span class='ocrx_word' id='word_1_587' title='bbox 1722 1935 1818 1970; x_wconf 89' lang='lat' dir='ltr'><strong><em>ipsum</em></strong></span> 
     </span>
    </p>
   </div>
   <div class='ocr_carea' id='block_1_84' title="bbox 1025 1979 1818 2014">
    <p class='ocr_par' dir='ltr' id='par_1_84' title="bbox 1025 1979 1818 2014">
     <span class='ocr_line' id='line_1_84' title="bbox 1025 1979 1818 2014; baseline -0.004 -4"><span class='ocrx_word' id='word_1_588' title='bbox 1025 1983 1220 2011; x_wconf 73' lang='lat' dir='ltr'><strong><em>ecclesiasticae</em></strong></span> <span class='ocrx_word' id='word_1_589' title='bbox 1246 1982 1408 2010; x_wconf 60' lang='lat' dir='ltr'><strong><em>hierarcbiae</em></strong></span> <span class='ocrx_word' id='word_1_590' title='bbox 1442 1986 1582 2009; x_wconf 87' lang='lat' dir='ltr'><strong><em>auctorem</em></strong></span> <span class='ocrx_word' id='word_1_591' title='bbox 1613 1989 1692 2014; x_wconf 84' lang='lat' dir='ltr'><strong><em>esse;</em></strong></span> <span class='ocrx_word' id='word_1_592' title='bbox 1719 1979 1818 2008; x_wconf 76' lang='lat' dir='ltr'><strong><em>Iesum</em></strong></span> 
     </span>
    </p>
   </div>
   <div class='ocr_carea' id='block_1_85' title="bbox 1026 2027 1818 2064">
    <p class='ocr_par' dir='ltr' id='par_1_85' title="bbox 1026 2027 1818 2064">
     <span class='ocr_line' id='line_1_85' title="bbox 1026 2027 1818 2064; baseline -0.001 -7"><span class='ocrx_word' id='word_1_593' title='bbox 1026 2030 1160 2058; x_wconf 78' lang='lat' dir='ltr'><strong><em>Christum</em></strong></span> <span class='ocrx_word' id='word_1_594' title='bbox 1173 2038 1190 2056; x_wconf 90' lang='lat' dir='ltr'><strong><em>a</em></strong></span> <span class='ocrx_word' id='word_1_595' title='bbox 1209 2029 1281 2060; x_wconf 85' lang='lat' dir='ltr'><strong><em>Deo,</em></strong></span> <span class='ocrx_word' id='word_1_596' title='bbox 1306 2029 1439 2064; x_wconf 81' lang='lat' dir='ltr'><strong><em>apostolos</em></strong></span> <span class='ocrx_word' id='word_1_597' title='bbox 1452 2037 1468 2056; x_wconf 90' lang='lat' dir='ltr'><strong><em>a</em></strong></span> <span class='ocrx_word' id='word_1_598' title='bbox 1490 2028 1554 2056; x_wconf 85' lang='lat' dir='ltr'><strong><em>Iesu</em></strong></span> <span class='ocrx_word' id='word_1_599' title='bbox 1580 2027 1688 2056; x_wconf 85' lang='lat' dir='ltr'><strong><em>Christo</em></strong></span> <span class='ocrx_word' id='word_1_600' title='bbox 1715 2029 1818 2056; x_wconf 81' lang='lat' dir='ltr'><strong><em>missos</em></strong></span> 
     </span>
    </p>
   </div>
   <div class='ocr_carea' id='block_1_86' title="bbox 1026 2074 1820 2111">
    <p class='ocr_par' dir='ltr' id='par_1_86' title="bbox 1026 2074 1820 2111">
     <span class='ocr_line' id='line_1_86' title="bbox 1026 2074 1820 2111; baseline -0.004 -8"><span class='ocrx_word' id='word_1_601' title='bbox 1026 2076 1123 2111; x_wconf 82' lang='lat' dir='ltr'><strong><em>fuisse;</em></strong></span> <span class='ocrx_word' id='word_1_602' title='bbox 1147 2084 1190 2103; x_wconf 86' lang='lat' dir='ltr'><strong><em>eos</em></strong></span> <span class='ocrx_word' id='word_1_603' title='bbox 1206 2075 1234 2102; x_wconf 89' lang='lat' dir='ltr'><strong><em>in</em></strong></span> <span class='ocrx_word' id='word_1_604' title='bbox 1253 2074 1304 2110; x_wconf 87' lang='lat' dir='ltr'><strong><em>ﬁde</em></strong></span> <span class='ocrx_word' id='word_1_605' title='bbox 1326 2082 1372 2109; x_wconf 90' lang='lat' dir='ltr'><strong><em>per</em></strong></span> <span class='ocrx_word' id='word_1_606' title='bbox 1391 2074 1521 2109; x_wconf 86' lang='lat' dir='ltr'><strong><em>Spiritum</em></strong></span> <span class='ocrx_word' id='word_1_607' title='bbox 1535 2079 1656 2102; x_wconf 88' lang='lat' dir='ltr'><strong><em>sanctum</em></strong></span> <span class='ocrx_word' id='word_1_608' title='bbox 1671 2075 1820 2109; x_wconf 84' lang='lat' dir='ltr'><strong><em>conﬁrma-</em></strong></span> 
     </span>
    </p>
   </div>
   <div class='ocr_carea' id='block_1_87' title="bbox 1027 2120 1819 2156">
    <p class='ocr_par' dir='ltr' id='par_1_87' title="bbox 1027 2120 1819 2156">
     <span class='ocr_line' id='line_1_87' title="bbox 1027 2120 1819 2156; baseline -0.001 -8"><span class='ocrx_word' id='word_1_609' title='bbox 1027 2126 1077 2153; x_wconf 87' lang='lat' dir='ltr'><strong><em>tos,</em></strong></span> <span class='ocrx_word' id='word_1_610' title='bbox 1094 2129 1201 2156; x_wconf 87' lang='lat' dir='ltr'><strong><em>regnum</em></strong></span> <span class='ocrx_word' id='word_1_611' title='bbox 1214 2120 1261 2148; x_wconf 90' lang='lat' dir='ltr'><strong><em>Dei</em></strong></span> <span class='ocrx_word' id='word_1_612' title='bbox 1275 2120 1447 2147; x_wconf 83' lang='lat' dir='ltr'><strong><em>adventurum</em></strong></span> <span class='ocrx_word' id='word_1_613' title='bbox 1462 2128 1517 2147; x_wconf 87' lang='lat' dir='ltr'><strong><em>esse</em></strong></span> <span class='ocrx_word' id='word_1_614' title='bbox 1526 2120 1621 2155; x_wconf 84' lang='lat' dir='ltr'><strong><em>ubique</em></strong></span> <span class='ocrx_word' id='word_1_615' title='bbox 1631 2121 1819 2153; x_wconf 80' lang='lat' dir='ltr'><strong><em>annuntiasu,</em></strong></span> 
     </span>
    </p>
   </div>
   <div class='ocr_carea' id='block_1_88' title="bbox 1026 2165 1818 2202">
    <p class='ocr_par' dir='ltr' id='par_1_88' title="bbox 1026 2165 1818 2202">
     <span class='ocr_line' id='line_1_88' title="bbox 1026 2165 1818 2202; baseline -0.003 -8"><span class='ocrx_word' id='word_1_616' title='bbox 1026 2173 1102 2202; x_wconf 89' lang='lat' dir='ltr'><strong><em>atque</em></strong></span> <span class='ocrx_word' id='word_1_617' title='bbox 1117 2167 1249 2201; x_wconf 87' lang='lat' dir='ltr'><strong><em>primitias</em></strong></span> <span class='ocrx_word' id='word_1_618' title='bbox 1275 2174 1377 2198; x_wconf 89' lang='lat' dir='ltr'><strong><em>eorum,</em></strong></span> <span class='ocrx_word' id='word_1_619' title='bbox 1393 2173 1456 2201; x_wconf 85' lang='lat' dir='ltr'><strong><em>quos</em></strong></span> <span class='ocrx_word' id='word_1_620' title='bbox 1477 2165 1510 2192; x_wconf 85' lang='lat' dir='ltr'><strong><em>ad</em></strong></span> <span class='ocrx_word' id='word_1_621' title='bbox 1527 2165 1605 2201; x_wconf 89' lang='lat' dir='ltr'><strong><em>ﬁdem</em></strong></span> <span class='ocrx_word' id='word_1_622' title='bbox 1621 2171 1818 2200; x_wconf 73' lang='lat' dir='ltr'><strong><em>converterant,</em></strong></span> 
     </span>
    </p>
   </div>
   <div class='ocr_carea' id='block_1_89' title="bbox 1027 2211 1818 2248">
    <p class='ocr_par' dir='ltr' id='par_1_89' title="bbox 1027 2211 1818 2248">
     <span class='ocr_line' id='line_1_89' title="bbox 1027 2211 1818 2248; baseline -0.003 -8"><span class='ocrx_word' id='word_1_623' title='bbox 1027 2214 1055 2240; x_wconf 89' lang='lat' dir='ltr'><strong><em>in</em></strong></span> <span class='ocrx_word' id='word_1_624' title='bbox 1074 2213 1207 2248; x_wconf 85' lang='lat' dir='ltr'><strong><em>episcopos</em></strong></span> <span class='ocrx_word' id='word_1_625' title='bbox 1219 2218 1244 2240; x_wconf 91' lang='lat' dir='ltr'><strong><em>et</em></strong></span> <span class='ocrx_word' id='word_1_626' title='bbox 1259 2212 1386 2239; x_wconf 83' lang='lat' dir='ltr'><strong><em>diaconos</em></strong></span> <span class='ocrx_word' id='word_1_627' title='bbox 1399 2219 1501 2244; x_wconf 88' lang='lat' dir='ltr'><strong><em>eorum,</em></strong></span> <span class='ocrx_word' id='word_1_628' title='bbox 1523 2212 1567 2247; x_wconf 90' lang='lat' dir='ltr'><strong><em>qui</em></strong></span> <span class='ocrx_word' id='word_1_629' title='bbox 1585 2211 1712 2239; x_wconf 87' lang='lat' dir='ltr'><strong><em>credituri</em></strong></span> <span class='ocrx_word' id='word_1_630' title='bbox 1724 2217 1818 2245; x_wconf 82' lang='lat' dir='ltr'><strong><em>erant,</em></strong></span> 
     </span>
    </p>
   </div>
   <div class='ocr_carea' id='block_1_90' title="bbox 191 2251 1821 2293">
    <p class='ocr_par' dir='ltr' id='par_1_90' title="bbox 191 2251 1821 2293">
     <span class='ocr_line' id='line_1_90' title="bbox 191 2251 1821 2293; baseline 0.003 -13"><span class='ocrx_word' id='word_1_631' title='bbox 191 2252 288 2279; x_wconf 81' lang='lat' dir='ltr'><strong><em>Vandis</em></strong></span> <span class='ocrx_word' id='word_1_632' title='bbox 307 2252 399 2284; x_wconf 81' lang='lat' dir='ltr'><strong><em>ﬁdem,</em></strong></span> <span class='ocrx_word' id='word_1_633' title='bbox 414 2256 442 2280; x_wconf 87' lang='lat' dir='ltr'><strong><em>et</em></strong></span> <span class='ocrx_word' id='word_1_634' title='bbox 455 2252 529 2287; x_wconf 83' lang='lat' dir='ltr'><strong><em>quod</em></strong></span> <span class='ocrx_word' id='word_1_635' title='bbox 541 2251 710 2287; x_wconf 75' lang='lat' dir='ltr'><strong><em>impOSSibile</em></strong></span> <span class='ocrx_word' id='word_1_636' title='bbox 722 2253 759 2280; x_wconf 70' lang='lat' dir='ltr'><strong><em>Sil</em></strong></span> <span class='ocrx_word' id='word_1_637' title='bbox 774 2253 975 2287; x_wconf 71' lang='lat' dir='ltr'><strong><em>PeccalOl‘ibllS.</em></strong></span> <span class='ocrx_word' id='word_1_638' title='bbox 990 2254 1014 2284; x_wconf 81' lang='grc' dir='ltr'><strong><em>ι)</em></strong></span> <span class='ocrx_word' id='word_1_639' title='bbox 1028 2259 1205 2286; x_wconf 84' lang='lat' dir='ltr'><strong><em>constituisse.</em></strong></span> <span class='ocrx_word' id='word_1_640' title='bbox 1223 2257 1313 2293; x_wconf 89' lang='lat' dir='ltr'><strong><em>Neque</em></strong></span> <span class='ocrx_word' id='word_1_641' title='bbox 1327 2258 1376 2285; x_wconf 89' lang='lat' dir='ltr'><strong><em>hoc</em></strong></span> <span class='ocrx_word' id='word_1_642' title='bbox 1387 2265 1499 2285; x_wconf 82' lang='lat' dir='ltr'><strong><em>novum:</em></strong></span> <span class='ocrx_word' id='word_1_643' title='bbox 1524 2266 1540 2284; x_wconf 91' lang='lat' dir='ltr'><strong><em>a</em></strong></span> <span class='ocrx_word' id='word_1_644' title='bbox 1552 2258 1644 2286; x_wconf 86' lang='lat' dir='ltr'><strong><em>multis</em></strong></span> <span class='ocrx_word' id='word_1_645' title='bbox 1654 2259 1724 2286; x_wconf 88' lang='lat' dir='ltr'><strong><em>enim</em></strong></span> <span class='ocrx_word' id='word_1_646' title='bbox 1750 2263 1821 2286; x_wconf 58' lang='lat' dir='ltr'><strong><em>tem:</em></strong></span> 
     </span>
    </p>
   </div>
   <div class='ocr_carea' id='block_1_91' title="bbox 191 2297 978 2333">
    <p class='ocr_par' dir='ltr' id='par_1_91' title="bbox 191 2297 978 2333">
     <span class='ocr_line' id='line_1_91' title="bbox 191 2297 978 2333; baseline 0.001 -8"><span class='ocrx_word' id='word_1_647' title='bbox 191 2298 251 2332; x_wconf 84' lang='lat' dir='ltr'><strong><em>ejus</em></strong></span> <span class='ocrx_word' id='word_1_648' title='bbox 266 2298 361 2325; x_wconf 89' lang='lat' dir='ltr'><strong><em>oculos</em></strong></span> <span class='ocrx_word' id='word_1_649' title='bbox 375 2297 504 2333; x_wconf 75' lang='lat' dir='ltr'><strong><em>eﬂ&#39;ugere.</em></strong></span> <span class='ocrx_word' id='word_1_650' title='bbox 520 2297 611 2330; x_wconf 82' lang='lat' dir='ltr'><strong><em>Addit,</em></strong></span> <span class='ocrx_word' id='word_1_651' title='bbox 628 2304 690 2324; x_wconf 86' lang='lat' dir='ltr'><strong><em>cum</em></strong></span> <span class='ocrx_word' id='word_1_652' title='bbox 713 2298 919 2326; x_wconf 87' lang='lat' dir='ltr'><strong><em>miserationum</em></strong></span> <span class='ocrx_word' id='word_1_653' title='bbox 932 2298 978 2326; x_wconf 88' lang='lat' dir='ltr'><strong><em>ille</em></strong></span> 
     </span>
    </p>
   </div>
   <div class='ocr_carea' id='block_1_92' title="bbox 229 2417 978 2455">
    <p class='ocr_par' dir='ltr' id='par_1_92' title="bbox 229 2417 978 2455">
     <span class='ocr_line' id='line_1_92' title="bbox 229 2417 978 2455; baseline 0.004 -10"><span class='ocrx_word' id='word_1_654' title='bbox 229 2419 265 2455; x_wconf 75' lang='lat' dir='ltr'><strong><em>(9i</em></strong></span> <span class='ocrx_word' id='word_1_655' title='bbox 287 2418 352 2446; x_wconf 64' lang='lat' dir='ltr'><strong><em>Duae</em></strong></span> <span class='ocrx_word' id='word_1_656' title='bbox 379 2419 420 2446; x_wconf 76' lang='lat' dir='ltr'><strong><em>ha:</em></strong></span> <span class='ocrx_word' id='word_1_657' title='bbox 444 2418 573 2455; x_wconf 83' lang='lat' dir='ltr'><strong><em>mulieres</em></strong></span> <span class='ocrx_word' id='word_1_658' title='bbox 595 2417 751 2455; x_wconf 48' lang='lat' dir='ltr'><strong><em>geroniana</em></strong></span> <span class='ocrx_word' id='word_1_659' title='bbox 785 2419 978 2455; x_wconf 86' lang='lat' dir='ltr'><strong><em>persecutione</em></strong></span> 
     </span>
    </p>
   </div>
   <div class='ocr_carea' id='block_1_93' title="bbox 192 2453 976 2490">
    <p class='ocr_par' dir='ltr' id='par_1_93' title="bbox 192 2453 976 2490">
     <span class='ocr_line' id='line_1_93' title="bbox 192 2453 976 2490; baseline 0 -8"><span class='ocrx_word' id='word_1_660' title='bbox 192 2453 320 2482; x_wconf 68' lang='lat' dir='ltr'><strong><em>saeviente</em></strong></span> <span class='ocrx_word' id='word_1_661' title='bbox 329 2462 416 2489; x_wconf 62' lang='lat' dir='ltr'><strong><em>passm</em></strong></span> <span class='ocrx_word' id='word_1_662' title='bbox 433 2453 744 2490; x_wconf 26' lang='lat' dir='ltr'><strong><em>credunturiﬂuinartq</em></strong></span> <span class='ocrx_word' id='word_1_663' title='bbox 772 2453 831 2480; x_wconf 83' lang='lat' dir='ltr'><strong><em>Act.</em></strong></span> <span class='ocrx_word' id='word_1_664' title='bbox 853 2459 976 2490; x_wconf 81' lang='lat' dir='ltr'><strong><em>martyr.,</em></strong></span> 
     </span>
    </p>
   </div>
   <div class='ocr_carea' id='block_1_94' title="bbox 203 2489 977 2524">
    <p class='ocr_par' dir='ltr' id='par_1_94' title="bbox 203 2489 977 2524">
     <span class='ocr_line' id='line_1_94' title="bbox 203 2489 977 2524; baseline 0.001 -8"><span class='ocrx_word' id='word_1_665' title='bbox 203 2497 255 2524; x_wconf 77' lang='lat' dir='ltr'><strong><em>mg.</em></strong></span> <span class='ocrx_word' id='word_1_666' title='bbox 271 2490 299 2520; x_wconf 80' lang='grc'><strong><em>2,</em></strong></span> <span class='ocrx_word' id='word_1_667' title='bbox 315 2494 361 2516; x_wconf 85' lang='lat' dir='ltr'><strong><em>aut</em></strong></span> <span class='ocrx_word' id='word_1_668' title='bbox 376 2489 432 2520; x_wconf 87' lang='lat' dir='ltr'><strong><em>illa,</em></strong></span> <span class='ocrx_word' id='word_1_669' title='bbox 445 2496 506 2523; x_wconf 57' lang='lat' dir='ltr'><strong><em>qua</em></strong></span> <span class='ocrx_word' id='word_1_670' title='bbox 529 2489 580 2516; x_wconf 85' lang='lat' dir='ltr'><strong><em>sub</em></strong></span> <span class='ocrx_word' id='word_1_671' title='bbox 593 2489 745 2516; x_wconf 89' lang='lat' dir='ltr'><strong><em>Domitiano</em></strong></span> <span class='ocrx_word' id='word_1_672' title='bbox 774 2489 892 2516; x_wconf 78' lang='lat' dir='ltr'><strong><em>excitata</em></strong></span> <span class='ocrx_word' id='word_1_673' title='bbox 915 2489 977 2518; x_wconf 78' lang='lat' dir='ltr'><strong><em>fuit.</em></strong></span> 
     </span>
    </p>
   </div>
   <div class='ocr_carea' id='block_1_95' title="bbox 204 2523 977 2559">
    <p class='ocr_par' dir='ltr' id='par_1_95' title="bbox 204 2523 977 2559">
     <span class='ocr_line' id='line_1_95' title="bbox 204 2523 977 2559; baseline 0.003 -8"><span class='ocrx_word' id='word_1_674' title='bbox 204 2523 361 2556; x_wconf 32' lang='lat' dir='ltr'><strong><em>iil’leinont”</em></strong></span> <span class='ocrx_word' id='word_1_675' title='bbox 379 2528 446 2551; x_wconf 88' lang='lat' dir='ltr'><strong><em>tom.</em></strong></span> <span class='ocrx_word' id='word_1_676' title='bbox 462 2523 494 2553; x_wconf 83' lang='lat' dir='ltr'><strong><em>ll.</em></strong></span> <span class='ocrx_word' id='word_1_677' title='bbox 508 2532 570 2559; x_wconf 74' lang='lat' dir='ltr'><strong><em>pag.</em></strong></span> <span class='ocrx_word' id='word_1_678' title='bbox 584 2524 628 2555; x_wconf 79' lang='grc'><strong><em>55,</em></strong></span> <span class='ocrx_word' id='word_1_679' title='bbox 644 2529 671 2552; x_wconf 86' lang='lat' dir='ltr'><strong><em>et</em></strong></span> <span class='ocrx_word' id='word_1_680' title='bbox 685 2528 742 2551; x_wconf 89' lang='lat' dir='ltr'><strong><em>not.</em></strong></span> <span class='ocrx_word' id='word_1_681' title='bbox 771 2524 786 2550; x_wconf 89' lang='lat'><strong>7</strong></span> <span class='ocrx_word' id='word_1_682' title='bbox 797 2532 845 2552; x_wconf 85' lang='lat' dir='ltr'><strong><em>sur</em></strong></span> <span class='ocrx_word' id='word_1_683' title='bbox 866 2524 895 2552; x_wconf 89' lang='lat' dir='ltr'><strong><em>S.</em></strong></span> <span class='ocrx_word' id='word_1_684' title='bbox 913 2525 977 2553; x_wconf 83' lang='lat' dir='ltr'><strong><em>Clé-</em></strong></span> 
     </span>
    </p>
   </div>
   <div class='ocr_carea' id='block_1_96' title="bbox 193 2559 801 2594">
    <p class='ocr_par' dir='ltr' id='par_1_96' title="bbox 193 2559 801 2594">
     <span class='ocr_line' id='line_1_96' title="bbox 193 2559 801 2594; baseline -0.003 -7"><span class='ocrx_word' id='word_1_685' title='bbox 193 2564 268 2587; x_wconf 80' lang='lat' dir='ltr'><strong><em>luent</em></strong></span> <span class='ocrx_word' id='word_1_686' title='bbox 285 2567 360 2594; x_wconf 87' lang='lat' dir='ltr'><strong><em>papc,</em></strong></span> <span class='ocrx_word' id='word_1_687' title='bbox 378 2567 439 2594; x_wconf 73' lang='lat' dir='ltr'><strong><em>pag.</em></strong></span> <span class='ocrx_word' id='word_1_688' title='bbox 455 2559 508 2586; x_wconf 58' lang='lat'><strong><em>26.5</em></strong></span> <span class='ocrx_word' id='word_1_689' title='bbox 523 2560 591 2587; x_wconf 90' lang='lat' dir='ltr'><strong><em>dans</em></strong></span> <span class='ocrx_word' id='word_1_690' title='bbox 605 2559 697 2586; x_wconf 77' lang='lat' dir='ltr'><strong><em>l‘llist.</em></strong></span> <span class='ocrx_word' id='word_1_691' title='bbox 709 2559 801 2586; x_wconf 82' lang='lat' dir='ltr'><strong><em>ecclés.</em></strong></span> 
     </span>
    </p>
   </div>
   <div class='ocr_carea' id='block_1_97' title="bbox 229 2594 976 2630">
    <p class='ocr_par' dir='ltr' id='par_1_97' title="bbox 229 2594 976 2630">
     <span class='ocr_line' id='line_1_97' title="bbox 229 2594 976 2630; baseline 0.003 -9"><span class='ocrx_word' id='word_1_692' title='bbox 229 2595 285 2630; x_wconf 70' lang='lat'><strong><em>(10)</em></strong></span> <span class='ocrx_word' id='word_1_693' title='bbox 305 2594 397 2622; x_wconf 87' lang='lat' dir='ltr'><strong><em>Primo</em></strong></span> <span class='ocrx_word' id='word_1_694' title='bbox 410 2594 557 2629; x_wconf 77' lang='lat' dir='ltr'><strong><em>igiturjam</em></strong></span> <span class='ocrx_word' id='word_1_695' title='bbox 576 2595 676 2622; x_wconf 71' lang='lat' dir='ltr'><strong><em>saeculo</em></strong></span> <span class='ocrx_word' id='word_1_696' title='bbox 702 2594 818 2630; x_wconf 80' lang='lat' dir='ltr'><strong><em>credidit</em></strong></span> <span class='ocrx_word' id='word_1_697' title='bbox 842 2594 976 2627; x_wconf 83' lang='lat' dir='ltr'><strong><em>Ecclesia,</em></strong></span> 
     </span>
    </p>
   </div>
   <div class='ocr_carea' id='block_1_98' title="bbox 192 2629 976 2665">
    <p class='ocr_par' dir='ltr' id='par_1_98' title="bbox 192 2629 976 2665">
     <span class='ocr_line' id='line_1_98' title="bbox 192 2629 976 2665; baseline 0.001 -8"><span class='ocrx_word' id='word_1_698' title='bbox 192 2630 296 2658; x_wconf 84' lang='lat' dir='ltr'><strong><em>Christi</em></strong></span> <span class='ocrx_word' id='word_1_699' title='bbox 312 2630 472 2664; x_wconf 76' lang='lat' dir='ltr'><strong><em>sanguinem</em></strong></span> <span class='ocrx_word' id='word_1_700' title='bbox 488 2638 537 2665; x_wconf 92' lang='lat' dir='ltr'><strong><em>pro</em></strong></span> <span class='ocrx_word' id='word_1_701' title='bbox 548 2632 633 2658; x_wconf 78' lang='lat' dir='ltr'><strong><em>totius</em></strong></span> <span class='ocrx_word' id='word_1_702' title='bbox 644 2629 739 2656; x_wconf 88' lang='lat' dir='ltr'><strong><em>mundi</em></strong></span> <span class='ocrx_word' id='word_1_703' title='bbox 751 2630 839 2657; x_wconf 88' lang='lat' dir='ltr'><strong><em>salute</em></strong></span> <span class='ocrx_word' id='word_1_704' title='bbox 861 2629 976 2658; x_wconf 78' lang='lat' dir='ltr'><strong><em>eliusum</em></strong></span> 
     </span>
    </p>
   </div>
   <div class='ocr_carea' id='block_1_99' title="bbox 192 2673 262 2694">
    <p class='ocr_par' dir='ltr' id='par_1_99' title="bbox 192 2673 262 2694">
     <span class='ocr_line' id='line_1_99' title="bbox 192 2673 262 2694; baseline -0.029 0"><span class='ocrx_word' id='word_1_705' title='bbox 192 2673 262 2694; x_wconf 81' lang='lat' dir='ltr'><strong><em>esse.</em></strong></span> 
     </span>
    </p>
   </div>
   <div class='ocr_carea' id='block_1_100' title="bbox 230 2699 977 2735">
    <p class='ocr_par' dir='ltr' id='par_1_100' title="bbox 230 2699 977 2735">
     <span class='ocr_line' id='line_1_100' title="bbox 230 2699 977 2735; baseline 0.001 -8"><span class='ocrx_word' id='word_1_706' title='bbox 230 2700 285 2735; x_wconf 74' lang='lat' dir='ltr'><strong><em>(li)</em></strong></span> <span class='ocrx_word' id='word_1_707' title='bbox 305 2699 428 2733; x_wconf 84' lang='lat' dir='ltr'><strong><em>Tacitus,</em></strong></span> <span class='ocrx_word' id='word_1_708' title='bbox 440 2700 488 2728; x_wconf 88' lang='lat' dir='ltr'><strong><em>lib.</em></strong></span> <span class='ocrx_word' id='word_1_709' title='bbox 500 2707 526 2728; x_wconf 87' lang='lat' dir='ltr'><strong><em>vt</em></strong></span> <span class='ocrx_word' id='word_1_710' title='bbox 537 2700 678 2727; x_wconf 79' lang='lat' dir='ltr'><strong><em>Annalium</em></strong></span> <span class='ocrx_word' id='word_1_711' title='bbox 693 2699 827 2735; x_wconf 65' lang='lat' dir='ltr'><strong><em>phaenicis</em></strong></span> <span class='ocrx_word' id='word_1_712' title='bbox 835 2700 977 2728; x_wconf 83' lang='lat' dir='ltr'><strong><em>historiam</em></strong></span> 
     </span>
    </p>
   </div>
   <div class='ocr_carea' id='block_1_101' title="bbox 193 2735 975 2770">
    <p class='ocr_par' dir='ltr' id='par_1_101' title="bbox 193 2735 975 2770">
     <span class='ocr_line' id='line_1_101' title="bbox 193 2735 975 2770; baseline 0.003 -8"><span class='ocrx_word' id='word_1_713' title='bbox 193 2737 260 2763; x_wconf 87' lang='lat' dir='ltr'><strong><em>citra</em></strong></span> <span class='ocrx_word' id='word_1_714' title='bbox 271 2735 363 2770; x_wconf 89' lang='lat' dir='ltr'><strong><em>jocum</em></strong></span> <span class='ocrx_word' id='word_1_715' title='bbox 376 2736 684 2763; x_wconf 69' lang='lat' dir='ltr'><strong><em>commemoratEadem</em></strong></span> <span class='ocrx_word' id='word_1_716' title='bbox 697 2743 712 2761; x_wconf 87' lang='lat' dir='ltr'><strong><em>a</em></strong></span> <span class='ocrx_word' id='word_1_717' title='bbox 724 2735 903 2768; x_wconf 85' lang='lat' dir='ltr'><strong><em>Tertulliano,</em></strong></span> <span class='ocrx_word' id='word_1_718' title='bbox 917 2735 975 2764; x_wconf 88' lang='lat' dir='ltr'><strong><em>Lib.</em></strong></span> 
     </span>
    </p>
   </div>
   <div class='ocr_carea' id='block_1_102' title="bbox 192 2770 977 2805">
    <p class='ocr_par' dir='ltr' id='par_1_102' title="bbox 192 2770 977 2805">
     <span class='ocr_line' id='line_1_102' title="bbox 192 2770 977 2805; baseline 0.001 -7"><span class='ocrx_word' id='word_1_719' title='bbox 192 2772 225 2798; x_wconf 84' lang='lat' dir='ltr'><strong><em>de</em></strong></span> <span class='ocrx_word' id='word_1_720' title='bbox 240 2775 380 2798; x_wconf 88' lang='lat' dir='ltr'><strong><em>resurrect.</em></strong></span> <span class='ocrx_word' id='word_1_721' title='bbox 405 2771 504 2801; x_wconf 85' lang='lat' dir='ltr'><strong><em>carnis,</em></strong></span> <span class='ocrx_word' id='word_1_722' title='bbox 521 2779 581 2805; x_wconf 86' lang='lat' dir='ltr'><strong><em>cap.</em></strong></span> <span class='ocrx_word' id='word_1_723' title='bbox 598 2771 640 2805; x_wconf 69' lang='lat'><strong><em>12;</em></strong></span> <span class='ocrx_word' id='word_1_724' title='bbox 657 2779 671 2797; x_wconf 84' lang='lat' dir='ltr'><strong><em>a</em></strong></span> <span class='ocrx_word' id='word_1_725' title='bbox 697 2772 726 2798; x_wconf 77' lang='grc' dir='ltr'>δ.</span> <span class='ocrx_word' id='word_1_726' title='bbox 755 2770 926 2805; x_wconf 86' lang='lat' dir='ltr'><strong><em>Epiphanio,</em></strong></span> <span class='ocrx_word' id='word_1_727' title='bbox 950 2772 977 2799; x_wconf 96' lang='lat' dir='ltr'><strong><em>in</em></strong></span> 
     </span>
    </p>
   </div>
   <div class='ocr_carea' id='block_1_103' title="bbox 192 2805 975 2841">
    <p class='ocr_par' dir='ltr' id='par_1_103' title="bbox 192 2805 975 2841">
     <span class='ocr_line' id='line_1_103' title="bbox 192 2805 975 2841; baseline 0.003 -9"><span class='ocrx_word' id='word_1_728' title='bbox 192 2807 345 2836; x_wconf 79' lang='lat' dir='ltr'><strong><em>Ancorato;</em></strong></span> <span class='ocrx_word' id='word_1_729' title='bbox 361 2807 394 2833; x_wconf 83' lang='lat' dir='ltr'><strong><em>ab</em></strong></span> <span class='ocrx_word' id='word_1_730' title='bbox 409 2806 538 2841; x_wconf 74' lang='lat' dir='ltr'><strong><em>Origene.</em></strong></span> <span class='ocrx_word' id='word_1_731' title='bbox 553 2807 599 2834; x_wconf 88' lang='lat' dir='ltr'><strong><em>lib.</em></strong></span> <span class='ocrx_word' id='word_1_732' title='bbox 618 2815 644 2833; x_wconf 86' lang='lat' dir='ltr'><strong><em>IV</em></strong></span> <span class='ocrx_word' id='word_1_733' title='bbox 667 2812 759 2833; x_wconf 84' lang='lat' dir='ltr'><strong><em>contra</em></strong></span> <span class='ocrx_word' id='word_1_734' title='bbox 776 2805 892 2838; x_wconf 86' lang='lat' dir='ltr'><strong><em>Celsum;</em></strong></span> <span class='ocrx_word' id='word_1_735' title='bbox 916 2815 931 2833; x_wconf 84' lang='lat' dir='ltr'><strong><em>a</em></strong></span> <span class='ocrx_word' id='word_1_736' title='bbox 947 2807 975 2835; x_wconf 90' lang='lat' dir='ltr'><strong><em>S.</em></strong></span> 
     </span>
    </p>
   </div>
   <div class='ocr_carea' id='block_1_104' title="bbox 193 2842 978 2877">
    <p class='ocr_par' dir='ltr' id='par_1_104' title="bbox 193 2842 978 2877">
     <span class='ocr_line' id='line_1_104' title="bbox 193 2842 978 2877; baseline -0.001 -8"><span class='ocrx_word' id='word_1_737' title='bbox 193 2842 295 2877; x_wconf 81' lang='lat' dir='ltr'><strong><em>Cyrillo</em></strong></span> <span class='ocrx_word' id='word_1_738' title='bbox 312 2842 448 2870; x_wconf 86' lang='lat' dir='ltr'><strong><em>cateehes.</em></strong></span> <span class='ocrx_word' id='word_1_739' title='bbox 468 2842 510 2873; x_wconf 85' lang='lat' dir='ltr'><strong><em>l8,</em></strong></span> <span class='ocrx_word' id='word_1_740' title='bbox 527 2847 704 2873; x_wconf 84' lang='lat' dir='ltr'><strong><em>memoratur,</em></strong></span> <span class='ocrx_word' id='word_1_741' title='bbox 721 2842 788 2869; x_wconf 82' lang='lat' dir='ltr'><strong><em>adeo</em></strong></span> <span class='ocrx_word' id='word_1_742' title='bbox 804 2847 832 2868; x_wconf 89' lang='lat' dir='ltr'><strong><em>ut</em></strong></span> <span class='ocrx_word' id='word_1_743' title='bbox 847 2843 904 2870; x_wconf 65' lang='lat' dir='ltr'><strong><em>haec</em></strong></span> <span class='ocrx_word' id='word_1_744' title='bbox 918 2844 978 2877; x_wconf 85' lang='lat' dir='ltr'><strong><em>opi-</em></strong></span> 
     </span>
    </p>
   </div>
   <div class='ocr_carea' id='block_1_105' title="bbox 195 2877 977 2912">
    <p class='ocr_par' dir='ltr' id='par_1_105' title="bbox 195 2877 977 2912">
     <span class='ocr_line' id='line_1_105' title="bbox 195 2877 977 2912; baseline 0 -9"><span class='ocrx_word' id='word_1_745' title='bbox 195 2878 242 2903; x_wconf 89' lang='lat' dir='ltr'><strong><em>nio</em></strong></span> <span class='ocrx_word' id='word_1_746' title='bbox 252 2877 407 2904; x_wconf 82' lang='lat' dir='ltr'><strong><em>communis</em></strong></span> <span class='ocrx_word' id='word_1_747' title='bbox 417 2882 499 2908; x_wconf 76' lang='lat' dir='ltr'><strong><em>esset,</em></strong></span> <span class='ocrx_word' id='word_1_748' title='bbox 514 2882 595 2911; x_wconf 82' lang='lat' dir='ltr'><strong><em>atque</em></strong></span> <span class='ocrx_word' id='word_1_749' title='bbox 610 2878 684 2904; x_wconf 85' lang='lat' dir='ltr'><strong><em>nulla</em></strong></span> <span class='ocrx_word' id='word_1_750' title='bbox 696 2877 887 2912; x_wconf 86' lang='lat' dir='ltr'><strong><em>disquisitione</em></strong></span> <span class='ocrx_word' id='word_1_751' title='bbox 898 2877 977 2904; x_wconf 86' lang='lat' dir='ltr'><strong><em>insti-</em></strong></span> 
     </span>
    </p>
   </div>
   <div class='ocr_carea' id='block_1_106' title="bbox 197 2913 977 2948">
    <p class='ocr_par' dir='ltr' id='par_1_106' title="bbox 197 2913 977 2948">
     <span class='ocr_line' id='line_1_106' title="bbox 197 2913 977 2948; baseline 0.004 -11"><span class='ocrx_word' id='word_1_752' title='bbox 197 2915 253 2938; x_wconf 85' lang='lat' dir='ltr'><strong><em>tuta</em></strong></span> <span class='ocrx_word' id='word_1_753' title='bbox 269 2919 302 2940; x_wconf 75' lang='lat' dir='ltr'><strong><em>cx</em></strong></span> <span class='ocrx_word' id='word_1_754' title='bbox 313 2913 491 2947; x_wconf 85' lang='lat' dir='ltr'><strong><em>quorumdam</em></strong></span> <span class='ocrx_word' id='word_1_755' title='bbox 508 2917 611 2940; x_wconf 83' lang='lat' dir='ltr'><strong><em>tantum</em></strong></span> <span class='ocrx_word' id='word_1_756' title='bbox 625 2920 715 2940; x_wconf 89' lang='lat' dir='ltr'><strong><em>rerum</em></strong></span> <span class='ocrx_word' id='word_1_757' title='bbox 731 2913 894 2941; x_wconf 86' lang='lat' dir='ltr'><strong><em>naturalium</em></strong></span> <span class='ocrx_word' id='word_1_758' title='bbox 913 2921 977 2948; x_wconf 72' lang='lat' dir='ltr'><strong><em>gen-</em></strong></span> 
     </span>
    </p>
   </div>
   <div class='ocr_carea' id='block_1_107' title="bbox 1027 2304 1818 2340">
    <p class='ocr_par' dir='ltr' id='par_1_107' title="bbox 1027 2304 1818 2340">
     <span class='ocr_line' id='line_1_107' title="bbox 1027 2304 1818 2340; baseline 0.001 -8"><span class='ocrx_word' id='word_1_759' title='bbox 1027 2306 1133 2336; x_wconf 81' lang='lat' dir='ltr'><strong><em>poribus</em></strong></span> <span class='ocrx_word' id='word_1_760' title='bbox 1152 2305 1184 2332; x_wconf 90' lang='lat' dir='ltr'><strong><em>de</em></strong></span> <span class='ocrx_word' id='word_1_761' title='bbox 1196 2306 1323 2340; x_wconf 86' lang='lat' dir='ltr'><strong><em>episcopis</em></strong></span> <span class='ocrx_word' id='word_1_762' title='bbox 1337 2310 1361 2332; x_wconf 93' lang='lat' dir='ltr'><strong><em>et</em></strong></span> <span class='ocrx_word' id='word_1_763' title='bbox 1379 2305 1499 2333; x_wconf 68' lang='lat' dir='ltr'><strong><em>diaconi:</em></strong></span> <span class='ocrx_word' id='word_1_764' title='bbox 1526 2306 1555 2332; x_wconf 89' lang='lat' dir='ltr'><strong><em>in</em></strong></span> <span class='ocrx_word' id='word_1_765' title='bbox 1570 2304 1710 2340; x_wconf 86' lang='lat' dir='ltr'><strong><em>Scriptura</em></strong></span> <span class='ocrx_word' id='word_1_766' title='bbox 1740 2315 1818 2333; x_wconf 81' lang='lat' dir='ltr'><strong><em>men-</em></strong></span> 
     </span>
    </p>
   </div>
   <div class='ocr_carea' id='block_1_108' title="bbox 1028 2425 1818 2462">
    <p class='ocr_par' dir='ltr' id='par_1_108' title="bbox 1028 2425 1818 2462">
     <span class='ocr_line' id='line_1_108' title="bbox 1028 2425 1818 2462; baseline 0.005 -9"><span class='ocrx_word' id='word_1_767' title='bbox 1028 2426 1116 2462; x_wconf 85' lang='lat' dir='ltr'><strong><em>tilium</em></strong></span> <span class='ocrx_word' id='word_1_768' title='bbox 1127 2427 1293 2462; x_wconf 88' lang='lat' dir='ltr'><strong><em>scriptorum</em></strong></span> <span class='ocrx_word' id='word_1_769' title='bbox 1305 2425 1358 2462; x_wconf 79' lang='lat' dir='ltr'><strong><em>fide</em></strong></span> <span class='ocrx_word' id='word_1_770' title='bbox 1370 2431 1489 2461; x_wconf 87' lang='lat' dir='ltr'><strong><em>recepta.</em></strong></span> <span class='ocrx_word' id='word_1_771' title='bbox 1499 2426 1568 2462; x_wconf 77' lang='lat' dir='ltr'><strong><em>Quia</em></strong></span> <span class='ocrx_word' id='word_1_772' title='bbox 1578 2434 1645 2454; x_wconf 90' lang='lat' dir='ltr'><strong><em>vero</em></strong></span> <span class='ocrx_word' id='word_1_773' title='bbox 1657 2427 1752 2456; x_wconf 67' lang='lat' dir='ltr'><strong><em>Graeca</em></strong></span> <span class='ocrx_word' id='word_1_774' title='bbox 1764 2437 1818 2457; x_wconf 74' lang='lat' dir='ltr'><strong><em>vox</em></strong></span> 
     </span>
    </p>
   </div>
   <div class='ocr_carea' id='block_1_109' title="bbox 1028 2460 1818 2498">
    <p class='ocr_par' dir='ltr' id='par_1_109' title="bbox 1028 2460 1818 2498">
     <span class='ocr_line' id='line_1_109' title="bbox 1028 2460 1818 2498; baseline 0.004 -10"><span class='ocrx_word' id='word_1_775' title='bbox 1028 2460 1125 2496; x_wconf 79' lang='grc' dir='ltr'><strong><em>φοῖνιξ,</em></strong></span> <span class='ocrx_word' id='word_1_776' title='bbox 1137 2466 1165 2488; x_wconf 90' lang='lat' dir='ltr'><strong><em>ut</em></strong></span> <span class='ocrx_word' id='word_1_777' title='bbox 1177 2460 1332 2498; x_wconf 79' lang='lat' dir='ltr'><strong><em>observavit</em></strong></span> <span class='ocrx_word' id='word_1_778' title='bbox 1344 2460 1507 2498; x_wconf 26' lang='lat' dir='ltr'><strong><em>Cotele’rius.</em></strong></span> <span class='ocrx_word' id='word_1_779' title='bbox 1527 2461 1662 2498; x_wconf 32' lang='lat' dir='ltr'><strong><em>LatineAet</em></strong></span> <span class='ocrx_word' id='word_1_780' title='bbox 1674 2464 1818 2498; x_wconf 84' lang='lat' dir='ltr'><strong><em>unigenam</em></strong></span> 
     </span>
    </p>
   </div>
   <div class='ocr_carea' id='block_1_110' title="bbox 1028 2496 1819 2533">
    <p class='ocr_par' dir='ltr' id='par_1_110' title="bbox 1028 2496 1819 2533">
     <span class='ocr_line' id='line_1_110' title="bbox 1028 2496 1819 2533; baseline 0.005 -10"><span class='ocrx_word' id='word_1_781' title='bbox 1028 2505 1111 2528; x_wconf 71' lang='lat' dir='ltr'><strong><em>auem,</em></strong></span> <span class='ocrx_word' id='word_1_782' title='bbox 1121 2502 1147 2524; x_wconf 87' lang='lat' dir='ltr'><strong><em>et</em></strong></span> <span class='ocrx_word' id='word_1_783' title='bbox 1157 2497 1273 2533; x_wconf 78' lang='lat' dir='ltr'><strong><em>palmam</em></strong></span> <span class='ocrx_word' id='word_1_784' title='bbox 1286 2497 1432 2533; x_wconf 82' lang='lat' dir='ltr'><strong><em>signilieat.</em></strong></span> <span class='ocrx_word' id='word_1_785' title='bbox 1443 2497 1613 2533; x_wconf 10' lang='lat' dir='ltr'><strong><em>locosqsacra:</em></strong></span> <span class='ocrx_word' id='word_1_786' title='bbox 1624 2496 1774 2533; x_wconf 75' lang='lat' dir='ltr'><strong><em>Scriptura:</em></strong></span> <span class='ocrx_word' id='word_1_787' title='bbox 1790 2501 1819 2527; x_wconf 89' lang='lat' dir='ltr'><strong><em>in</em></strong></span> 
     </span>
    </p>
   </div>
   <div class='ocr_carea' id='block_1_111' title="bbox 1027 2531 1819 2567">
    <p class='ocr_par' dir='ltr' id='par_1_111' title="bbox 1027 2531 1819 2567">
     <span class='ocr_line' id='line_1_111' title="bbox 1027 2531 1819 2567; baseline 0.004 -9"><span class='ocrx_word' id='word_1_788' title='bbox 1027 2533 1128 2567; x_wconf 87' lang='lat' dir='ltr'><strong><em>quibus</em></strong></span> <span class='ocrx_word' id='word_1_789' title='bbox 1148 2532 1236 2567; x_wconf 79' lang='grc' dir='ltr'>φοῖνιξ</span> <span class='ocrx_word' id='word_1_790' title='bbox 1255 2531 1348 2559; x_wconf 61' lang='lat' dir='ltr'><strong><em>Graece</em></strong></span> <span class='ocrx_word' id='word_1_791' title='bbox 1360 2532 1394 2559; x_wconf 85' lang='lat' dir='ltr'><strong><em>de</em></strong></span> <span class='ocrx_word' id='word_1_792' title='bbox 1407 2532 1498 2566; x_wconf 89' lang='lat' dir='ltr'><strong><em>palma</em></strong></span> <span class='ocrx_word' id='word_1_793' title='bbox 1512 2532 1629 2564; x_wconf 88' lang='lat' dir='ltr'><strong><em>dicitur,</em></strong></span> <span class='ocrx_word' id='word_1_794' title='bbox 1645 2532 1680 2561; x_wconf 89' lang='lat' dir='ltr'><strong><em>de</em></strong></span> <span class='ocrx_word' id='word_1_795' title='bbox 1690 2531 1758 2561; x_wconf 58' lang='lat' dir='ltr'><strong><em>&#39;alitc</em></strong></span> <span class='ocrx_word' id='word_1_796' title='bbox 1772 2535 1819 2562; x_wconf 89' lang='lat' dir='ltr'><strong><em>in-</em></strong></span> 
     </span>
    </p>
   </div>
   <div class='ocr_carea' id='block_1_112' title="bbox 1027 2567 1818 2602">
    <p class='ocr_par' dir='ltr' id='par_1_112' title="bbox 1027 2567 1818 2602">
     <span class='ocr_line' id='line_1_112' title="bbox 1027 2567 1818 2602; baseline 0.004 -8"><span class='ocrx_word' id='word_1_797' title='bbox 1027 2572 1221 2602; x_wconf 83' lang='lat' dir='ltr'><strong><em>terpretantes,</em></strong></span> <span class='ocrx_word' id='word_1_798' title='bbox 1236 2567 1308 2602; x_wconf 90' lang='lat' dir='ltr'><strong><em>quod</em></strong></span> <span class='ocrx_word' id='word_1_799' title='bbox 1323 2568 1356 2594; x_wconf 86' lang='lat' dir='ltr'><strong><em>de</em></strong></span> <span class='ocrx_word' id='word_1_800' title='bbox 1371 2567 1498 2602; x_wconf 75' lang='lat' dir='ltr'><strong><em>phmnice</em></strong></span> <span class='ocrx_word' id='word_1_801' title='bbox 1513 2575 1563 2594; x_wconf 86' lang='lat' dir='ltr'><strong><em>ave</em></strong></span> <span class='ocrx_word' id='word_1_802' title='bbox 1575 2573 1719 2602; x_wconf 80' lang='lat' dir='ltr'><strong><em>narratur,</em></strong></span> <span class='ocrx_word' id='word_1_803' title='bbox 1733 2571 1818 2597; x_wconf 82' lang='lat' dir='ltr'><strong><em>etiam</em></strong></span> 
     </span>
    </p>
   </div>
   <div class='ocr_carea' id='block_1_113' title="bbox 1029 2602 1818 2639">
    <p class='ocr_par' dir='ltr' id='par_1_113' title="bbox 1029 2602 1818 2639">
     <span class='ocr_line' id='line_1_113' title="bbox 1029 2602 1818 2639; baseline 0.006 -11"><span class='ocrx_word' id='word_1_804' title='bbox 1029 2602 1234 2639; x_wconf 76' lang='lat' dir='ltr'><strong><em>Seripturarunt</em></strong></span> <span class='ocrx_word' id='word_1_805' title='bbox 1249 2603 1413 2630; x_wconf 81' lang='lat' dir='ltr'><strong><em>auctoritate</em></strong></span> <span class='ocrx_word' id='word_1_806' title='bbox 1428 2603 1479 2629; x_wconf 94' lang='lat' dir='ltr'><strong><em>niti</em></strong></span> <span class='ocrx_word' id='word_1_807' title='bbox 1494 2602 1575 2630; x_wconf 81' lang='lat' dir='ltr'><strong><em>facile</em></strong></span> <span class='ocrx_word' id='word_1_808' title='bbox 1589 2603 1642 2630; x_wconf 88' lang='lat' dir='ltr'><strong><em>sibi</em></strong></span> <span class='ocrx_word' id='word_1_809' title='bbox 1668 2612 1818 2639; x_wconf 84' lang='lat' dir='ltr'><strong><em>persuase—</em></strong></span> 
     </span>
    </p>
   </div>
   <div class='ocr_carea' id='block_1_114' title="bbox 1028 2637 1314 2665">
    <p class='ocr_par' dir='ltr' id='par_1_114' title="bbox 1028 2637 1314 2665">
     <span class='ocr_line' id='line_1_114' title="bbox 1028 2637 1314 2665; baseline 0 -1"><span class='ocrx_word' id='word_1_810' title='bbox 1028 2643 1091 2664; x_wconf 91' lang='lat' dir='ltr'><strong><em>runt</em></strong></span> <span class='ocrx_word' id='word_1_811' title='bbox 1105 2638 1191 2665; x_wconf 82' lang='lat' dir='ltr'><strong><em>sancti</em></strong></span> <span class='ocrx_word' id='word_1_812' title='bbox 1208 2637 1314 2665; x_wconf 84' lang='lat' dir='ltr'><strong><em>Patres.</em></strong></span> 
     </span>
    </p>
   </div>
   <div class='ocr_carea' id='block_1_115' title="bbox 1064 2672 1816 2708">
    <p class='ocr_par' dir='ltr' id='par_1_115' title="bbox 1064 2672 1816 2708">
     <span class='ocr_line' id='line_1_115' title="bbox 1064 2672 1816 2708; baseline 0.003 -8"><span class='ocrx_word' id='word_1_813' title='bbox 1064 2673 1120 2708; x_wconf 73' lang='grc'><strong><em>(12)</em></strong></span> <span class='ocrx_word' id='word_1_814' title='bbox 1133 2673 1246 2700; x_wconf 84' lang='lat' dir='ltr'><strong><em>Sanctus</em></strong></span> <span class='ocrx_word' id='word_1_815' title='bbox 1256 2672 1386 2705; x_wconf 86' lang='lat' dir='ltr'><strong><em>Clemens,</em></strong></span> <span class='ocrx_word' id='word_1_816' title='bbox 1395 2673 1518 2707; x_wconf 87' lang='lat' dir='ltr'><strong><em>templum</em></strong></span> <span class='ocrx_word' id='word_1_817' title='bbox 1528 2672 1816 2708; x_wconf 79' lang='lat' dir='ltr'><strong><em>Hierosolymitanum,</em></strong></span> 
     </span>
    </p>
   </div>
   <div class='ocr_carea' id='block_1_116' title="bbox 1027 2708 1817 2746">
    <p class='ocr_par' dir='ltr' id='par_1_116' title="bbox 1027 2708 1817 2746">
     <span class='ocr_line' id='line_1_116' title="bbox 1027 2708 1817 2746; baseline 0.005 -12"><span class='ocrx_word' id='word_1_818' title='bbox 1027 2709 1238 2746; x_wconf 69' lang='lat' dir='ltr'><strong><em>cumcpistolant</em></strong></span> <span class='ocrx_word' id='word_1_819' title='bbox 1249 2709 1328 2735; x_wconf 89' lang='lat' dir='ltr'><strong><em>istam</em></strong></span> <span class='ocrx_word' id='word_1_820' title='bbox 1337 2708 1474 2746; x_wconf 68' lang='lat' dir='ltr'><strong><em>scriberet,</em></strong></span> <span class='ocrx_word' id='word_1_821' title='bbox 1484 2709 1576 2746; x_wconf 73' lang='lat' dir='ltr'><strong><em>adhuc</em></strong></span> <span class='ocrx_word' id='word_1_822' title='bbox 1585 2716 1718 2743; x_wconf 82' lang='lat' dir='ltr'><strong><em>superstes</em></strong></span> <span class='ocrx_word' id='word_1_823' title='bbox 1734 2711 1817 2746; x_wconf 75' lang='lat' dir='ltr'><strong><em>fuisse</em></strong></span> 
     </span>
    </p>
   </div>
   <div class='ocr_carea' id='block_1_117' title="bbox 1028 2743 1815 2779">
    <p class='ocr_par' dir='ltr' id='par_1_117' title="bbox 1028 2743 1815 2779">
     <span class='ocr_line' id='line_1_117' title="bbox 1028 2743 1815 2779; baseline 0.004 -9"><span class='ocrx_word' id='word_1_824' title='bbox 1028 2744 1179 2778; x_wconf 83' lang='lat' dir='ltr'><strong><em>signiﬁcare</em></strong></span> <span class='ocrx_word' id='word_1_825' title='bbox 1197 2743 1316 2775; x_wconf 72' lang='lat' dir='ltr'><strong><em>videtur;</em></strong></span> <span class='ocrx_word' id='word_1_826' title='bbox 1333 2744 1392 2770; x_wconf 85' lang='lat' dir='ltr'><strong><em>licet</em></strong></span> <span class='ocrx_word' id='word_1_827' title='bbox 1408 2743 1435 2769; x_wconf 89' lang='lat' dir='ltr'><strong><em>id</em></strong></span> <span class='ocrx_word' id='word_1_828' title='bbox 1446 2745 1593 2771; x_wconf 80' lang='lat' dir='ltr'><strong><em>necessario</em></strong></span> <span class='ocrx_word' id='word_1_829' title='bbox 1616 2752 1648 2771; x_wconf 77' lang='lat' dir='ltr'><strong><em>es:</em></strong></span> <span class='ocrx_word' id='word_1_830' title='bbox 1660 2746 1719 2779; x_wconf 83' lang='lat' dir='ltr'><strong><em>ejus</em></strong></span> <span class='ocrx_word' id='word_1_831' title='bbox 1733 2743 1815 2773; x_wconf 69' lang='lat' dir='ltr'><strong><em>uerbis</em></strong></span> 
     </span>
    </p>
   </div>
   <div class='ocr_carea' id='block_1_118' title="bbox 1028 2780 1815 2815">
    <p class='ocr_par' dir='ltr' id='par_1_118' title="bbox 1028 2780 1815 2815">
     <span class='ocr_line' id='line_1_118' title="bbox 1028 2780 1815 2815; baseline 0.004 -10"><span class='ocrx_word' id='word_1_832' title='bbox 1028 2787 1080 2805; x_wconf 84' lang='lat' dir='ltr'><strong><em>non</em></strong></span> <span class='ocrx_word' id='word_1_833' title='bbox 1105 2784 1289 2815; x_wconf 70' lang='lat' dir='ltr'><strong><em>consequatur,</em></strong></span> <span class='ocrx_word' id='word_1_834' title='bbox 1312 2787 1372 2805; x_wconf 87' lang='lat' dir='ltr'><strong><em>cum</em></strong></span> <span class='ocrx_word' id='word_1_835' title='bbox 1388 2783 1443 2805; x_wconf 88' lang='lat' dir='ltr'><strong><em>tota</em></strong></span> <span class='ocrx_word' id='word_1_836' title='bbox 1460 2780 1516 2813; x_wconf 81' lang='lat' dir='ltr'><strong><em>ejus</em></strong></span> <span class='ocrx_word' id='word_1_837' title='bbox 1537 2780 1624 2807; x_wconf 54' lang='lat' dir='ltr'><strong><em>oratr?)</em></strong></span> <span class='ocrx_word' id='word_1_838' title='bbox 1649 2782 1815 2815; x_wconf 87' lang='lat' dir='ltr'><strong><em>comparatio</em></strong></span> 
     </span>
    </p>
   </div>
   <div class='ocr_carea' id='block_1_119' title="bbox 1028 2813 1814 2848">
    <p class='ocr_par' dir='ltr' id='par_1_119' title="bbox 1028 2813 1814 2848">
     <span class='ocr_line' id='line_1_119' title="bbox 1028 2813 1814 2848; baseline 0.003 -8"><span class='ocrx_word' id='word_1_839' title='bbox 1028 2819 1132 2840; x_wconf 89' lang='lat' dir='ltr'><strong><em>tantum</em></strong></span> <span class='ocrx_word' id='word_1_840' title='bbox 1142 2814 1188 2841; x_wconf 80' lang='lat' dir='ltr'><strong><em>sit.</em></strong></span> <span class='ocrx_word' id='word_1_841' title='bbox 1216 2813 1336 2841; x_wconf 85' lang='lat' dir='ltr'><strong><em>Solemus</em></strong></span> <span class='ocrx_word' id='word_1_842' title='bbox 1351 2819 1439 2840; x_wconf 89' lang='lat' dir='ltr'><strong><em>autem</em></strong></span> <span class='ocrx_word' id='word_1_843' title='bbox 1455 2815 1482 2840; x_wconf 87' lang='lat' dir='ltr'><strong><em>in</em></strong></span> <span class='ocrx_word' id='word_1_844' title='bbox 1508 2813 1754 2848; x_wconf 80' lang='lat' dir='ltr'><strong><em>comparationibus</em></strong></span> <span class='ocrx_word' id='word_1_845' title='bbox 1771 2825 1814 2843; x_wconf 78' lang='lat' dir='ltr'><strong><em>res</em></strong></span> 
     </span>
    </p>
   </div>
   <div class='ocr_carea' id='block_1_120' title="bbox 1027 2849 1813 2888">
    <p class='ocr_par' dir='ltr' id='par_1_120' title="bbox 1027 2849 1813 2888">
     <span class='ocr_line' id='line_1_120' title="bbox 1027 2849 1813 2888; baseline 0.006 -12"><span class='ocrx_word' id='word_1_846' title='bbox 1027 2849 1174 2888; x_wconf 60' lang='lat' dir='ltr'><strong><em>prieteritas</em></strong></span> <span class='ocrx_word' id='word_1_847' title='bbox 1204 2854 1329 2888; x_wconf 72' lang='lat' dir='ltr'><strong><em>tanquam</em></strong></span> <span class='ocrx_word' id='word_1_848' title='bbox 1356 2854 1496 2888; x_wconf 51' lang='lat' dir='ltr'><strong><em>prementes</em></strong></span> <span class='ocrx_word' id='word_1_849' title='bbox 1526 2858 1681 2888; x_wconf 74' lang='lat' dir='ltr'><strong><em>proponere.</em></strong></span> <span class='ocrx_word' id='word_1_850' title='bbox 1703 2851 1813 2888; x_wconf 78' lang='lat' dir='ltr'><strong><em>Fleury,</em></strong></span> 
     </span>
    </p>
   </div>
   <div class='ocr_carea' id='block_1_121' title="bbox 1030 2883 1654 2920">
    <p class='ocr_par' dir='ltr' id='par_1_121' title="bbox 1030 2883 1654 2920">
     <span class='ocr_line' id='line_1_121' title="bbox 1030 2883 1654 2920; baseline 0.006 -10"><span class='ocrx_word' id='word_1_851' title='bbox 1030 2884 1101 2912; x_wconf 84' lang='lat' dir='ltr'><strong><em>llist.</em></strong></span> <span class='ocrx_word' id='word_1_852' title='bbox 1113 2884 1188 2918; x_wconf 89' lang='lat' dir='ltr'><strong><em>eccl.,</em></strong></span> <span class='ocrx_word' id='word_1_853' title='bbox 1203 2883 1268 2912; x_wconf 83' lang='lat' dir='ltr'><strong><em>tom.</em></strong></span> <span class='ocrx_word' id='word_1_854' title='bbox 1285 2883 1306 2917; x_wconf 93' lang='lat' dir='ltr'><strong><em>l,</em></strong></span> <span class='ocrx_word' id='word_1_855' title='bbox 1322 2885 1349 2912; x_wconf 93' lang='lat' dir='ltr'><strong><em>in</em></strong></span> <span class='ocrx_word' id='word_1_856' title='bbox 1365 2884 1451 2912; x_wconf 77' lang='lat' dir='ltr'><strong><em>Clem.</em></strong></span> <span class='ocrx_word' id='word_1_857' title='bbox 1469 2886 1516 2912; x_wconf 90' lang='lat' dir='ltr'><strong><em>lib.</em></strong></span> <span class='ocrx_word' id='word_1_858' title='bbox 1526 2883 1561 2919; x_wconf 42' lang='lat' dir='ltr'><strong><em>&#39;tt,</em></strong></span> <span class='ocrx_word' id='word_1_859' title='bbox 1575 2883 1595 2920; x_wconf 31' lang='lat'><strong><em>&#39;5</em></strong></span> <span class='ocrx_word' id='word_1_860' title='bbox 1609 2886 1654 2914; x_wconf 74' lang='lat'><strong><em>35.</em></strong></span> 
     </span>
    </p>
   </div>
  </div>
