1875 3101
53 195 91 222 lii
657 191 825 220 PROCEMIA
846 190 996 218 VARlOllU
1005 191 1037 221 .\l,

1611 195 1657 221 li‘.’

51 254 134 279 tionem
161 251 259 285 factam
270 250 362 285 fuisse.
379 249 441 277 Mox
454 249 642 277 contentiones
657 249 691 276 ob
707 249 822 276 Aaronis
838 250 860 277 Α
874 248 901 274 in
925 248 987 274 ovili
1009 247 1110 275 Christi
1131 257 1226 283 parvos
1249 256 1273 278 et
1296 251 1419 285 probatos
1435 252 1546 278 inveniri
1555 274 1561 285 ,
1577 262 1655 287 quam

51 297 219 326 sacerdotium
234 297 335 332 Moysis
345 300 424 324 aetate
438 298 547 323 exortas
565 294 707 327 describit,
729 298 755 321 et
770 294 821 322 Co-

49 341 154 369 rinthios
164 340 265 375 injuste
280 341 441 376 episcopatu
465 339 616 374 privavissc
630 347 688 371 eos,
715 339 762 375 qui
789 340 822 367 ab

50 387 223 423 apostolorum
247 386 456 414 successoribus
488 385 631 414 constituti
652 385 770 416 fuerant,
795 390 822 413 et

49 439 149 459 munere
178 438 229 459 suo
255 431 394 467 inculpate
420 436 448 459 et
468 432 597 466 praeclare
627 431 819 466 iungebantur.

50 478 158 505 Schisma
168 482 294 506 oestrum.
307 477 406 512 inquit,
419 478 516 505 multos
533 477 666 512 pervertit;
681 477 779 504 multas
794 478 822 504 in

49 524 122 550 animi
135 523 314 557 dejectionem,
334 523 431 550 multos
457 524 485 550 in
511 523 715 555 vacillationem,
733 531 821 550 omnes

49 578 89 597 nos
99 571 123 596 in
132 570 267 596 tristitiam
275 569 396 604 conjecit.
410 569 510 604 Turpia
523 575 596 601 sunt,
605 569 705 602 dilecti,
714 574 738 597 et
747 569 822 598 valde

48 616 136 650 turpia,
148 619 171 642 et
187 614 343 642 Christiana
363 616 559 642 conversatione
578 615 697 650 indigna,
722 615 820 648 audiri,

47 661 219 696 ﬁrmissimam
251 666 276 688 et
302 661 438 696 antiquam
458 660 654 688 Corinthiorum
676 660 821 688 Ecclesium

47 712 142 741 propter
154 715 237 733 unum
252 711 298 733 aut
306 707 420 734 alterum
432 707 563 734 hominem
577 712 670 734 contra
689 707 821 743 presbyte-

47 762 85 780 ros
97 753 247 780 seditionem
258 761 369 781 movere.
387 753 472 788 Atque
498 753 520 780 is
541 761 631 780 rumor
645 762 696 781 non
719 758 821 781 tantum

46 800 76 826 ad
93 809 136 827 nos
145 801 273 834 pervenit;
287 799 333 827 sed
344 799 380 827 ad
394 808 437 828 eos
445 808 555 835 quoque,
567 800 613 835 qui
623 809 639 827 α
650 800 724 827 nobis
741 801 822 829 alieni

46 850 99 873 sunt
113 847 201 873 animo
215 850 242 873 et
255 846 401 878 sententia;
415 846 480 873 adeo
496 851 525 873 ut
536 851 643 881 propter
657 852 769 874 vestram
780 848 821 875 in-

45 893 195 926 sipientiam,
208 893 290 920 etiam
306 893 475 928 blasphemiae
485 897 510 920 et
524 893 641 920 conuicia
653 894 753 921 nomini
766 894 817 921 Do-

45 939 101 965 mini
114 939 272 973 inferantur.
289 939 450 974 Auferamus
463 939 544 974 igitur
554 939 674 966 celeriter
684 939 732 966 hoc
743 948 820 966 scan-

44 983 137 1017 dalum,
153 989 178 1011 et
203 983 319 1011 Domino
333 983 486 1016 accidamus
500 988 524 1011 et
537 983 703 1019 plangamus,
715 989 820 1012 orantes

43 1037 95 1055 eum
116 1033 156 1061 ut,
172 1029 305 1064 propitius
323 1030 421 1064 factus,
438 1023 621 1057 reconcilietur
643 1030 718 1058 nobis
743 1035 821 1066 atque

43 1074 68 1100 in
79 1075 197 1102 decoram
208 1080 235 1102 et
246 1080 349 1103 castam
358 1076 471 1110 fraterni
482 1076 582 1102 amoris
597 1076 666 1102 viam
680 1084 726 1104 nos
743 1075 820 1103 redu-

41 1124 80 1146 cat
86 1124 111 1147 et
123 1121 256 1148 restituat.

71 1165 217 1194 Charitatis
230 1167 329 1195 deinde
343 1167 438 1196 laudes
449 1168 632 1203 persequitur,
646 1175 706 1195 eam
719 1167 820 1204 Moysis

41 1210 70 1238 ad
83 1211 168 1238 instar
183 1212 384 1240 commendans
394 1233 401 1244 ,
417 1213 463 1248 qui
479 1221 494 1241 e
510 1213 579 1241 libro
593 1213 656 1241 vita
670 1213 755 1240 deleri
772 1221 820 1241 cu-

40 1256 125 1290 piebat
134 1276 141 1288 ,
156 1257 181 1284 si
196 1257 299 1292 populo
313 1265 363 1285 suo
376 1258 484 1285 veniam
495 1266 551 1286 non
564 1258 755 1294 impetrasset;
771 1260 820 1286 do-

40 1306 146 1337 cetque,
171 1310 228 1337 qua
252 1303 361 1330 ratione
383 1303 456 1331 inter
479 1304 555 1339 ipsos
583 1305 687 1332 servari
711 1307 818 1340 possit;

38 1349 132 1382 quibus
149 1349 295 1383 gentilium
318 1349 441 1384 ipsorum
463 1350 617 1384 exemplum
642 1351 818 1385 superaddit,

37 1394 80 1429 qui
106 1394 141 1422 ob
164 1395 308 1430 publicam
331 1395 474 1422 utilitatem
495 1399 610 1423 mortem
637 1400 719 1431 atque
744 1397 819 1425 exsi-

38 1439 98 1466 lium
111 1439 232 1467 subiere.
244 1439 383 1468 Fraternae
394 1440 474 1467 etiam
487 1441 664 1469 correctionis
674 1441 819 1469 utilitatem

38 1489 252 1518 commemorat,
269 1485 436 1520 subditque:
459 1485 509 1512 Vas
528 1494 605 1521 ergo,
621 1486 667 1521 qui
681 1486 819 1513 seditionis

35 1530 207 1564 fundamenta
219 1532 341 1566 jecistis,
356 1531 455 1559 subditi
466 1536 550 1559 estote
567 1532 728 1568 presbyteris
746 1537 772 1560 et
791 1533 819 1559 in

873 294 957 320 altum
972 294 1101 328 sapientes
1116 303 1129 321 e
1144 303 1187 329 spe
1202 296 1274 324 illius
1290 298 1360 331 ejici.
1375 297 1484 324 Claudit
1495 298 1635 332 epistolam
1646 318 1656 332 ,

873 338 958 366 Deum
972 346 1072 372 orans,
1089 344 1118 367 ut
1133 348 1180 375 per
1194 340 1226 368 Β.
1244 341 1276 369 Ν,
1293 341 1318 369 J.
1335 341 1475 370 Christum
1494 342 1548 370 illis
1562 342 1607 371 «let
1626 343 1658 372 ﬂ-

872 386 932 414 dem
945 406 952 418 ,
976 386 1102 414 timorem
1113 407 1121 419 ,
1147 395 1241 422 pacem
1253 408 1260 418 .
1284 388 1443 422 patientiam
1455 409 1462 420 ,
1489 393 1657 425 caeterasque

873 432 988 460 virtutes
1000 453 1008 465 ,
1025 434 1146 469 petitque
1162 438 1191 460 ut
1208 433 1353 462 Claudium
1365 455 1371 466 ,
1397 434 1555 469 Ephcbum,
1577 435 1658 464 Vale-

872 478 943 506 sium
952 482 978 507 et
984 479 1173 514 Fortunatum,
1180 481 1301 515 epistolas
1313 481 1394 515 hujus
1406 481 1572 513 tabellarios,
1582 482 1656 510 brevi

872 529 899 552 ct
914 533 976 553 cum
992 526 1093 561 gaudio
1108 527 1266 558 remittant,
1286 531 1316 553 ut
1335 527 1416 554 citius
1428 548 1434 558 ,
1454 527 1559 563 inquit,
1577 532 1657 563 opta-

872 571 954 598 bilem
974 572 1107 607 nobisque
1126 572 1388 600 desideratissimam
1416 580 1509 607 pacem
1535 581 1570 600 ac
1589 581 1656 600 con-

872 617 992 644 cordiam
1007 618 1180 645 annuntient.

959 694 1083 730 Analysis
1102 694 1221 730 epistolaj
1237 695 1360 722 secundm
1375 695 1408 723 ι).
1426 695 1568 723 Clementis

1156 730 1189 756 ad
1205 729 1366 758 Corinthios.

907 796 937 824 In
954 797 1039 824 altera
1051 797 1084 824 ad
1096 797 1253 826 Corinthios
1271 799 1385 834 epistola
1394 819 1401 830 ,
1414 799 1465 826 sibi
1478 799 1654 834 proposuisse

870 844 980 871 videtur
998 848 1112 872 sanctus
1131 845 1275 877 Clemens,
1296 849 1327 872 ut
1344 845 1503 873 Corinthios
1521 846 1554 873 ad
1572 846 1654 873 vitam

873 897 995 925 ipsorum
1017 892 1160 919 vocatione
1182 881 1292 926 dignam
1312 891 1464 918 ducendam
1489 891 1654 919 hortaretur.

873 937 962 969 Quare
978 936 1030 964 sub
1047 937 1135 972 ipsum
1151 937 1258 964 initium
1275 937 1372 969 docet,
1394 945 1442 965 eos
1464 938 1498 966 de
1520 938 1653 970 Christo,

871 987 1001 1017 tanquam
1020 983 1054 1010 de
1073 983 1128 1010 Deo
1146 984 1247 1011 sentire
1266 991 1374 1018 aequum
1393 991 1471 1016 esse,
1500 987 1527 1012 et
1549 989 1652 1019 quanta

870 1029 957 1057 cidem
971 1029 1102 1062 debeant,
1117 1034 1199 1064 atque
1214 1037 1295 1064 quam
1310 1034 1403 1066 gratos
1423 1037 1452 1057 se
1468 1030 1507 1057 illi
1522 1031 1653 1058 exhibere

870 1079 1013 1110 oporteat,
1035 1075 1108 1111 quod
1130 1083 1178 1103 eos
1199 1076 1233 1103 ad
1260 1075 1396 1112 Evangelii
1419 1076 1506 1104 lucem
1527 1077 1652 1110 vocarit,

839 1138 842 1139 ν
870 1124 977 1156 gratum
1001 1129 1066 1149 vero
1083 1121 1204 1151 animum
1228 1129 1283 1149 non
1308 1121 1394 1150 solam
1419 1122 1569 1150 divinitatis
1594 1123 1654 1157 ejus

871 1166 1066 1202 professionem
1082 1167 1172 1202 palam
1188 1167 1293 1195 edendo
1308 1167 1417 1203 probari
1432 1168 1485 1199 ait,
1501 1168 1548 1195 sed
1563 1168 1654 1202 potius

870 1218 1068 1248 praeceptorum
1083 1213 1143 1248 ejus
1158 1214 1228 1241 viam
1245 1213 1432 1248 ingrediendo.
1458 1212 1558 1240 Subdit
1569 1233 1575 1244 ,
1600 1212 1652 1239 ho-

870 1259 953 1287 minis
971 1259 1053 1287 vitam
1069 1260 1097 1287 in
1112 1259 1167 1287 duo
1183 1263 1320 1295 tempora,
1336 1260 1394 1287 sive
1409 1259 1510 1287 saecula
1532 1259 1603 1286 inter
1623 1266 1654 1286 se

870 1305 979 1332 divorsa
993 1305 1108 1333 divisam
1122 1313 1199 1339 esse,
1212 1313 1332 1341 prazsens
1351 1313 1434 1332 unum
1445 1325 1452 1337 ,
1474 1304 1594 1332 futurum
1615 1305 1656 1331 al-

870 1355 975 1384 terum,
1000 1359 1061 1387 quae
1085 1351 1217 1386 quasdam
1241 1351 1325 1379 veluti
1350 1351 1509 1378 inimicitias
1538 1350 1653 1378 invicem

869 1399 1106 1433 exercent;prius
1130 1399 1233 1426 scelera
1258 1402 1340 1433 atque
1358 1397 1461 1433 ﬂagitia
1483 1397 1654 1432 praedicare;

871 1444 1007 1480 posterius
1019 1444 1062 1471 his
1078 1444 1206 1472 omnibus
1220 1444 1347 1471 nuntium
1362 1444 1500 1471 remittere
1513 1452 1521 1476 ;
1534 1450 1654 1478 przescns

870 1490 1000 1517 saeculum
1014 1490 1183 1526 poenitentiae
1195 1491 1361 1519 destinatum
1373 1510 1380 1523 ,
1398 1495 1480 1525 atque
1498 1489 1548 1518 Dei
1564 1491 1611 1518 ira:
1627 1493 1654 1516 et

870 1535 954 1564 futuri
978 1536 1071 1564 saeculi
1097 1536 1239 1572 suppliciis
1267 1536 1426 1572 eﬂ‘ugiendis
1452 1541 1546 1572 aptum
1571 1545 1652 1570 esse.

35 1578 213 1611 paenitentiam
228 1578 395 1613 corripimini
406 1586 416 1606 :
432 1579 524 1606 melius
538 1579 668 1614 siquidem
689 1579 760 1607 vobis
779 1584 818 1606 est
831 1600 852 1627 ϐ
870 1583 950 1617 cujus
967 1582 1038 1611 diem
1054 1587 1135 1617 atque
1149 1587 1256 1618 tempus
1272 1583 1380 1618 penitus
1396 1583 1565 1619 ignoramus.

754 1695 926 1704 ξ

673 1768 863 1814 CAPUT
906 1770 1002 1813 Ill.

441 1879 471 1909 S.
503 1878 729 1909 CLEMENTIS
747 1879 906 1910 ROMANI
921 1880 1054 1911 OPERA
1079 1880 1212 1911 DUBlA.

70 1963 255 1994 An'rlcrws
284 1972 408 1993 UNICUS.
425 1980 462 1984 —
479 1962 564 2000 Quid
583 1961 620 1991 de
638 1960 759 1992 duabus
790 1960 958 1992 Clementis
974 1961 1014 1991 ad
1029 1963 1168 2001 virgines
1191 1963 1335 2002 epistolis
1351 1964 1392 1994 sit
1404 1963 1609 1995 sentiendum.

63 2124 130 2158 Quis
142 2124 249 2158 primus
261 2122 310 2150 has
324 2121 450 2157 epistolas
464 2119 598 2150 detexerit.
610 2137 645 2142 —
656 2121 818 2156 Nuperrime

29 2178 55 2198 v.
71 2170 107 2198 et.
122 2169 250 2196 Joannes
267 2167 386 2195 Iacobus
413 2165 582 2194 Wetstenius
602 2166 734 2202 (l5)duas
748 2167 816 2194 alias

29 2216 159 2251 produxit
174 2214 267 2242 sancti
283 2212 431 2240 Clementis
445 2211 562 2239 Romani
583 2212 728 2246 epistolas,
751 2211 818 2238 hac-

29 2266 108 2290 tenus
130 2261 266 2288 omnibus
288 2258 440 2294 incognitas
450 2278 458 2291 ,
473 2265 544 2293 quas
557 2258 631 2286 velut
646 2258 769 2286 sinceros
784 2257 815 2285 ι).

27 2308 179 2335 Clementis
198 2306 271 2333 fetus
285 2305 394 2340 agnovit
409 2305 445 2332 cl.
469 2304 568 2337 editor,
592 2311 624 2331 ac
643 2312 693 2340 pro
713 2304 818 2332 viribus

27 2353 115 2381 eidem
129 2359 261 2380 asserere
272 2354 314 2378 est
328 2358 484 2386 aggressus.
499 2349 601 2378 Verum
615 2350 684 2378 duos
698 2358 753 2385 prae
765 2357 818 2377 caa-

25 2402 91 2427 teris
105 2399 186 2427 viros
203 2398 278 2425 haud
294 2397 444 2425 incelebres
459 2400 557 2424 nactus
571 2401 613 2424 est
628 2397 814 2424 adversarios:

26 2445 144 2472 alterum
173 2444 289 2480 quidem
319 2443 513 2471 Nathanaelem
540 2442 711 2470 Lardnerum
728 2463 736 2475 ,
767 2443 815 2476 qui

25 2498 97 2518 anno
113 2491 189 2518 i753
204 2489 425 2517 dissertationem
445 2487 480 2516 60
497 2488 657 2524 paginarum
674 2487 744 2514 in-8'
760 2486 815 2514 An-

25 2537 94 2572 glice
117 2536 244 2564 Londini
268 2535 373 2568 edidit;
397 2535 576 2570 pluribusque
600 2534 630 2561 in
651 2533 815 2562 contrariam

23 2583 195 2611 sententiam
213 2581 355 2614 adductis,
372 2581 400 2608 in
415 2588 474 2608 eam
490 2580 600 2608 tandem
622 2580 815 2615 cogitationem

23 2629 136 2656 devenit
146 2649 155 2661 ,
173 2628 229 2655 has
244 2627 374 2654 nimirum
388 2626 519 2662 epistolas
533 2626 609 2653 circa
622 2625 742 2653 medium
763 2632 815 2652 saa-

21 2677 77 2704 culi
89 2675 171 2704 tertii
180 2674 219 2701 ab
228 2673 357 2709 episcopo
364 2672 513 2701 Orientalis
524 2671 652 2700 Ecclesiae
661 2671 745 2699 fuisse
756 2677 817 2706 per-

56 2799 116 2836 (15)
132 2798 171 2836 in
190 2796 270 2824 Novo
285 2793 568 2836 Testamentoﬁrfeco
579 2801 641 2821 cum
653 2792 814 2836 lectionibus

19 2828 204 2863 variantibus
213 2846 226 2866 ,γ
235 2831 432 2860 commentario
445 2830 567 2866 pleniore
580 2837 622 2866 ex_
629 2828 812 2866 scriptoribgs

19 2851 807 2903 ᾖᾚιέᾟῖϊτέᾘῗῖῖὲὶῖηῗὲῗΧίιῖεῖεὲιόᾰὲίἱῖἶῖιέἱ

19 2907 103 2935 editO.

871 2119 990 2155 scriptas
1004 2119 1076 2155 (it);
1089 2119 1205 2146 alterum
1226 2125 1289 2146 vero
1306 2117 1491 2146 Hermannum
1515 2119 1633 2149 Venema
1644 2143 1651 2154 ,

869 2165 915 2201 qui
931 2173 1004 2192 anno
1020 2166 1182 2200 insequente
1199 2164 1278 2197 1754,
1302 2165 1439 2200 llarlingae
1460 2166 1579 2202 vulgatis
1599 2168 1651 2195 tri—

869 2211 920 2239 bus
935 2211 1078 2246 epistolis,
1094 2211 1162 2239 viris
1176 2211 1339 2238 clarissimis
1353 2211 1552 2248 Wesselingio,
1568 2213 1651 2242 Hem-

869 2257 1019 2289 sterhusio,
1036 2260 1064 2284 et
1079 2256 1278 2292 Cannegielero
1293 2256 1435 2292 inscriptis
1445 2277 1452 2289 ,
1467 2258 1577 2287 easdem
1592 2261 1652 2295 epi-

869 2301 955 2330 stolas
979 2301 1165 2329 Clementinas
1187 2301 1378 2336 supposititias
1392 2309 1453 2330 esse
1469 2303 1544 2330 omni
1560 2305 1652 2332 studio

869 2350 1011 2378 contendit
1027 2351 1172 2384 evincere;
1189 2351 1217 2377 in
1233 2350 1268 2378 iis
1283 2350 1355 2377 enim
1372 2350 1443 2377 inter
1464 2351 1516 2377 alia
1537 2351 1568 2378 Ι).
1584 2351 1650 2380 Hio-

868 2396 974 2431 ronymi
991 2396 1090 2431 stylum
1104 2395 1155 2423 sibi
1169 2395 1324 2423 suboluisse
1336 2395 1425 2422 innuit
1438 2394 1542 2430 (i5).Et
1552 2405 1649 2432 quam-

868 2441 910 2469 vis
923 2441 957 2469 de
972 2446 1083 2469 auctore
1096 2448 1129 2468 ac
1143 2446 1281 2476 tempore,
1301 2448 1356 2476 quo
1376 2441 1490 2474 vixerit,
1513 2442 1581 2469 nihil
1602 2443 1650 2471 de-

867 2487 963 2520 ﬁniat;
983 2495 1045 2515 eum
1066 2491 1156 2515 tamen
1177 2487 1262 2515 fuisse
1277 2486 1459 2520 Orientalem,
1475 2495 1529 2516 non
1549 2488 1650 2516 Roma-

868 2540 951 2565 num,
971 2537 998 2561 et
1017 2532 1132 2566 Origene
1151 2540 1259 2568 quoque
1278 2533 1455 2567 posteriorem
1474 2534 1565 2569 arguit
1580 2534 1647 2570 (l6).

869 2578 986 2614 Utrique
1002 2580 1094 2606 statim
1110 2577 1251 2613 respondit
1272 2577 1458 2611 Wetstenius,
1475 2579 1647 2615 iterumque,

867 2632 936 2660 quas
949 2624 1037 2653 edidit
1048 2624 1188 2659 epistolas,
1203 2623 1289 2659 magis
1300 2624 1440 2659 magisque
1448 2623 1581 2653 Clementi
1592 2625 1650 2653 Ro-

866 2678 948 2698 mano
970 2669 1139 2698 vindicavit:
1164 2669 1304 2697 Lardnero
1317 2670 1426 2704 quidem
1447 2670 1475 2697 in
1496 2670 1586 2699 Diario
1600 2673 1648 2699 lit-

901 2791 957 2827 (Η)
977 2790 1158 2827 LardneruA
1181 2789 1352 2827 dissertation
1371 2789 1502 2827 upo_n_tl_r_e
1519 2786 1660 2827 ῑιυομζῖρὶοΔ

865 2824 926 2855 stles
944 2824 1062 2854 ascribed
1075 2831 1100 2852 to
1116 2824 1232 2853 Clement
1259 2825 1290 2859 of
1303 2825 1380 2859 Rome
1391 2844 1398 2853 .
1417 2825 1461 2856 37,
1474 2825 1508 2852 54
1522 2829 1548 2852 et
1562 2825 1606 2852 57.

902 2863 957 2897 (15)
976 2861 1095 2889 Venema
1109 2881 1116 2892 ,
1132 2861 1212 2897 epist.
1223 2860 1264 2897 ἓ,
1281 2859 1352 2895 927,
1371 2858 1385 2894 §
1400 2859 1444 2886 89.

902 2868 957 2897 (15)
980 2868 1095 2889 venema
1109 2881 1116 2892 ,
1132 2868 1212 2924 eapr
1229 2868 1264 2892 τ,
1281 2868 1294 2895 3
1306 2868 1352 2892 ιι,
1371 2868 1385 2894 s
1400 2868 1444 2886 δυ.

901 2897 957 2934 (ιθ)
976 2897 1065 2929 Idem,
1080 2904 1122 2931 ep.
1163 2916 1170 2928 ,
1189 2895 1202 2930 §
1220 2895 1252 2922 16
1267 2898 1294 2923 et
1307 2902 1395 2928 seqq,,
1412 2901 1473 2930 pag.
1492 2893 1553 2920 ηρ.
