  <div class='ocr_page' id='page_1' title='image "/cluster/home/n/w/nwhite01/storage/ocr_20150623/1/njp.32101077772331/112.png"; bbox 0 0 1875 3101; ppageno 0'>
   <div class='ocr_carea' id='block_1_1' title="bbox 57 166 103 194">
    <p class='ocr_par' dir='ltr' id='par_1_1' title="bbox 57 166 103 194">
     <span class='ocr_line' id='line_1_1' title="bbox 57 166 103 194; baseline 0 0"><span class='ocrx_word' id='word_1_1' title='bbox 57 166 103 194; x_wconf 76' lang='lat' dir='ltr'><strong>H5</strong></span> 
     </span>
    </p>
   </div>
   <div class='ocr_carea' id='block_1_2' title="bbox 653 164 1033 193">
    <p class='ocr_par' dir='ltr' id='par_1_2' title="bbox 653 164 1033 193">
     <span class='ocr_line' id='line_1_2' title="bbox 653 164 1033 193; baseline 0.005 -2"><span class='ocrx_word' id='word_1_2' title='bbox 653 164 824 192; x_wconf 62' lang='grc' dir='ltr'><strong>ΡιιοωΜιΑ</strong></span> <span class='ocrx_word' id='word_1_3' title='bbox 844 164 1033 193; x_wconf 66' lang='grc' dir='ltr'><strong>γΑιυοιιυΜ.</strong></span> 
     </span>
    </p>
   </div>
   <div class='ocr_carea' id='block_1_3' title="bbox 1619 167 1670 194">
    <p class='ocr_par' dir='ltr' id='par_1_3' title="bbox 1619 167 1670 194">
     <span class='ocr_line' id='line_1_3' title="bbox 1619 167 1670 194; baseline 0.02 -1"><span class='ocrx_word' id='word_1_4' title='bbox 1619 167 1670 194; x_wconf 78' lang='lat' dir='ltr'><strong>N6</strong></span> 
     </span>
    </p>
   </div>
   <div class='ocr_carea' id='block_1_4' title="bbox 56 220 1670 260">
    <p class='ocr_par' dir='ltr' id='par_1_4' title="bbox 56 220 1670 260">
     <span class='ocr_line' id='line_1_4' title="bbox 56 220 1670 260; baseline 0.001 -9"><span class='ocrx_word' id='word_1_5' title='bbox 56 223 240 260; x_wconf 80' lang='lat' dir='ltr'><strong>apostolicum,</strong></span> <span class='ocrx_word' id='word_1_6' title='bbox 253 222 300 250; x_wconf 78' lang='lat' dir='ltr'><strong>sed</strong></span> <span class='ocrx_word' id='word_1_7' title='bbox 310 222 503 249; x_wconf 88' lang='lat' dir='ltr'><strong>monasticum.</strong></span> <span class='ocrx_word' id='word_1_8' title='bbox 517 220 635 248; x_wconf 86' lang='lat' dir='ltr'><strong>Econtra</strong></span> <span class='ocrx_word' id='word_1_9' title='bbox 665 221 832 251; x_wconf 85' lang='lat' dir='ltr'><strong>Wetstenius</strong></span> <span class='ocrx_word' id='word_1_10' title='bbox 848 227 868 254; x_wconf 79' lang='grc' dir='ltr'><strong>Α</strong></span> <span class='ocrx_word' id='word_1_11' title='bbox 883 222 1000 258; x_wconf 79' lang='lat' dir='ltr'><strong>Paganis</strong></span> <span class='ocrx_word' id='word_1_12' title='bbox 1014 230 1091 250; x_wconf 87' lang='lat' dir='ltr'><strong>sacra</strong></span> <span class='ocrx_word' id='word_1_13' title='bbox 1108 223 1255 258; x_wconf 69' lang='lat' dir='ltr'><strong>prmlegant</strong></span> <span class='ocrx_word' id='word_1_14' title='bbox 1271 227 1318 250; x_wconf 89' lang='lat' dir='ltr'><strong>aut</strong></span> <span class='ocrx_word' id='word_1_15' title='bbox 1334 227 1481 258; x_wconf 76' lang='lat' dir='ltr'><strong>exponant,</strong></span> <span class='ocrx_word' id='word_1_16' title='bbox 1503 225 1614 252; x_wconf 82' lang='lat' dir='ltr'><strong>ludibrii</strong></span> <span class='ocrx_word' id='word_1_17' title='bbox 1630 226 1670 252; x_wconf 85' lang='lat' dir='ltr'><strong>vi-</strong></span> 
     </span>
    </p>
   </div>
   <div class='ocr_carea' id='block_1_5' title="bbox 56 267 833 304">
    <p class='ocr_par' dir='ltr' id='par_1_5' title="bbox 56 267 833 304">
     <span class='ocr_line' id='line_1_5' title="bbox 56 267 833 304; baseline -0.001 -7"><span class='ocrx_word' id='word_1_18' title='bbox 56 271 101 297; x_wconf 80' lang='lat' dir='ltr'><strong>lioc</strong></span> <span class='ocrx_word' id='word_1_19' title='bbox 116 270 203 304; x_wconf 90' lang='lat' dir='ltr'><strong>ipsum</strong></span> <span class='ocrx_word' id='word_1_20' title='bbox 224 273 415 303; x_wconf 76' lang='lat' dir='ltr'><strong>argumentum</strong></span> <span class='ocrx_word' id='word_1_21' title='bbox 438 276 487 303; x_wconf 90' lang='lat' dir='ltr'><strong>pro</strong></span> <span class='ocrx_word' id='word_1_22' title='bbox 506 267 654 295; x_wconf 87' lang='lat' dir='ltr'><strong>astruenda</strong></span> <span class='ocrx_word' id='word_1_23' title='bbox 676 269 833 304; x_wconf 78' lang='grc' dir='ltr'><strong>γνησιότητι</strong></span> 
     </span>
    </p>
   </div>
   <div class='ocr_carea' id='block_1_6' title="bbox 54 314 831 350">
    <p class='ocr_par' dir='ltr' id='par_1_6' title="bbox 54 314 831 350">
     <span class='ocr_line' id='line_1_6' title="bbox 54 314 831 350; baseline -0.001 -8"><span class='ocrx_word' id='word_1_24' title='bbox 54 315 168 345; x_wconf 86' lang='lat' dir='ltr'><strong>adhibet,</strong></span> <span class='ocrx_word' id='word_1_25' title='bbox 185 315 229 349; x_wconf 90' lang='lat' dir='ltr'><strong>qui</strong></span> <span class='ocrx_word' id='word_1_26' title='bbox 242 314 407 349; x_wconf 85' lang='lat' dir='ltr'><strong>hancipsam</strong></span> <span class='ocrx_word' id='word_1_27' title='bbox 421 314 594 342; x_wconf 72' lang='lat' dir='ltr'><strong>severitatem</strong></span> <span class='ocrx_word' id='word_1_28' title='bbox 605 315 633 342; x_wconf 93' lang='lat' dir='ltr'><strong>in</strong></span> <span class='ocrx_word' id='word_1_29' title='bbox 648 322 731 342; x_wconf 85' lang='lat' dir='ltr'><strong>causa</strong></span> <span class='ocrx_word' id='word_1_30' title='bbox 745 315 831 350; x_wconf 91' lang='lat' dir='ltr'><strong>ponit,</strong></span> 
     </span>
    </p>
   </div>
   <div class='ocr_carea' id='block_1_7' title="bbox 54 359 833 395">
    <p class='ocr_par' dir='ltr' id='par_1_7' title="bbox 54 359 833 395">
     <span class='ocr_line' id='line_1_7' title="bbox 54 359 833 395; baseline -0.003 -7"><span class='ocrx_word' id='word_1_31' title='bbox 54 369 98 388; x_wconf 84' lang='lat' dir='ltr'><strong>cur</strong></span> <span class='ocrx_word' id='word_1_32' title='bbox 108 360 267 395; x_wconf 77' lang='lat' dir='ltr'><strong>refrigerato</strong></span> <span class='ocrx_word' id='word_1_33' title='bbox 288 360 432 386; x_wconf 82' lang='lat' dir='ltr'><strong>ecelibatus</strong></span> <span class='ocrx_word' id='word_1_34' title='bbox 452 359 553 390; x_wconf 81' lang='lat' dir='ltr'><strong>studio,</strong></span> <span class='ocrx_word' id='word_1_35' title='bbox 569 359 747 394; x_wconf 81' lang='lat' dir='ltr'><strong>immissaque</strong></span> <span class='ocrx_word' id='word_1_36' title='bbox 762 360 833 386; x_wconf 88' lang='lat' dir='ltr'><strong>inter</strong></span> 
     </span>
    </p>
   </div>
   <div class='ocr_carea' id='block_1_8' title="bbox 54 405 833 441">
    <p class='ocr_par' dir='ltr' id='par_1_8' title="bbox 54 405 833 441">
     <span class='ocr_line' id='line_1_8' title="bbox 54 405 833 441; baseline 0 -8"><span class='ocrx_word' id='word_1_37' title='bbox 54 407 163 433; x_wconf 77' lang='lat' dir='ltr'><strong>clericos</strong></span> <span class='ocrx_word' id='word_1_38' title='bbox 176 413 285 441; x_wconf 88' lang='lat' dir='ltr'><strong>quoque</strong></span> <span class='ocrx_word' id='word_1_39' title='bbox 306 405 424 438; x_wconf 78' lang='lat' dir='ltr'><strong>luxuria,</strong></span> <span class='ocrx_word' id='word_1_40' title='bbox 441 405 535 432; x_wconf 92' lang='lat' dir='ltr'><strong>tandiu</strong></span> <span class='ocrx_word' id='word_1_41' title='bbox 552 405 677 441; x_wconf 70' lang='lat' dir='ltr'><strong>epistola:</strong></span> <span class='ocrx_word' id='word_1_42' title='bbox 693 406 746 434; x_wconf 61' lang='lat' dir='ltr'><strong>illie</strong></span> <span class='ocrx_word' id='word_1_43' title='bbox 765 406 833 434; x_wconf 87' lang='lat' dir='ltr'><strong>deli—</strong></span> 
     </span>
    </p>
   </div>
   <div class='ocr_carea' id='block_1_9' title="bbox 55 453 157 479">
    <p class='ocr_par' dir='ltr' id='par_1_9' title="bbox 55 453 157 479">
     <span class='ocr_line' id='line_1_9' title="bbox 55 453 157 479; baseline -0.01 0"><span class='ocrx_word' id='word_1_44' title='bbox 55 453 157 479; x_wconf 79' lang='lat' dir='ltr'><strong>luerim.</strong></span> 
     </span>
    </p>
   </div>
   <div class='ocr_carea' id='block_1_10' title="bbox 85 497 832 532">
    <p class='ocr_par' dir='ltr' id='par_1_10' title="bbox 85 497 832 532">
     <span class='ocr_line' id='line_1_10' title="bbox 85 497 832 532; baseline 0.003 -8"><span class='ocrx_word' id='word_1_45' title='bbox 85 498 175 525; x_wconf 68' lang='lat' dir='ltr'><strong>Ambze</strong></span> <span class='ocrx_word' id='word_1_46' title='bbox 189 497 231 525; x_wconf 68' lang='lat' dir='ltr'><strong>liae</strong></span> <span class='ocrx_word' id='word_1_47' title='bbox 247 497 368 532; x_wconf 66' lang='lat' dir='ltr'><strong>epistola:</strong></span> <span class='ocrx_word' id='word_1_48' title='bbox 391 499 544 532; x_wconf 70' lang='lat' dir='ltr'><strong>argumenti</strong></span> <span class='ocrx_word' id='word_1_49' title='bbox 567 502 633 526; x_wconf 87' lang='lat' dir='ltr'><strong>sunt</strong></span> <span class='ocrx_word' id='word_1_50' title='bbox 649 498 760 527; x_wconf 89' lang='lat' dir='ltr'><strong>ascetici</strong></span> <span class='ocrx_word' id='word_1_51' title='bbox 782 506 832 526; x_wconf 90' lang='lat' dir='ltr'><strong>nec</strong></span> 
     </span>
    </p>
   </div>
   <div class='ocr_carea' id='block_1_11' title="bbox 55 544 831 579">
    <p class='ocr_par' dir='ltr' id='par_1_11' title="bbox 55 544 831 579">
     <span class='ocr_line' id='line_1_11' title="bbox 55 544 831 579; baseline 0.003 -9"><span class='ocrx_word' id='word_1_52' title='bbox 55 544 172 576; x_wconf 83' lang='lat' dir='ltr'><strong>multum.</strong></span> <span class='ocrx_word' id='word_1_53' title='bbox 185 545 259 579; x_wconf 89' lang='lat' dir='ltr'><strong>quod</strong></span> <span class='ocrx_word' id='word_1_54' title='bbox 275 545 308 572; x_wconf 91' lang='lat' dir='ltr'><strong>ad</strong></span> <span class='ocrx_word' id='word_1_55' title='bbox 320 544 461 578; x_wconf 60' lang='lat' dir='ltr'><strong>doctrinae,</strong></span> <span class='ocrx_word' id='word_1_56' title='bbox 474 551 521 572; x_wconf 88' lang='lat' dir='ltr'><strong>aut</strong></span> <span class='ocrx_word' id='word_1_57' title='bbox 532 545 663 578; x_wconf 59' lang='lat' dir='ltr'><strong>historiae,</strong></span> <span class='ocrx_word' id='word_1_58' title='bbox 680 549 728 572; x_wconf 87' lang='lat' dir='ltr'><strong>aut</strong></span> <span class='ocrx_word' id='word_1_59' title='bbox 747 545 831 573; x_wconf 87' lang='lat' dir='ltr'><strong>disci-</strong></span> 
     </span>
    </p>
   </div>
   <div class='ocr_carea' id='block_1_12' title="bbox 55 589 832 625">
    <p class='ocr_par' dir='ltr' id='par_1_12' title="bbox 55 589 832 625">
     <span class='ocr_line' id='line_1_12' title="bbox 55 589 832 625; baseline 0.004 -10"><span class='ocrx_word' id='word_1_60' title='bbox 55 589 128 623; x_wconf 67' lang='lat' dir='ltr'><strong>plinae</strong></span> <span class='ocrx_word' id='word_1_61' title='bbox 155 598 265 625; x_wconf 89' lang='lat' dir='ltr'><strong>quoque</strong></span> <span class='ocrx_word' id='word_1_62' title='bbox 290 590 484 618; x_wconf 69' lang='lat' dir='ltr'><strong>ecclesiastica:</strong></span> <span class='ocrx_word' id='word_1_63' title='bbox 511 590 646 618; x_wconf 85' lang='lat' dir='ltr'><strong>rationem</strong></span> <span class='ocrx_word' id='word_1_64' title='bbox 674 592 832 619; x_wconf 73' lang='lat' dir='ltr'><strong>accuratius</strong></span> 
     </span>
    </p>
   </div>
   <div class='ocr_carea' id='block_1_13' title="bbox 54 636 830 672">
    <p class='ocr_par' dir='ltr' id='par_1_13' title="bbox 54 636 830 672">
     <span class='ocr_line' id='line_1_13' title="bbox 54 636 830 672; baseline 0.004 -11"><span class='ocrx_word' id='word_1_65' title='bbox 54 636 250 671; x_wconf 81' lang='lat' dir='ltr'><strong>percipiendam</strong></span> <span class='ocrx_word' id='word_1_66' title='bbox 281 644 446 672; x_wconf 76' lang='lat' dir='ltr'><strong>magnopere</strong></span> <span class='ocrx_word' id='word_1_67' title='bbox 479 636 568 669; x_wconf 86' lang='lat' dir='ltr'><strong>facit,</strong></span> <span class='ocrx_word' id='word_1_68' title='bbox 599 637 830 672; x_wconf 89' lang='lat' dir='ltr'><strong>complectuntur.</strong></span> 
     </span>
    </p>
   </div>
   <div class='ocr_carea' id='block_1_14' title="bbox 53 681 832 719">
    <p class='ocr_par' dir='ltr' id='par_1_14' title="bbox 53 681 832 719">
     <span class='ocr_line' id='line_1_14' title="bbox 53 681 832 719; baseline 0.003 -11"><span class='ocrx_word' id='word_1_69' title='bbox 53 681 136 709; x_wconf 88' lang='lat' dir='ltr'><strong>Prima</strong></span> <span class='ocrx_word' id='word_1_70' title='bbox 150 683 274 710; x_wconf 88' lang='lat' dir='ltr'><strong>continet</strong></span> <span class='ocrx_word' id='word_1_71' title='bbox 289 683 394 711; x_wconf 85' lang='lat' dir='ltr'><strong>laudem</strong></span> <span class='ocrx_word' id='word_1_72' title='bbox 409 684 556 715; x_wconf 79' lang='lat' dir='ltr'><strong>castitatis.</strong></span> <span class='ocrx_word' id='word_1_73' title='bbox 569 684 676 712; x_wconf 85' lang='lat' dir='ltr'><strong>scilicet</strong></span> <span class='ocrx_word' id='word_1_74' title='bbox 689 683 832 719; x_wconf 77' lang='lat' dir='ltr'><strong>virginita-</strong></span> 
     </span>
    </p>
   </div>
   <div class='ocr_carea' id='block_1_15' title="bbox 53 728 831 764">
    <p class='ocr_par' dir='ltr' id='par_1_15' title="bbox 53 728 831 764">
     <span class='ocr_line' id='line_1_15' title="bbox 53 728 831 764; baseline 0.003 -10"><span class='ocrx_word' id='word_1_75' title='bbox 53 728 95 760; x_wconf 86' lang='lat' dir='ltr'><strong>tis,</strong></span> <span class='ocrx_word' id='word_1_76' title='bbox 113 735 260 763; x_wconf 73' lang='lat' dir='ltr'><strong>veramque</strong></span> <span class='ocrx_word' id='word_1_77' title='bbox 276 728 420 762; x_wconf 85' lang='lat' dir='ltr'><strong>rationem,</strong></span> <span class='ocrx_word' id='word_1_78' title='bbox 437 737 500 757; x_wconf 90' lang='lat' dir='ltr'><strong>cum</strong></span> <span class='ocrx_word' id='word_1_79' title='bbox 519 730 620 757; x_wconf 90' lang='lat' dir='ltr'><strong>virtute</strong></span> <span class='ocrx_word' id='word_1_80' title='bbox 638 730 831 764; x_wconf 86' lang='lat' dir='ltr'><strong>conjunctam;</strong></span> 
     </span>
    </p>
   </div>
   <div class='ocr_carea' id='block_1_16' title="bbox 53 774 833 811">
    <p class='ocr_par' dir='ltr' id='par_1_16' title="bbox 53 774 833 811">
     <span class='ocr_line' id='line_1_16' title="bbox 53 774 833 811; baseline 0.003 -11"><span class='ocrx_word' id='word_1_81' title='bbox 53 774 131 801; x_wconf 86' lang='lat' dir='ltr'><strong>altera</strong></span> <span class='ocrx_word' id='word_1_82' title='bbox 144 775 267 802; x_wconf 82' lang='lat' dir='ltr'><strong>eamdem</strong></span> <span class='ocrx_word' id='word_1_83' title='bbox 284 775 408 810; x_wconf 86' lang='lat' dir='ltr'><strong>pluribus</strong></span> <span class='ocrx_word' id='word_1_84' title='bbox 422 776 540 803; x_wconf 82' lang='lat' dir='ltr'><strong>illustrat</strong></span> <span class='ocrx_word' id='word_1_85' title='bbox 553 776 695 811; x_wconf 80' lang='lat' dir='ltr'><strong>exemplis,</strong></span> <span class='ocrx_word' id='word_1_86' title='bbox 715 775 833 802; x_wconf 80' lang='lat' dir='ltr'><strong>maxime</strong></span> 
     </span>
    </p>
   </div>
   <div class='ocr_carea' id='block_1_17' title="bbox 53 819 832 857">
    <p class='ocr_par' dir='ltr' id='par_1_17' title="bbox 53 819 832 857">
     <span class='ocr_line' id='line_1_17' title="bbox 53 819 832 857; baseline 0.003 -11"><span class='ocrx_word' id='word_1_87' title='bbox 53 819 132 854; x_wconf 87' lang='lat' dir='ltr'><strong>ipsius</strong></span> <span class='ocrx_word' id='word_1_88' title='bbox 147 821 281 853; x_wconf 81' lang='lat' dir='ltr'><strong>auctoris,</strong></span> <span class='ocrx_word' id='word_1_89' title='bbox 299 821 468 856; x_wconf 90' lang='lat' dir='ltr'><strong>aliorumque</strong></span> <span class='ocrx_word' id='word_1_90' title='bbox 491 821 542 857; x_wconf 86' lang='lat' dir='ltr'><strong>ipsi</strong></span> <span class='ocrx_word' id='word_1_91' title='bbox 559 821 701 854; x_wconf 87' lang='lat' dir='ltr'><strong>similium,</strong></span> <span class='ocrx_word' id='word_1_92' title='bbox 715 829 832 856; x_wconf 89' lang='lat' dir='ltr'><strong>quorum</strong></span> 
     </span>
    </p>
   </div>
   <div class='ocr_carea' id='block_1_18' title="bbox 56 865 833 903">
    <p class='ocr_par' dir='ltr' id='par_1_18' title="bbox 56 865 833 903">
     <span class='ocr_line' id='line_1_18' title="bbox 56 865 833 903; baseline 0.001 -11"><span class='ocrx_word' id='word_1_93' title='bbox 56 865 110 900; x_wconf 79' lang='lat' dir='ltr'><strong>fuga</strong></span> <span class='ocrx_word' id='word_1_94' title='bbox 122 869 149 893; x_wconf 91' lang='lat' dir='ltr'><strong>et</strong></span> <span class='ocrx_word' id='word_1_95' title='bbox 163 865 329 894; x_wconf 82' lang='lat' dir='ltr'><strong>abstinentia</strong></span> <span class='ocrx_word' id='word_1_96' title='bbox 341 874 357 894; x_wconf 85' lang='lat' dir='ltr'><strong>a</strong></span> <span class='ocrx_word' id='word_1_97' title='bbox 367 866 476 895; x_wconf 77' lang='lat' dir='ltr'><strong>feminis</strong></span> <span class='ocrx_word' id='word_1_98' title='bbox 491 875 589 903; x_wconf 75' lang='lat' dir='ltr'><strong>magna</strong></span> <span class='ocrx_word' id='word_1_99' title='bbox 600 875 666 895; x_wconf 91' lang='lat' dir='ltr'><strong>sane</strong></span> <span class='ocrx_word' id='word_1_100' title='bbox 676 871 703 895; x_wconf 91' lang='lat' dir='ltr'><strong>et</strong></span> <span class='ocrx_word' id='word_1_101' title='bbox 715 867 833 895; x_wconf 86' lang='lat' dir='ltr'><strong>sollicita</strong></span> 
     </span>
    </p>
   </div>
   <div class='ocr_carea' id='block_1_19' title="bbox 886 268 1070 296">
    <p class='ocr_par' dir='ltr' id='par_1_19' title="bbox 886 268 1070 296">
     <span class='ocr_line' id='line_1_19' title="bbox 886 268 1070 296; baseline 0.005 -1"><span class='ocrx_word' id='word_1_102' title='bbox 886 268 960 295; x_wconf 90' lang='lat' dir='ltr'><strong>tandi</strong></span> <span class='ocrx_word' id='word_1_103' title='bbox 976 276 1070 296; x_wconf 85' lang='lat' dir='ltr'><strong>causa.</strong></span> 
     </span>
    </p>
   </div>
   <div class='ocr_carea' id='block_1_20' title="bbox 920 313 1669 349">
    <p class='ocr_par' dir='ltr' id='par_1_20' title="bbox 920 313 1669 349">
     <span class='ocr_line' id='line_1_20' title="bbox 920 313 1669 349; baseline 0.003 -9"><span class='ocrx_word' id='word_1_104' title='bbox 920 313 1021 340; x_wconf 81' lang='lat' dir='ltr'><strong>Earum</strong></span> <span class='ocrx_word' id='word_1_105' title='bbox 1037 314 1170 346; x_wconf 73' lang='lat' dir='ltr'><strong>primitiae</strong></span> <span class='ocrx_word' id='word_1_106' title='bbox 1190 313 1337 349; x_wconf 80' lang='lat' dir='ltr'><strong>lingua.—-</strong></span> <span class='ocrx_word' id='word_1_107' title='bbox 1348 314 1446 343; x_wconf 80' lang='lat' dir='ltr'><strong>Versio</strong></span> <span class='ocrx_word' id='word_1_108' title='bbox 1470 316 1579 343; x_wconf 88' lang='lat' dir='ltr'><strong>illarum</strong></span> <span class='ocrx_word' id='word_1_109' title='bbox 1602 317 1669 343; x_wconf 80' lang='lat' dir='ltr'><strong>siin-</strong></span> 
     </span>
    </p>
   </div>
   <div class='ocr_carea' id='block_1_21' title="bbox 884 359 1670 396">
    <p class='ocr_par' dir='ltr' id='par_1_21' title="bbox 884 359 1670 396">
     <span class='ocr_line' id='line_1_21' title="bbox 884 359 1670 396; baseline 0.001 -9"><span class='ocrx_word' id='word_1_110' title='bbox 884 360 945 394; x_wconf 83' lang='lat' dir='ltr'><strong>plex</strong></span> <span class='ocrx_word' id='word_1_111' title='bbox 969 364 1011 387; x_wconf 86' lang='lat' dir='ltr'><strong>est</strong></span> <span class='ocrx_word' id='word_1_112' title='bbox 1034 363 1061 387; x_wconf 89' lang='lat' dir='ltr'><strong>et</strong></span> <span class='ocrx_word' id='word_1_113' title='bbox 1089 359 1190 392; x_wconf 88' lang='lat' dir='ltr'><strong>ﬁdelis,</strong></span> <span class='ocrx_word' id='word_1_114' title='bbox 1210 367 1298 394; x_wconf 90' lang='lat' dir='ltr'><strong>neque</strong></span> <span class='ocrx_word' id='word_1_115' title='bbox 1314 363 1406 388; x_wconf 88' lang='lat' dir='ltr'><strong>tamen</strong></span> <span class='ocrx_word' id='word_1_116' title='bbox 1423 361 1537 396; x_wconf 82' lang='lat' dir='ltr'><strong>Syriaco</strong></span> <span class='ocrx_word' id='word_1_117' title='bbox 1548 361 1670 388; x_wconf 85' lang='lat' dir='ltr'><strong>idiomati</strong></span> 
     </span>
    </p>
   </div>
   <div class='ocr_carea' id='block_1_22' title="bbox 883 406 1672 442">
    <p class='ocr_par' dir='ltr' id='par_1_22' title="bbox 883 406 1672 442">
     <span class='ocr_line' id='line_1_22' title="bbox 883 406 1672 442; baseline 0.001 -9"><span class='ocrx_word' id='word_1_118' title='bbox 883 407 921 433; x_wconf 89' lang='lat' dir='ltr'><strong>ita</strong></span> <span class='ocrx_word' id='word_1_119' title='bbox 941 406 1047 438; x_wconf 87' lang='lat' dir='ltr'><strong>similis,</strong></span> <span class='ocrx_word' id='word_1_120' title='bbox 1065 410 1095 433; x_wconf 93' lang='lat' dir='ltr'><strong>ut</strong></span> <span class='ocrx_word' id='word_1_121' title='bbox 1112 411 1159 433; x_wconf 89' lang='lat' dir='ltr'><strong>aut</strong></span> <span class='ocrx_word' id='word_1_122' title='bbox 1179 408 1372 442; x_wconf 85' lang='lat' dir='ltr'><strong>perspicuitas,</strong></span> <span class='ocrx_word' id='word_1_123' title='bbox 1387 411 1434 434; x_wconf 85' lang='lat' dir='ltr'><strong>aut</strong></span> <span class='ocrx_word' id='word_1_124' title='bbox 1451 408 1550 442; x_wconf 62' lang='lat' dir='ltr'><strong>lingua:</strong></span> <span class='ocrx_word' id='word_1_125' title='bbox 1568 407 1672 435; x_wconf 59' lang='lat' dir='ltr'><strong>Latina</strong></span> 
     </span>
    </p>
   </div>
   <div class='ocr_carea' id='block_1_23' title="bbox 883 453 1668 490">
    <p class='ocr_par' dir='ltr' id='par_1_23' title="bbox 883 453 1668 490">
     <span class='ocr_line' id='line_1_23' title="bbox 883 453 1668 490; baseline 0.003 -11"><span class='ocrx_word' id='word_1_126' title='bbox 883 453 1101 488; x_wconf 89' lang='lat' dir='ltr'><strong>puritaslaboret</strong></span> <span class='ocrx_word' id='word_1_127' title='bbox 1117 461 1124 479; x_wconf 90' lang='lat'><strong>:</strong></span> <span class='ocrx_word' id='word_1_128' title='bbox 1136 455 1208 489; x_wconf 90' lang='lat' dir='ltr'><strong>quod</strong></span> <span class='ocrx_word' id='word_1_129' title='bbox 1219 458 1309 480; x_wconf 86' lang='lat' dir='ltr'><strong>tamen</strong></span> <span class='ocrx_word' id='word_1_130' title='bbox 1321 455 1442 490; x_wconf 79' lang='lat' dir='ltr'><strong>magisin</strong></span> <span class='ocrx_word' id='word_1_131' title='bbox 1450 454 1535 481; x_wconf 90' lang='lat' dir='ltr'><strong>altera</strong></span> <span class='ocrx_word' id='word_1_132' title='bbox 1543 454 1668 489; x_wconf 89' lang='lat' dir='ltr'><strong>epistola,</strong></span> 
     </span>
    </p>
   </div>
   <div class='ocr_carea' id='block_1_24' title="bbox 883 499 1671 534">
    <p class='ocr_par' dir='ltr' id='par_1_24' title="bbox 883 499 1671 534">
     <span class='ocr_line' id='line_1_24' title="bbox 883 499 1671 534; baseline 0 -8"><span class='ocrx_word' id='word_1_133' title='bbox 883 500 1022 526; x_wconf 86' lang='lat' dir='ltr'><strong>nescimus</strong></span> <span class='ocrx_word' id='word_1_134' title='bbox 1034 507 1088 534; x_wconf 90' lang='lat' dir='ltr'><strong>quo</strong></span> <span class='ocrx_word' id='word_1_135' title='bbox 1099 507 1175 531; x_wconf 89' lang='lat' dir='ltr'><strong>casu,</strong></span> <span class='ocrx_word' id='word_1_136' title='bbox 1190 500 1302 533; x_wconf 87' lang='lat' dir='ltr'><strong>factum,</strong></span> <span class='ocrx_word' id='word_1_137' title='bbox 1315 505 1345 528; x_wconf 92' lang='lat' dir='ltr'><strong>ut</strong></span> <span class='ocrx_word' id='word_1_138' title='bbox 1364 502 1397 528; x_wconf 92' lang='lat' dir='ltr'><strong>ad</strong></span> <span class='ocrx_word' id='word_1_139' title='bbox 1409 501 1522 528; x_wconf 81' lang='lat' dir='ltr'><strong>verbum</strong></span> <span class='ocrx_word' id='word_1_140' title='bbox 1538 499 1671 527; x_wconf 90' lang='lat' dir='ltr'><strong>translata</strong></span> 
     </span>
    </p>
   </div>
   <div class='ocr_carea' id='block_1_25' title="bbox 883 544 1671 578">
    <p class='ocr_par' dir='ltr' id='par_1_25' title="bbox 883 544 1671 578">
     <span class='ocr_line' id='line_1_25' title="bbox 883 544 1671 578; baseline 0 -6"><span class='ocrx_word' id='word_1_141' title='bbox 883 547 984 578; x_wconf 81' lang='lat' dir='ltr'><strong>omnia,</strong></span> <span class='ocrx_word' id='word_1_142' title='bbox 999 544 1181 573; x_wconf 68' lang='lat' dir='ltr'><strong>Schmidianaa</strong></span> <span class='ocrx_word' id='word_1_143' title='bbox 1191 545 1340 573; x_wconf 89' lang='lat' dir='ltr'><strong>Bibliorum</strong></span> <span class='ocrx_word' id='word_1_144' title='bbox 1349 545 1467 574; x_wconf 89' lang='lat' dir='ltr'><strong>versioni</strong></span> <span class='ocrx_word' id='word_1_145' title='bbox 1479 549 1572 573; x_wconf 87' lang='lat' dir='ltr'><strong>essent</strong></span> <span class='ocrx_word' id='word_1_146' title='bbox 1584 545 1671 573; x_wconf 88' lang='lat' dir='ltr'><strong>simil-</strong></span> 
     </span>
    </p>
   </div>
   <div class='ocr_carea' id='block_1_26' title="bbox 883 591 1670 627">
    <p class='ocr_par' dir='ltr' id='par_1_26' title="bbox 883 591 1670 627">
     <span class='ocr_line' id='line_1_26' title="bbox 883 591 1670 627; baseline 0 -9"><span class='ocrx_word' id='word_1_147' title='bbox 883 591 965 624; x_wconf 87' lang='lat' dir='ltr'><strong>lima;</strong></span> <span class='ocrx_word' id='word_1_148' title='bbox 983 591 1056 627; x_wconf 91' lang='lat' dir='ltr'><strong>quod</strong></span> <span class='ocrx_word' id='word_1_149' title='bbox 1076 596 1165 620; x_wconf 89' lang='lat' dir='ltr'><strong>tamen</strong></span> <span class='ocrx_word' id='word_1_150' title='bbox 1181 592 1285 620; x_wconf 88' lang='lat' dir='ltr'><strong>crebris</strong></span> <span class='ocrx_word' id='word_1_151' title='bbox 1302 593 1354 619; x_wconf 83' lang='lat' dir='ltr'><strong>illis</strong></span> <span class='ocrx_word' id='word_1_152' title='bbox 1371 591 1404 619; x_wconf 90' lang='lat' dir='ltr'><strong>ad</strong></span> <span class='ocrx_word' id='word_1_153' title='bbox 1422 591 1572 627; x_wconf 79' lang='lat' dir='ltr'><strong>Scriptune</strong></span> <span class='ocrx_word' id='word_1_154' title='bbox 1584 598 1670 618; x_wconf 65' lang='lat' dir='ltr'><strong>sacrae</strong></span> 
     </span>
    </p>
   </div>
   <div class='ocr_carea' id='block_1_27' title="bbox 883 637 1672 671">
    <p class='ocr_par' dir='ltr' id='par_1_27' title="bbox 883 637 1672 671">
     <span class='ocr_line' id='line_1_27' title="bbox 883 637 1672 671; baseline 0 -7"><span class='ocrx_word' id='word_1_155' title='bbox 883 637 943 664; x_wconf 88' lang='lat' dir='ltr'><strong>loca</strong></span> <span class='ocrx_word' id='word_1_156' title='bbox 958 637 1138 666; x_wconf 90' lang='lat' dir='ltr'><strong>allusionibus</strong></span> <span class='ocrx_word' id='word_1_157' title='bbox 1153 639 1246 666; x_wconf 85' lang='lat' dir='ltr'><strong>datum</strong></span> <span class='ocrx_word' id='word_1_158' title='bbox 1268 638 1386 665; x_wconf 86' lang='lat' dir='ltr'><strong>videtur.</strong></span> <span class='ocrx_word' id='word_1_159' title='bbox 1411 637 1557 671; x_wconf 64' lang='lat' dir='ltr'><strong>Caeterum,</strong></span> <span class='ocrx_word' id='word_1_160' title='bbox 1578 637 1672 665; x_wconf 64' lang='lat' dir='ltr'><strong>Graece</strong></span> 
     </span>
    </p>
   </div>
   <div class='ocr_carea' id='block_1_28' title="bbox 883 682 1669 720">
    <p class='ocr_par' dir='ltr' id='par_1_28' title="bbox 883 682 1669 720">
     <span class='ocr_line' id='line_1_28' title="bbox 883 682 1669 720; baseline 0.001 -10"><span class='ocrx_word' id='word_1_161' title='bbox 883 683 1001 718; x_wconf 88' lang='lat' dir='ltr'><strong>scriptas</strong></span> <span class='ocrx_word' id='word_1_162' title='bbox 1012 683 1140 719; x_wconf 81' lang='lat' dir='ltr'><strong>primitus</strong></span> <span class='ocrx_word' id='word_1_163' title='bbox 1151 685 1224 719; x_wconf 90' lang='lat' dir='ltr'><strong>quod</strong></span> <span class='ocrx_word' id='word_1_164' title='bbox 1241 685 1371 720; x_wconf 84' lang='lat' dir='ltr'><strong>epistolas</strong></span> <span class='ocrx_word' id='word_1_165' title='bbox 1391 688 1467 719; x_wconf 90' lang='lat' dir='ltr'><strong>putat</strong></span> <span class='ocrx_word' id='word_1_166' title='bbox 1492 682 1669 714; x_wconf 80' lang='lat' dir='ltr'><strong>Wetstenius.</strong></span> 
     </span>
    </p>
   </div>
   <div class='ocr_carea' id='block_1_29' title="bbox 882 729 1671 767">
    <p class='ocr_par' dir='ltr' id='par_1_29' title="bbox 882 729 1671 767">
     <span class='ocr_line' id='line_1_29' title="bbox 882 729 1671 767; baseline -0.001 -10"><span class='ocrx_word' id='word_1_167' title='bbox 882 738 898 758; x_wconf 87' lang='lat' dir='ltr'><strong>e</strong></span> <span class='ocrx_word' id='word_1_168' title='bbox 912 729 1015 757; x_wconf 67' lang='lat' dir='ltr'><strong>Graecis</strong></span> <span class='ocrx_word' id='word_1_169' title='bbox 1029 731 1180 763; x_wconf 79' lang='lat' dir='ltr'><strong>vocabulis,</strong></span> <span class='ocrx_word' id='word_1_170' title='bbox 1199 738 1261 767; x_wconf 57' lang='lat' dir='ltr'><strong>quas</strong></span> <span class='ocrx_word' id='word_1_171' title='bbox 1280 731 1317 758; x_wconf 89' lang='lat' dir='ltr'><strong>ibi</strong></span> <span class='ocrx_word' id='word_1_172' title='bbox 1335 731 1431 758; x_wconf 89' lang='lat' dir='ltr'><strong>crebra</strong></span> <span class='ocrx_word' id='word_1_173' title='bbox 1454 730 1597 765; x_wconf 75' lang='lat' dir='ltr'><strong>leguntur;</strong></span> <span class='ocrx_word' id='word_1_174' title='bbox 1619 729 1671 756; x_wconf 87' lang='lat' dir='ltr'><strong>La-</strong></span> 
     </span>
    </p>
   </div>
   <div class='ocr_carea' id='block_1_30' title="bbox 883 775 1672 812">
    <p class='ocr_par' dir='ltr' id='par_1_30' title="bbox 883 775 1672 812">
     <span class='ocr_line' id='line_1_30' title="bbox 883 775 1672 812; baseline -0.003 -8"><span class='ocrx_word' id='word_1_175' title='bbox 883 776 939 804; x_wconf 91' lang='lat' dir='ltr'><strong>tine</strong></span> <span class='ocrx_word' id='word_1_176' title='bbox 954 776 1072 812; x_wconf 89' lang='lat' dir='ltr'><strong>scriptas</strong></span> <span class='ocrx_word' id='word_1_177' title='bbox 1090 783 1140 804; x_wconf 88' lang='lat' dir='ltr'><strong>cur</strong></span> <span class='ocrx_word' id='word_1_178' title='bbox 1150 777 1242 805; x_wconf 85' lang='lat' dir='ltr'><strong>dicere</strong></span> <span class='ocrx_word' id='word_1_179' title='bbox 1267 785 1321 805; x_wconf 94' lang='lat' dir='ltr'><strong>non</strong></span> <span class='ocrx_word' id='word_1_180' title='bbox 1341 777 1503 812; x_wconf 86' lang='lat' dir='ltr'><strong>possemus?</strong></span> <span class='ocrx_word' id='word_1_181' title='bbox 1518 784 1580 803; x_wconf 91' lang='lat' dir='ltr'><strong>cum</strong></span> <span class='ocrx_word' id='word_1_182' title='bbox 1598 775 1672 802; x_wconf 88' lang='lat' dir='ltr'><strong>Lati-</strong></span> 
     </span>
    </p>
   </div>
   <div class='ocr_carea' id='block_1_31' title="bbox 883 821 1674 858">
    <p class='ocr_par' dir='ltr' id='par_1_31' title="bbox 883 821 1674 858">
     <span class='ocr_line' id='line_1_31' title="bbox 883 821 1674 858; baseline -0.001 -9"><span class='ocrx_word' id='word_1_183' title='bbox 883 829 949 849; x_wconf 90' lang='lat' dir='ltr'><strong>num</strong></span> <span class='ocrx_word' id='word_1_184' title='bbox 960 822 1124 849; x_wconf 76' lang='lat' dir='ltr'><strong>vocabulum</strong></span> <span class='ocrx_word' id='word_1_185' title='bbox 1136 822 1232 858; x_wconf 77' lang='lat' dir='ltr'><strong>seligo,</strong></span> <span class='ocrx_word' id='word_1_186' title='bbox 1245 823 1374 850; x_wconf 56' lang='lat' dir='ltr'><strong>satcnlum</strong></span> <span class='ocrx_word' id='word_1_187' title='bbox 1391 822 1470 849; x_wconf 92' lang='lat' dir='ltr'><strong>initio</strong></span> <span class='ocrx_word' id='word_1_188' title='bbox 1479 822 1601 856; x_wconf 68' lang='lat' dir='ltr'><strong>epistolae</strong></span> <span class='ocrx_word' id='word_1_189' title='bbox 1616 821 1674 856; x_wconf 89' lang='lat' dir='ltr'><strong>pri-</strong></span> 
     </span>
    </p>
   </div>
   <div class='ocr_carea' id='block_1_32' title="bbox 884 866 1673 902">
    <p class='ocr_par' dir='ltr' id='par_1_32' title="bbox 884 866 1673 902">
     <span class='ocr_line' id='line_1_32' title="bbox 884 866 1673 902; baseline 0 -8"><span class='ocrx_word' id='word_1_190' title='bbox 884 875 934 894; x_wconf 63' lang='lat' dir='ltr'><strong>ma:</strong></span> <span class='ocrx_word' id='word_1_191' title='bbox 950 867 1146 895; x_wconf 84' lang='lat' dir='ltr'><strong>invenerimus.</strong></span> <span class='ocrx_word' id='word_1_192' title='bbox 1170 867 1237 894; x_wconf 89' lang='lat' dir='ltr'><strong>Nam</strong></span> <span class='ocrx_word' id='word_1_193' title='bbox 1261 867 1402 902; x_wconf 86' lang='lat' dir='ltr'><strong>complura</strong></span> <span class='ocrx_word' id='word_1_194' title='bbox 1417 875 1433 895; x_wconf 93' lang='lat' dir='ltr'><strong>e</strong></span> <span class='ocrx_word' id='word_1_195' title='bbox 1448 866 1542 894; x_wconf 71' lang='lat' dir='ltr'><strong>Graeco</strong></span> <span class='ocrx_word' id='word_1_196' title='bbox 1554 867 1581 893; x_wconf 92' lang='lat' dir='ltr'><strong>in</strong></span> <span class='ocrx_word' id='word_1_197' title='bbox 1601 866 1673 894; x_wconf 89' lang='lat' dir='ltr'><strong>hanc</strong></span> 
     </span>
    </p>
   </div>
   <div class='ocr_carea' id='block_1_33' title="bbox 57 905 1671 948">
    <p class='ocr_par' dir='ltr' id='par_1_33' title="bbox 57 905 1671 948">
     <span class='ocr_line' id='line_1_33' title="bbox 57 905 1671 948; baseline 0 -10"><span class='ocrx_word' id='word_1_198' title='bbox 57 911 220 944; x_wconf 79' lang='lat' dir='ltr'><strong>lescribitur,</strong></span> <span class='ocrx_word' id='word_1_199' title='bbox 237 913 313 940; x_wconf 90' lang='lat' dir='ltr'><strong>nullo</strong></span> <span class='ocrx_word' id='word_1_200' title='bbox 324 917 353 940; x_wconf 92' lang='lat' dir='ltr'><strong>ut</strong></span> <span class='ocrx_word' id='word_1_201' title='bbox 365 913 424 940; x_wconf 86' lang='lat' dir='ltr'><strong>loco</strong></span> <span class='ocrx_word' id='word_1_202' title='bbox 435 918 576 941; x_wconf 89' lang='lat' dir='ltr'><strong>morentur</strong></span> <span class='ocrx_word' id='word_1_203' title='bbox 587 917 634 941; x_wconf 92' lang='lat' dir='ltr'><strong>aut</strong></span> <span class='ocrx_word' id='word_1_204' title='bbox 648 914 830 946; x_wconf 88' lang='lat' dir='ltr'><strong>diversentur,</strong></span> <span class='ocrx_word' id='word_1_205' title='bbox 847 905 869 932; x_wconf 81' lang='grc' dir='ltr'>Β</span> <span class='ocrx_word' id='word_1_206' title='bbox 883 913 1003 948; x_wconf 78' lang='lat' dir='ltr'><strong>linguam</strong></span> <span class='ocrx_word' id='word_1_207' title='bbox 1012 913 1167 946; x_wconf 83' lang='lat' dir='ltr'><strong>transiisse,</strong></span> <span class='ocrx_word' id='word_1_208' title='bbox 1183 914 1226 941; x_wconf 89' lang='lat' dir='ltr'><strong>vel</strong></span> <span class='ocrx_word' id='word_1_209' title='bbox 1237 921 1269 941; x_wconf 82' lang='lat' dir='ltr'><strong>ex</strong></span> <span class='ocrx_word' id='word_1_210' title='bbox 1278 913 1354 940; x_wconf 80' lang='lat' dir='ltr'><strong>Novo</strong></span> <span class='ocrx_word' id='word_1_211' title='bbox 1364 912 1538 940; x_wconf 86' lang='lat' dir='ltr'><strong>Testamento</strong></span> <span class='ocrx_word' id='word_1_212' title='bbox 1550 916 1671 947; x_wconf 80' lang='lat' dir='ltr'><strong>apparet.</strong></span> 
     </span>
    </p>
   </div>
   <div class='ocr_carea' id='block_1_34' title="bbox 56 957 1674 994">
    <p class='ocr_par' dir='ltr' id='par_1_34' title="bbox 56 957 1674 994">
     <span class='ocr_line' id='line_1_34' title="bbox 56 957 1674 994; baseline 0.002 -11"><span class='ocrx_word' id='word_1_213' title='bbox 56 957 93 984; x_wconf 71' lang='lat' dir='ltr'><strong>ibi</strong></span> <span class='ocrx_word' id='word_1_214' title='bbox 107 961 152 984; x_wconf 90' lang='lat' dir='ltr'><strong>aut</strong></span> <span class='ocrx_word' id='word_1_215' title='bbox 173 958 244 985; x_wconf 94' lang='lat' dir='ltr'><strong>nulli</strong></span> <span class='ocrx_word' id='word_1_216' title='bbox 259 957 322 990; x_wconf 88' lang='lat' dir='ltr'><strong>viri,</strong></span> <span class='ocrx_word' id='word_1_217' title='bbox 343 962 390 986; x_wconf 91' lang='lat' dir='ltr'><strong>aut</strong></span> <span class='ocrx_word' id='word_1_218' title='bbox 400 957 501 986; x_wconf 90' lang='lat' dir='ltr'><strong>femina</strong></span> <span class='ocrx_word' id='word_1_219' title='bbox 515 959 596 987; x_wconf 90' lang='lat' dir='ltr'><strong>unica</strong></span> <span class='ocrx_word' id='word_1_220' title='bbox 617 960 663 991; x_wconf 87' lang='lat' dir='ltr'><strong>sit,</strong></span> <span class='ocrx_word' id='word_1_221' title='bbox 679 967 766 994; x_wconf 87' lang='lat' dir='ltr'><strong>eaque</strong></span> <span class='ocrx_word' id='word_1_222' title='bbox 785 959 835 987; x_wconf 89' lang='lat' dir='ltr'><strong>ab-</strong></span> <span class='ocrx_word' id='word_1_223' title='bbox 884 959 1017 987; x_wconf 80' lang='lat' dir='ltr'><strong>Exaratas</strong></span> <span class='ocrx_word' id='word_1_224' title='bbox 1026 958 1136 994; x_wconf 88' lang='lat' dir='ltr'><strong>quidem</strong></span> <span class='ocrx_word' id='word_1_225' title='bbox 1148 959 1266 987; x_wconf 81' lang='lat' dir='ltr'><strong>fortasse</strong></span> <span class='ocrx_word' id='word_1_226' title='bbox 1278 959 1363 987; x_wconf 90' lang='lat' dir='ltr'><strong>fuisse</strong></span> <span class='ocrx_word' id='word_1_227' title='bbox 1375 967 1429 986; x_wconf 92' lang='lat' dir='ltr'><strong>non</strong></span> <span class='ocrx_word' id='word_1_228' title='bbox 1440 959 1520 994; x_wconf 76' lang='lat' dir='ltr'><strong>longe</strong></span> <span class='ocrx_word' id='word_1_229' title='bbox 1533 957 1674 986; x_wconf 82' lang='lat' dir='ltr'><strong>aNeronis</strong></span> 
     </span>
    </p>
   </div>
   <div class='ocr_carea' id='block_1_35' title="bbox 56 1003 1674 1041">
    <p class='ocr_par' dir='ltr' id='par_1_35' title="bbox 56 1003 1674 1041">
     <span class='ocr_line' id='line_1_35' title="bbox 56 1003 1674 1041; baseline -0.001 -10"><span class='ocrx_word' id='word_1_230' title='bbox 56 1004 172 1031; x_wconf 69' lang='lat' dir='ltr'><strong>stinentia</strong></span> <span class='ocrx_word' id='word_1_231' title='bbox 183 1004 381 1039; x_wconf 84' lang='lat' dir='ltr'><strong>prophetarum</strong></span> <span class='ocrx_word' id='word_1_232' title='bbox 393 1012 469 1040; x_wconf 65' lang='lat' dir='ltr'><strong>paene</strong></span> <span class='ocrx_word' id='word_1_233' title='bbox 478 1006 602 1033; x_wconf 85' lang='lat' dir='ltr'><strong>omnium</strong></span> <span class='ocrx_word' id='word_1_234' title='bbox 612 1007 745 1041; x_wconf 77' lang='lat' dir='ltr'><strong>exemplis</strong></span> <span class='ocrx_word' id='word_1_235' title='bbox 755 1013 833 1033; x_wconf 85' lang='lat' dir='ltr'><strong>com-</strong></span> <span class='ocrx_word' id='word_1_236' title='bbox 883 1004 970 1037; x_wconf 92' lang='lat' dir='ltr'><strong>obitu,</strong></span> <span class='ocrx_word' id='word_1_237' title='bbox 984 1004 1048 1031; x_wconf 90' lang='lat' dir='ltr'><strong>dum</strong></span> <span class='ocrx_word' id='word_1_238' title='bbox 1064 1003 1185 1032; x_wconf 84' lang='lat' dir='ltr'><strong>Ecclesia</strong></span> <span class='ocrx_word' id='word_1_239' title='bbox 1203 1004 1350 1040; x_wconf 89' lang='lat' dir='ltr'><strong>tranquilla</strong></span> <span class='ocrx_word' id='word_1_240' title='bbox 1363 1011 1430 1040; x_wconf 83' lang='lat' dir='ltr'><strong>pace</strong></span> <span class='ocrx_word' id='word_1_241' title='bbox 1445 1003 1594 1036; x_wconf 82' lang='lat' dir='ltr'><strong>frueretur,</strong></span> <span class='ocrx_word' id='word_1_242' title='bbox 1608 1010 1674 1031; x_wconf 87' lang='lat' dir='ltr'><strong>cen-</strong></span> 
     </span>
    </p>
   </div>
   <div class='ocr_carea' id='block_1_36' title="bbox 55 1049 1183 1087">
    <p class='ocr_par' dir='ltr' id='par_1_36' title="bbox 55 1049 1183 1087">
     <span class='ocr_line' id='line_1_36' title="bbox 55 1049 1183 1087; baseline 0 -11"><span class='ocrx_word' id='word_1_243' title='bbox 55 1049 199 1078; x_wconf 78' lang='lat' dir='ltr'><strong>mendatur.</strong></span> <span class='ocrx_word' id='word_1_244' title='bbox 226 1049 374 1079; x_wconf 76' lang='lat' dir='ltr'><strong>Monentur</strong></span> <span class='ocrx_word' id='word_1_245' title='bbox 391 1051 490 1085; x_wconf 83' lang='lat' dir='ltr'><strong>etiam,</strong></span> <span class='ocrx_word' id='word_1_246' title='bbox 507 1052 542 1080; x_wconf 89' lang='lat' dir='ltr'><strong>ad</strong></span> <span class='ocrx_word' id='word_1_247' title='bbox 567 1059 637 1087; x_wconf 86' lang='lat' dir='ltr'><strong>quos</strong></span> <span class='ocrx_word' id='word_1_248' title='bbox 665 1052 772 1084; x_wconf 88' lang='lat' dir='ltr'><strong>scribit,</strong></span> <span class='ocrx_word' id='word_1_249' title='bbox 799 1059 834 1080; x_wconf 87' lang='lat' dir='ltr'><strong>ne</strong></span> <span class='ocrx_word' id='word_1_250' title='bbox 884 1054 926 1078; x_wconf 87' lang='lat' dir='ltr'><strong>set</strong></span> <span class='ocrx_word' id='word_1_251' title='bbox 939 1050 1100 1079; x_wconf 85' lang='lat' dir='ltr'><strong>Gallandius</strong></span> <span class='ocrx_word' id='word_1_252' title='bbox 1115 1050 1183 1086; x_wconf 74' lang='lat'><strong>(27).</strong></span> 
     </span>
    </p>
   </div>
   <div class='ocr_carea' id='block_1_37' title="bbox 697 1239 1008 1285">
    <p class='ocr_par' dir='ltr' id='par_1_37' title="bbox 697 1239 1008 1285">
     <span class='ocr_line' id='line_1_37' title="bbox 697 1239 1008 1285; baseline -0.003 -1"><span class='ocrx_word' id='word_1_253' title='bbox 697 1239 886 1284; x_wconf 85' lang='lat' dir='ltr'><strong>CAPUT</strong></span> <span class='ocrx_word' id='word_1_254' title='bbox 924 1239 1008 1285; x_wconf 86' lang='lat' dir='ltr'><strong>IV.</strong></span> 
     </span>
    </p>
   </div>
   <div class='ocr_carea' id='block_1_38' title="bbox 166 1356 1553 1388">
    <p class='ocr_par' dir='ltr' id='par_1_38' title="bbox 166 1356 1553 1388">
     <span class='ocr_line' id='line_1_38' title="bbox 166 1356 1553 1388; baseline 0.001 -3"><span class='ocrx_word' id='word_1_255' title='bbox 166 1356 220 1385; x_wconf 89' lang='lat' dir='ltr'><strong>DE</strong></span> <span class='ocrx_word' id='word_1_256' title='bbox 238 1356 522 1388; x_wconf 82' lang='lat' dir='ltr'><strong>SUPPOSITITIIS</strong></span> <span class='ocrx_word' id='word_1_257' title='bbox 537 1357 568 1387; x_wconf 90' lang='lat' dir='ltr'><strong>S.</strong></span> <span class='ocrx_word' id='word_1_258' title='bbox 585 1356 812 1387; x_wconf 85' lang='lat' dir='ltr'><strong>CLEMENTIS</strong></span> <span class='ocrx_word' id='word_1_259' title='bbox 835 1356 977 1387; x_wconf 81' lang='lat' dir='ltr'><strong>NOMEN</strong></span> <span class='ocrx_word' id='word_1_260' title='bbox 997 1356 1338 1387; x_wconf 65' lang='lat' dir='ltr'><strong>PREFERENTIBUS</strong></span> <span class='ocrx_word' id='word_1_261' title='bbox 1364 1356 1553 1387; x_wconf 77' lang='lat' dir='ltr'><strong>SCRIPTIS.</strong></span> 
     </span>
    </p>
   </div>
   <div class='ocr_carea' id='block_1_39' title="bbox 838 1451 873 1458">
    <p class='ocr_par' dir='ltr' id='par_1_39' title="bbox 838 1451 873 1458">
     <span class='ocr_line' id='line_1_39' title="bbox 838 1451 873 1458; baseline -0.029 0"><span class='ocrx_word' id='word_1_262' title='bbox 838 1451 873 1458; x_wconf 78' lang='grc'><strong>..-</strong></span> 
     </span>
    </p>
   </div>
   <div class='ocr_carea' id='block_1_40' title="bbox 85 1523 1673 1560">
    <p class='ocr_par' dir='ltr' id='par_1_40' title="bbox 85 1523 1673 1560">
     <span class='ocr_line' id='line_1_40' title="bbox 85 1523 1673 1560; baseline 0.001 -9"><span class='ocrx_word' id='word_1_263' title='bbox 85 1523 184 1552; x_wconf 55' lang='lat' dir='ltr'><strong>Praeter</strong></span> <span class='ocrx_word' id='word_1_264' title='bbox 206 1523 335 1552; x_wconf 87' lang='lat' dir='ltr'><strong>laudatas</strong></span> <span class='ocrx_word' id='word_1_265' title='bbox 360 1523 494 1552; x_wconf 85' lang='lat' dir='ltr'><strong>hactenus</strong></span> <span class='ocrx_word' id='word_1_266' title='bbox 517 1524 659 1560; x_wconf 87' lang='lat' dir='ltr'><strong>epistolas,</strong></span> <span class='ocrx_word' id='word_1_267' title='bbox 682 1525 766 1553; x_wconf 89' lang='lat' dir='ltr'><strong>multa</strong></span> <span class='ocrx_word' id='word_1_268' title='bbox 781 1525 835 1553; x_wconf 84' lang='lat' dir='ltr'><strong>alia</strong></span> <span class='ocrx_word' id='word_1_269' title='bbox 848 1528 870 1558; x_wconf 76' lang='grc' dir='ltr'>ε</span> <span class='ocrx_word' id='word_1_270' title='bbox 886 1525 1027 1560; x_wconf 72' lang='lat' dir='ltr'><strong>cvplorata</strong></span> <span class='ocrx_word' id='word_1_271' title='bbox 1043 1527 1086 1552; x_wconf 86' lang='lat' dir='ltr'><strong>est</strong></span> <span class='ocrx_word' id='word_1_272' title='bbox 1100 1524 1223 1559; x_wconf 73' lang='lat' dir='ltr'><strong>epistolae</strong></span> <span class='ocrx_word' id='word_1_273' title='bbox 1237 1524 1320 1560; x_wconf 86' lang='lat' dir='ltr'><strong>hujus</strong></span> <span class='ocrx_word' id='word_1_274' title='bbox 1345 1524 1462 1557; x_wconf 81' lang='lat' dir='ltr'><strong>falsitas,</strong></span> <span class='ocrx_word' id='word_1_275' title='bbox 1479 1523 1551 1558; x_wconf 85' lang='lat' dir='ltr'><strong>quod</strong></span> <span class='ocrx_word' id='word_1_276' title='bbox 1567 1531 1626 1552; x_wconf 89' lang='lat' dir='ltr'><strong>cam</strong></span> <span class='ocrx_word' id='word_1_277' title='bbox 1642 1523 1673 1552; x_wconf 85' lang='grc' dir='ltr'><strong>Ι).</strong></span> 
     </span>
    </p>
   </div>
   <div class='ocr_carea' id='block_1_41' title="bbox 53 1570 834 1607">
    <p class='ocr_par' dir='ltr' id='par_1_41' title="bbox 53 1570 834 1607">
     <span class='ocr_line' id='line_1_41' title="bbox 53 1570 834 1607; baseline 0.001 -9"><span class='ocrx_word' id='word_1_278' title='bbox 53 1571 254 1600; x_wconf 85' lang='lat' dir='ltr'><strong>subClementis</strong></span> <span class='ocrx_word' id='word_1_279' title='bbox 261 1570 376 1598; x_wconf 76' lang='lat' dir='ltr'><strong>Romani</strong></span> <span class='ocrx_word' id='word_1_280' title='bbox 385 1571 493 1599; x_wconf 88' lang='lat' dir='ltr'><strong>nomine</strong></span> <span class='ocrx_word' id='word_1_281' title='bbox 502 1571 733 1599; x_wconf 88' lang='lat' dir='ltr'><strong>circumferuntur</strong></span> <span class='ocrx_word' id='word_1_282' title='bbox 741 1579 834 1607; x_wconf 86' lang='lat' dir='ltr'><strong>opera:</strong></span> 
     </span>
    </p>
   </div>
   <div class='ocr_carea' id='block_1_42' title="bbox 54 1617 836 1652">
    <p class='ocr_par' dir='ltr' id='par_1_42' title="bbox 54 1617 836 1652">
     <span class='ocr_line' id='line_1_42' title="bbox 54 1617 836 1652; baseline 0.003 -8"><span class='ocrx_word' id='word_1_283' title='bbox 54 1625 145 1652; x_wconf 84' lang='lat' dir='ltr'><strong>nempe</strong></span> <span class='ocrx_word' id='word_1_284' title='bbox 155 1618 280 1652; x_wconf 80' lang='lat' dir='ltr'><strong>quinque</strong></span> <span class='ocrx_word' id='word_1_285' title='bbox 295 1617 329 1643; x_wconf 91' lang='lat' dir='ltr'><strong>ad</strong></span> <span class='ocrx_word' id='word_1_286' title='bbox 353 1617 478 1645; x_wconf 84' lang='lat' dir='ltr'><strong>diversos</strong></span> <span class='ocrx_word' id='word_1_287' title='bbox 492 1617 624 1652; x_wconf 75' lang='lat' dir='ltr'><strong>epistolze,</strong></span> <span class='ocrx_word' id='word_1_288' title='bbox 651 1618 768 1646; x_wconf 69' lang='lat' dir='ltr'><strong>bomilia:</strong></span> <span class='ocrx_word' id='word_1_289' title='bbox 784 1627 836 1646; x_wconf 82' lang='lat' dir='ltr'><strong>no-</strong></span> 
     </span>
    </p>
   </div>
   <div class='ocr_carea' id='block_1_43' title="bbox 54 1657 840 1702">
    <p class='ocr_par' dir='ltr' id='par_1_43' title="bbox 54 1657 840 1702">
     <span class='ocr_line' id='line_1_43' title="bbox 54 1657 840 1702; baseline -0.013 -8"><span class='ocrx_word' id='word_1_290' title='bbox 54 1668 210 1702; x_wconf 82' lang='lat' dir='ltr'><strong>vemdecim,</strong></span> <span class='ocrx_word' id='word_1_291' title='bbox 226 1667 321 1695; x_wconf 81' lang='lat' dir='ltr'><strong>decem</strong></span> <span class='ocrx_word' id='word_1_292' title='bbox 337 1664 398 1692; x_wconf 91' lang='lat' dir='ltr'><strong>libri</strong></span> <span class='ocrx_word' id='word_1_293' title='bbox 412 1661 639 1698; x_wconf 77' lang='lat' dir='ltr'><strong>Recagnitionum,</strong></span> <span class='ocrx_word' id='word_1_294' title='bbox 651 1664 714 1687; x_wconf 92' lang='lat' dir='ltr'><strong>octo</strong></span> <span class='ocrx_word' id='word_1_295' title='bbox 732 1657 840 1686; x_wconf 74' lang='lat' dir='ltr'><strong>Consti-</strong></span> 
     </span>
    </p>
   </div>
   <div class='ocr_carea' id='block_1_44' title="bbox 55 1705 836 1748">
    <p class='ocr_par' dir='ltr' id='par_1_44' title="bbox 55 1705 836 1748">
     <span class='ocr_line' id='line_1_44' title="bbox 55 1705 836 1748; baseline -0.013 -8"><span class='ocrx_word' id='word_1_296' title='bbox 55 1714 181 1740; x_wconf 69' lang='lat' dir='ltr'><strong>tutionum</strong></span> <span class='ocrx_word' id='word_1_297' title='bbox 195 1711 416 1748; x_wconf 74' lang='lat' dir='ltr'><strong>apostolicarum,</strong></span> <span class='ocrx_word' id='word_1_298' title='bbox 439 1707 563 1742; x_wconf 79' lang='lat' dir='ltr'><strong>Liturgia</strong></span> <span class='ocrx_word' id='word_1_299' title='bbox 585 1711 613 1734; x_wconf 91' lang='lat' dir='ltr'><strong>et</strong></span> <span class='ocrx_word' id='word_1_300' title='bbox 632 1705 753 1734; x_wconf 78' lang='lat' dir='ltr'><strong>Canones</strong></span> <span class='ocrx_word' id='word_1_301' title='bbox 773 1711 836 1738; x_wconf 85' lang='lat' dir='ltr'><strong>apo—</strong></span> 
     </span>
    </p>
   </div>
   <div class='ocr_carea' id='block_1_45' title="bbox 54 1749 837 1793">
    <p class='ocr_par' dir='ltr' id='par_1_45' title="bbox 54 1749 837 1793">
     <span class='ocr_line' id='line_1_45' title="bbox 54 1749 837 1793; baseline -0.013 -7"><span class='ocrx_word' id='word_1_302' title='bbox 54 1760 194 1791; x_wconf 76' lang='lat' dir='ltr'><strong>stolarum;</strong></span> <span class='ocrx_word' id='word_1_303' title='bbox 206 1766 270 1793; x_wconf 58' lang='lat' dir='ltr'><strong>qua»</strong></span> <span class='ocrx_word' id='word_1_304' title='bbox 282 1757 374 1784; x_wconf 87' lang='lat' dir='ltr'><strong>omnia</strong></span> <span class='ocrx_word' id='word_1_305' title='bbox 390 1754 498 1788; x_wconf 81' lang='lat' dir='ltr'><strong>collegit</strong></span> <span class='ocrx_word' id='word_1_306' title='bbox 516 1753 635 1780; x_wconf 84' lang='lat' dir='ltr'><strong>Joannes</strong></span> <span class='ocrx_word' id='word_1_307' title='bbox 650 1751 771 1785; x_wconf 82' lang='lat' dir='ltr'><strong>Baptista</strong></span> <span class='ocrx_word' id='word_1_308' title='bbox 786 1749 837 1777; x_wconf 88' lang='lat' dir='ltr'><strong>Co-</strong></span> 
     </span>
    </p>
   </div>
   <div class='ocr_carea' id='block_1_46' title="bbox 55 1799 837 1833">
    <p class='ocr_par' dir='ltr' id='par_1_46' title="bbox 55 1799 837 1833">
     <span class='ocr_line' id='line_1_46' title="bbox 55 1799 837 1833; baseline 0.005 -7"><span class='ocrx_word' id='word_1_309' title='bbox 55 1799 169 1832; x_wconf 85' lang='lat' dir='ltr'><strong>telerius,</strong></span> <span class='ocrx_word' id='word_1_310' title='bbox 195 1799 330 1828; x_wconf 68' lang='lat' dir='ltr'><strong>Sorbonm</strong></span> <span class='ocrx_word' id='word_1_311' title='bbox 352 1800 460 1833; x_wconf 85' lang='lat' dir='ltr'><strong>doctor,</strong></span> <span class='ocrx_word' id='word_1_312' title='bbox 483 1805 510 1829; x_wconf 93' lang='lat' dir='ltr'><strong>et</strong></span> <span class='ocrx_word' id='word_1_313' title='bbox 532 1801 753 1830; x_wconf 86' lang='lat' dir='ltr'><strong>adnotationibus</strong></span> <span class='ocrx_word' id='word_1_314' title='bbox 775 1802 837 1830; x_wconf 92' lang='lat' dir='ltr'><strong>illu-</strong></span> 
     </span>
    </p>
   </div>
   <div class='ocr_carea' id='block_1_47' title="bbox 53 1846 837 1884">
    <p class='ocr_par' dir='ltr' id='par_1_47' title="bbox 53 1846 837 1884">
     <span class='ocr_line' id='line_1_47' title="bbox 53 1846 837 1884; baseline 0.006 -12"><span class='ocrx_word' id='word_1_315' title='bbox 53 1850 133 1873; x_wconf 80' lang='lat' dir='ltr'><strong>strata</strong></span> <span class='ocrx_word' id='word_1_316' title='bbox 141 1846 238 1875; x_wconf 70' lang='lat' dir='ltr'><strong>Graece</strong></span> <span class='ocrx_word' id='word_1_317' title='bbox 249 1851 276 1875; x_wconf 91' lang='lat' dir='ltr'><strong>et</strong></span> <span class='ocrx_word' id='word_1_318' title='bbox 287 1846 381 1875; x_wconf 85' lang='lat' dir='ltr'><strong>Latine</strong></span> <span class='ocrx_word' id='word_1_319' title='bbox 395 1848 467 1876; x_wconf 89' lang='lat' dir='ltr'><strong>inter</strong></span> <span class='ocrx_word' id='word_1_320' title='bbox 477 1847 572 1876; x_wconf 88' lang='lat' dir='ltr'><strong>Patres</strong></span> <span class='ocrx_word' id='word_1_321' title='bbox 587 1849 753 1884; x_wconf 86' lang='lat' dir='ltr'><strong>apostolicos</strong></span> <span class='ocrx_word' id='word_1_322' title='bbox 764 1857 837 1878; x_wconf 91' lang='lat' dir='ltr'><strong>anno</strong></span> 
     </span>
    </p>
   </div>
   <div class='ocr_carea' id='block_1_48' title="bbox 56 1892 230 1921">
    <p class='ocr_par' dir='ltr' id='par_1_48' title="bbox 56 1892 230 1921">
     <span class='ocr_line' id='line_1_48' title="bbox 56 1892 230 1921; baseline 0.006 -2"><span class='ocrx_word' id='word_1_323' title='bbox 56 1892 117 1920; x_wconf 72' lang='grc'><strong>1572</strong></span> <span class='ocrx_word' id='word_1_324' title='bbox 133 1894 230 1921; x_wconf 84' lang='lat' dir='ltr'><strong>edidit.</strong></span> 
     </span>
    </p>
   </div>
   <div class='ocr_carea' id='block_1_49' title="bbox 326 1962 565 1991">
    <p class='ocr_par' dir='ltr' id='par_1_49' title="bbox 326 1962 565 1991">
     <span class='ocr_line' id='line_1_49' title="bbox 326 1962 565 1991; baseline 0.008 -2"><span class='ocrx_word' id='word_1_325' title='bbox 326 1962 525 1990; x_wconf 78' lang='lat' dir='ltr'><strong>ARTlCULUS</strong></span> <span class='ocrx_word' id='word_1_326' title='bbox 543 1963 565 1991; x_wconf 84' lang='grc' dir='ltr'><strong>Ι.</strong></span> 
     </span>
    </p>
   </div>
   <div class='ocr_carea' id='block_1_50' title="bbox 118 2027 765 2052">
    <p class='ocr_par' dir='ltr' id='par_1_50' title="bbox 118 2027 765 2052">
     <span class='ocr_line' id='line_1_50' title="bbox 118 2027 765 2052; baseline 0.003 -5"><span class='ocrx_word' id='word_1_327' title='bbox 118 2028 151 2047; x_wconf 75' lang='lat' dir='ltr'><strong>DE</strong></span> <span class='ocrx_word' id='word_1_328' title='bbox 170 2027 288 2052; x_wconf 75' lang='lat' dir='ltr'><strong>QUINQUE</strong></span> <span class='ocrx_word' id='word_1_329' title='bbox 308 2028 601 2048; x_wconf 74' lang='lat' dir='ltr'><strong>PSEUDO-CLEIENTINIS</strong></span> <span class='ocrx_word' id='word_1_330' title='bbox 613 2029 765 2049; x_wconf 75' lang='lat' dir='ltr'><strong>EPISTOLIS.</strong></span> 
     </span>
    </p>
   </div>
   <div class='ocr_carea' id='block_1_51' title="bbox 85 2075 838 2110">
    <p class='ocr_par' dir='ltr' id='par_1_51' title="bbox 85 2075 838 2110">
     <span class='ocr_line' id='line_1_51' title="bbox 85 2075 838 2110; baseline 0.001 -7"><span class='ocrx_word' id='word_1_331' title='bbox 85 2075 181 2104; x_wconf 74' lang='lat' dir='ltr'><strong>Mirum</strong></span> <span class='ocrx_word' id='word_1_332' title='bbox 205 2080 251 2104; x_wconf 88' lang='lat' dir='ltr'><strong>est</strong></span> <span class='ocrx_word' id='word_1_333' title='bbox 266 2077 332 2103; x_wconf 90' lang='lat' dir='ltr'><strong>viris</strong></span> <span class='ocrx_word' id='word_1_334' title='bbox 351 2076 522 2105; x_wconf 87' lang='lat' dir='ltr'><strong>doctissimis</strong></span> <span class='ocrx_word' id='word_1_335' title='bbox 545 2076 692 2110; x_wconf 88' lang='lat' dir='ltr'><strong>Turriano,</strong></span> <span class='ocrx_word' id='word_1_336' title='bbox 719 2077 799 2105; x_wconf 88' lang='lat' dir='ltr'><strong>Binio</strong></span> <span class='ocrx_word' id='word_1_337' title='bbox 810 2082 838 2105; x_wconf 86' lang='lat' dir='ltr'><strong>et</strong></span> 
     </span>
    </p>
   </div>
   <div class='ocr_carea' id='block_1_52' title="bbox 52 2123 838 2157">
    <p class='ocr_par' dir='ltr' id='par_1_52' title="bbox 52 2123 838 2157">
     <span class='ocr_line' id='line_1_52' title="bbox 52 2123 838 2157; baseline 0.003 -8"><span class='ocrx_word' id='word_1_338' title='bbox 52 2123 214 2157; x_wconf 81' lang='lat' dir='ltr'><strong>quibusdam</strong></span> <span class='ocrx_word' id='word_1_339' title='bbox 232 2123 293 2150; x_wconf 86' lang='lat' dir='ltr'><strong>aliis</strong></span> <span class='ocrx_word' id='word_1_340' title='bbox 310 2123 338 2150; x_wconf 92' lang='lat' dir='ltr'><strong>in</strong></span> <span class='ocrx_word' id='word_1_341' title='bbox 358 2127 442 2150; x_wconf 65' lang='lat' dir='ltr'><strong>tanta:</strong></span> <span class='ocrx_word' id='word_1_342' title='bbox 455 2123 621 2151; x_wconf 87' lang='lat' dir='ltr'><strong>eruditionis</strong></span> <span class='ocrx_word' id='word_1_343' title='bbox 643 2123 838 2151; x_wconf 63' lang='lat' dir='ltr'><strong>ecclesiastica:</strong></span> 
     </span>
    </p>
   </div>
   <div class='ocr_carea' id='block_1_53' title="bbox 53 2169 838 2205">
    <p class='ocr_par' dir='ltr' id='par_1_53' title="bbox 53 2169 838 2205">
     <span class='ocr_line' id='line_1_53' title="bbox 53 2169 838 2205; baseline 0.004 -10"><span class='ocrx_word' id='word_1_344' title='bbox 53 2169 108 2196; x_wconf 76' lang='lat' dir='ltr'><strong>luce</strong></span> <span class='ocrx_word' id='word_1_345' title='bbox 126 2169 239 2204; x_wconf 90' lang='lat' dir='ltr'><strong>probari</strong></span> <span class='ocrx_word' id='word_1_346' title='bbox 256 2170 378 2204; x_wconf 89' lang='lat' dir='ltr'><strong>potuisse</strong></span> <span class='ocrx_word' id='word_1_347' title='bbox 393 2169 444 2197; x_wconf 89' lang='lat' dir='ltr'><strong>bas</strong></span> <span class='ocrx_word' id='word_1_348' title='bbox 457 2170 579 2205; x_wconf 89' lang='lat' dir='ltr'><strong>quinque</strong></span> <span class='ocrx_word' id='word_1_349' title='bbox 598 2170 728 2205; x_wconf 85' lang='lat' dir='ltr'><strong>epistolas</strong></span> <span class='ocrx_word' id='word_1_350' title='bbox 743 2171 838 2198; x_wconf 87' lang='lat' dir='ltr'><strong>decre-</strong></span> 
     </span>
    </p>
   </div>
   <div class='ocr_carea' id='block_1_54' title="bbox 886 1569 1676 1606">
    <p class='ocr_par' dir='ltr' id='par_1_54' title="bbox 886 1569 1676 1606">
     <span class='ocr_line' id='line_1_54' title="bbox 886 1569 1676 1606; baseline -0.001 -8"><span class='ocrx_word' id='word_1_351' title='bbox 886 1571 1013 1599; x_wconf 85' lang='lat' dir='ltr'><strong>Clemens</strong></span> <span class='ocrx_word' id='word_1_352' title='bbox 1029 1574 1090 1606; x_wconf 86' lang='lat' dir='ltr'><strong>post</strong></span> <span class='ocrx_word' id='word_1_353' title='bbox 1107 1571 1262 1605; x_wconf 86' lang='lat' dir='ltr'><strong>passionem</strong></span> <span class='ocrx_word' id='word_1_354' title='bbox 1278 1570 1350 1599; x_wconf 86' lang='lat' dir='ltr'><strong>Petri</strong></span> <span class='ocrx_word' id='word_1_355' title='bbox 1362 1570 1395 1597; x_wconf 89' lang='lat' dir='ltr'><strong>ad</strong></span> <span class='ocrx_word' id='word_1_356' title='bbox 1406 1569 1536 1598; x_wconf 88' lang='lat' dir='ltr'><strong>Jacobum</strong></span> <span class='ocrx_word' id='word_1_357' title='bbox 1554 1570 1676 1598; x_wconf 80' lang='lat' dir='ltr'><strong>scribere</strong></span> 
     </span>
    </p>
   </div>
   <div class='ocr_carea' id='block_1_55' title="bbox 888 1616 1674 1653">
    <p class='ocr_par' dir='ltr' id='par_1_55' title="bbox 888 1616 1674 1653">
     <span class='ocr_line' id='line_1_55' title="bbox 888 1616 1674 1653; baseline 0 -9"><span class='ocrx_word' id='word_1_358' title='bbox 888 1617 1016 1653; x_wconf 78' lang='lat' dir='ltr'><strong>ﬁngitur;</strong></span> <span class='ocrx_word' id='word_1_359' title='bbox 1029 1625 1110 1652; x_wconf 85' lang='lat' dir='ltr'><strong>quem</strong></span> <span class='ocrx_word' id='word_1_360' title='bbox 1122 1621 1185 1644; x_wconf 87' lang='lat' dir='ltr'><strong>ante</strong></span> <span class='ocrx_word' id='word_1_361' title='bbox 1196 1616 1307 1644; x_wconf 87' lang='lat' dir='ltr'><strong>Petrum</strong></span> <span class='ocrx_word' id='word_1_362' title='bbox 1322 1617 1425 1644; x_wconf 90' lang='lat' dir='ltr'><strong>obiisse</strong></span> <span class='ocrx_word' id='word_1_363' title='bbox 1439 1616 1605 1648; x_wconf 84' lang='lat' dir='ltr'><strong>indubitatis</strong></span> <span class='ocrx_word' id='word_1_364' title='bbox 1615 1625 1674 1644; x_wconf 83' lang='lat' dir='ltr'><strong>mo-</strong></span> 
     </span>
    </p>
   </div>
   <div class='ocr_carea' id='block_1_56' title="bbox 887 1661 1676 1690">
    <p class='ocr_par' dir='ltr' id='par_1_56' title="bbox 887 1661 1676 1690">
     <span class='ocr_line' id='line_1_56' title="bbox 887 1661 1676 1690; baseline 0.001 -1"><span class='ocrx_word' id='word_1_365' title='bbox 887 1662 1025 1690; x_wconf 91' lang='lat' dir='ltr'><strong>numentis</strong></span> <span class='ocrx_word' id='word_1_366' title='bbox 1040 1667 1134 1689; x_wconf 90' lang='lat' dir='ltr'><strong>notum</strong></span> <span class='ocrx_word' id='word_1_367' title='bbox 1146 1662 1272 1690; x_wconf 83' lang='lat' dir='ltr'><strong>habetur.</strong></span> <span class='ocrx_word' id='word_1_368' title='bbox 1287 1662 1354 1690; x_wconf 87' lang='lat' dir='ltr'><strong>Nam</strong></span> <span class='ocrx_word' id='word_1_369' title='bbox 1365 1661 1497 1690; x_wconf 81' lang='lat' dir='ltr'><strong>Jacobum</strong></span> <span class='ocrx_word' id='word_1_370' title='bbox 1509 1669 1582 1690; x_wconf 86' lang='lat' dir='ltr'><strong>anno</strong></span> <span class='ocrx_word' id='word_1_371' title='bbox 1595 1662 1676 1690; x_wconf 83' lang='lat' dir='ltr'><strong>Chri-</strong></span> 
     </span>
    </p>
   </div>
   <div class='ocr_carea' id='block_1_57' title="bbox 887 1707 1673 1741">
    <p class='ocr_par' dir='ltr' id='par_1_57' title="bbox 887 1707 1673 1741">
     <span class='ocr_line' id='line_1_57' title="bbox 887 1707 1673 1741; baseline 0.001 -5"><span class='ocrx_word' id='word_1_372' title='bbox 887 1709 923 1736; x_wconf 88' lang='lat' dir='ltr'><strong>sti</strong></span> <span class='ocrx_word' id='word_1_373' title='bbox 937 1708 971 1736; x_wconf 73' lang='lat'><strong>62</strong></span> <span class='ocrx_word' id='word_1_374' title='bbox 998 1716 1014 1736; x_wconf 87' lang='lat' dir='ltr'><strong>a</strong></span> <span class='ocrx_word' id='word_1_375' title='bbox 1028 1707 1130 1737; x_wconf 70' lang='lat' dir='ltr'><strong>Judmis</strong></span> <span class='ocrx_word' id='word_1_376' title='bbox 1141 1709 1263 1737; x_wconf 92' lang='lat' dir='ltr'><strong>occisum</strong></span> <span class='ocrx_word' id='word_1_377' title='bbox 1279 1716 1350 1741; x_wconf 90' lang='lat' dir='ltr'><strong>esse,</strong></span> <span class='ocrx_word' id='word_1_378' title='bbox 1367 1716 1462 1736; x_wconf 87' lang='lat' dir='ltr'><strong>omnes</strong></span> <span class='ocrx_word' id='word_1_379' title='bbox 1483 1709 1652 1736; x_wconf 84' lang='lat' dir='ltr'><strong>conveniunt</strong></span> <span class='ocrx_word' id='word_1_380' title='bbox 1666 1720 1673 1737; x_wconf 84' lang='lat'>:</span> 
     </span>
    </p>
   </div>
   <div class='ocr_carea' id='block_1_58' title="bbox 886 1753 1675 1790">
    <p class='ocr_par' dir='ltr' id='par_1_58' title="bbox 886 1753 1675 1790">
     <span class='ocr_line' id='line_1_58' title="bbox 886 1753 1675 1790; baseline 0.003 -10"><span class='ocrx_word' id='word_1_381' title='bbox 886 1753 998 1781; x_wconf 83' lang='lat' dir='ltr'><strong>Petrum</strong></span> <span class='ocrx_word' id='word_1_382' title='bbox 1016 1757 1104 1781; x_wconf 87' lang='lat' dir='ltr'><strong>autem</strong></span> <span class='ocrx_word' id='word_1_383' title='bbox 1120 1754 1205 1789; x_wconf 90' lang='lat' dir='ltr'><strong>aliqui</strong></span> <span class='ocrx_word' id='word_1_384' title='bbox 1218 1761 1291 1782; x_wconf 87' lang='lat' dir='ltr'><strong>anno</strong></span> <span class='ocrx_word' id='word_1_385' title='bbox 1310 1754 1356 1786; x_wconf 80' lang='lat' dir='ltr'><strong>G5,</strong></span> <span class='ocrx_word' id='word_1_386' title='bbox 1372 1755 1464 1790; x_wconf 89' lang='lat' dir='ltr'><strong>plures</strong></span> <span class='ocrx_word' id='word_1_387' title='bbox 1478 1762 1550 1782; x_wconf 82' lang='lat' dir='ltr'><strong>anno</strong></span> <span class='ocrx_word' id='word_1_388' title='bbox 1563 1754 1609 1785; x_wconf 85' lang='lat'><strong>66.</strong></span> <span class='ocrx_word' id='word_1_389' title='bbox 1627 1755 1675 1782; x_wconf 89' lang='lat' dir='ltr'><strong>alii</strong></span> 
     </span>
    </p>
   </div>
   <div class='ocr_carea' id='block_1_59' title="bbox 888 1800 1674 1836">
    <p class='ocr_par' dir='ltr' id='par_1_59' title="bbox 888 1800 1674 1836">
     <span class='ocr_line' id='line_1_59' title="bbox 888 1800 1674 1836; baseline 0.001 -9"><span class='ocrx_word' id='word_1_390' title='bbox 888 1804 979 1828; x_wconf 88' lang='lat' dir='ltr'><strong>autem</strong></span> <span class='ocrx_word' id='word_1_391' title='bbox 992 1800 1027 1828; x_wconf 86' lang='lat'><strong>68</strong></span> <span class='ocrx_word' id='word_1_392' title='bbox 1046 1804 1094 1828; x_wconf 89' lang='lat' dir='ltr'><strong>aut</strong></span> <span class='ocrx_word' id='word_1_393' title='bbox 1108 1801 1152 1834; x_wconf 85' lang='lat'><strong>67,</strong></span> <span class='ocrx_word' id='word_1_394' title='bbox 1167 1801 1235 1828; x_wconf 91' lang='lat' dir='ltr'><strong>nulli</strong></span> <span class='ocrx_word' id='word_1_395' title='bbox 1246 1809 1312 1829; x_wconf 87' lang='lat' dir='ltr'><strong>sane</strong></span> <span class='ocrx_word' id='word_1_396' title='bbox 1324 1805 1387 1829; x_wconf 85' lang='lat' dir='ltr'><strong>ante</strong></span> <span class='ocrx_word' id='word_1_397' title='bbox 1398 1801 1433 1829; x_wconf 82' lang='lat'><strong>65</strong></span> <span class='ocrx_word' id='word_1_398' title='bbox 1446 1809 1549 1829; x_wconf 92' lang='lat' dir='ltr'><strong>annum</strong></span> <span class='ocrx_word' id='word_1_399' title='bbox 1564 1809 1674 1836; x_wconf 86' lang='lat' dir='ltr'><strong>passum</strong></span> 
     </span>
    </p>
   </div>
   <div class='ocr_carea' id='block_1_60' title="bbox 888 1845 1056 1874">
    <p class='ocr_par' dir='ltr' id='par_1_60' title="bbox 888 1845 1056 1874">
     <span class='ocr_line' id='line_1_60' title="bbox 888 1845 1056 1874; baseline 0 0"><span class='ocrx_word' id='word_1_400' title='bbox 888 1845 1056 1874; x_wconf 80' lang='lat' dir='ltr'><strong>existimant.</strong></span> 
     </span>
    </p>
   </div>
   <div class='ocr_carea' id='block_1_61' title="bbox 924 1891 1676 1921">
    <p class='ocr_par' dir='ltr' id='par_1_61' title="bbox 924 1891 1676 1921">
     <span class='ocr_line' id='line_1_61' title="bbox 924 1891 1676 1921; baseline 0.003 -3"><span class='ocrx_word' id='word_1_401' title='bbox 924 1891 1049 1919; x_wconf 82' lang='lat' dir='ltr'><strong>Secunda</strong></span> <span class='ocrx_word' id='word_1_402' title='bbox 1056 1892 1181 1921; x_wconf 90' lang='lat' dir='ltr'><strong>eumdem</strong></span> <span class='ocrx_word' id='word_1_403' title='bbox 1196 1897 1320 1920; x_wconf 89' lang='lat' dir='ltr'><strong>sanctum</strong></span> <span class='ocrx_word' id='word_1_404' title='bbox 1327 1891 1459 1920; x_wconf 71' lang='lat' dir='ltr'><strong>Iacobum</strong></span> <span class='ocrx_word' id='word_1_405' title='bbox 1474 1893 1508 1921; x_wconf 90' lang='lat' dir='ltr'><strong>de</strong></span> <span class='ocrx_word' id='word_1_406' title='bbox 1522 1900 1676 1920; x_wconf 84' lang='lat' dir='ltr'><strong>sacramen-</strong></span> 
     </span>
    </p>
   </div>
   <div class='ocr_carea' id='block_1_62' title="bbox 888 1937 1676 1973">
    <p class='ocr_par' dir='ltr' id='par_1_62' title="bbox 888 1937 1676 1973">
     <span class='ocr_line' id='line_1_62' title="bbox 888 1937 1676 1973; baseline 0.003 -9"><span class='ocrx_word' id='word_1_407' title='bbox 888 1937 936 1970; x_wconf 87' lang='lat' dir='ltr'><strong>tis,</strong></span> <span class='ocrx_word' id='word_1_408' title='bbox 949 1937 1072 1966; x_wconf 84' lang='lat' dir='ltr'><strong>vestibus</strong></span> <span class='ocrx_word' id='word_1_409' title='bbox 1093 1941 1120 1964; x_wconf 91' lang='lat' dir='ltr'><strong>et</strong></span> <span class='ocrx_word' id='word_1_410' title='bbox 1142 1938 1216 1966; x_wconf 89' lang='lat' dir='ltr'><strong>vasis</strong></span> <span class='ocrx_word' id='word_1_411' title='bbox 1235 1938 1321 1967; x_wconf 89' lang='lat' dir='ltr'><strong>sacris</strong></span> <span class='ocrx_word' id='word_1_412' title='bbox 1344 1938 1472 1972; x_wconf 84' lang='lat' dir='ltr'><strong>instruit;</strong></span> <span class='ocrx_word' id='word_1_413' title='bbox 1485 1938 1558 1973; x_wconf 86' lang='lat' dir='ltr'><strong>quod</strong></span> <span class='ocrx_word' id='word_1_414' title='bbox 1581 1946 1676 1966; x_wconf 88' lang='lat' dir='ltr'><strong>verum</strong></span> 
     </span>
    </p>
   </div>
   <div class='ocr_carea' id='block_1_63' title="bbox 889 1983 1675 2020">
    <p class='ocr_par' dir='ltr' id='par_1_63' title="bbox 889 1983 1675 2020">
     <span class='ocr_line' id='line_1_63' title="bbox 889 1983 1675 2020; baseline 0.001 -9"><span class='ocrx_word' id='word_1_415' title='bbox 889 1983 1055 2011; x_wconf 88' lang='lat' dir='ltr'><strong>Clementem</strong></span> <span class='ocrx_word' id='word_1_416' title='bbox 1076 1983 1129 2010; x_wconf 86' lang='lat' dir='ltr'><strong>sibi</strong></span> <span class='ocrx_word' id='word_1_417' title='bbox 1146 1990 1292 2019; x_wconf 81' lang='lat' dir='ltr'><strong>arrogasse</strong></span> <span class='ocrx_word' id='word_1_418' title='bbox 1312 1985 1340 2011; x_wconf 91' lang='lat' dir='ltr'><strong>in</strong></span> <span class='ocrx_word' id='word_1_419' title='bbox 1355 1984 1521 2020; x_wconf 82' lang='lat' dir='ltr'><strong>apostolum,</strong></span> <span class='ocrx_word' id='word_1_420' title='bbox 1537 1984 1600 2020; x_wconf 89' lang='lat' dir='ltr'><strong>quis</strong></span> <span class='ocrx_word' id='word_1_421' title='bbox 1615 1992 1675 2012; x_wconf 87' lang='lat' dir='ltr'><strong>cre—</strong></span> 
     </span>
    </p>
   </div>
   <div class='ocr_carea' id='block_1_64' title="bbox 888 2028 1674 2065">
    <p class='ocr_par' dir='ltr' id='par_1_64' title="bbox 888 2028 1674 2065">
     <span class='ocr_line' id='line_1_64' title="bbox 888 2028 1674 2065; baseline 0 -8"><span class='ocrx_word' id='word_1_422' title='bbox 888 2029 953 2057; x_wconf 88' lang='lat' dir='ltr'><strong>dat?</strong></span> <span class='ocrx_word' id='word_1_423' title='bbox 971 2028 1062 2056; x_wconf 88' lang='lat' dir='ltr'><strong>Tertia</strong></span> <span class='ocrx_word' id='word_1_424' title='bbox 1075 2029 1148 2056; x_wconf 89' lang='lat' dir='ltr'><strong>inter</strong></span> <span class='ocrx_word' id='word_1_425' title='bbox 1161 2030 1229 2056; x_wconf 83' lang='lat' dir='ltr'><strong>alios</strong></span> <span class='ocrx_word' id='word_1_426' title='bbox 1242 2030 1324 2057; x_wconf 89' lang='lat' dir='ltr'><strong>etiam</strong></span> <span class='ocrx_word' id='word_1_427' title='bbox 1339 2029 1510 2065; x_wconf 90' lang='lat' dir='ltr'><strong>principibus</strong></span> <span class='ocrx_word' id='word_1_428' title='bbox 1524 2030 1674 2065; x_wconf 79' lang='lat' dir='ltr'><strong>majoribus</strong></span> 
     </span>
    </p>
   </div>
   <div class='ocr_carea' id='block_1_65' title="bbox 888 2074 1675 2112">
    <p class='ocr_par' dir='ltr' id='par_1_65' title="bbox 888 2074 1675 2112">
     <span class='ocr_line' id='line_1_65' title="bbox 888 2074 1675 2112; baseline 0 -8"><span class='ocrx_word' id='word_1_429' title='bbox 888 2081 915 2104; x_wconf 88' lang='lat' dir='ltr'><strong>et</strong></span> <span class='ocrx_word' id='word_1_430' title='bbox 925 2074 1088 2107; x_wconf 88' lang='lat' dir='ltr'><strong>minoribus,</strong></span> <span class='ocrx_word' id='word_1_431' title='bbox 1103 2083 1154 2103; x_wconf 89' lang='lat' dir='ltr'><strong>ceu</strong></span> <span class='ocrx_word' id='word_1_432' title='bbox 1172 2076 1228 2111; x_wconf 92' lang='lat' dir='ltr'><strong>jam</strong></span> <span class='ocrx_word' id='word_1_433' title='bbox 1243 2075 1352 2104; x_wconf 84' lang='lat' dir='ltr'><strong>Christo</strong></span> <span class='ocrx_word' id='word_1_434' title='bbox 1370 2076 1534 2112; x_wconf 70' lang='lat' dir='ltr'><strong>aggregatis,</strong></span> <span class='ocrx_word' id='word_1_435' title='bbox 1548 2076 1675 2104; x_wconf 51' lang='lat' dir='ltr'><strong>inscribi.</strong></span> 
     </span>
    </p>
   </div>
   <div class='ocr_carea' id='block_1_66' title="bbox 888 2120 1674 2158">
    <p class='ocr_par' dir='ltr' id='par_1_66' title="bbox 888 2120 1674 2158">
     <span class='ocr_line' id='line_1_66' title="bbox 888 2120 1674 2158; baseline 0.003 -9"><span class='ocrx_word' id='word_1_436' title='bbox 888 2126 944 2154; x_wconf 87' lang='lat' dir='ltr'><strong>tur,</strong></span> <span class='ocrx_word' id='word_1_437' title='bbox 967 2120 1014 2158; x_wconf 87' lang='lat' dir='ltr'><strong>qui</strong></span> <span class='ocrx_word' id='word_1_438' title='bbox 1039 2128 1098 2149; x_wconf 65' lang='grc' dir='ltr'><strong>εενο</strong></span> <span class='ocrx_word' id='word_1_439' title='bbox 1121 2122 1270 2151; x_wconf 88' lang='lat' dir='ltr'><strong>Clementis</strong></span> <span class='ocrx_word' id='word_1_440' title='bbox 1296 2123 1368 2150; x_wconf 87' lang='lat' dir='ltr'><strong>inter</strong></span> <span class='ocrx_word' id='word_1_441' title='bbox 1389 2122 1482 2150; x_wconf 87' lang='lat' dir='ltr'><strong>ﬁdeles</strong></span> <span class='ocrx_word' id='word_1_442' title='bbox 1508 2122 1597 2150; x_wconf 87' lang='lat' dir='ltr'><strong>adhuc</strong></span> <span class='ocrx_word' id='word_1_443' title='bbox 1607 2125 1674 2151; x_wconf 85' lang='lat' dir='ltr'><strong>nulli</strong></span> 
     </span>
    </p>
   </div>
   <div class='ocr_carea' id='block_1_67' title="bbox 889 2167 1673 2204">
    <p class='ocr_par' dir='ltr' id='par_1_67' title="bbox 889 2167 1673 2204">
     <span class='ocr_line' id='line_1_67' title="bbox 889 2167 1673 2204; baseline 0.001 -10"><span class='ocrx_word' id='word_1_444' title='bbox 889 2172 977 2196; x_wconf 90' lang='lat' dir='ltr'><strong>erant.</strong></span> <span class='ocrx_word' id='word_1_445' title='bbox 988 2168 1090 2202; x_wconf 86' lang='lat' dir='ltr'><strong>Quarta</strong></span> <span class='ocrx_word' id='word_1_446' title='bbox 1099 2168 1133 2194; x_wconf 90' lang='lat' dir='ltr'><strong>ad</strong></span> <span class='ocrx_word' id='word_1_447' title='bbox 1139 2167 1240 2195; x_wconf 79' lang='lat' dir='ltr'><strong>Julium</strong></span> <span class='ocrx_word' id='word_1_448' title='bbox 1253 2171 1280 2195; x_wconf 89' lang='lat' dir='ltr'><strong>et</strong></span> <span class='ocrx_word' id='word_1_449' title='bbox 1289 2167 1427 2195; x_wconf 72' lang='lat' dir='ltr'><strong>Iulianum</strong></span> <span class='ocrx_word' id='word_1_450' title='bbox 1438 2168 1587 2204; x_wconf 89' lang='lat' dir='ltr'><strong>discipulos</strong></span> <span class='ocrx_word' id='word_1_451' title='bbox 1600 2169 1673 2203; x_wconf 81' lang='lat' dir='ltr'><strong>data,</strong></span> 
     </span>
    </p>
   </div>
   <div class='ocr_carea' id='block_1_68' title="bbox 52 2213 1676 2251">
    <p class='ocr_par' dir='ltr' id='par_1_68' title="bbox 52 2213 1676 2251">
     <span class='ocr_line' id='line_1_68' title="bbox 52 2213 1676 2251; baseline 0.002 -12"><span class='ocrx_word' id='word_1_452' title='bbox 52 2215 116 2242; x_wconf 85' lang='lat' dir='ltr'><strong>tales</strong></span> <span class='ocrx_word' id='word_1_453' title='bbox 129 2215 264 2242; x_wconf 86' lang='lat' dir='ltr'><strong>Clementi</strong></span> <span class='ocrx_word' id='word_1_454' title='bbox 277 2214 401 2242; x_wconf 87' lang='lat' dir='ltr'><strong>Romano</strong></span> <span class='ocrx_word' id='word_1_455' title='bbox 417 2215 583 2250; x_wconf 80' lang='lat' dir='ltr'><strong>suppositas.</strong></span> <span class='ocrx_word' id='word_1_456' title='bbox 599 2215 674 2242; x_wconf 82' lang='lat' dir='ltr'><strong>Adeo</strong></span> <span class='ocrx_word' id='word_1_457' title='bbox 685 2216 757 2243; x_wconf 90' lang='lat' dir='ltr'><strong>enim</strong></span> <span class='ocrx_word' id='word_1_458' title='bbox 774 2224 836 2251; x_wconf 84' lang='lat' dir='ltr'><strong>per-</strong></span> <span class='ocrx_word' id='word_1_459' title='bbox 853 2214 873 2240; x_wconf 91' lang='lat' dir='ltr'><strong>D</strong></span> <span class='ocrx_word' id='word_1_460' title='bbox 886 2213 1091 2248; x_wconf 89' lang='lat' dir='ltr'><strong>puriﬁeationes</strong></span> <span class='ocrx_word' id='word_1_461' title='bbox 1119 2222 1168 2242; x_wconf 88' lang='lat' dir='ltr'><strong>seu</strong></span> <span class='ocrx_word' id='word_1_462' title='bbox 1188 2214 1343 2241; x_wconf 88' lang='lat' dir='ltr'><strong>ablutiones</strong></span> <span class='ocrx_word' id='word_1_463' title='bbox 1363 2213 1493 2241; x_wconf 75' lang='lat' dir='ltr'><strong>Judaicas</strong></span> <span class='ocrx_word' id='word_1_464' title='bbox 1518 2213 1624 2246; x_wconf 86' lang='lat' dir='ltr'><strong>suadet,</strong></span> <span class='ocrx_word' id='word_1_465' title='bbox 1649 2220 1676 2242; x_wconf 90' lang='lat' dir='ltr'><strong>et</strong></span> 
     </span>
    </p>
   </div>
   <div class='ocr_carea' id='block_1_69' title="bbox 53 2261 835 2295">
    <p class='ocr_par' dir='ltr' id='par_1_69' title="bbox 53 2261 835 2295">
     <span class='ocr_line' id='line_1_69' title="bbox 53 2261 835 2295; baseline 0.003 -8"><span class='ocrx_word' id='word_1_466' title='bbox 53 2261 204 2295; x_wconf 81' lang='lat' dir='ltr'><strong>spicacibus</strong></span> <span class='ocrx_word' id='word_1_467' title='bbox 220 2261 288 2289; x_wconf 89' lang='lat' dir='ltr'><strong>viris</strong></span> <span class='ocrx_word' id='word_1_468' title='bbox 299 2261 435 2288; x_wconf 88' lang='lat' dir='ltr'><strong>deformes</strong></span> <span class='ocrx_word' id='word_1_469' title='bbox 455 2261 581 2289; x_wconf 89' lang='lat' dir='ltr'><strong>videntur</strong></span> <span class='ocrx_word' id='word_1_470' title='bbox 593 2262 645 2289; x_wconf 89' lang='lat' dir='ltr'><strong>hoc</strong></span> <span class='ocrx_word' id='word_1_471' title='bbox 659 2262 755 2290; x_wconf 89' lang='lat' dir='ltr'><strong>saltem</strong></span> <span class='ocrx_word' id='word_1_472' title='bbox 768 2267 835 2290; x_wconf 90' lang='lat' dir='ltr'><strong>tem-</strong></span> 
     </span>
    </p>
   </div>
   <div class='ocr_carea' id='block_1_70' title="bbox 53 2306 835 2343">
    <p class='ocr_par' dir='ltr' id='par_1_70' title="bbox 53 2306 835 2343">
     <span class='ocr_line' id='line_1_70' title="bbox 53 2306 835 2343; baseline 0.004 -11"><span class='ocrx_word' id='word_1_473' title='bbox 53 2313 123 2339; x_wconf 89' lang='lat' dir='ltr'><strong>pore,</strong></span> <span class='ocrx_word' id='word_1_474' title='bbox 145 2311 174 2333; x_wconf 90' lang='lat' dir='ltr'><strong>ut</strong></span> <span class='ocrx_word' id='word_1_475' title='bbox 199 2306 275 2333; x_wconf 90' lang='lat' dir='ltr'><strong>nulla</strong></span> <span class='ocrx_word' id='word_1_476' title='bbox 291 2310 359 2338; x_wconf 86' lang='lat' dir='ltr'><strong>arte,</strong></span> <span class='ocrx_word' id='word_1_477' title='bbox 375 2307 450 2333; x_wconf 91' lang='lat' dir='ltr'><strong>nulla</strong></span> <span class='ocrx_word' id='word_1_478' title='bbox 471 2314 593 2340; x_wconf 86' lang='lat' dir='ltr'><strong>cerussa,</strong></span> <span class='ocrx_word' id='word_1_479' title='bbox 611 2312 658 2334; x_wconf 87' lang='lat' dir='ltr'><strong>aut</strong></span> <span class='ocrx_word' id='word_1_480' title='bbox 671 2308 835 2343; x_wconf 90' lang='lat' dir='ltr'><strong>purpurisso</strong></span> 
     </span>
    </p>
   </div>
   <div class='ocr_carea' id='block_1_71' title="bbox 53 2351 835 2386">
    <p class='ocr_par' dir='ltr' id='par_1_71' title="bbox 53 2351 835 2386">
     <span class='ocr_line' id='line_1_71' title="bbox 53 2351 835 2386; baseline 0.006 -9"><span class='ocrx_word' id='word_1_481' title='bbox 53 2351 132 2378; x_wconf 84' lang='lat' dir='ltr'><strong>fucari</strong></span> <span class='ocrx_word' id='word_1_482' title='bbox 147 2353 270 2386; x_wconf 87' lang='lat' dir='ltr'><strong>possint.</strong></span> <span class='ocrx_word' id='word_1_483' title='bbox 283 2351 374 2378; x_wconf 83' lang='lat' dir='ltr'><strong>Prima</strong></span> <span class='ocrx_word' id='word_1_484' title='bbox 389 2352 422 2379; x_wconf 91' lang='lat' dir='ltr'><strong>ad</strong></span> <span class='ocrx_word' id='word_1_485' title='bbox 438 2351 569 2380; x_wconf 86' lang='lat' dir='ltr'><strong>Jacobum</strong></span> <span class='ocrx_word' id='word_1_486' title='bbox 596 2353 707 2381; x_wconf 89' lang='lat' dir='ltr'><strong>fratrem</strong></span> <span class='ocrx_word' id='word_1_487' title='bbox 727 2354 835 2382; x_wconf 87' lang='lat' dir='ltr'><strong>Domini</strong></span> 
     </span>
    </p>
   </div>
   <div class='ocr_carea' id='block_1_72' title="bbox 51 2396 835 2435">
    <p class='ocr_par' dir='ltr' id='par_1_72' title="bbox 51 2396 835 2435">
     <span class='ocr_line' id='line_1_72' title="bbox 51 2396 835 2435; baseline 0.008 -12"><span class='ocrx_word' id='word_1_488' title='bbox 51 2402 75 2422; x_wconf 85' lang='lat' dir='ltr'><strong>et</strong></span> <span class='ocrx_word' id='word_1_489' title='bbox 86 2396 339 2432; x_wconf 84' lang='lat' dir='ltr'><strong>Hierosolymorum</strong></span> <span class='ocrx_word' id='word_1_490' title='bbox 350 2398 500 2426; x_wconf 88' lang='lat' dir='ltr'><strong>antistitem</strong></span> <span class='ocrx_word' id='word_1_491' title='bbox 511 2399 585 2432; x_wconf 88' lang='lat' dir='ltr'><strong>data,</strong></span> <span class='ocrx_word' id='word_1_492' title='bbox 595 2408 753 2435; x_wconf 87' lang='lat' dir='ltr'><strong>quanquam</strong></span> <span class='ocrx_word' id='word_1_493' title='bbox 768 2401 835 2430; x_wconf 86' lang='lat' dir='ltr'><strong>satis</strong></span> 
     </span>
    </p>
   </div>
   <div class='ocr_carea' id='block_1_73' title="bbox 52 2442 836 2480">
    <p class='ocr_par' dir='ltr' id='par_1_73' title="bbox 52 2442 836 2480">
     <span class='ocr_line' id='line_1_73' title="bbox 52 2442 836 2480; baseline 0.009 -13"><span class='ocrx_word' id='word_1_494' title='bbox 52 2443 169 2478; x_wconf 85' lang='lat' dir='ltr'><strong>antiqua,</strong></span> <span class='ocrx_word' id='word_1_495' title='bbox 186 2442 290 2477; x_wconf 85' lang='lat' dir='ltr'><strong>quippe</strong></span> <span class='ocrx_word' id='word_1_496' title='bbox 309 2443 366 2477; x_wconf 84' lang='lat' dir='ltr'><strong>jam</strong></span> <span class='ocrx_word' id='word_1_497' title='bbox 380 2450 396 2470; x_wconf 94' lang='lat' dir='ltr'><strong>a</strong></span> <span class='ocrx_word' id='word_1_498' title='bbox 419 2443 517 2471; x_wconf 80' lang='lat' dir='ltr'><strong>Ruﬁno</strong></span> <span class='ocrx_word' id='word_1_499' title='bbox 539 2445 632 2472; x_wconf 66' lang='lat' dir='ltr'><strong>saeculi</strong></span> <span class='ocrx_word' id='word_1_500' title='bbox 654 2447 743 2480; x_wconf 89' lang='lat' dir='ltr'><strong>quarti</strong></span> <span class='ocrx_word' id='word_1_501' title='bbox 765 2447 836 2474; x_wconf 86' lang='lat' dir='ltr'><strong>scri-</strong></span> 
     </span>
    </p>
   </div>
   <div class='ocr_carea' id='block_1_74' title="bbox 52 2489 834 2523">
    <p class='ocr_par' dir='ltr' id='par_1_74' title="bbox 52 2489 834 2523">
     <span class='ocr_line' id='line_1_74' title="bbox 52 2489 834 2523; baseline 0.006 -8"><span class='ocrx_word' id='word_1_502' title='bbox 52 2492 124 2521; x_wconf 81' lang='lat' dir='ltr'><strong>ptore</strong></span> <span class='ocrx_word' id='word_1_503' title='bbox 138 2489 165 2516; x_wconf 91' lang='lat' dir='ltr'><strong>in</strong></span> <span class='ocrx_word' id='word_1_504' title='bbox 181 2489 310 2516; x_wconf 89' lang='lat' dir='ltr'><strong>Latinum</strong></span> <span class='ocrx_word' id='word_1_505' title='bbox 327 2490 470 2523; x_wconf 87' lang='lat' dir='ltr'><strong>translata,</strong></span> <span class='ocrx_word' id='word_1_506' title='bbox 493 2494 520 2518; x_wconf 88' lang='lat' dir='ltr'><strong>et</strong></span> <span class='ocrx_word' id='word_1_507' title='bbox 536 2492 677 2519; x_wconf 88' lang='lat' dir='ltr'><strong>nonnullis</strong></span> <span class='ocrx_word' id='word_1_508' title='bbox 689 2493 769 2520; x_wconf 90' lang='lat' dir='ltr'><strong>etiam</strong></span> <span class='ocrx_word' id='word_1_509' title='bbox 784 2501 834 2520; x_wconf 89' lang='lat' dir='ltr'><strong>an-</strong></span> 
     </span>
    </p>
   </div>
   <div class='ocr_carea' id='block_1_75' title="bbox 50 2534 836 2574">
    <p class='ocr_par' dir='ltr' id='par_1_75' title="bbox 50 2534 836 2574">
     <span class='ocr_line' id='line_1_75' title="bbox 50 2534 836 2574; baseline 0.008 -14"><span class='ocrx_word' id='word_1_510' title='bbox 50 2534 130 2568; x_wconf 85' lang='lat' dir='ltr'><strong>tiquis</strong></span> <span class='ocrx_word' id='word_1_511' title='bbox 149 2543 288 2562; x_wconf 87' lang='lat' dir='ltr'><strong>canonum</strong></span> <span class='ocrx_word' id='word_1_512' title='bbox 304 2535 524 2570; x_wconf 90' lang='lat' dir='ltr'><strong>collectionibus,</strong></span> <span class='ocrx_word' id='word_1_513' title='bbox 549 2537 767 2574; x_wconf 89' lang='lat' dir='ltr'><strong>nominatimque</strong></span> <span class='ocrx_word' id='word_1_514' title='bbox 789 2546 836 2566; x_wconf 89' lang='lat' dir='ltr'><strong>co-</strong></span> 
     </span>
    </p>
   </div>
   <div class='ocr_carea' id='block_1_76' title="bbox 49 2580 836 2618">
    <p class='ocr_par' dir='ltr' id='par_1_76' title="bbox 49 2580 836 2618">
     <span class='ocr_line' id='line_1_76' title="bbox 49 2580 836 2618; baseline 0.008 -12"><span class='ocrx_word' id='word_1_515' title='bbox 49 2580 116 2607; x_wconf 90' lang='lat' dir='ltr'><strong>dicis</strong></span> <span class='ocrx_word' id='word_1_516' title='bbox 123 2588 138 2607; x_wconf 91' lang='lat' dir='ltr'><strong>a</strong></span> <span class='ocrx_word' id='word_1_517' title='bbox 146 2580 299 2608; x_wconf 88' lang='lat' dir='ltr'><strong>Paschasio</strong></span> <span class='ocrx_word' id='word_1_518' title='bbox 309 2581 455 2614; x_wconf 85' lang='lat' dir='ltr'><strong>Quesnello</strong></span> <span class='ocrx_word' id='word_1_519' title='bbox 466 2583 566 2618; x_wconf 76' lang='lat' dir='ltr'><strong>vulgati</strong></span> <span class='ocrx_word' id='word_1_520' title='bbox 577 2583 738 2618; x_wconf 90' lang='lat' dir='ltr'><strong>quibusdam</strong></span> <span class='ocrx_word' id='word_1_521' title='bbox 747 2592 836 2612; x_wconf 78' lang='lat' dir='ltr'><strong>exem-</strong></span> 
     </span>
    </p>
   </div>
   <div class='ocr_carea' id='block_1_77' title="bbox 50 2625 834 2661">
    <p class='ocr_par' dir='ltr' id='par_1_77' title="bbox 50 2625 834 2661">
     <span class='ocr_line' id='line_1_77' title="bbox 50 2625 834 2661; baseline 0.006 -11"><span class='ocrx_word' id='word_1_522' title='bbox 50 2626 167 2658; x_wconf 86' lang='lat' dir='ltr'><strong>plaribus</strong></span> <span class='ocrx_word' id='word_1_523' title='bbox 183 2626 288 2653; x_wconf 88' lang='lat' dir='ltr'><strong>inserta</strong></span> <span class='ocrx_word' id='word_1_524' title='bbox 305 2625 373 2661; x_wconf 70' lang='lat'><strong>(28),</strong></span> <span class='ocrx_word' id='word_1_525' title='bbox 385 2626 480 2660; x_wconf 87' lang='lat' dir='ltr'><strong>spuria</strong></span> <span class='ocrx_word' id='word_1_526' title='bbox 491 2630 582 2654; x_wconf 89' lang='lat' dir='ltr'><strong>tamen</strong></span> <span class='ocrx_word' id='word_1_527' title='bbox 594 2635 609 2653; x_wconf 91' lang='lat' dir='ltr'><strong>a</strong></span> <span class='ocrx_word' id='word_1_528' title='bbox 624 2628 762 2655; x_wconf 89' lang='lat' dir='ltr'><strong>modernis</strong></span> <span class='ocrx_word' id='word_1_529' title='bbox 779 2628 834 2655; x_wconf 87' lang='lat' dir='ltr'><strong>cri-</strong></span> 
     </span>
    </p>
   </div>
   <div class='ocr_carea' id='block_1_78' title="bbox 49 2671 836 2707">
    <p class='ocr_par' dir='ltr' id='par_1_78' title="bbox 49 2671 836 2707">
     <span class='ocr_line' id='line_1_78' title="bbox 49 2671 836 2707; baseline 0.005 -11"><span class='ocrx_word' id='word_1_530' title='bbox 49 2671 108 2700; x_wconf 78' lang='lat' dir='ltr'><strong>ticis</strong></span> <span class='ocrx_word' id='word_1_531' title='bbox 123 2679 201 2707; x_wconf 70' lang='lat' dir='ltr'><strong>paene</strong></span> <span class='ocrx_word' id='word_1_532' title='bbox 209 2672 338 2700; x_wconf 87' lang='lat' dir='ltr'><strong>omnibus</strong></span> <span class='ocrx_word' id='word_1_533' title='bbox 350 2673 521 2707; x_wconf 77' lang='lat' dir='ltr'><strong>agnoscitur.</strong></span> <span class='ocrx_word' id='word_1_534' title='bbox 536 2672 601 2701; x_wconf 85' lang='lat' dir='ltr'><strong>Inde</strong></span> <span class='ocrx_word' id='word_1_535' title='bbox 617 2678 708 2701; x_wconf 90' lang='lat' dir='ltr'><strong>autem</strong></span> <span class='ocrx_word' id='word_1_536' title='bbox 723 2677 798 2702; x_wconf 89' lang='lat' dir='ltr'><strong>certa</strong></span> <span class='ocrx_word' id='word_1_537' title='bbox 809 2678 836 2701; x_wconf 92' lang='lat' dir='ltr'><strong>et</strong></span> 
     </span>
    </p>
   </div>
   <div class='ocr_carea' id='block_1_79' title="bbox 80 2793 832 2832">
    <p class='ocr_par' dir='ltr' id='par_1_79' title="bbox 80 2793 832 2832">
     <span class='ocr_line' id='line_1_79' title="bbox 80 2793 832 2832; baseline 0.004 -11"><span class='ocrx_word' id='word_1_538' title='bbox 80 2794 136 2832; x_wconf 53' lang='grc' dir='ltr'><strong>(ᾗ)</strong></span> <span class='ocrx_word' id='word_1_539' title='bbox 153 2793 369 2832; x_wconf 41' lang='grc' dir='ltr'><strong>ῌῇιιῇουιηΡΡη</strong></span> <span class='ocrx_word' id='word_1_540' title='bbox 382 2799 447 2823; x_wconf 89' lang='lat' dir='ltr'><strong>tom.</strong></span> <span class='ocrx_word' id='word_1_541' title='bbox 459 2795 479 2827; x_wconf 83' lang='grc' dir='ltr'><strong>Ι,</strong></span> <span class='ocrx_word' id='word_1_542' title='bbox 501 2795 650 2831; x_wconf 77' lang='lat' dir='ltr'><strong>prolegom.</strong></span> <span class='ocrx_word' id='word_1_543' title='bbox 671 2796 696 2827; x_wconf 80' lang='grc' dir='ltr'><strong>Ι,</strong></span> <span class='ocrx_word' id='word_1_544' title='bbox 712 2804 773 2832; x_wconf 77' lang='lat' dir='ltr'><strong>pag.</strong></span> <span class='ocrx_word' id='word_1_545' title='bbox 788 2796 832 2824; x_wconf 75' lang='grc'><strong>25.</strong></span> 
     </span>
    </p>
   </div>
   <div class='ocr_carea' id='block_1_80' title="bbox 83 2829 835 2866">
    <p class='ocr_par' dir='ltr' id='par_1_80' title="bbox 83 2829 835 2866">
     <span class='ocr_line' id='line_1_80' title="bbox 83 2829 835 2866; baseline 0.004 -11"><span class='ocrx_word' id='word_1_546' title='bbox 83 2829 139 2866; x_wconf 61' lang='lat'><strong>(38)</strong></span> <span class='ocrx_word' id='word_1_547' title='bbox 161 2829 358 2866; x_wconf 68' lang='lat' dir='ltr'><strong>Undemirutn</strong></span> <span class='ocrx_word' id='word_1_548' title='bbox 378 2838 431 2857; x_wconf 92' lang='lat' dir='ltr'><strong>nou</strong></span> <span class='ocrx_word' id='word_1_549' title='bbox 451 2835 493 2858; x_wconf 69' lang='lat' dir='ltr'><strong>est</strong></span> <span class='ocrx_word' id='word_1_550' title='bbox 506 2829 739 2866; x_wconf 32' lang='lat' dir='ltr'><strong>hanc‘epistolain</strong></span> <span class='ocrx_word' id='word_1_551' title='bbox 749 2829 835 2858; x_wconf 71' lang='grc' dir='ltr'><strong>’κηηο</strong></span> 
     </span>
    </p>
   </div>
   <div class='ocr_carea' id='block_1_81' title="bbox 50 2863 834 2899">
    <p class='ocr_par' dir='ltr' id='par_1_81' title="bbox 50 2863 834 2899">
     <span class='ocr_line' id='line_1_81' title="bbox 50 2863 834 2899; baseline 0.005 -9"><span class='ocrx_word' id='word_1_552' title='bbox 50 2864 99 2891; x_wconf 62' lang='grc'><strong>412</strong></span> <span class='ocrx_word' id='word_1_553' title='bbox 115 2872 131 2891; x_wconf 89' lang='lat' dir='ltr'><strong>a</strong></span> <span class='ocrx_word' id='word_1_554' title='bbox 147 2864 269 2893; x_wconf 85' lang='lat' dir='ltr'><strong>concilio</strong></span> <span class='ocrx_word' id='word_1_555' title='bbox 290 2863 397 2894; x_wconf 71' lang='lat' dir='ltr'><strong>Valens:</strong></span> <span class='ocrx_word' id='word_1_556' title='bbox 411 2874 430 2899; x_wconf 91' lang='lat' dir='ltr'><strong>I,</strong></span> <span class='ocrx_word' id='word_1_557' title='bbox 447 2875 551 2895; x_wconf 79' lang='lat' dir='ltr'><strong>canone</strong></span> <span class='ocrx_word' id='word_1_558' title='bbox 568 2863 619 2899; x_wconf 46' lang='lat'><strong>16,-</strong></span> <span class='ocrx_word' id='word_1_559' title='bbox 635 2874 666 2894; x_wconf 89' lang='lat' dir='ltr'><strong>ac</strong></span> <span class='ocrx_word' id='word_1_560' title='bbox 689 2867 804 2894; x_wconf 84' lang='lat' dir='ltr'><strong>subinde</strong></span> <span class='ocrx_word' id='word_1_561' title='bbox 819 2875 834 2894; x_wconf 83' lang='lat' dir='ltr'><strong>a</strong></span> 
     </span>
    </p>
   </div>
   <div class='ocr_carea' id='block_1_82' title="bbox 888 2259 1675 2295">
    <p class='ocr_par' dir='ltr' id='par_1_82' title="bbox 888 2259 1675 2295">
     <span class='ocr_line' id='line_1_82' title="bbox 888 2259 1675 2295; baseline 0 -9"><span class='ocrx_word' id='word_1_562' title='bbox 888 2268 938 2295; x_wconf 91' lang='lat' dir='ltr'><strong>pro</strong></span> <span class='ocrx_word' id='word_1_563' title='bbox 953 2264 1028 2288; x_wconf 85' lang='lat' dir='ltr'><strong>certo</strong></span> <span class='ocrx_word' id='word_1_564' title='bbox 1043 2261 1129 2295; x_wconf 89' lang='lat' dir='ltr'><strong>ponit,</strong></span> <span class='ocrx_word' id='word_1_565' title='bbox 1152 2267 1224 2292; x_wconf 89' lang='lat' dir='ltr'><strong>eum,</strong></span> <span class='ocrx_word' id='word_1_566' title='bbox 1243 2259 1290 2294; x_wconf 90' lang='lat' dir='ltr'><strong>qui</strong></span> <span class='ocrx_word' id='word_1_567' title='bbox 1306 2259 1355 2287; x_wconf 83' lang='lat' dir='ltr'><strong>bas</strong></span> <span class='ocrx_word' id='word_1_568' title='bbox 1372 2259 1496 2294; x_wconf 77' lang='lat' dir='ltr'><strong>negligit.</strong></span> <span class='ocrx_word' id='word_1_569' title='bbox 1512 2266 1562 2286; x_wconf 87' lang='lat' dir='ltr'><strong>nec</strong></span> <span class='ocrx_word' id='word_1_570' title='bbox 1579 2259 1612 2286; x_wconf 86' lang='lat' dir='ltr'><strong>de</strong></span> <span class='ocrx_word' id='word_1_571' title='bbox 1632 2259 1675 2286; x_wconf 89' lang='lat' dir='ltr'><strong>in-</strong></span> 
     </span>
    </p>
   </div>
   <div class='ocr_carea' id='block_1_83' title="bbox 887 2305 1675 2342">
    <p class='ocr_par' dir='ltr' id='par_1_83' title="bbox 887 2305 1675 2342">
     <span class='ocr_line' id='line_1_83' title="bbox 887 2305 1675 2342; baseline -0.004 -8"><span class='ocrx_word' id='word_1_572' title='bbox 887 2311 964 2335; x_wconf 88' lang='lat' dir='ltr'><strong>terna</strong></span> <span class='ocrx_word' id='word_1_573' title='bbox 978 2307 1075 2334; x_wconf 69' lang='lat' dir='ltr'><strong>animae</strong></span> <span class='ocrx_word' id='word_1_574' title='bbox 1089 2307 1210 2342; x_wconf 86' lang='lat' dir='ltr'><strong>puritate</strong></span> <span class='ocrx_word' id='word_1_575' title='bbox 1223 2305 1356 2341; x_wconf 81' lang='lat' dir='ltr'><strong>cogitare.</strong></span> <span class='ocrx_word' id='word_1_576' title='bbox 1369 2305 1470 2338; x_wconf 84' lang='lat' dir='ltr'><strong>Quinta</strong></span> <span class='ocrx_word' id='word_1_577' title='bbox 1487 2305 1605 2340; x_wconf 87' lang='lat' dir='ltr'><strong>denique</strong></span> <span class='ocrx_word' id='word_1_578' title='bbox 1619 2305 1675 2332; x_wconf 87' lang='lat' dir='ltr'><strong>fra-</strong></span> 
     </span>
    </p>
   </div>
   <div class='ocr_carea' id='block_1_84' title="bbox 887 2349 1674 2387">
    <p class='ocr_par' dir='ltr' id='par_1_84' title="bbox 887 2349 1674 2387">
     <span class='ocr_line' id='line_1_84' title="bbox 887 2349 1674 2387; baseline -0.004 -8"><span class='ocrx_word' id='word_1_579' title='bbox 887 2352 976 2380; x_wconf 84' lang='lat' dir='ltr'><strong>tribus</strong></span> <span class='ocrx_word' id='word_1_580' title='bbox 987 2356 1014 2379; x_wconf 90' lang='lat' dir='ltr'><strong>ct</strong></span> <span class='ocrx_word' id='word_1_581' title='bbox 1026 2351 1222 2387; x_wconf 88' lang='lat' dir='ltr'><strong>condiscipulis</strong></span> <span class='ocrx_word' id='word_1_582' title='bbox 1235 2351 1412 2386; x_wconf 75' lang='lat' dir='ltr'><strong>Jerosolyma:</strong></span> <span class='ocrx_word' id='word_1_583' title='bbox 1427 2357 1488 2377; x_wconf 89' lang='lat' dir='ltr'><strong>cum</strong></span> <span class='ocrx_word' id='word_1_584' title='bbox 1501 2349 1605 2377; x_wconf 86' lang='lat' dir='ltr'><strong>Jacobo</strong></span> <span class='ocrx_word' id='word_1_585' title='bbox 1625 2350 1674 2376; x_wconf 84' lang='lat' dir='ltr'><strong>ha-</strong></span> 
     </span>
    </p>
   </div>
   <div class='ocr_carea' id='block_1_85' title="bbox 887 2395 1672 2432">
    <p class='ocr_par' dir='ltr' id='par_1_85' title="bbox 887 2395 1672 2432">
     <span class='ocr_line' id='line_1_85' title="bbox 887 2395 1672 2432; baseline -0.004 -7"><span class='ocrx_word' id='word_1_586' title='bbox 887 2398 1036 2426; x_wconf 89' lang='lat' dir='ltr'><strong>bitantibus</strong></span> <span class='ocrx_word' id='word_1_587' title='bbox 1057 2397 1205 2432; x_wconf 87' lang='lat' dir='ltr'><strong>inscripta,</strong></span> <span class='ocrx_word' id='word_1_588' title='bbox 1230 2400 1325 2424; x_wconf 89' lang='lat' dir='ltr'><strong>narrat</strong></span> <span class='ocrx_word' id='word_1_589' title='bbox 1346 2395 1513 2423; x_wconf 87' lang='lat' dir='ltr'><strong>Clementem</strong></span> <span class='ocrx_word' id='word_1_590' title='bbox 1540 2395 1672 2427; x_wconf 88' lang='lat' dir='ltr'><strong>adfuisse,</strong></span> 
     </span>
    </p>
   </div>
   <div class='ocr_carea' id='block_1_86' title="bbox 886 2440 1675 2478">
    <p class='ocr_par' dir='ltr' id='par_1_86' title="bbox 886 2440 1675 2478">
     <span class='ocr_line' id='line_1_86' title="bbox 886 2440 1675 2478; baseline -0.005 -7"><span class='ocrx_word' id='word_1_591' title='bbox 886 2443 951 2471; x_wconf 89' lang='lat' dir='ltr'><strong>dum</strong></span> <span class='ocrx_word' id='word_1_592' title='bbox 978 2443 1097 2471; x_wconf 87' lang='lat' dir='ltr'><strong>Ananias</strong></span> <span class='ocrx_word' id='word_1_593' title='bbox 1124 2447 1152 2470; x_wconf 90' lang='lat' dir='ltr'><strong>et</strong></span> <span class='ocrx_word' id='word_1_594' title='bbox 1176 2442 1293 2478; x_wconf 88' lang='lat' dir='ltr'><strong>Saphira</strong></span> <span class='ocrx_word' id='word_1_595' title='bbox 1318 2442 1450 2476; x_wconf 66' lang='lat' dir='ltr'><strong>coniuges</strong></span> <span class='ocrx_word' id='word_1_596' title='bbox 1476 2448 1569 2468; x_wconf 90' lang='lat' dir='ltr'><strong>coram</strong></span> <span class='ocrx_word' id='word_1_597' title='bbox 1593 2440 1675 2468; x_wconf 79' lang='lat' dir='ltr'><strong>Petro</strong></span> 
     </span>
    </p>
   </div>
   <div class='ocr_carea' id='block_1_87' title="bbox 878 2486 1672 2523">
    <p class='ocr_par' dir='ltr' id='par_1_87' title="bbox 878 2486 1672 2523">
     <span class='ocr_line' id='line_1_87' title="bbox 878 2486 1672 2523; baseline -0.003 -9"><span class='ocrx_word' id='word_1_598' title='bbox 878 2490 986 2517; x_wconf 75' lang='lat' dir='ltr'><strong>.mortui</strong></span> <span class='ocrx_word' id='word_1_599' title='bbox 1001 2489 1188 2520; x_wconf 89' lang='lat' dir='ltr'><strong>conciderunt,</strong></span> <span class='ocrx_word' id='word_1_600' title='bbox 1205 2487 1279 2523; x_wconf 92' lang='lat' dir='ltr'><strong>quod</strong></span> <span class='ocrx_word' id='word_1_601' title='bbox 1290 2488 1391 2514; x_wconf 91' lang='lat' dir='ltr'><strong>nullam</strong></span> <span class='ocrx_word' id='word_1_602' title='bbox 1407 2486 1672 2514; x_wconf 85' lang='lat' dir='ltr'><strong>verisimilitudinem</strong></span> 
     </span>
    </p>
   </div>
   <div class='ocr_carea' id='block_1_88' title="bbox 887 2531 1673 2569">
    <p class='ocr_par' dir='ltr' id='par_1_88' title="bbox 887 2531 1673 2569">
     <span class='ocr_line' id='line_1_88' title="bbox 887 2531 1673 2569; baseline -0.008 -6"><span class='ocrx_word' id='word_1_603' title='bbox 887 2537 987 2564; x_wconf 86' lang='lat' dir='ltr'><strong>habere</strong></span> <span class='ocrx_word' id='word_1_604' title='bbox 1001 2535 1109 2562; x_wconf 88' lang='lat' dir='ltr'><strong>videtur</strong></span> <span class='ocrx_word' id='word_1_605' title='bbox 1123 2544 1130 2562; x_wconf 72' lang='grc' dir='ltr'>ε</span> <span class='ocrx_word' id='word_1_606' title='bbox 1143 2538 1170 2562; x_wconf 91' lang='lat' dir='ltr'><strong>et</strong></span> <span class='ocrx_word' id='word_1_607' title='bbox 1188 2534 1251 2569; x_wconf 83' lang='lat' dir='ltr'><strong>quis</strong></span> <span class='ocrx_word' id='word_1_608' title='bbox 1267 2533 1360 2560; x_wconf 89' lang='lat' dir='ltr'><strong>credat</strong></span> <span class='ocrx_word' id='word_1_609' title='bbox 1378 2536 1505 2560; x_wconf 86' lang='lat' dir='ltr'><strong>sanctum</strong></span> <span class='ocrx_word' id='word_1_610' title='bbox 1530 2531 1673 2567; x_wconf 85' lang='lat' dir='ltr'><strong>(quemad-</strong></span> 
     </span>
    </p>
   </div>
   <div class='ocr_carea' id='block_1_89' title="bbox 887 2578 1672 2615">
    <p class='ocr_par' dir='ltr' id='par_1_89' title="bbox 887 2578 1672 2615">
     <span class='ocr_line' id='line_1_89' title="bbox 887 2578 1672 2615; baseline -0.006 -7"><span class='ocrx_word' id='word_1_611' title='bbox 887 2581 998 2608; x_wconf 91' lang='lat' dir='ltr'><strong>modum</strong></span> <span class='ocrx_word' id='word_1_612' title='bbox 1023 2581 1050 2608; x_wconf 93' lang='lat' dir='ltr'><strong>in</strong></span> <span class='ocrx_word' id='word_1_613' title='bbox 1073 2580 1125 2607; x_wconf 88' lang='lat' dir='ltr'><strong>bac</strong></span> <span class='ocrx_word' id='word_1_614' title='bbox 1149 2579 1265 2615; x_wconf 83' lang='lat' dir='ltr'><strong>epistola</strong></span> <span class='ocrx_word' id='word_1_615' title='bbox 1289 2578 1399 2614; x_wconf 81' lang='lat' dir='ltr'><strong>legitur)</strong></span> <span class='ocrx_word' id='word_1_616' title='bbox 1417 2578 1555 2610; x_wconf 86' lang='lat' dir='ltr'><strong>docuisse,</strong></span> <span class='ocrx_word' id='word_1_617' title='bbox 1580 2584 1672 2604; x_wconf 90' lang='lat' dir='ltr'><strong>rerum</strong></span> 
     </span>
    </p>
   </div>
   <div class='ocr_carea' id='block_1_90' title="bbox 887 2623 1674 2660">
    <p class='ocr_par' dir='ltr' id='par_1_90' title="bbox 887 2623 1674 2660">
     <span class='ocr_line' id='line_1_90' title="bbox 887 2623 1674 2660; baseline -0.006 -6"><span class='ocrx_word' id='word_1_618' title='bbox 887 2627 1008 2654; x_wconf 90' lang='lat' dir='ltr'><strong>omnium</strong></span> <span class='ocrx_word' id='word_1_619' title='bbox 1025 2633 1197 2654; x_wconf 84' lang='lat' dir='ltr'><strong>communem</strong></span> <span class='ocrx_word' id='word_1_620' title='bbox 1215 2633 1311 2657; x_wconf 85' lang='lat' dir='ltr'><strong>usum,</strong></span> <span class='ocrx_word' id='word_1_621' title='bbox 1327 2625 1504 2660; x_wconf 86' lang='lat' dir='ltr'><strong>ipsarumque</strong></span> <span class='ocrx_word' id='word_1_622' title='bbox 1523 2623 1592 2651; x_wconf 83' lang='lat' dir='ltr'><strong>adeo</strong></span> <span class='ocrx_word' id='word_1_623' title='bbox 1606 2631 1674 2650; x_wconf 75' lang='lat' dir='ltr'><strong>uxo-</strong></span> 
     </span>
    </p>
   </div>
   <div class='ocr_carea' id='block_1_91' title="bbox 886 2672 1255 2708">
    <p class='ocr_par' dir='ltr' id='par_1_91' title="bbox 886 2672 1255 2708">
     <span class='ocr_line' id='line_1_91' title="bbox 886 2672 1255 2708; baseline -0.005 -7"><span class='ocrx_word' id='word_1_624' title='bbox 886 2673 1126 2708; x_wconf 81' lang='lat' dir='ltr'><strong>rum,intereedcre</strong></span> <span class='ocrx_word' id='word_1_625' title='bbox 1142 2672 1255 2700; x_wconf 89' lang='lat' dir='ltr'><strong>debere.</strong></span> 
     </span>
    </p>
   </div>
   <div class='ocr_carea' id='block_1_92' title="bbox 886 2795 1667 2833">
    <p class='ocr_par' dir='ltr' id='par_1_92' title="bbox 886 2795 1667 2833">
     <span class='ocr_line' id='line_1_92' title="bbox 886 2795 1667 2833; baseline -0.005 -6"><span class='ocrx_word' id='word_1_626' title='bbox 886 2799 997 2827; x_wconf 86' lang='lat' dir='ltr'><strong>Nicolao</strong></span> <span class='ocrx_word' id='word_1_627' title='bbox 1011 2798 1032 2831; x_wconf 91' lang='lat' dir='ltr'><strong>l,</strong></span> <span class='ocrx_word' id='word_1_628' title='bbox 1050 2798 1154 2826; x_wconf 80' lang='lat' dir='ltr'><strong>Joanne</strong></span> <span class='ocrx_word' id='word_1_629' title='bbox 1162 2797 1218 2824; x_wconf 76' lang='lat' dir='ltr'><strong>V&#39;lll</strong></span> <span class='ocrx_word' id='word_1_630' title='bbox 1232 2796 1416 2833; x_wconf 79' lang='lat' dir='ltr'><strong>pontiﬁcibus,</strong></span> <span class='ocrx_word' id='word_1_631' title='bbox 1426 2795 1542 2831; x_wconf 87' lang='lat' dir='ltr'><strong>aliisque</strong></span> <span class='ocrx_word' id='word_1_632' title='bbox 1555 2795 1667 2823; x_wconf 80' lang='lat' dir='ltr'><strong>nomine</strong></span> 
     </span>
    </p>
   </div>
   <div class='ocr_carea' id='block_1_93' title="bbox 887 2833 1299 2863">
    <p class='ocr_par' dir='ltr' id='par_1_93' title="bbox 887 2833 1299 2863">
     <span class='ocr_line' id='line_1_93' title="bbox 887 2833 1299 2863; baseline -0.005 -1"><span class='ocrx_word' id='word_1_633' title='bbox 887 2834 1036 2863; x_wconf 78' lang='lat' dir='ltr'><strong>Clementis</strong></span> <span class='ocrx_word' id='word_1_634' title='bbox 1049 2835 1134 2862; x_wconf 82' lang='lat' dir='ltr'><strong>fuisse</strong></span> <span class='ocrx_word' id='word_1_635' title='bbox 1152 2833 1299 2861; x_wconf 87' lang='lat' dir='ltr'><strong>laudatam.</strong></span> 
     </span>
    </p>
   </div>
  </div>
