1875 3101
194 153 242 182 147

458 209 656 238 ARTICULL'S
680 211 713 238 ll.

191 276 225 296 ιι
256 275 473 296 RECOGNITIONUI
503 276 607 299 LIBRIS.
638 276 766 295 LITERGIA
789 275 976 301 CLEMENTINL,

332 311 456 335 ALIISQUE
477 311 506 331 ευ
511 311 671 332 ιφοειτιτιιε
691 312 830 333 OPERIBUS.

226 349 354 377 Testatur
365 349 478 377 Photius
498 350 554 386 (29)
569 350 624 378 duo
638 351 776 379 volumina
790 359 805 379 a
817 360 846 380 se
860 354 978 388 perlecta

191 394 287 428 fuisse,
302 403 363 430 quae
378 396 479 430 scripta
494 397 635 431 complura
657 397 708 424 sub
725 398 811 425 sancti
831 398 978 427 Clementis

191 442 303 470 nomine
314 442 576 477 eomplectebantur.
592 437 681 470 Priori
701 444 857 479 apostolicae
875 446 979 473 consti-

190 489 311 517 tutiones
323 509 329 521 ,
347 496 416 524 opus
437 489 508 524 apud
531 490 687 518 universam
701 491 891 526 antiquitatem
907 492 978 519 cele-

190 533 352 565 berrimum,
373 533 600 564 continebantur:
621 535 694 569 quod
715 539 806 562 tamen
834 536 976 564 doctorum

190 577 313 604 virorum
336 577 442 612 judicio
458 579 538 614 longe
558 582 619 613 post
634 580 722 606 sancti
739 580 822 614 hujus
837 580 977 609 Pontiﬁcis

189 627 312 658 tempora
329 624 516 659 conscriptum
535 624 586 652 fuit
604 624 671 660 (50),
694 626 780 653 altero
795 627 883 654 sancti
904 626 977 654 Petri

189 676 235 697 res
249 673 342 704 gestae,
356 670 470 705 ejusque
482 679 543 699 cum
557 669 668 699 Simone
684 671 761 707 Mago
777 673 913 708 colloquia
929 674 978 701 de-

190 715 361 749 scribuntur,
386 719 413 743 et
429 724 481 751 qua
508 717 614 745 ratione
637 719 726 746 sancti
748 718 895 747 Clementis
920 720 977 754 ipse

189 765 340 797 parentem,
363 765 445 797 atque
471 763 569 791 fratres
591 771 657 791 suos
681 765 879 800 recognoverit,
905 765 977 794 unde

189 805 403 842 Recognitionum
420 808 565 844 appellatio
575 810 739 845 syntagmati
753 810 817 838 huic
827 810 911 838 indita
923 814 974 838 est.

191 851 266 879 Solet
288 857 315 879 et
329 852 441 886 Itinera,
456 858 504 881 aut
523 853 698 880 [litterarium
724 854 765 881 vel
787 854 922 883 Circuitus
943 856 973 885 S.

189 897 275 930 Petri,
298 903 380 933 atque
397 899 465 925 Acta
488 898 522 924 Β.
542 898 618 926 Petri
628 899 770 934 appellari.
790 899 878 928 Fuere
888 907 916 930 et
927 903 975 938 qui

187 952 258 979 opus
283 945 356 972 istud
371 952 432 973 cum
455 946 512 979 illa,
538 955 599 982 quae
618 947 705 975 fertur
718 948 806 975 sancti
820 948 892 976 Petri
913 958 976 977 cum

187 991 303 1026 Apione,
321 991 506 1026 disputatione
526 993 712 1022 conl'uderinl.
738 993 773 1020 At
786 993 899 1022 Pliotius
918 994 975 1030 (51)

187 1045 270 1072 opera
286 1037 343 1065 haec
357 1038 427 1065 inter
444 1046 474 1066 se
488 1038 597 1066 diversa
612 1046 674 1066 esse
691 1040 841 1068 contendit.

228 1082 347 1110 Veterum
362 1082 470 1118 quidam
481 1092 524 1111 eos
534 1089 625 1112 sancto
635 1083 763 1112 Clementi
778 1086 976 1114 tribuerunt.—

187 1129 318 1166 Origenes
327 1130 383 1165 (52)
394 1132 479 1158 sancti
491 1131 640 1160 Clementis
649 1133 758 1160 nomine
765 1133 824 1160 loca
833 1135 976 1170 complura

186 1176 294 1208 recitat,
306 1184 366 1212 qua:
375 1177 456 1205 hodie
470 1177 497 1204 in
515 1177 731 1213 Recognilionum
745 1179 822 1207 libris
838 1180 973 1216 leguntur.

186 1221 304 1258 Origene
322 1222 406 1258 igitur
419 1230 490 1258 opus
505 1223 578 1251 istud
592 1225 733 1259 antiquius
747 1229 799 1258 est,
818 1230 901 1262 atque
915 1227 975 1262 ejus

185 1272 275 1300 actate,
294 1272 324 1296 ut
351 1269 555 1305 supposititium
574 1271 609 1298 ab
625 1271 764 1299 universis
779 1279 834 1300 non
856 1273 975 1301 habeba-

187 1320 242 1343 tur.
256 1316 329 1344 Idem
346 1324 457 1351 quoque
471 1321 500 1344 ut
515 1317 602 1344 sancti
614 1317 762 1346 Clementis
778 1318 894 1347 Romani
906 1322 975 1348 scri~

185 1366 263 1397 ptum
279 1371 294 1390 a
311 1363 341 1391 D.
354 1363 508 1399 Epiphanio
521 1368 548 1392 et
561 1363 659 1391 Ruﬁno
673 1364 730 1401 (55)
743 1365 886 1400 laudatur;
901 1371 974 1394 uter-

185 1417 240 1444 que
254 1417 320 1437 vero
336 1410 524 1445 conqueritur,
541 1410 576 1437 ab
588 1410 735 1444 haereticis,
757 1410 891 1440 Ebionitis
905 1420 974 1447 pra:-

186 1455 293 1487 sertim,
310 1461 469 1491 corruptum
496 1461 578 1492 atque
601 1457 794 1492 interpolatum
817 1457 913 1491 fuisse,
929 1467 974 1487 er-

185 1509 317 1537 roresque
343 1510 408 1530 suos
422 1503 542 1539 undique
562 1511 610 1531 eos
626 1504 665 1531 illi
693 1504 865 1539 inspersisse.
891 1505 974 1533 Addit

765 153 806 180 AD
828 154 855 181 S.
877 152 1085 180 CLEMENTEM
1108 153 1119 180 Ι
1137 153 1251 180 PAPAM

994 215 1017 243 Α
1032 210 1098 238 sebii
1112 210 1170 247 (57)
1178 214 1258 238 aetate
1266 209 1437 246 legebantur,
1447 218 1508 239 cum
1523 218 1539 238 a
1551 215 1686 247 scriptore
1698 212 1754 240 isto
1768 221 1821 240 non

1772 155 1821 183 us

1028 257 1090 285 ideo
1099 261 1204 285 tantum
1221 258 1371 292 rejiciatur,
1384 258 1456 293 quod
1466 263 1586 287 veterum
1597 259 1769 287 testimoniis
1777 259 1822 286 ﬁr-

1028 307 1132 330 matum
1157 311 1212 331 non
1228 305 1274 336 sit,
1286 312 1382 331 verum
1397 305 1490 336 etiam,
1503 305 1577 340 quod
1589 305 1749 340 apostolicae
1759 305 1821 332 ﬁdei

1029 357 1154 376 normam
1183 357 1239 376 non
1258 354 1389 378 servaret.
1418 349 1558 385 Rejectum
1581 358 1690 386 quoque
1714 350 1766 378 fuit
1789 350 1822 377 ab

1029 400 1141 424 auctore
1151 404 1302 432 synopseos
1319 401 1408 425 sancti
1418 397 1562 425 Athanasii
1574 398 1630 433 (58)
1640 405 1741 425 nomen
1753 405 1822 432 pne-

1028 444 1150 475 ferentis,
1162 452 1177 471 a
1185 443 1294 471 Gelasio
1304 443 1563 480 papa(59).Sanetus
1572 443 1757 479 Hieronymus
1766 444 1820 478 (40)

1029 497 1093 517 vero
1101 490 1147 525 qui
1164 489 1190 517 id
1200 490 1287 518 sancti
1299 489 1450 517 Clementis
1459 490 1569 517 nomine
1580 489 1684 521 laudat,
1697 489 1772 516 idem
1781 493 1822 516 ta-

1029 546 1090 566 men
1104 543 1235 572 tanquam
1250 538 1437 573 apocryphum
1452 537 1528 571 rejici
1551 540 1653 564 monet.
1670 536 1721 564 Est
1746 536 1820 563 enim

1027 584 1225 612 commcntitiis
1248 583 1372 611 historiis
1398 583 1544 615 refertum,
1573 583 1677 610 nullam
1693 582 1821 610 veritatis

1027 630 1147 664 speciem
1167 630 1342 658 habentibus.
1360 630 1416 656 lino
1430 633 1457 656 et
1481 629 1648 664 blasphemas
1661 636 1748 656 voees
1763 628 1820 663 (41)

1028 675 1055 702 in
1070 674 1116 703 Dei
1128 674 1237 708 Filium,
1250 679 1332 710 atque
1342 675 1449 711 ineptiae
1463 675 1589 711 indignae,
1602 683 1663 711 quae
1678 675 1732 702 sub
1743 678 1821 701 tanto

1027 721 1137 749 nomine
1153 722 1239 748 lucem
1263 721 1399 753 viderent,
1427 721 1527 749 ibidem
1554 725 1714 748 occurrunt.
1744 720 1821 756 Opus

1026 774 1092 794 vero
1106 767 1179 795 istud
1191 767 1393 803 supposititium
1405 774 1466 794 esse
1480 767 1522 794 vel
1538 766 1596 801 ipsa
1613 766 1743 801 epistola,
1758 774 1821 801 qua:

1027 813 1055 840 in
1068 813 1129 848 ejus
1144 818 1317 841 antecessum
1334 813 1444 848 legitur,
1462 817 1624 848 argumento
1635 816 1695 846 est;
1708 813 1820 840 nuntiat

1027 860 1099 887 enim
1115 860 1202 887 sancti
1216 859 1290 887 Petri
1303 864 1417 887 mortem
1429 863 1526 887 sancto
1539 858 1643 886 Jacobo
1658 859 1821 894 Hierosoly.

1028 905 1131 932 mitano
1144 905 1276 940 episcopo
1288 905 1345 941 (42)
1363 905 1409 940 qui
1434 904 1558 940 pluribus
1571 904 1652 932 annis
1666 909 1732 931 ante
1749 911 1819 938 apo-

1027 951 1158 978 stolorum
1173 951 1323 986 principem
1334 951 1450 979 obierat.
1460 950 1584 986 Epistola
1592 950 1650 977 haec
1661 949 1753 977 Photii
1761 949 1820 986 (45)

1026 999 1105 1024 aatate
1118 997 1145 1024 in
1162 997 1290 1024 omnibus
1304 996 1521 1032 Recognilionum
1536 996 1742 1031 exemplaribus
1761 1004 1819 1023 non

1026 1042 1163 1070 exstabat.
1188 1042 1322 1070 Observat
1350 1045 1440 1070 autem
1456 1042 1526 1070 idem
1542 1042 1666 1074 criticus,
1682 1049 1745 1070 eam
1768 1042 1821 1069 ali—

1026 1088 1137 1123 quando
1155 1090 1243 1117 sancti
1258 1089 1422 1122 Clementis,
1441 1089 1671 1124 quemadmodum
1687 1088 1770 1115 hodie
1785 1096 1819 1115 ex

1027 1133 1119 1160 Ruﬁni
1132 1134 1359 1169 interpretatione
1374 1135 1483 1170 legitur,
1500 1135 1569 1163 alias
1584 1142 1651 1163 vero
1663 1135 1753 1163 sancti
1771 1133 1820 1161 Pe-

1027 1181 1061 1208 tri
1073 1182 1184 1210 nomine
1199 1182 1360 1218 inscriptam
1376 1181 1472 1214 fuisse,
1488 1187 1570 1217 atque
1583 1181 1638 1209 duo
1653 1181 1712 1209 haec
1721 1190 1819 1209 exem-

1025 1228 1112 1264 plaria
1128 1232 1244 1256 eventus
1264 1232 1322 1255 toto
1339 1228 1409 1255 coelo
1422 1228 1546 1256 diversos
1566 1227 1703 1255 retulisse.
1715 1227 1819 1263 Conje—

1025 1279 1133 1302 cturam
1147 1281 1213 1302 vero
1229 1273 1293 1301 inde
1308 1274 1406 1306 sumit,
1421 1273 1490 1302 duas
1510 1274 1603 1309 operis
1619 1274 1702 1309 hujus
1718 1273 1819 1301 editio-

1026 1328 1075 1348 nes
1091 1320 1207 1348 invicem
1224 1320 1302 1347 valde
1325 1320 1448 1348 diversas
1474 1320 1624 1353 exstitisse,
1649 1327 1735 1348 unam
1764 1320 1820 1347 sub

1025 1368 1113 1395 sancti
1128 1366 1212 1398 Petri,
1232 1367 1344 1394 alteram
1362 1366 1413 1394 sub
1431 1367 1517 1394 sancti
1532 1366 1682 1394 Clementis
1693 1366 1816 1399 nomine,

1024 1420 1113 1448 quina
1138 1411 1236 1439 Ruﬁno
1261 1412 1368 1440 reddita
1384 1412 1444 1440 fuit.
1470 1411 1526 1439 Nec
1558 1412 1817 1446 injuriazvidemus

1023 1459 1096 1485 enim
1111 1465 1154 1490 ea,
1171 1465 1231 1492 quae
1246 1462 1358 1486 sanctus
1370 1457 1538 1493 Epiphanius
1549 1461 1576 1485 et
1592 1462 1705 1485 sanctus
1719 1458 1817 1486 Hiero-

1024 1512 1125 1540 nymus
1134 1512 1167 1532 ex
1180 1503 1413 1539 Recogm‘tionibus
1430 1503 1587 1536 laudarunt,
1599 1503 1628 1531 in
1639 1504 1685 1538 iis,
1697 1512 1761 1539 quae
1773 1511 1818 1532 su-

185 1553 298 1577 sanctus
312 1548 489 1584 Epiphanius,
505 1550 574 1577 nihii
585 1551 721 1585 integrum
737 1551 835 1579 abillis
848 1552 972 1580 relictum
986 1558 1007 1587 ο
1025 1554 1150 1586 persunt,
1175 1554 1223 1578 aut
1244 1550 1352 1585 penitus
1373 1558 1427 1578 non
1449 1554 1569 1583 exstare,
1594 1553 1641 1576 aut
1656 1550 1737 1586 longe
1762 1551 1817 1578 alia

186 1595 282 1623 fuisse.
304 1594 423 1623 Sanctus
446 1595 627 1632 Hieronymus
645 1597 701 1632 (54)
718 1597 837 1632 idipsum
864 1597 894 1625 S.
909 1598 971 1626 Cle»

185 1641 286 1675 mentis
307 1641 419 1670 nomine
434 1642 540 1670 recitat.
555 1642 671 1669 Ruﬁnus
687 1643 743 1679 (55)
752 1643 786 1670 ad
798 1644 884 1671 sancti
898 1643 971 1670 Gau-

185 1687 270 1715 dentii
301 1695 396 1722 preces
413 1688 509 1716 Latine
530 1696 599 1724 opus
624 1688 698 1716 istud
725 1689 855 1721 reddidit,
883 1697 972 1724 neque

184 1732 334 1768 quidquam
346 1740 362 1760 a
375 1740 405 1760 se
419 1737 555 1761 resectum
572 1736 670 1768 praeter
683 1733 743 1760 loca
758 1733 890 1760 nonnulla
900 1733 972 1761 vires

185 1787 261 1810 suas,
275 1782 357 1814 atque
368 1783 477 1814 captum
496 1779 690 1814 exsuperantia
703 1783 909 1807 commemorat.
921 1780 971 1806 At-

185 1832 277 1852 tamen
293 1831 391 1860 przeter
418 1824 619 1858 Ebionitarum,
640 1825 874 1853 Eunomianorum
901 1833 971 1861 pra:-

184 1877 273 1903 terea,
286 1875 368 1907 atque
385 1871 567 1906 complurium
591 1871 710 1899 aliorum
728 1880 848 1903 errores,
871 1872 916 1907 qui
939 1871 974 1898 ab

185 1916 309 1945 Ecclesia
336 1918 460 1946 damnati
485 1917 573 1952 fuere,
583 1926 617 1946 eo
637 1923 780 1946 contentos
800 1917 973 1946 animadver-

198 1965 218 1991 it
229 1965 296 1991 (56).

198 1965 218 1990 't
291 1986 296 1991 .

185 1968 204 1991 ll
222 1964 390 2045 ﬁgamus
403 2015 513 2038 sunt.—
521 2009 623 2038 Eadem
635 2018 701 2038 vero
713 2010 742 2038 in
757 2010 809 2037 hoc
825 2017 906 2045 opere
922 2009 974 2036 Eu-

221 2077 279 2112 (29)
297 2077 397 2104 Codice
407 2085 481 2109 cm,
496 2077 523 2105 in
536 2085 584 2106 sua
603 2077 774 2105 Bibliotheca.

221 2113 279 2148 (50)
299 2112 393 2140 lnvicti
409 2113 563 2147 argumenti
579 2114 639 2140 loco
654 2114 690 2140 sit
708 2113 739 2141 Ι).
757 2112 915 2148 Hieronymi
932 2114 972 2141 si-

185 2148 312 2179 lentium,
328 2148 375 2183 qui
393 2152 423 2175 ut
436 2147 620 2182 peritissimus
642 2148 814 2182 antiquitatis
837 2152 972 2176 scrutator

186 2184 214 2210 in
246 2184 369 2217 catalogo
394 2183 559 2217 scriptorum
579 2183 830 2210 ecelesiasticorum
855 2185 970 2210 mentio-

186 2226 248 2246 nem
264 2222 338 2245 certe
356 2226 415 2245 eam
428 2218 577 2252 iniecisset.
591 2218 614 2244 si
626 2226 656 2245 se
666 2218 773 2245 vivente
801 2218 971 2246 constitutio-

187 2261 235 2281 nes
245 2253 274 2280 D.
285 2253 433 2281 Clementis
441 2261 538 2281 nomen
551 2253 724 2289 praeferentes
732 2254 759 2280 in
767 2252 969 2281 Catholicornm

185 2289 314 2317 manibus
336 2293 450 2316 Versata:
471 2289 596 2316 fuissent.
618 2288 688 2321 Quid
702 2289 774 2323 qoud
796 2289 865 2315 liber
880 2289 923 2315 hic
937 2291 971 2317 ab

185 2325 339 2359 apostolico
351 2325 451 2351 smculo
465 2324 639 2352 abhorrentia
648 2323 863 2358 complectatur?
873 2323 971 2351 Petrus

184 2361 258 2387 enim
273 2359 448 2386 Saturninum
463 2364 490 2387 et
503 2359 648 2387 Basiliden)
664 2359 844 2386 absurdorum
859 2359 971 2394 dogma-

185 2401 244 2422 tum
266 2399 393 2422 auctores
412 2395 488 2426 dicit,
514 2395 560 2430 qui
587 2394 783 2430 Petroitalnen
806 2396 971 2429 posteriores

186 2434 272 2458 erant.
286 2430 345 2458 Lih.
364 2439 393 2462 ιι,
409 2438 435 2458 e.
450 2431 485 2458 “29
502 2429 660 2458 decernitur
667 2429 786 2456 decimas
801 2434 827 2456 et
835 2429 972 2463 primitias

185 2465 344 2501 pendentlas
359 2466 507 2500 episcopis,
522 2473 591 2501 quas
604 2465 726 2501 profecto
746 2472 862 2501 nascens
876 2464 972 2501 Eccle-

187 2499 228 2528 sia
243 2499 388 2535 ignoravit.
405 2501 435 2528 L.
447 2499 484 2533 vt,
505 2499 581 2528 0.15
597 2499 768 2536 baptismum
780 2499 814 2526 ab
833 2499 970 2536 hzereticis

186 2534 315 2563 collatum
339 2536 431 2564 iterari
447 2537 554 2571 jubent.
578 2536 606 2563 In
626 2534 724 2563 octavo
746 2534 970 2571 Constantianam

187 2572 257 2598 libro
271 2572 427 2599 continetur
448 2569 536 2599 etiam
554 2572 662 2607 liturgia
679 2578 727 2607 seu
745 2570 834 2607 Missa
848 2569 972 2597 dicendae

185 2607 290 2645 ratioa
308 2608 395 2645 capite
415 2608 518 2645 quinto
532 2605 728 2645 usque‘adniﬁ,
748 2606 776 2632 in
801 2605 858 2645 ﬁne
879 2609 971 2645 autem

186 2641 311 2677 ejusdem
335 2639 395 2670 libri
416 2639 441 2670 in
456 2639 768 2670 editione—Conciliorum
791 2649 816 2677 v_.
827 2640 869 2677 _el.
885 2639 971 2677 Mansi

187 2675 241 2705 col.
263 2678 326 2710 595',
354 2683 374 2705 t.
390 2679 410 2709 Ι,
436 2679 638 2713 subjunguntnr
659 2683 788 2713 canones
802 2675 842 2713 84»
860 2682 912 2713 ceu
925 2675 972 2707 .ab

187 2714 320 2749 apostolis
336 2714 444 2746 sanciti,
462 2710 493 2740 ac
510 2722 525 2740 a
539 2710 569 2740 Β.
585 2713 724 2740 Clemente
738 2711 854 2749 collecti.
872 2710 970 2737 Verum

186 2746 221 2776 de
237 2749 279 2776 his
292 2750 345 2776 alio
358 2750 417 2776 loco
435 2755 462 2777 et
477 2753 610 2782 tempore,
626 2748 652 2775 in
668 2754 722 2782 quo
739 2753 789 2772 nos
800 2746 972 2773 demonstra-

187 2788 265 2812 turos
278 2784 452 2817 conﬁdimus,
468 2781 638 2819 scripta‘lnec
651 2781 768 2818 primum
781 2781 880 2809 sate-alo
891 2781 972 2809 tertio

188 2820 319 2853 adornata
334 2821 428 2847 fuisse.

224 2856 280 2891 (5i)
300 2855 401 2883 Codice
417 2856 478 2883 115,

223 2888 279 2928 (5:)
299 2891 442 2927 Origenes,
458 2895 477 2918 t.
492 2897 524 2917 ιιι
535 2890 680 2918 Comment.
692 2889 717 2917 in
729 2888 820 2917 Cenes.
833 2896 969 2924 caput],

1022 1598 1127 1624 ratione
1143 1596 1206 1631 legi.

1056 1641 1136 1670 Circa
1156 1643 1262 1669 tertium
1276 1642 1404 1670 ateculum
1426 1643 1518 1677 scripti
1534 1642 1661 1678 fuere.—
1684 1642 1814 1678 Πεδοςηί-

1023 1689 1124 1715 tionum
1137 1689 1262 1716 auctoris
1274 1694 1381 1716 mtatem
1396 1693 1524 1716 accurate
1537 1689 1681 1725 designare
1695 1697 1753 1717 non
1767 1697 1815 1716 va-

1022 1733 1127 1768 lemus;
1144 1739 1171 1761 at
1186 1734 1209 1761 si
1220 1742 1289 1769 opus
1311 1734 1385 1762 istud
1410 1734 1499 1768 idem,
1516 1738 1597 1770 atque
1624 1736 1713 1763 sancti
1739 1735 1813 1764 Petri

1024 1787 1086 1807 cum
1101 1780 1205 1815 Apione
1220 1781 1370 1815 disputatio
1382 1780 1461 1813 foret,
1477 1789 1537 1816 quae
1553 1781 1603 1808 fuit
1618 1781 1746 1809 Cotelerii
1757 1782 1813 1816 (ιι)

1024 1830 1050 1853 et
1067 1825 1213 1861 insignium
1233 1827 1414 1861 quorumdam
1431 1827 1592 1854 criticorum
1612 1828 1761 1859 sententia,
1777 1828 1813 1854 al-

1024 1877 1084 1900 tero
1112 1876 1217 1899 tantum
1243 1873 1344 1900 saeculo
1361 1879 1490 1906 exeunte,
1521 1877 1567 1900 aut
1596 1873 1677 1900 tertio
1701 1874 1812 1903 ineunte

1025 1917 1107 1953 paulo
1132 1922 1194 1945 ante
1220 1916 1364 1953 Origenem
1388 1918 1520 1952 scriptum
1541 1917 1626 1945 fuisse
1644 1918 1812 1945 censendum

1025 1967 1109 1993 esset.
1125 1964 1170 1990 Ait
1184 1964 1256 1992 enim
1273 1963 1408 1991 Eusebius
1426 1963 1482 1998 (45)
1499 1964 1572 1991 haud
1597 1964 1700 1991 dudum
1722 1965 1812 1998 spissa

1024 2009 1149 2043 quaadam
1170 2017 1253 2044 opera
1278 2009 1367 2038 sancti
1391 2009 1542 2038 Clementis
1565 2010 1677 2038 nomine
1706 2011 1812 2045 prolata

1023 2075 1166 2110 Philocal.,
1183 2081 1211 2105 et
1228 2078 1255 2105 in
1270 2085 1330 2113 cap.
1344 2086 1406 2106 xxv:
1426 2077 1523 2105 Matth.

1059 2114 1115 2148 (55)
1126 2113 1271 2148 Epiplian.,
1284 2112 1381 2141 hieres.
1391 2114 1435 2148 50,
1447 2122 1475 2141 ιι.
1489 2114 1538 2147 l5;
1548 2112 1675 2147 Ruﬁnus,
1683 2113 1723 2142 De
1733 2115 1811 2141 adui-

1025 2153 1104 2175 terat.
1117 2149 1178 2175 libr.
1202 2148 1334 2184 Origenis.

1060 2183 1115 2219 (54)
1137 2183 1307 2219 Hieronym.,
1323 2185 1349 2211 in
1366 2183 1415 2218 Ep.
1432 2184 1467 2210 ad
1483 2184 1571 2211 Galat.

1060 2219 1116 2254 (55)
1138 2219 1213 2250 Rull,
1232 2220 1336 2254 prolog.
1354 2220 1380 2246 in
1400 2220 1446 2247 lib.
1460 2219 1594 2253 Recognit.

1057 2253 1112 2291 (50)
1134 2253 1215 2291 idem,
1231 2253 1267 2291 De
1282 2255 1437 2285 adulterat.,
1455 2255 1588 2291 lib.Qrig.

1058 2289 1114 2324 (57)
1135 2289 1246 2320 Euseb,
1263 2290 1280 2317 l.
1300 2298 1340 2321 ιιι,
1353 2298 1378 2317 c.
1394 2291 1439 2323 58,
1454 2289 1490 2316 Il.
1506 2289 1540 2318 E.

1058 2325 1114 2359 (58)
1135 2325 1198 2359 [’ag.
1213 2325 1273 2351 154.

1059 2360 1115 2394 (59)
1136 2359 1164 2386 ln
1179 2359 1292 2387 decreto.

1053 2397 1109 2431 (40)
1125 2395 1153 2421 In
1170 2395 1294 2429 Catalog.
1307 2402 1332 2421 c.
1348 2394 1392 2421 lii.
1442 2429 1446 2431 _
1596 2423 1602 2431 _
1668 2423 1688 2431 μ
1723 2430 1726 2431 ν
1743 2430 1747 2431 7
1766 2421 1785 2431 λ

1052 2423 1108 2466 (ili
1127 2431 1259 2464 Refertum
1268 2423 1363 2458 ‘itutem
1373 2433 1414 2466 est
1427 2429 1485 2466 ita;
1498 2433 1562 2466 opus
1572 2423 1808 2466 gensurdi's‘mtg‘is,

1017 2457 1068 2494 non
1080 2457 1136 2493 sine
1147 2457 1267 2500 plurimis
1279 2465 1377 2491 ezArii
1390 2457 1552 2498 opinione'in
1568 2458 1672 2487 Filium
1688 2457 1808 2492 blasphe-

1018 2503 1077 2528 mis.
1095 2501 1218 2531 Pltotius,
1234 2500 1294 2528 cod.
1313 2508 1390 2527 cxm.

1059 2534 1115 2570 (42)
1132 2533 1231 2560 Notum
1243 2533 1290 2560 tibi
1301 2533 1381 2570 facio.
1395 2533 1515 2564 Domine,
1531 2541 1593 2568 quia
1608 2533 1701 2560 Simon
1715 2531 1808 2570 Petrus

1022 2568 1068 2604 pro
1085 2570 1181 2604 pietate
1198 2570 1254 2603 pati
1270 2569 1367 2600 uolens,
1380 2573 1533 2601 prwsentem
1547 2570 1627 2595 vitam
1647 2568 1745 2603 ﬁnivit.
1762 2568 1807 2603 Ep.

1023 2605 1108 2632 Clem.
1124 2603 1156 2630 ad
1169 2603 1314 2637 Jacob.,n.
1331 2604 1355 2630 l.

1060 2639 1115 2675 (45)
1136 2638 1260 2675 Ριιοιίιις,
1272 2638 1333 2666 cod.
1348 2639 1409 2675 ll5_.

1058 2672 1114 2706 (44)
1134 2674 1297 2703 Cotelerius,
1318 2678 1336 2701 t.
1359 2674 1368 2701 l
1390 2673 1499 2700 Palmm
1515 2672 1640 2706 apostol.,
1665 2681 1729 2708 pag.
1746 2672 1807 2700 490.

1059 2711 1114 2745 (45)
1127 2710 1242 2743 Quidam
1256 2717 1334 2743 porro
1352 2710 1406 2735 alia
1421 2710 1500 2735 etiam
1514 2716 1593 2745 opera
1605 2709 1711 2742 prolixa
1728 2715 1752 2735 et
1767 2717 1809 2735 co-

1023 2746 1099 2780 piosa
1122 2745 1168 2772 sub
1192 2745 1249 2779 ejus
1263 2745 1366 2771 nomine
1387 2745 1443 2780 Ityn"
1463 2752 1493 2770 ac
1509 2744 1604 2770 nudius
1622 2745 1717 2770 tenius
1730 2745 1757 2770 in
1769 2745 1809 2770 lu-

1028 2789 1083 2807 cem
1097 2781 1262 2815 protulerunt
1279 2787 1288 2806 :
1305 2785 1370 2813 puta
1396 2779 1507 2815 Peli-iet
1521 2780 1628 2812 Apionis
1650 2779 1808 2812 disputatio-

1024 2824 1079 2848 nes,
1093 2824 1205 2851 quarum
1218 2815 1286 2849 apud
1302 2815 1423 2849 antiquos
1440 2814 1515 2851 nullo
1525 2815 1631 2851 omnino
1643 2820 1730 2851 esstal
1740 2823 1809 2851 men.

1025 2853 1060 2878 tio
1070 2860 1079 2883 ;
1093 2849 1245 2886 nequeenim
1254 2851 1356 2877 sincera
1366 2855 1441 2877 recta:
1450 2849 1694 2886 ﬁdeiiabrapastolis
1704 2849 1809 2886 trudit;

1024 2892 1085 2914 nota
1098 2884 1150 2914 illis
1162 2894 1282 2920 expressa
1294 2887 1430 2920 reperitur.
1448 2885 1546 2914 Euseb.
1557 2885 1575 2914 l.
1587 2893 1628 2918 ιιι,
1642 2893 1667 2915 c.
1677 2886 1722 2917 58,
1732 2884 1764 2911 fl.
1773 2885 1802 2911 E-
