1875 3101
62 155 106 182 “9

671 151 839 179 PliOOEMlA
858 150 1049 178 VARlORL’M.

1613 146 1622 173 1
1630 146 1662 173 ῖὲο

61 211 454 248 fuisse,quaesauctiPetricum
467 211 570 246 Apione
582 211 704 246 dialogos
718 211 836 245 comple-
850 213 873 240 Α
888 209 981 237 labore
997 209 1159 236 levaremus.
1190 207 1272 234 Recte
1282 206 1315 234 de
1342 206 1375 233 iis
1396 203 1580 240 pronuntiavit
1592 202 1663 229 Pho—

60 261 204 289 ctebautur.
222 259 335 285 Photius
358 261 448 284 tamen
470 264 552 291 opera
576 257 633 284 hac
659 256 774 283 invicem
791 256 832 282 di<

61 313 131 333 versa
147 305 230 331 fuisse
249 303 387 331 existimat
402 302 468 337 (46).
485 302 601 329 Exstant
620 302 648 328 in
664 301 831 336 Recognitio-

59 352 129 378 nibus
143 350 231 384 capita
253 349 379 377 undecim
395 349 430 375 de
459 347 513 375 lato
531 355 563 374 ex
580 354 662 382 opere
683 347 801 381 quodam
817 354 831 372 a

60 397 204 424 Bardesane
223 396 298 422 circa
311 402 411 422 annum
435 394 485 420 170
504 394 659 428 conscripto
678 393 771 428 petita.
784 392 832 419 Μὶ-

60 443 125 470 nime
138 446 227 469 tamen
241 441 305 468 inde
322 440 511 474 consequitur,
533 446 595 466 eum
616 437 831 472 Recognitionum

60 492 266 518 auetoremesse,
283 493 344 512 cum
363 485 423 519 ejus
442 491 550 511 errores
564 483 598 510 de
611 483 716 510 duobus
728 482 830 517 princi-

60 534 106 569 piis
123 532 243 568 pluribus
268 531 336 558 locis
349 530 448 557 ibidem
467 529 629 556 refutentur.
654 528 745 555 Satius
768 534 831 554 vero

59 584 96 606 est
109 578 273 609 existimare,
299 584 361 603 eum
389 575 434 610 qui
451 582 520 609 opus
535 574 607 601 istud
624 573 828 607 conscripserit,

59 632 143 653 eorum
167 627 290 658 partem,
310 630 370 656 qua:
389 621 556 648 Bardesanes
584 620 618 647 de
639 619 693 646 fato
719 619 829 651 dixerit,

59 669 208 700 inseruisse,
225 667 298 702 quod
309 671 336 694 et
351 665 484 693 Eusebius
503 666 529 692 in
545 665 603 693 suis
623 664 831 699 Prmparationis

59 715 208 749 evangelicae
220 714 300 740 libris
313 712 449 747 praestitit,
466 711 513 738 ubi
525 710 648 738 eumdem
667 710 755 737 locum
769 710 831 745 legi-

59 768 123 791 mus,
138 767 217 794 quem
232 758 448 793 Recognitiomtm
461 760 557 784 auctor
574 764 589 783 a
604 755 758 784 Bardesane
773 763 831 782 mu-

58 810 126 834 tuum
138 809 291 840 acceperat.

88 861 118 888 In
131 866 192 896 qua!
206 860 289 887 libros
305 864 386 886 totum
404 867 468 893 opus
491 858 661 885 distributum
689 857 733 884 sit.
758 856 828 889 Quid

57 908 85 935 de
96 907 140 934 illo
164 906 376 934 sentiendum.——
387 905 480 932 Refert
492 908 587 931 auctor
598 904 679 931 tertio
699 903 824 938 Recogni-

57 954 147 980 tionem
161 952 243 982 libro.
256 959 285 979 se
299 951 391 978 decem
404 950 472 977 alios
483 950 569 977 sancti
585 949 657 976 Petri
671 956 826 976 sermonum

57 999 210 1032 libros,quos
217 997 349 1024 Caesareae
356 995 498 1026 habuerat,
512 995 544 1021 ad
556 997 681 1021 sanctum
692 991 826 1020 Iacobum

56 1044 163 1071 misisse.
181 1042 201 1069 Ii
221 1050 287 1070 vero
302 1048 457 1076 unquamne
468 1041 495 1067 in
516 1040 612 1075 vulgus
623 1040 688 1067 editi
708 1039 827 1066 fuerint?

56 1089 201 1124 ignoramus
215 1096 223 1120 ;
244 1087 323 1114 hodie
338 1090 427 1113 autem
456 1086 559 1112 nullum
574 1092 669 1112 eorum
684 1084 826 1119 vestigium

56 1136 180 1168 superest.
199 1132 396 1166 Recognitiones
414 1131 442 1157 in
458 1130 551 1157 decem
565 1131 649 1158 libros
674 1130 828 1157 distributa:

56 1181 120 1204 sunt.
139 1177 228 1204 Priori
255 1176 392 1203 inducitur
408 1179 521 1203 sanctus
542 1175 668 1202 Clemens
692 1175 826 1201 rationem

55 1230 170 1253 narrans,
190 1229 246 1256 qua
261 1220 348 1249 sancti
373 1219 505 1247 Barnaba
528 1219 767 1254 pmdicationibus
794 1219 826 1245 ad

55 1268 126 1296 ﬁdem
143 1268 296 1297 traductus.
313 1271 394 1301 atque
417 1267 444 1292 in
460 1273 492 1293 ea
508 1273 523 1292 a
534 1270 629 1292 sancto
645 1264 725 1292 Petro
746 1265 827 1292 insti-

53 1317 122 1341 tutus
136 1313 229 1340 fuerit.
242 1313 317 1339 Alter
330 1311 417 1344 sancti
439 1310 512 1338 Petri
528 1318 589 1338 cum
611 1310 722 1337 Simone
749 1309 827 1344 Mago

54 1367 197 1387 sermonem
212 1357 410 1392 complectitur.
428 1356 521 1384 Tertio
536 1357 616 1384 iidem
629 1356 663 1384 de
681 1360 779 1383 natura
793 1356 827 1382 li-

53 1405 105 1432 heri
129 1404 236 1432 arbitrii
265 1404 475 1439 colloquuntur,
503 1410 557 1438 quo
588 1408 700 1431 sanctus
728 1401 826 1430 Petrus

53 1453 206 1484 potestatem
223 1448 306 1476 animi
326 1448 412 1476 nostri
438 1455 498 1475 esse
513 1447 616 1479 definit,
631 1447 743 1483 id,quod
753 1447 826 1480 libet,

53 1495 153 1530 agendi.
167 1495 300 1528 Quartus,
313 1502 374 1529 quae
388 1502 404 1520 a
416 1497 510 1521 sancto
524 1493 603 1521 Petro
617 1494 644 1520 in
657 1494 753 1520 itinere
766 1492 828 1520 Tri-

52 1541 102 1575 poli
136 1541 290 1568 Caesaream
323 1543 451 1575 suscepto
478 1543 554 1574 gesta
582 1543 658 1572 sunt,
687 1539 826 1572 edisserit,
841 1560 862 1588 Ο

52 1590 77 1614 et
99 1587 230 1622 plurimos
254 1585 340 1614 sancti
371 1585 443 1613 Petri
469 1585 670 1613 hortationihus
695 1585 730 1612 ad
746 1585 826 1612 [idem

52 1632 187 1659 traductos
207 1630 303 1658 refert.
319 1630 438 1663 Quintus
458 1631 638 1666 paraeneticus
656 1638 746 1658 sermo
773 1635 826 1664 est,

52 1685 102 1713 quo
128 1682 243 1706 sanctus
267 1677 365 1704 Petrus
383 1677 555 1704 inscientiam
571 1685 620 1704 seu
645 1676 827 1712 ignorantiam

53 1729 219 1759 peccatorum
240 1724 363 1751 omnium
377 1723 507 1758 originem
523 1731 592 1756 esse,
609 1722 743 1751 idolorum
767 1723 826 1750 cul-

53 1776 94 1799 tus
116 1771 274 1803 falsitatem,
302 1775 382 1806 atque
407 1770 454 1797 Dei
483 1770 617 1797 unitatem
646 1770 826 1797 demonstrat.

54 1817 129 1845 Sexto
142 1818 272 1853 baptismi
292 1817 482 1845 necessitatem
511 1816 618 1852 probat,
643 1816 826 1852 explicatque,

53 1865 183 1899 quomodo
203 1863 239 1890 ad
253 1871 314 1890 eum
328 1864 501 1890 'accessurus
519 1867 694 1899 comparatus
705 1871 767 1890 esse
779 1863 828 1890 de-

52 1909 118 1937 beat.
158 1910 282 1945 Septimo
301 1914 413 1938 sanctus
441 1909 567 1937 Clemens
593 1909 684 1936 varios
713 1912 829 1936 eventus

53 1959 149 1987 narrat,
164 1956 211 1990 qui
237 1956 317 1983 matri
332 1959 359 1984 et
384 1955 514 1982 fratribus
536 1955 594 1982 suis
608 1954 791 1990 contigerunt,
802 1958 829 1981 et

53 2008 103 2035 quo
130 2007 211 2036 pacto
227 2002 255 2028 in
281 2009 329 2029 eos
351 2001 501 2028 rursumin
517 2000 662 2027 Palaestina
686 1999 824 2027 inciderit.

54 2046 197 2082 Sequentes
212 2047 267 2075 duo
277 2047 376 2083 dialogi
392 2050 466 2080 sunt,
481 2046 581 2082 quibus
591 2050 705 2074 sanctus
718 2045 828 2078 Petrus,

53 2092 154 2127 Aquila,
176 2092 297 2125 Nicetas,
311 2097 338 2120 et
353 2096 465 2120 sanctus
484 2092 610 2120 Clemens
628 2092 688 2120 seni
706 2092 826 2124 cuidam,

53 2145 127 2171 quem
151 2139 239 2166 sancti
261 2138 409 2166 Clementis
422 2142 525 2173 patrem
536 2145 599 2165 esse
622 2141 717 2172 postea
742 2145 828 2172 agno-

53 2184 319 2218 verunl,ostendunt,
337 2184 414 2211 fateri
438 2191 487 2212 nos
508 2183 619 2211 omnino
639 2184 748 2216 debere,
761 2192 829 2210 cun-

885 258 940 284 tius
956 255 1124 292 (L7)stylum
1140 258 1220 289 atque
1237 253 1418 281 eruditionem
1445 251 1472 278 in
1496 250 1529 276 iis
1553 248 1664 282 conspi-

883 309 961 329 cuam
976 301 1072 328 merito
1087 307 1148 327 esse
1161 297 1406 326 commendandam
1420 306 1427 329 ;
1441 299 1581 323 auctorem
1597 300 1663 320 vero

883 348 1035 383 theologiac,
1049 352 1130 382 atque
1141 345 1335 373 ecclesiastica:
1356 343 1490 370 doctrinae
1517 339 1663 367 admodum

883 394 998 429 peritum
1014 401 1068 420 non
1089 392 1173 419 fuisse
1187 395 1213 418 ct
1240 390 1401 417 fabellarum
1416 385 1603 414 inventoribus
1619 391 1664 411 ac-

882 439 1058 467 censendum.

1135 469 1334 498 ARTICULUS
1354 468 1397 496 111.

882 517 915 536 DE
925 515 1102 536 CLEMENTINIS
1116 515 1149 533 ET
1169 513 1314 533 NONNULLIS
1328 512 1397 532 AUIS
1408 509 1528 531 SCRIP‘I'IS
1543 507 1663 528 SUPPOSI-

1051 550 1136 570 TITIIS
1150 549 1210 568 EIUS
1224 547 1320 567 NOMINE
1332 545 1489 567 INSCRIPTIS.

917 588 1084 616 Clementinw
1104 587 1189 613 sancti
1213 584 1354 611 Clementis
1378 591 1471 609 nomen
1485 581 1554 616 falso
1568 579 1663 614 pm]:-

879 634 1099 662 runt.—Pt‘:eter
1114 633 1205 659 decem
1221 630 1437 665 Rccognilionnm
1452 628 1536 655 libros
1551 629 1662 653 exstant

880 680 932 708 sub
945 679 1032 707 sancti
1045 677 1192 705 Clementis
1217 677 1325 703 nomine
1341 682 1435 701 novem
1453 677 1479 700 et
1497 673 1588 699 decem
1613 671 1662 697 ho-

879 725 970 756 miliaa,
981 731 1041 759 qum
1056 724 1213 758 plerumque
1228 720 1403 748 Clementinac
1415 718 1544 753 appellari
1561 716 1660 743 solent.

878 770 1021 797 Existimat
1032 768 1182 796 Cotelerius
1195 766 1250 802 (48)
1262 774 1308 794 eas
1320 766 1430 792 alteram
1446 762 1570 790 fortassis
1581 760 1662 787 Reco—

879 816 1025 851 gnitionum
1036 814 1183 841 editionem
1203 819 1263 839 esse
1280 810 1366 838 sancti
1385 808 1457 835 Petri
1482 814 1580 834 nomen
1593 813 1662 840 pra;-

882 861 1027 893 ferentem;
1041 859 1106 886 illud
1122 866 1187 886 sane
1200 860 1318 887 constat,
1336 854 1476 888 complura
1496 853 1523 879 in
1545 851 1660 878 homiliis

880 907 940 934 istis
956 911 1072 936 exstare,
1087 911 1147 938 qua:
1168 904 1195 929 in
1210 899 1437 936 Recognitionibus
1457 899 1537 926 etiam
1565 898 1662 932 legun-

876 952 1048 984 tur,easdem
1059 949 1464 982 fabulas,cosdemquecrrores
1475 943 1603 977 utrinque
1615 950 1662 969 oe-

877 1006 1000 1030 currere;
1007 997 1183 1031 eamdemque
1192 995 1335 1028 utriusque
1341 991 1431 1026 operis
1439 989 1659 1017 distributionem

878 1045 973 1072 videri.
991 1044 1066 1078 Stylo
1075 1048 1138 1070 sunt
1148 1041 1225 1069 valde
1239 1039 1366 1075 eleganti,
1382 1038 1538 1073 praebetque
1562 1039 1658 1062 auctor

878 1091 1000 1125 plurima:
1015 1089 1176 1117 eruditionis
1202 1086 1358 1122 specimen;
1375 1082 1594 1111 commentitium
1617 1089 1663 1108 au-

878 1141 931 1164 tem
945 1143 974 1163 se
992 1143 1063 1167 esse,
1079 1134 1172 1161 multis
1191 1133 1265 1159 notis
1279 1130 1378 1166 prodit.

913 1180 1032 1216 Epitome
1040 1180 1124 1207 sancti
1136 1178 1208 1205 Petri
1221 1178 1280 1204 vita:
1291 1175 1456 1210 supposititia
1467 1181 1565 1209 quoque
1575 1176 1662 1199 est.—

879 1227 926 1254 Esl
940 1226 1022 1254 etiam
1037 1233 1052 1251 a
1067 1224 1201 1252 Cotelerio
1216 1221 1443 1256 edita(49)sancti
1452 1219 1597 1247 Clementis
1606 1217 1663 1244 his-

878 1272 958 1304 toria,
966 1278 1026 1306 qure
1038 1269 1156 1303 Epitome
1167 1268 1253 1295 sancti
1265 1266 1337 1293 Petri
1349 1266 1407 1292 vim
1415 1263 1581 1291 inscribitur.
1592 1261 1663 1287 Scri-

877 1322 952 1353 ptum
961 1317 1011 1344 hoc
1019 1316 1050 1343 ad
1059 1318 1182 1343 sanctum
1189 1313 1317 1340 Iacobum
1325 1308 1598 1345 Hierosolymitanum
1604 1306 1662 1341 epi-

878 1371 989 1398 scopum
999 1362 1091 1389 datum
1099 1368 1159 1388 esse
1170 1360 1373 1395 ﬁngitur,atque
1385 1359 1482 1391 praeter
1489 1361 1532 1381 res
1543 1361 1558 1380 a
1567 1357 1661 1380 sancto

877 1410 958 1437 Petro
969 1412 1070 1444 gestas,
1089 1407 1176 1434 sancti
1186 1404 1332 1434 Clementis
1344 1403 1426 1430 etiam
1438 1401 1499 1428 vitae
1514 1398 1658 1426 historiam

877 1455 1078 1490 complectitur.
1090 1452 1163 1480 [stud
1183 1459 1247 1479 vero
1263 1450 1330 1477 nihil
1353 1448 1406 1475 nisi
1432 1446 1659 1481 Recognitionum,

878 1501 1117 1530 Clementinorum,
1126 1498 1254 1525 Actorum
1264 1495 1387 1530 martyrii
1398 1493 1485 1521 sancti
1497 1490 1657 1521 Clementis,

879 1549 959 1581 atque
986 1545 1106 1572 historia:
1130 1544 1163 1571 dc
1191 1542 1320 1578 Ephraim
1354 1546 1460 1567 summa
1487 1541 1539 1565 est.
1572 1536 1660 1571 Hujus

879 1591 1047 1619 collectionis
1068 1593 1183 1620 auctor,
1208 1588 1254 1623 qui
1289 1585 1485 1620 Metaphrastes
1509 1583 1564 1617 (50)
1600 1589 1661 1609 esse

878 1637 1009 1669 creditur,
1027 1644 1069 1668 ea,
1090 1643 1151 1670 quae
1171 1634 1198 1661 in
1214 1633 1335 1667 scriptis,
1348 1630 1420 1657 unde
1435 1629 1492 1655 hac
1507 1628 1654 1662 excerpsit,

879 1683 1043 1714 redundare,
1057 1686 1103 1708 aut
1116 1681 1183 1708 falsa
1207 1678 1415 1714 perniciosaque
1437 1682 1498 1703 esse
1526 1674 1576 1701 sibi
1601 1674 1661 1701 visa

878 1734 953 1761 sunt,
982 1727 1141 1763 amputavit.

913 1775 975 1801 Alia
990 1772 1158 1807 supposititia
1173 1771 1260 1797 sancti
1280 1769 1420 1797 Clementis
1439 1775 1531 1794 nomen
1556 1764 1655 1800 prefe-

878 1821 962 1849 rentia
974 1819 1084 1850 scripta.
1096 1833 1131 1838 -—
1145 1816 1207 1844 Fuit
1224 1817 1280 1852 jam
1300 1823 1315 1842 a
1328 1814 1409 1842 nobis
1435 1812 1560 1848 superius
1577 1810 1662 1838 aduo~

878 1871 976 1898 latum,
994 1864 1209 1899 Recogmtionum
1233 1865 1373 1888 auctorem
1401 1858 1544 1889 afﬁrmare,
1567 1857 1660 1883 decem

879 1913 967 1941 sancti
994 1911 1068 1938 Petri
1091 1915 1248 1938 sermonum
1259 1906 1391 1934 Casarcaa
1405 1904 1560 1931 habitorum
1575 1901 1660 1928 libros

879 1961 973 1986 sancto
986 1956 1088 1983 Iacobo
1103 1962 1118 1981 a
1133 1961 1162 1981 se
1180 1953 1278 1980 missos
1292 1951 1386 1979 fuisse.
1411 1949 1508 1977 Decem
1529 1948 1567 1975 illi
1589 1947 1660 1978 libri,

880 2008 910 2031 ut
923 2003 980 2038 jam
999 2001 1082 2030 semel
1100 1999 1267 2030 monuimus,
1284 1998 1317 2025 ad
1332 2005 1383 2024 nos
1398 2003 1451 2023 non
1463 1995 1660 2030 pervenerunt;

879 2053 997 2076 attamen
1020 2046 1261 2083 pseudo-Clemens
1283 2050 1394 2079 operam
1418 2040 1503 2072 dedit,
1535 2043 1565 2066 ut
1592 2038 1658 2074 quid

879 2096 931 2124 illis
942 2094 1137 2125 contineretur,
1152 2092 1261 2127 penitus
1277 2090 1536 2123 nonignoraremus.
1551 2084 1591 2111 Ex
1601 2084 1659 2112 illis

878 2143 987 2178 quidam
999 2142 1055 2178 (51)
1064 2141 1097 2169 de
1113 2140 1170 2168 veri
1179 2139 1319 2175 prophetae
1333 2137 1416 2168 notis,
1441 2139 1521 2170 atque
1534 2134 1568 2161 de
1593 2134 1660 2168 legis

879 2190 1015 2217 intellectu
1030 2190 1135 2223 agebat.
1160 2186 1321 2214 Anastasius
1336 2185 1392 2220 (52)
1406 2183 1592 2210 Antiochenus
1604 2181 1661 2208 lau-

54 2234 93 2257 cta
118 2231 218 2258 divina:
235 2230 414 2258 Providentiae
437 2231 561 2266 imperio.
585 2238 637 2257 non
662 2238 728 2258 casu
760 2231 827 2266 geri.

899 2239 927 2262 at
941 2239 1070 2270 praeterea
1091 2233 1178 2261 sancti
1205 2231 1352 2259 Clementis
1375 2229 1484 2257 nomine
1510 2227 1662 2255 orationem

55 2274 175 2303 Decimus
200 2283 233 2302 ac
253 2279 407 2310 postremus
433 2276 503 2303 liber
516 2275 642 2311 dialogus
657 2283 766 2311 quoque
788 2280 831 2303 est

54 2320 119 2347 inter
141 2325 269 2348 sanctum
285 2321 461 2354 Clementem,
477 2322 657 2356 eumdemque
674 2329 767 2350 senem
797 2321 831 2348 de

55 2363 114 2391 boni
135 2368 162 2392 et
181 2365 245 2392 mali
267 2370 374 2393 natura.
402 2366 442 2393 Ad
469 2366 548 2394 finem
579 2367 641 2394 libri
668 2367 702 2395 de
720 2367 831 2395 Simone

55 2408 126 2445 “ago
139 2411 242 2438 mentio
266 2411 428 2444 instituitur,
443 2416 524 2446 atque
540 2413 574 2439 de
596 2420 639 2445 ea,
656 2420 715 2448 qua:
727 2413 763 2440 ibi
777 2412 832 2440 fer-

54 2458 105 2488 tur,
119 2456 192 2484 senis
218 2456 300 2490 hujus
315 2457 342 2483 in
355 2457 475 2484 Simonis
487 2457 556 2493 Magi
570 2458 673 2485 vultum
687 2462 831 2486 metamor-

54 2501 138 2535 phosi.
168 2501 231 2529 Haec
253 2507 327 2535 sunt,
348 2511 407 2538 qua!
434 2503 468 2531 de
495 2503 588 2531 decem
614 2503 829 2538 Recognitionum

54 2546 127 2574 libris
138 2547 219 2575 hodie
234 2549 404 2577 exstantibus
417 2549 564 2576 lectoribus
580 2549 675 2577 leviter
685 2549 830 2578 delibanda

54 2594 252 2628 proposuimus,
273 2598 304 2621 ut
329 2602 377 2622 eos
392 2595 499 2622 inutilia
528 2595 583 2622 fere
602 2595 704 2630 scripta
725 2596 830 2631 legendi

87 2658 142 2694 (t6)
156 2659 282 2694 Photius,
300 2661 394 2688 codice
408 2667 483 2687 exin.

87 2693 142 2726 (Π)
161 2693 234 2722 Loco
251 2697 343 2723 citato.

87 2728 143 2763 (48)
159 2729 275 2758 Coteler.
284 2752 292 2763 ,
307 2735 326 2757 t.
337 2729 356 2761 1,

87 2763 148 2797 (49)
163 2763 230 2791 Ibid.
251 2773 313 2798 pag.
329 2765 362 2792 65

87 2797 145 2833 (50)
167 2798 206 2833 ld.
216 2820 224 2832 ,
239 2797 305 2826 ibid.

99 2832 144 2869 51)
162 2832 220 2861 Lib.
238 2843 245 2861 ι
264 2834 452 2869 Πεεοθηὶιὶυηη
465 2843 492 2862 u.
506 2836 548 2862 Π.

98 2867 143 2902 52)
155 2871 263 2903 Auast.,
278 2867 374 2904 quaist.
391 2870 435 2905 96,
451 2878 511 2905 pag.
529 2871 590 2898 5‘26.

365 2738 433 2792 pag.
449 2729 511 2757 σεο-ι.

882 2281 1028 2317 quamdam
1059 2280 1090 2307 de
1103 2278 1286 2309 Providentia,
1315 2281 1393 2311 atque
1419 2274 1450 2302 de
1467 2274 1577 2309 justitia
1600 2272 1658 2299 Dei.

883 2327 946 2355 Inde
961 2334 1025 2354 vero
1041 2325 1158 2352 fortasse
1170 2324 1319 2359 fragmenta
1340 2330 1354 2348 a
1366 2320 1501 2348 Cotclerio
1515 2319 1588 2346 edita
1604 2318 1661 2353 (55)

882 2373 964 2408 petita
982 2375 1056 2403 sunt,
1071 2371 1169 2405 quibus
1187 2368 1330 2396 Trinitatis
1346 2366 1503 2402 mysteriutn
1518 2364 1601 2399 probe
1614 2371 1662 2390 ex.

883 2419 1007 2453 plicatur.
1024 2415 1135 2443 Veteres
1164 2414 1251 2442 sancti
1273 2413 1418 2441 Clementis
1441 2411 1544 2445 scripta
1566 2417 1661 2437 eorum

883 2462 1061 2498 appellatione
1073 2468 1127 2488 non
1140 2459 1231 2486 addita
1258 2465 1329 2492 sape
1350 2457 1504 2488 laudarunt,
1518 2456 1589 2482 inter
1610 2456 1664 2480 ea};

881 2513 955 2536 teros
966 2511 1078 2536 sanctus
1094 2506 1210 2533 Basilius
1225 2504 1280 2539 (54)
1296 2502 1564 2538 pseudo-Dionysius
1579 2500 1662 2527 Areo—

882 2552 981 2586 pagita.
1000 2553 1094 2576 auctor
1120 2547 1317 2583 disputationis
1343 2551 1439 2573 contra
1467 2543 1562 2571 Arium
1589 2543 1662 2570 inter

882 2605 964 2632 opera
982 2596 1068 2624 sancti
1085 2594 1237 2624 Athanasii.
1254 2592 1416 2620 Anastasius
1447 2589 1563 2621 Sinaita.
1581 2589 1658 2616 Nice-

918 2662 973 2697 (55)
986 2657 1102 2689 Coicler.
1113 2682 1120 2694 ,
1138 2665 1197 2687 not.
1215 2659 1247 2686 ad
1263 2659 1332 2697 libLi
1348 2658 1480 2697 choqnit.
1492 2678 1500 2690 ,
1518 2665 1546 2684 n.
1565 2655 1600 2683 26
1613 2666 1620 2688 ;
1633 2661 1660 2682 et

880 2699 951 2725 inter
962 2693 1098 2723 testimon.
1118 2700 1238 2722 veterum
1253 2694 1286 2721 de
1302 2693 1464 2720 Clementin.

917 2732 971 2766 (54)
989 2731 1115 2762 Basilius,
1127 2731 1173 2757 lib.
1183 2738 1191 2766 t
1205 2729 1241 2766 De
1251 2728 1351 2766 Spiritu
1358 2732 1535 2766 sancto,_cap.
1546 2725 1662 2766 2951mm

881 2760 940 2802 nys.
947 2787 953 2796 .
964 2760 1013 2802 [Dei
1022 2767 1103 2793 divin.
1110 2760 1309 2802 'nominibusic.
1317 2764 1344 2796 6;
1352 2760 1515 2802 Anastasius
1526 2763 1551 2802 in
1562 2760 1657 2793 ϐάθρα

881 2796 942 2836 cap.
957 2802 974 2828 '2
986 2811 994 2834 ;
1007 2801 1177 2836 Nicephorq,
1188 2800 1209 2836 li
1219 2798 1342 2836 tttrﬂist”
1353 2805 1378 2824 c.
1389 2798 1431 2824 11.
1447 2796 1654 2836 yigeudusquo

880 2832 932 2871 qu'e
947 2832 1045 2868 Grabe,
1070 2832 1134 2864 tom.
1146 2834 1165 2862 ll
1191 2834 1313 2869 Spiciteg.
1329 2855 1335 2867 ,
1354 2840 1414 2868 pag.
1445 2832 1494 2859 t89
1508 2834 1533 2858 et
1545 2837 1621 2864 seqq.
