1875 3101
189 151 240 180 151·

750 150 794 176 AD
815 149 843 177 S.
866 148 1077 177 CLEMENTEM
1097 149 1106 176 Ι
1127 148 1242 176 PAPAM

189 211 291 247 phorus
311 209 451 242 Callistus,
474 212 558 244 atque
580 209 704 236 nonnulii
723 210 779 237 alii.
808 209 846 238 De
860 209 971 244 liturgia
987 211 1010 240 Α
1024 209 1115 237 Storia:
1134 209 1217 244 hujus
1241 207 1387 236 falsitatem
1403 206 1666 241 demonstrandam;
1689 214 1753 234 cum
1776 208 1812 234 le-

188 255 277 283 sancti
287 254 447 285 Clementis.
463 258 545 290 atque
558 254 592 282 de
607 255 778 287 collectione,
796 262 879 290 quam
890 255 924 281 ah
937 262 971 282 eo

187 302 342 329 institutam
359 301 461 333 ferunt,
475 301 562 329 sancti
583 301 657 330 Petri
675 301 885 334 revelationum,
900 301 972 329 idem

188 347 330 376 ferendum
350 350 393 375 est
405 347 551 382 judicium.

444 392 643 421 ABTICULUS
668 393 712 421 IV.

293 445 325 464 DE
345 445 425 466 ACTIS
445 446 575 466 IABTYRII
593 446 688 466 εΑπετι
703 446 864 467 CLEIBNTIS.

221 485 286 512 Acta
309 486 431 521 martyrii
447 485 536 512 sancti
551 485 700 513 Clementis
723 489 780 512 tam
802 483 972 512 admirandis

187 532 392 559 narrationibus
408 534 466 558 tota
490 529 609 558 conﬂata
632 533 708 562 sunt,
731 533 763 558 ut
789 537 860 565 aegre
874 529 972 565 legenti

186 578 359 613 supposititia
369 576 453 604 videri
462 584 516 603 non
525 576 641 611 possint.
652 575 787 604 Constant
799 579 888 603 autem
897 582 972 603 mera

186 623 381 650 miraculorum
394 622 551 650 narratione
562 630 570 655 ;
581 629 644 657 quae
653 622 716 649 licet
729 621 800 657 stylo
810 620 887 649 valde
896 621 972 656 gravi

185 669 342 704 conscripta
356 668 403 700 sit,
414 668 524 696 nativus
538 672 628 695 tamen
644 667 689 695 ille
697 667 871 701 antiquitatis
883 667 971 700 color,

185 713 233 748 qui
244 712 270 739 in
283 712 409 747 genuinis
421 712 482 748 ejus
495 713 582 741 aetatis
597 712 709 747 Scriptis
734 712 900 747 conspicuus
919 716 972 744 est,

188 757 289 785 ibidem
305 765 360 785 non
374 761 524 792 spectatur.
551 756 646 784 Refert
660 756 789 792 primum,
807 756 971 789 Sisinnium,

185 803 257 838 quod
270 802 419 838 ,Theodora
442 810 510 830 uxor
523 803 706 831 Christianam
727 802 884 838 religionem
908 809 972 837 pro-

186 849 257 877 fessa
266 849 372 881 fuisset,
381 848 459 877 valde
467 849 646 884 indignatum,
655 849 800 882 rationem,
808 855 860 883 qua
870 848 970 876 factum

185 896 237 922 hoc
245 896 339 923 ulcisci
355 902 457 930 posset,
472 895 648 930 quaesivisse;
663 902 726 922 cum
741 901 806 922 vero
827 893 970 922 Thcodora
987 888 1008 917 Β

185 939 301 976 quadam
313 940 357 968 die
367 940 401 968 ad
415 940 559 968 ecclesiam
576 940 680 972 ivisset,
695 939 846 968 Sisinnium
861 947 971 975 quoque

183 992 217 1013 eo
231 985 414 1018 contendisse,
431 989 459 1012 at
472 993 520 1021 per
535 986 616 1013 aliam
630 989 736 1021 portam
753 986 880 1018 subiisse.
902 993 971 1014 cun-

184 1037 291 1068 ctaque,
305 1039 365 1068 quae
375 1032 403 1060 in
413 1031 632 1060 Christianorum
642 1032 781 1068 mysteriis
795 1032 969 1067 gerebantur,

184 1077 295 1106 curiose
317 1077 463 1105 admodum
495 1077 688 1112 perlustrasse.
722 1076 852 1105 Precibus
878 1080 969 1105 autem

183 1131 198 1150 a
210 1127 305 1152 sancto
315 1123 454 1151 Clemente
467 1123 601 1151 absolutis
609 1127 636 1150 et
648 1123 749 1159 populo
761 1123 845 1150 Amen
855 1131 954 1158 respon
962 1138 971 1144 -

184 1169 265 1197 dente
286 1168 437 1196 Sisinnium
455 1168 625 1196 curiositatis
650 1175 708 1196 suae
729 1175 824 1203 pmnas
850 1168 968 1200 dedisse.

183 1219 211 1243 et
235 1215 338 1251 lingua,
356 1215 523 1250 auribusque
547 1214 621 1242 illico
648 1219 759 1250 captum
775 1214 871 1242 fuisse.
900 1214 969 1241 Eum

184 1269 248 1290 vero
259 1265 314 1288 tam
328 1261 427 1289 celeris
441 1261 553 1288 ultionis
574 1265 672 1288 eventu
691 1261 846 1296 perculsum
866 1260 969 1288 erroris

184 1306 228 1334 sui
243 1306 414 1341 paenituisse,
435 1309 463 1334 et
481 1313 544 1334 cum
570 1306 708 1341 baptismo
722 1306 856 1341 corporis,
872 1307 970 1334 anima:

183 1359 293 1388 quoque
313 1352 427 1380 salutem
439 1356 617 1380 consecutum
630 1352 724 1380 fuisse.
746 1351 874 1380 Publium
896 1351 967 1380 Tar-

183 1398 346 1434 quinianum
374 1405 516 1426 sacrorum
547 1398 699 1426 ofﬁciorum
729 1400 875 1431 comitem,
905 1406 968 1426 cum

185 1443 372 1471 Christianam
394 1444 554 1480 religionem
565 1447 658 1472 tantos
678 1444 707 1471 in
722 1444 789 1472 urbe
804 1451 969 1480 progressus

185 1489 274 1517 facere
287 1493 422 1521 cerneret.
449 1489 513 1517 data
536 1490 676 1526 regionum
687 1489 826 1526 praefectis
836 1490 963 1525 pecunia,

184 1539 325 1563 auctorem
356 1536 410 1564 illis
421 1535 507 1564 fuisse
533 1540 563 1563 ut
591 1536 618 1564 in
641 1536 815 1564 Christianos
838 1536 967 1572 populum
981 1556 1002 1584 ϐ

183 1581 362 1609 concitarent.
374 1581 540 1611 Clementem
561 1583 644 1619 igitur
658 1583 775 1618 primum
785 1582 874 1610 adorti
888 1587 963 1616 sunt,

183 1636 246 1656 eum
261 1627 294 1656 de
314 1629 468 1664 sacrilegio,
485 1629 519 1657 de
534 1629 682 1664 impietate,
705 1633 787 1664 atque
809 1629 843 1657 de
858 1629 967 1658 violatis

183 1674 369 1710 Augustorum
392 1675 490 1703 edictis
505 1680 676 1704 accusantes.
703 1675 838 1711 Trajanus
854 1675 896 1703 his
907 1683 967 1704 om—

184 1720 267 1749 nibus
294 1728 310 1747 a
325 1720 485 1748 Mamertino
509 1721 587 1749 urbis
610 1721 739 1756 praefecto
765 1721 886 1757 acceptis
902 1729 967 1748 san-

184 1769 258 1794 ctum
287 1765 445 1795 Pontificem
473 1767 501 1795 in
524 1767 726 1796 Chersonesum
756 1768 827 1796 ultra
852 1767 967 1796 Pontum

184 1812 320 1841 Euxinum
334 1813 472 1850 relegavit.
493 1813 598 1842 Invenit
609 1822 672 1842 vero
686 1814 723 1842 ibi
732 1815 803 1843 ultro
812 1814 868 1842 duo
882 1815 968 1842 millia

184 1857 402 1886 Christianorum
414 1858 470 1894 jam
485 1859 530 1886 diu
543 1858 577 1886 ad
589 1859 712 1887 caedendi
738 1860 883 1887 marmoris
898 1866 968 1895 opus

186 1905 390 1932 damnatorum.
414 1903 486 1932 Inter
498 1906 616 1931 maxima
635 1908 725 1932 autem
736 1904 832 1932 horum
849 1904 968 1932 fidelium

184 1949 357 1977 incommoda
369 1949 435 1976 illud
463 1954 532 1982 erat,
548 1949 620 1985 quod
634 1955 710 1978 sexto
723 1950 851 1978 milliario
869 1957 967 1985 aquam

184 1994 307 2022 humeris
318 1994 377 2021 suis
389 1994 533 2029 deportare
558 1994 698 2022 deberent.
729 1993 854 2022 Pontifex
879 1999 968 2022 autem

183 2048 280 2068 eorum
318 2040 493 2067 miseratione
519 2043 630 2072 tactus,
656 2048 718 2067 cum
735 2041 797 2074 agni
824 2040 968 2075 cujusdam

185 2085 280 2118 ductu,
302 2085 349 2113 ubi
364 2085 426 2113 fons
440 2089 523 2117 esset,
539 2085 723 2121 cognovisset.
740 2093 811 2117 eam,
826 2090 855 2112 ut
868 2085 969 2113 ellode-

184 2134 259 2164 rent,
272 2130 436 2158 Christianis
462 2131 593 2158 ostendit.
619 2130 723 2163 Quibus
734 2130 917 2166 nequidquam
928 2131 968 2157 la-

184 2177 347 2205 borantibus
365 2180 478 2204 sanctus
498 2176 624 2204 Clemens
642 2184 702 2204 eum
728 2176 817 2203 locum
843 2176 901 2212 ipse
915 2175 967 2203 levi

1023 258 1084 283 ctor
1098 254 1177 283 facile
1189 254 1329 290 percipere
1343 253 1432 289 possit
1441 273 1448 284 ,
1471 253 1597 281 fabellam
1611 260 1711 288 sapere
1721 273 1729 285 ,
1755 261 1813 288 quae

1023 301 1057 330 de
1072 300 1193 328 Sisinnlo
1211 300 1376 329 refenmtur.
1394 299 1461 333 Quis
1483 299 1556 328 enim
1577 300 1672 327 credat
1685 303 1769 327 aetate
1781 300 1813 326 il»

1023 347 1066 379 la,
1080 354 1136 381 qua
1160 346 1258 381 pagani
1281 346 1502 374 Christianorum
1517 345 1603 373 cultui
1619 345 1740 373 vetando
1755 345 1814 381 plu-

1023 393 1123 420 rimum
1138 392 1326 428 invigilabant,
1339 392 1472 420 ecclesias
1481 391 1562 427 vulgo
1573 391 1640 419 adeo
1654 395 1747 423 notas,
1760 397 1815 420 tan-

1023 442 1133 474 tamque
1155 445 1202 466 eas
1216 437 1351 466 subeundi
1367 438 1505 466 licentiam
1520 438 1606 466 fuisse
1616 458 1623 469 .
1640 441 1672 465 ut
1697 438 1815 474 paganis

1024 484 1090 519 ipsis
1114 483 1206 512 aditus
1228 483 1263 510 ad
1282 491 1330 512 eas
1345 487 1465 519 pateret,
1487 487 1515 512 et
1538 483 1646 511 Domini
1674 483 1816 511 ministris

1024 530 1060 557 nil
1082 530 1299 566 prohibentibus,
1314 539 1376 567 quae
1399 531 1426 558 in
1449 537 1591 558 sacrorum
1615 530 1815 565 mysteriorum

1022 577 1207 605 celebratione
1232 577 1406 613 gerebantur,
1430 577 1599 612 perlustrare
1613 576 1765 604 valerent?
1785 576 1816 603 il-

1023 623 1069 650 lud
1083 630 1192 658 quoque
1210 623 1368 651 verosimile
1382 630 1437 650 non
1456 621 1484 649 tit
1496 641 1504 653 ,
1520 620 1632 657 Trajani
1646 625 1733 648 astate
1748 629 1816 656 pra-

1022 667 1123 695 fectum
1144 668 1232 696 ullum
1247 671 1322 696 tanta
1342 668 1456 696 audacia
1472 667 1575 700 fuisse,
1591 667 1638 702 qui
1662 667 1816 695 seditiones

1023 713 1050 740 in
1075 713 1142 741 urbe
1158 713 1202 741 vel
1226 717 1323 742 contra
1343 712 1516 741 Christianos
1541 713 1666 740 excitare
1688 712 1815 740 auderet.

1022 758 1061 786 Ad
1077 758 1135 786 haec
1149 765 1291 786 sacrorum
1306 757 1456 786 oﬂciorum
1473 758 1581 786 comitis
1596 758 1749 794 appellatio
1763 757 1816 784 Pu-

1023 802 1079 831 blio
1093 803 1195 830 tributa
1219 803 1306 830 sancti
1332 803 1482 831 Clementis
1503 810 1562 831 aevo
1585 802 1698 838 cognita
1725 802 1816 830 adhuc

1024 856 1078 877 non
1088 853 1166 882 erat;
1183 849 1231 877 sed
1245 849 1425 877 Constantino
1438 849 1555 884 primum
1567 848 1724 884 imperante
1735 856 1816 876 usur-

1023 899 1114 930 patam
1126 893 1224 927 fuisse,
1235 902 1270 922 ex
1283 894 1397 922 historia
1410 894 1553 922 discimus.
1568 893 1664 922 Fidem
1678 894 1766 921 etiam
1774 901 1818 921 su-

1022 943 1112 975 perat,
1132 943 1258 968 sanetum
1282 939 1449 968 Clementem
1475 940 1548 973 illos,
1572 939 1619 975 qui
1635 940 1670 967 ad
1696 943 1815 967 mortem

1021 994 1084 1015 eum
1102 986 1320 1022 conquirebant,
1340 994 1419 1014 cuitu
1437 987 1464 1014 in
1480 986 1597 1014 homines
1613 985 1751 1013 latrantes
1768 994 1816 1012 vo-

1021 1033 1147 1066 cavisse;
1170 1031 1244 1068 quod
1269 1036 1361 1060 tamen
1376 1033 1410 1060 ab
1425 1039 1460 1060 eo
1474 1031 1683 1068 pronuntiatum
1701 1031 1733 1059 in
1755 1031 1815 1066 ejus

1021 1078 1090 1105 actis
1101 1078 1226 1113 legimus.
1558 1108 1560 1110 τ

1056 1123 1154 1160 ingens
1178 1124 1399 1152 Christianorum
1414 1123 1443 1152 in
1464 1123 1668 1152 Chersonesum
1681 1123 1814 1158 deporta-

1020 1173 1110 1197 torum
1138 1178 1271 1198 numerus
1297 1170 1350 1199 sub
1371 1170 1459 1198 sancti
1484 1169 1632 1198 Clementis
1662 1169 1815 1196 adventura

1021 1220 1182 1252 argumento
1193 1217 1274 1244 etiam
1285 1221 1327 1244 est
1345 1216 1444 1244 horum
1460 1219 1585 1244 actorum
1602 1214 1748 1242 falsitatis.
1764 1213 1816 1241 Ne-

1019 1270 1073 1298 que
1091 1263 1165 1290 enim
1189 1267 1306 1298 tempus,
1329 1270 1385 1298 quo
1399 1262 1464 1290 illuc
1487 1262 1626 1298 deportari
1651 1261 1813 1296 potuerint,

1025 1309 1218 1344 perspicimus.
1245 1309 1353 1337 Etenim
1365 1309 1390 1338 si
1407 1310 1459 1338 sub
1483 1308 1640 1336 Domitiano
1661 1307 1812 1335 damnatos

1019 1354 1156 1388 dicamus,
1169 1355 1265 1391 reponi
1284 1359 1384 1392 potest,
1399 1363 1448 1383 eos
1475 1355 1560 1383 altero
1584 1353 1697 1389 Trajani
1726 1361 1810 1383 anno.

1020 1408 1075 1436 quo
1089 1406 1202 1429 sanctus
1216 1401 1345 1430 Clemens
1355 1409 1388 1429 eo
1404 1401 1541 1436 relegatus
1552 1400 1649 1432 fertur,
1672 1399 1733 1426 illic
1752 1407 1812 1426 am-

1019 1447 1092 1483 plius
1106 1455 1162 1475 non
1173 1448 1330 1481 exstitisse;
1354 1454 1416 1475 cum
1427 1446 1516 1474 Nerva
1531 1446 1681 1474 Domitiani
1696 1454 1810 1474 sum

1020 1499 1066 1520 sor
1077 1495 1104 1520 et
1119 1492 1260 1527 proximus
1273 1491 1383 1527 Trajani
1395 1491 1523 1520 decessor
1540 1492 1597 1528 (55)
1612 1499 1710 1520 omnes
1725 1499 1742 1518 a
1755 1491 1810 1519 Do-

1021 1538 1134 1566 mitiano
1158 1538 1293 1574 relegatos
1317 1542 1372 1566 tam
1390 1538 1580 1570 Christianos,
1595 1545 1677 1573 quam
1693 1538 1811 1566 alterius

1018 1583 1209 1620 cujuscunque
1224 1584 1334 1621 generis
1345 1584 1526 1617 revocaverit,
1553 1584 1693 1619 quomodo
1718 1585 1810 1612 sancti

1017 1630 1132 1659 Joannis
1153 1632 1279 1667 exemplo
1298 1632 1439 1660 docemur.
1452 1631 1504 1660 Sed
1518 1639 1607 1667 neque
1622 1631 1674 1659 sub
1693 1630 1810 1666 Trajani

1019 1677 1128 1713 imperii
1141 1678 1283 1706 exordiqu
1296 1678 1334 1705 illi
1345 1678 1467 1706 damnati
1484 1677 1569 1710 fuere,
1582 1685 1645 1705 cum
1661 1677 1686 1705 is
1698 1677 1810 1705 decimo

1018 1727 1126 1751 tantum
1141 1724 1249 1759 imperii
1261 1725 1305 1752 sui
1322 1732 1395 1752 anno
1410 1724 1577 1760 quaestiones
1587 1723 1616 1751 in
1630 1723 1809 1752 Christianos

1018 1771 1119 1799 habere
1130 1770 1254 1806 ceperit,
1266 1770 1496 1806 quemadmodum
1505 1770 1539 1798 ab
1547 1769 1665 1798 Eusebio
1675 1769 1703 1796 in
1718 1768 1809 1796 Chro-

1018 1818 1082 1845 nico
1093 1817 1233 1844 docemur.

1052 1862 1163 1891 Fabulis
1175 1870 1285 1897 quoque
1296 1866 1337 1890 est
1348 1861 1592 1894 annumerandum,
1604 1860 1677 1897 quod
1691 1861 1721 1888 in
1736 1861 1810 1888 actis

1018 1908 1080 1937 istis
1091 1908 1218 1941 refertur,
1232 1908 1303 1935 intra
1315 1907 1380 1935 anni
1399 1908 1483 1935 unius
1497 1907 1615 1943 spatium
1632 1907 1809 1942 septuaginta

1017 1954 1151 1982 ecclesias
1175 1954 1204 1982 in
1228 1953 1403 1982 Chersoneso
1430 1952 1557 1981 conditas
1579 1951 1676 1980 fuisse.
1711 1951 1807 1988 Neque

1018 2000 1090 2027 enim
1104 1999 1192 2027 inscio
1213 1998 1322 2027 Caesare
1344 1998 1470 2026 construi
1484 1998 1648 2033 potuissent.
1673 1996 1753 2030 Quod
1783 1998 1809 2024 si

1018 2044 1155 2079 Trajanus
1169 2043 1196 2072 id
1224 2046 1365 2075 rescisset,
1385 2051 1448 2071 cum
1465 2042 1630 2071 Christianis
1651 2046 1727 2070 esset
1751 2042 1807 2069 ini-

1017 2092 1098 2127 quior
1109 2110 1117 2123 ,
1139 2089 1213 2126 quod
1232 2098 1299 2119 sane
1317 2095 1377 2118 acta
1396 2089 1454 2117 haec
1469 2090 1578 2117 sincera
1592 2096 1654 2117 esse
1666 2088 1808 2116 aiﬁrman-

1018 2141 1059 2165 tes
1072 2135 1210 2164 fateantur
1227 2144 1340 2164 necesse
1353 2141 1406 2174 est,
1423 2143 1471 2163 eas
1486 2139 1562 2163 tanto
1575 2142 1691 2162 numero
1717 2134 1807 2162 tedii]-

1018 2183 1077 2210 cari
1092 2190 1192 2217 passus
1205 2190 1260 2210 non
1276 2182 1383 2210 fuisset.
1408 2181 1532 2214 Accedit,
1558 2186 1730 2215 compertum
1753 2188 1808 2209 nos

185 2223 241 2250 ictu
267 2223 413 2257 percussit.
434 2227 462 2250 ει
475 2222 536 2251 fons
549 2223 622 2250 illico
643 2222 752 2250 exsiliit-
781 2221 822 2249 Ad
843 2222 968 2249 miraculi
983 2227 1005 2254 D
1020 2228 1131 2260 habere,
1145 2227 1318 2256 Christianos
1334 2228 1367 2254 ad
1383 2228 1456 2255 tertii
1471 2219 1577 2254 tantum
1587 2226 1681 2254 saeculi
1695 2227 1806 2254 initium

185 2268 268 2303 hujus
282 2268 381 2296 famam
392 2272 449 2296 tota
464 2269 603 2304 provincia
618 2272 789 2301 accurrente,
804 2269 967 2303 cunctisque

185 2315 219 2342 ad
241 2314 321 2342 fidem
337 2315 470 2343 traductis
486 2319 513 2342 et
528 2315 670 2350 haptizatis
681 2315 753 2342 intra
767 2314 831 2342 anni
848 2315 967 2350 spatium

185 2361 357 2397 septuaginta
380 2361 503 2389 ecclesia:
518 2366 695 2394 constructae,
712 2361 783 2389 idola
796 2361 887 2388 omnia
901 2368 968 2388 cono

184 2405 291 2438 fracta.
323 2407 422 2442 templa
451 2406 670 2441 circumjacentis
708 2407 828 2442 regionis
857 2407 966 2439 diruta,

184 2459 334 2487 omnesque
352 2453 405 2480 luci
419 2460 506 2488 usque
533 2452 567 2479 ad
591 2456 713 2480 trecenta
728 2452 854 2479 milliaria
870 2452 897 2479 in
912 2452 968 2479 cir-

185 2501 262 2528 cuitu
275 2501 380 2529 concisi
395 2500 480 2529 fuere.
508 2500 645 2537 Trajanus
658 2508 734 2532 vero,
753 2504 783 2528 ut
805 2504 911 2528 tantum
927 2500 966 2528 rei

183 2545 347 2573 Christiana:
375 2554 549 2581 progressum
575 2547 700 2578 sisteret,
721 2545 887 2574 Clementem
917 2553 967 2572 an-

184 2591 269 2618 chora
284 2591 317 2618 ad
340 2591 439 2618 collum
457 2591 537 2626 ligata
549 2590 577 2618 in
591 2598 666 2618 mare
680 2590 800 2625 demergi
815 2588 964 2617 mandavit.

184 2637 219 2664 At
233 2637 302 2664 mari.
313 2645 400 2671 usque
416 2636 449 2663 ad
464 2636 554 2664 locum
565 2656 572 2668 ,
585 2644 640 2671 quo
655 2635 795 2663 Pontificis
810 2642 910 2670 corpus
921 2634 966 2669 ja-

183 2682 280 2714 cehat,
305 2683 465 2715 recudente,
490 2681 557 2709 illud
584 2682 689 2709 tumulo
711 2689 794 2709 saxeo
815 2681 843 2708 in
865 2681 967 2716 templo

184 2728 301 2764 quodam
312 2735 467 2756 marmoreo
477 2728 617 2755 conditum
633 2727 783 2755 Christiani
795 2727 964 2754 invenerunt.

220 2774 302 2801 Multa
319 2778 409 2802 autem
425 2774 619 2809 disquisitione
635 2781 705 2808 opus
730 2781 785 2801 non
801 2778 859 2806 est,
875 2772 909 2800 ad
924 2772 965 2800 hi-

220 2855 274 2887 (ῖιῖς)
293 2855 349 2887 Dio,
366 2855 433 2881 libro
446 2861 540 2886 tum,
556 2861 615 2888 pag.
631 2853 691 2880 769.

1018 2274 1162 2307 ecclesias,
1183 2273 1218 2300 ad
1246 2281 1316 2310 quas
1336 2273 1426 2308 palam
1447 2272 1641 2304 convenirent,
1661 2271 1805 2300 habuisse.

1018 2318 1180 2346 Aufidianus
1208 2326 1321 2353 praeses,
1348 2318 1395 2353 qui
1414 2316 1562 2352 aTrajano
1591 2317 1624 2344 ad
1640 2315 1806 2344 Christianas

1019 2363 1128 2399 pietatis
1137 2368 1311 2398 augmentum
1328 2363 1528 2398 prohibendum
1547 2363 1576 2389 in
1598 2362 1805 2390 Chersonesum

1019 2410 1121 2438 missus
1137 2410 1232 2442 fertur.
1250 2410 1337 2438 solius
1365 2409 1454 2437 sancti
1468 2409 1618 2437 Clementis
1634 2412 1723 2436 morte
1737 2415 1804 2435 con-

1019 2460 1112 2484 tentus
1123 2463 1178 2484 non
1195 2455 1301 2487 fuisset.
1316 2455 1363 2483 sed
1379 2463 1441 2482 eum
1453 2462 1504 2490 pro
1516 2462 1566 2482 sua
1581 2454 1609 2481 in
1620 2454 1687 2481 deos
1701 2454 1805 2489 pietate

1017 2509 1123 2537 suoque
1135 2502 1163 2530 in
1173 2502 1289 2530 Caesaris
1303 2501 1380 2536 jussa
1393 2501 1526 2535 obsequio
1540 2500 1759 2535 quamplurimas
1768 2507 1803 2526 ex

1018 2548 1166 2576 rebellibus
1182 2547 1237 2575 illis
1251 2546 1368 2574 Caesaris
1392 2546 1530 2573 mandatis
1546 2552 1643 2580 parere
1660 2545 1802 2572 renuenti-

1017 2594 1079 2625 bus,
1095 2593 1285 2628 idolorumque
1306 2593 1399 2620 cultus
1413 2591 1550 2624 hostibus,
1569 2591 1688 2626 plectere
1709 2592 1802 2626 utique

1016 2638 1164 2666 debuisset.

1052 2684 1130 2718 Quod
1149 2684 1183 2711 de
1199 2683 1315 2710 mirifico
1331 2683 1378 2710 illo
1397 2682 1472 2709 fonte
1485 2686 1546 2709 acta
1562 2681 1614 2710 ista
1635 2683 1799 2715 memorant,

1016 2730 1064 2765 qui
1078 2729 1110 2756 ad
1123 2729 1210 2757 sancti
1230 2729 1380 2757 Clementis
1394 2737 1490 2764 preces
1515 2729 1663 2761 emanavit,
1688 2736 1799 2764 praeter-

1016 2775 1135 2803 eundum
1151 2774 1230 2802 nobis
1241 2782 1301 2803 esse
1312 2781 1455 2802 censemus
1467 2783 1475 2808 ;
1491 2774 1604 2811 singulae
1614 2774 1688 2802 enim
1703 2782 1799 2802 narra-

1764 151 1812 178 ιεξ
1864 174 1868 182 Α
