1875 3101
40 149 84 177 F3

645 148 813 177 PROOEMIA
832 150 874 178 VA
880 149 1023 179 RIORUM.

1604 152 1614 178 1
1619 152 1654 179 5-1,

39 206 113 233 tionis
125 204 209 240 huius
226 209 319 241 partes
348 213 378 234 se
394 205 468 241 ipsas
493 204 622 233 falsitatis
653 210 814 241 coarguunt.
831 209 854 236 Α
867 205 997 234 Clementi
1009 211 1088 232 sacra
1099 203 1132 231 ad
1142 204 1193 232 tria
1201 203 1285 232 millia
1293 211 1424 240 passuum
1433 205 1654 241 recedereiQui-

39 252 102 279 idem
118 251 293 279 sentiendqu
306 255 348 279 est
361 251 396 279 de
410 251 455 284 iis,
476 258 536 286 qua
553 254 614 278 acta
630 251 682 279 ista
702 251 815 285 addunt,

39 305 92 324 cum
103 297 233 332 discipuli
249 297 344 333 paucis
357 300 419 332 post
435 296 524 324 sancti
552 297 700 324 Clementis
715 301 818 333 marty-

39 344 101 369 rium
115 342 212 370 diebus
229 342 264 369 ad
279 342 381 373 locum.
396 349 451 376 quo
468 341 514 370 ille
524 342 552 369 in
575 349 661 377 aquas
676 342 818 370 demersus

39 389 128 421 fuerat,
142 389 339 421 accessissent,
359 389 448 417 tribus
467 389 572 417 scilicet
583 396 599 415 a
614 389 708 416 littore
719 389 818 416 millia-

40 435 107 462 ribus
119 442 193 462 mare
208 435 372 467 recessisse,
401 438 483 470 atque
510 441 558 462 eos
580 434 668 462 sancti
688 435 818 470 martyris

39 481 157 516 reliquias
181 481 291 508 tumulo
315 481 423 516 lapideo
449 481 574 509 conditas
603 481 630 509 in
662 489 817 510 marmoreo

41 526 130 561 templo
142 525 294 553 invenisse.
311 525 363 559 Qui
377 526 449 554 enim
466 526 524 553 fieri
540 529 644 561 posset,
655 529 685 553 ut
697 534 741 554 res
749 527 818 554 adeo

40 570 195 599 admirandae
224 571 361 599 universae
377 571 533 607 antiquitati
550 572 661 606 ignotae,
686 575 768 607 atque
783 572 817 600 ab

41 617 155 644 omnibus
178 617 377 645 ecclesiasticae
408 617 531 644 historia:
564 616 747 653 scriptoribus
776 617 817 644 al-

41 662 135 690 tissimo
159 661 271 690 silentio
295 662 408 698 sepulta:
435 662 558 690 fuerint?
574 662 645 690 haud
671 662 818 690 diffitemur

41 708 148 744 quidem,
163 708 224 744 ejus
239 709 281 735 rei
295 708 323 736 in
337 709 470 744 opusculo
481 708 599 744 quodam
617 708 674 744 (56)
686 709 816 744 Ephraim

41 754 172 782 Chersonis
185 755 317 789 episcopo
332 755 435 782 tributo
446 754 615 783 mentionem
631 755 703 782 fieri:
720 762 815 782 verum

42 799 158 834 scriptum
165 799 234 827 illud
246 799 358 828 levioris
367 800 497 835 ponderis
507 808 569 828 esse
576 800 694 829 videtur.
705 800 742 828 Ex
755 801 816 836 ipso

41 845 104 873 enim
132 845 203 882 ston
231 846 443 881 dignoscimus,
466 846 533 874 illud
554 846 641 874 Graeci
672 847 814 882 cujusdam

867 251 919 279 bus
934 251 1056 279 universi
1082 258 1241 285 reposuere.
1258 251 1316 279 haec
1330 251 1382 279 sibi
1395 251 1530 280 hactenus
1549 253 1654 280 incont-

867 302 944 334 perta
960 298 1046 327 fuisse
1065 297 1133 334 (57).

902 344 1052 373 Obscurior
1065 349 1206 380 praeterea,
1219 347 1267 371 aut
1280 344 1372 380 potius
1391 347 1522 379 tanquam
1539 351 1654 381 apocry-

867 391 921 427 pha
935 394 962 418 et
977 391 1164 418 commentitia
1184 398 1200 418 a
1219 390 1252 419 D.
1268 389 1394 426 Gregorii
1408 389 1444 418 M.
1463 398 1551 429 usque
1573 395 1654 426 aetate

867 438 982 467 historia
996 438 1054 465 haec
1066 437 1160 465 habita
1178 437 1247 471 fuit;
1263 444 1325 464 cum
1342 440 1438 464 sancto
1459 435 1574 472 Eulogio
1595 437 1655 471 epi-

867 491 952 519 scopo
981 483 1166 511 Alexandrino
1203 487 1354 519 martyrum
1381 486 1441 511 acta
1470 482 1505 510 ab
1535 482 1653 510 Eusebio

866 528 1035 556 Caesareensi
1050 527 1163 555 collecta
1174 527 1312 562 expetenti
1326 526 1451 555 Pontifex
1464 526 1509 554 ille
1521 526 1650 554 doctissi-

866 581 928 601 mus
951 573 1142 608 responderit:
1159 581 1168 599 ι
1182 572 1285 601 Praeter
1305 572 1364 605 illa,
1388 579 1449 607 quae
1475 572 1503 599 in
1529 572 1651 606 ejusdem

866 619 976 647 Eusebii
991 619 1068 646 libris
1083 618 1116 646 de
1131 618 1223 646 Gestis
1238 621 1396 646 sanctorum
1415 621 1566 653 martyrum
1582 625 1651 645 cou-

865 662 998 694 tinentur,
1014 662 1088 689 nulla
1102 662 1131 690 in
1146 663 1266 690 Archivo
1294 663 1376 697 hujus
1401 666 1503 690 nostrae
1522 662 1652 690 Ecclesia:

865 709 908 736 vel
924 708 953 736 in
977 707 1108 736 Romanae
1132 708 1209 736 urbis
1235 708 1412 736 bibliothecis
1434 715 1497 736 esse
1524 709 1651 743 cognovi,

866 754 919 782 nisi
935 761 1022 789 pauca
1034 754 1160 789 quaedam
1176 753 1204 782 in
1219 754 1303 782 unius
1317 754 1423 781 codicis
1441 754 1581 782 volumine
1594 755 1652 781 col-

866 800 946 828 lecta.
957 799 1013 828 Nos
1024 804 1114 827 autem
1129 807 1205 836 paene
1217 800 1338 827 omnium
1352 804 1500 835 martyrum
1514 799 1652 828 distinctis

866 853 915 880 per
929 845 989 873 dies
1004 846 1128 881 singulos
1143 845 1320 881 passionibus
1336 845 1451 873 collecta
1473 845 1501 872 in
1528 852 1584 872 uno
1604 852 1653 872 co-

43 889 114 917 medii
134 890 182 917 aevi
197 898 268 926 opus
284 898 356 918 esse.
385 890 518 919 Eumdem
533 899 620 927 atque,
644 899 676 919 ac
690 896 814 919 actorum
830 887 851 915 Β
865 890 926 919 dice
941 892 1052 919 nomina
1070 892 1216 924 habemus,
1232 895 1315 928 atque
1327 891 1499 927 quotidianis
1512 891 1608 919 diebus
1623 891 1651 918 in

42 936 149 971 martyrii
157 936 245 964 sancti
255 936 406 965 Clementis
417 941 556 965 auctorem
569 937 676 966 fabellis
682 937 815 966 delectari

43 981 96 1009 inde
107 981 293 1017 iutelligintus,
308 982 383 1017 quod
396 982 503 1018 singula
521 983 556 1010 ab
581 991 614 1011 eo
631 984 716 1011 relata
739 991 754 1011 a
768 991 815 1012 ve-

44 1027 85 1055 teri
95 1028 206 1063 quodam
217 1028 350 1063 episcopo
365 1027 548 1057 Constantino
564 1029 717 1065 appellato,
733 1029 814 1065 cujus

43 1077 94 1100 acta
106 1081 119 1100 a
130 1073 260 1101 Bollando
286 1073 358 1101 edita
374 1077 454 1108 sunt,
468 1073 530 1102 falsi
548 1074 761 1110 redarguantur.
788 1075 814 1103 ls

43 1119 103 1147 enim
121 1127 179 1147 cum
202 1119 278 1146 circa
296 1126 397 1147 annum
415 1119 468 1148 850
488 1119 659 1148 Chersoncm
672 1120 812 1155 profectus

43 1169 114 1199 esset,
124 1165 224 1193 incolas
241 1165 388 1200 diligenter
406 1165 564 1193 sciscitatus
573 1169 626 1198 est,
638 1170 813 1194 constaretne

45 1210 160 1246 sibi,que
173 1210 327 1242 ferebatur,
345 1209 428 1242 fama,
443 1210 533 1237 sancti
549 1209 700 1239 Clementis
712 1219 813 1246 corpus

44 1263 178 1284 marmoreo
189 1259 369 1284 monumento
391 1256 420 1284 in
442 1257 544 1292 templo
567 1258 603 1285 ab
617 1258 722 1293 angelis
746 1265 813 1285 con-

44 1301 92 1329 dito
106 1306 237 1338 repertum
253 1303 351 1336 fuisse,
365 1306 394 1331 et
415 1310 492 1332 mare
506 1304 655 1339 quotannis
664 1304 708 1332 die
715 1307 810 1332 sancto

866 943 962 964 eorum
987 938 1162 965 veneratione
1191 937 1336 965 Missarum
1368 937 1501 965 solemnia
1535 937 1649 972 agimus.

866 981 927 1009 Non
949 987 1040 1010 tamen
1064 984 1092 1010 in
1106 983 1202 1011 eodem
1225 983 1375 1016 volumine,
1389 983 1464 1018 quis,
1481 982 1599 1018 qualiter
1610 982 1648 1010 sit

866 1035 965 1063 passus
979 1027 1127 1061 indicatur,
1144 1027 1192 1056 sed
1217 1027 1407 1056 tantummodo
1436 1035 1546 1060 nomen,
1563 1028 1651 1061 locus,

866 1077 893 1101 et
909 1073 968 1101 dies
978 1074 1115 1109 passionis
1131 1074 1254 1109 ponitur.
1273 1084 1282 1100 ι
1302 1073 1364 1101 Haec
1376 1080 1443 1102 sane
1457 1077 1570 1102 sanctus
1585 1072 1652 1100 Gre-

868 1120 961 1155 gorius
987 1120 1043 1155 (58)
1067 1120 1223 1155 scripturus
1249 1127 1304 1147 non
1335 1119 1443 1152 fuisset,
1458 1119 1482 1147 si
1504 1125 1576 1151 acta,
1591 1127 1652 1154 qua:

866 1166 947 1194 hodie
965 1166 1016 1194 sub
1031 1167 1118 1194 sancti
1133 1167 1282 1194 Clementis
1297 1166 1408 1194 nomine
1426 1169 1546 1198 exstant,
1560 1166 1652 1194 novis-

866 1218 918 1245 set,
933 1212 981 1240 ubi
996 1220 1051 1240 non
1066 1212 1127 1240 dies
1143 1213 1225 1240 modo
1240 1217 1267 1240 et
1282 1213 1360 1241 locus
1377 1211 1517 1248 passionis
1532 1212 1593 1246 ejus
1616 1212 1653 1239 le-

866 1259 950 1294 gitur,
965 1258 1013 1286 sed
1028 1258 1170 1294 complura
1186 1259 1250 1292 alia,
1268 1267 1329 1294 quae
1353 1260 1428 1287 circa
1458 1259 1518 1294 ejus
1536 1263 1650 1286 mortem

866 1311 991 1338 evenere,
1009 1305 1167 1341 singillatim
1182 1305 1386 1335 describuntur.

686 1466 876 1512 CAPUT
927 1469 986 1514 V.

525 1561 733 1593 DOCTRINA
750 1562 892 1594 SANCTI
909 1563 1150 1595 CLEMENTIS.

304 1694 502 1724 ARTICULUS
516 1695 536 1724 1.

48 1747 246 1770 ωδειητιοκεε
259 1749 423 1768 ΒοῧΙΔΤΙΕιΕ
433 1750 458 1768 IN
468 1749 523 1768 DIVI
543 1749 693 1770 CLEMENTIS
710 1749 812 1770 BOIANI

259 1785 405 1805 EPISTOLAS
423 1785 565 1804 GENUINAS.

136 1832 149 1868 ᾗ
164 1833 182 1860 1.
198 1833 238 1861 De
254 1838 350 1861 sancta
364 1833 501 1868 Scriptura
511 1837 536 1860 et
552 1832 705 1861 traditione.

75 1876 109 1905 Ex
122 1879 203 1913 prima
221 1879 275 1907 divi
295 1879 443 1908 Clementis
472 1879 505 1906 ad
526 1878 683 1907 Corinthios
698 1879 812 1914 epistola

49 1924 202 1953 utilissimum
226 1927 349 1954 eruimus
374 1926 401 1953 in
425 1925 545 1953 favorem
556 1931 696 1953 sacrarum
711 1926 813 1953 littera-

49 1977 98 1996 rum
123 1972 322 2007 testimonium;
341 1972 389 2000 has
415 1972 552 2007 siquidem
578 1972 698 2007 Spiritus
721 1972 809 1999 sancti

48 2017 140 2044 oracula
151 2023 242 2047 vocat:
255 2018 414 2054 Diligenter,
424 2019 523 2054 legitur
535 2018 583 2051 ibi,
601 2019 722 2052 inspicite
739 2018 812 2046 Scri-

49 2066 136 2095 pturas.
150 2063 262 2099 Spiritus
286 2065 373 2091 sancti
397 2073 459 2092 vera
486 2064 595 2092 oracula
610 2071 619 2091 :
634 2064 689 2095 Τὰς
704 2063 812 2099 ἀληθεῖς

51 2106 127 2141 ῥήσεις
141 2109 292 2145 Πνεύματος
300 2108 347 2136 τοῦ
362 2109 440 2144 ἁγίου
456 2109 523 2145 (59).
537 2109 580 2136 Ait
593 2108 676 2136 etiam
699 2114 812 2137 sanctus

50 2150 172 2182 Pontifex:
188 2155 280 2182 Nostis
300 2156 382 2187 enim.
398 2160 423 2182 et
446 2155 526 2189 probe
552 2155 636 2183 nostis
659 2154 812 2189 Scriptura;

51 2205 135 2230 sacras,
151 2200 256 2233 dilecti,
286 2205 310 2228 et
334 2201 437 2235 penitus
461 2201 490 2228 in
518 2200 608 2228 diuina
636 2201 750 2236 eloquia,
771 2200 813 2228 Τὰ

52 2241 114 2277 λόγια
134 2245 176 2272 τοῦ
197 2246 275 2279 Θεοῦ,
293 2247 497 2281 introspexistis.
513 2246 584 2280 Quid
605 2247 694 2282 aptius
709 2246 743 2273 ad
760 2245 810 2274 SS.

54 2287 230 2324 Scripturarum
248 2301 311 2320 cum
327 2293 551 2328 inspirationem.
568 2296 626 2320 tum
640 2292 811 2320 divinitatem

53 2337 257 2369 comprobandam
268 2337 388 2373 proferri
402 2337 512 2373 potest?
524 2337 584 2365 Non
607 2337 696 2365 solum
719 2340 811 2364 autem

825 1697 848 1727 (Ξ
865 1704 936 1732 mus,
959 1696 1007 1725 sed
1030 1697 1156 1725 eumdem
1185 1701 1311 1724 sanctum
1338 1697 1492 1734 pontilicem
1519 1701 1648 1733 tanquam

863 1747 959 1771 testem
984 1751 1040 1770 non
1067 1743 1298 1770 contemnendum
1325 1742 1650 1779 apostolictcEvaugclio-

862 1796 924 1816 rum
939 1789 1054 1824 originis
1066 1796 1128 1815 cum
1143 1788 1205 1816 viro
1227 1789 1389 1817 doctissimo
1404 1789 1460 1824 (60)
1473 1795 1567 1816 contra
1583 1789 1650 1817 Fre-

864 1837 954 1861 retum
970 1834 1025 1870 (61)
1043 1834 1071 1861 in
1092 1834 1178 1862 aciem
1192 1834 1384 1869 producimus;
1401 1835 1428 1861 in
1445 1838 1560 1870 utraque
1576 1837 1649 1863 cuitu

862 1888 912 1909 sua
934 1880 1049 1915 epistola
1065 1880 1156 1908 verbis
1178 1881 1408 1916 evangelistarum
1426 1882 1581 1916 frequenter
1596 1883 1649 1908 uti-

861 1929 917 1954 tur.
933 1925 1062 1959 Quinimo
1079 1934 1113 1954 ex
1135 1926 1222 1961 ipsius
1244 1926 1355 1961 scriptis
1374 1926 1563 1953 demonstrare
1581 1934 1648 1961 pos-

863 1980 958 2000 sumus
966 1975 1061 1999 contra
1075 1972 1204 2007 antiquos
1215 1975 1242 1999 et
1256 1971 1424 1999 recentiores
1435 1972 1648 2001 hiblioutaclios.

861 2025 918 2044 non
933 2025 1035 2052 paucos
1050 2023 1153 2045 sanctae
1168 2017 1319 2053 Scriptura:
1331 2018 1418 2045 libros
1440 2018 1542 2045 habere
1553 2022 1650 2045 aucto-

861 2064 970 2092 ritatem
984 2064 1157 2092 canonicam.
1174 2063 1315 2099 Siquidem
1330 2064 1368 2091 ait
1385 2063 1538 2097 :Prwcipue
1553 2072 1650 2090 memo-

863 2118 905 2137 res
920 2117 1069 2137 sermonum
1082 2109 1189 2136 Domini
1201 2109 1278 2141 Jesu,
1290 2117 1354 2145 quos
1371 2109 1474 2136 locutus
1498 2113 1536 2135 est
1553 2107 1648 2135 docens

862 2155 1090 2183 mansuetudinem
1112 2161 1138 2183 et
1152 2156 1385 2192 aequanimitatem.
1403 2155 1447 2183 Sic
1472 2155 1540 2182 enim
1555 2155 1623 2181 dixit
1639 2163 1649 2182 :

865 2211 875 2228 ε
891 2201 982 2229 Estote
1000 2201 1192 2233 misericordes,
1215 2206 1244 2228 ut
1270 2200 1481 2228 misericordiam
1509 2208 1653 2234 consequa-

863 2247 946 2279 mini;
962 2246 1097 2279 dimittite,
1115 2251 1144 2274 ut
1160 2246 1311 2273 dimittatur
1329 2246 1399 2273 vobis
1414 2245 1481 2280 (62).
1495 2256 1504 2271 ι
1527 2245 1548 2272 Ε
1572 2245 1651 2274 libris

863 2293 1005 2321 canonicis
1022 2292 1056 2320 ad
1070 2292 1216 2329 Evangelia
1232 2292 1350 2320 Matthmi
1365 2300 1397 2319 ac
1413 2292 1493 2319 Luca:
1513 2292 1647 2327 respexit.

863 2340 895 2368 Et
908 2340 973 2368 dum
988 2339 1054 2367 dicit
1068 2340 1158 2374 capite
1168 2339 1290 2367 secundo
1311 2338 1411 2374 prioris
1427 2338 1551 2373 epistola;
1564 2347 1569 2365 :
1585 2338 1650 2365 0m-

55 2379 95 2407 SS.
103 2381 242 2410 litterarum
250 2371 420 2412 divinitatem
428 2391 462 2411 ex
473 2383 536 2412 divo
544 2382 683 2411 Clemente
693 2382 812 2411 ostendi-

900 2390 1014 2414 tantem
1039 2371 1135 2413 humili
1157 2386 1246 2412 animo
1271 2371 1364 2418 eratis,
1385 2371 1538 2412 nullatenus
1558 2392 1651 2418 super-

143 2470 215 2508 Tom.
231 2472 240 2499 l
254 2472 372 2508 Operun)
387 2472 525 2505 Cotelerii,
543 2480 604 2508 pagi.
621 2471 682 2508 Q15.

54 2503 136 2566 11
151 2506 213 2534 Acta
235 2503 320 2535 sancti
347 2503 602 2543 Constantiniia'pu'd
628 2506 764 2540 Bolland.,
791 2507 808 2535 9

83 2573 290 2613 i58l_S._Cregor.
307 2577 355 2607 Μ..
370 2578 418 2605 lib.
429 2585 477 2605 Vlll
491 2577 806 2613 Epistol.,indictionet,

55 2609 206 2646 epi'glplar29,
220 2609 259 2639 ΑΗ
271 2613 412 2646 Eulogium
425 2609 572 2641 Alexandr.

55 2643 132 2703 “(59)
145 2645 172 2673 S.
193 2646 316 2676 Clemens
330 2643 421 2680 Rom,
439 2656 482 2684 ep.
501 2649 514 2676 1
537 2648 570 2675 ad
592 2647 729 2681 Corinth,
744 2655 805 2683 cap.

87 2711 134 2749 (60)
145 2713 297 2753 Xincentius
324 2718 465 2746 Fassi'nius
490 2718 518 2745 in
533 2718 604 2745 libro
620 2718 750 2753 singulari
767 2718 815 2745 ad-

59 2753 138 2790 ξίῖξῦιιδ
145 2749 326 2790 Γηζζειυῃρε
333 2754 480 2790 apostolica
489 2749 692 2789 Evangeliorunt
703 2753 812 2788 origine,

59 2778 258 2821 Lillnirnieditoi
263 2778 323 2821 iis}
334 2778 416 2816 iii-“lii

88 2816 139 2860 161),
151 2819 291 2860 Ιςᾚιϊαηιεη
307 2816 416 2860 critique
432 2825 476 2851 dcs
492 2824 647 2859 npologisles
661 2824 692 2851 de
707 2824 733 2851 la
752 2823 812 2851 reli-

60 2858 108 2879 σιοη
117 2854 258 2887 dimicans.

898 2474 954 2510 (62)
970 2473 1002 2501 Ι).
1020 2472 1167 2512 (ἒιρεηεεηεζ
1179 2480 1228 2512 ep.‘
1245 2473 1258 2500 1
1277 2472 1311 2500 ad
1329 2471 1395 2512 Cor.
1408 2479 1500 2512 ._cap_._
1511 2472 1544 2499 l3
1556 2481 1568 2512 _:
1590 2472 1651 2512 Ma-

898 2480 954 2510 (UZ)
972 2480 1002 2501 U.
1020 2480 1159 2504 Clemens,
1179 2480 1223 2534 ep.
1245 2480 1258 2500 1
1277 2480 1311 2500 ao
1332 2480 1395 2500 Lor.
1408 2491 1416 2503 .
1434 2480 1495 2507 cap.
1511 2480 1568 2512 ἸοΞ
1590 2480 1651 2498 Μα-

861 2509 939 2536 λιστα
955 2509 1120 2545 μεμνημένοι
1133 2508 1199 2545 τῶνν
1217 2508 1287 2542 όγων
1296 2507 1344 2545 τᾳῦ
1359 2507 1461 2545 Κυρίοᾼυ
1483 2508 1572 2545 'lnooo
1580 2526 1592 2545 ι
1602 2507 1651 2539 οὓς

862 2518 939 2536 Λιστα
955 2518 988 2545 με
1011 2518 1120 2544 νημενΟι
1133 2518 1187 2535 των
1202 2518 1287 2542 Λογων
1296 2518 1344 2534 του
1359 2518 1461 2543 Λυριου
1491 2518 1569 2542 ιησου
1580 2526 1586 2537 ς
1602 2518 1651 2539 ους

860 2545 974 2580 ἐλάληςε
989 2518 1120 2580 ἔίδὰσκων
1129 2544 1276 2580 ἐπιείκειᾳν
1286 2544 1332 2580 nati
1348 2542 1547 2580 μαξερφθυμίᾳν.
1558 2541 1651 2580 (ibeo);

860 2580 915 2616 γὰρ
930 2577 1014 2607 εἶπεν·
1034 2579 1158 2610 Ἐλεεῖτε,
1174 2579 1217 2605 ἵνα
1230 2577 1369 2639 ὲλετὲθῆτε,
1384 2578 1487 2612 ἀφίετε,
1504 2577 1546 2604 ἵνα
1562 2577 1651 2614 ἀφεθῇ

861 2616 934 2639 ὑμῖν·
953 2615 990 2639 ὼε
1006 2615 1118 2639 ποιεῖτε.
1134 2613 1205 2639 οὓτω
1219 2622 1282 2639 nom
1303 2614 1398 2639 ήσεται
1412 2613 1485 2639 ὑμῖν·
1503 2613 1541 2639 ὡς
1554 2613 1650 2639 δίδοτε.

861 2613 934 2648 ὑμῖν·
953 2615 990 2646 ὡς
1006 2615 1118 2646 ποιεῖτε,
1134 2613 1205 2641 οὓτω
1219 2613 1398 2648 ποιηθὴσεται
1412 2613 1485 2648 ὑμῖν·
1503 2613 1541 2644 ὡς
1554 2613 1650 2644 Sisara,

860 2647 931 2677 οὕτω
954 2650 1096 2686 δροήσεται
1116 2650 1189 2686 ὑμῖν·
1205 2649 1250 2686 ὡς.
1258 2647 1375 2684 κρίύετε,
1393 2647 1476 2686 obsto
1490 2648 1651 2686 κριθήᾳεῖαι

868 2686 941 2721 ῥμῖν-
959 2685 997 2717 ὡς
1009 2683 1208 2721 χρηστεύεσθε,
1223 2683 1313 2721 obstiti
1326 2683 1559 2721 quorsodﬁsscat
1575 2683 1649 2721 ρμζν·

865 2718 893 2756 ᾧ
911 2718 1147 2756 μέτρῳ”ιξιελτρεῖτε
1158 2739 1177 2756 ,γ
1189 2720 1217 2746 ὲν
1244 2718 1331 2756 σίρτῷς
1346 2718 1546 2756 μετρηβήεεται
1574 2718 1648 2756 ὑμῖν.

865 2729 888 2756 ῳ
911 2729 1002 2782 petiti)
1025 2729 1165 2756 μετρειτε,
1189 2729 1217 2746 εν
1244 2729 1319 2753 αυτῳ
1346 2729 1546 2754 μετρηυησεται
1574 2729 1648 2752 υμιν.

865 2756 948 2795 Coan
981 2763 1025 2783 uc.
1040 2764 1078 2787 vt,
1091 2755 1137 2795 56_,
1148 2755 1182 2783 38
1193 2765 1200 2788 ;
1213 2759 1239 2782 et
1254 2753 1348 2795 illaut]:
1361 2762 1409 2785 vn.
1466 2753 1555 2795 Taceo
1570 2753 1648 2795 plura

865 2792 918 2819 alia
942 2791 1012 2822 loca,
1038 2798 1099 2826 qua:
1122 2791 1150 2818 in
1177 2789 1297 2826 secunda
1313 2788 1461 2818 Clementis
1485 2788 1600 2823 cpistola
1614 2795 1648 2815 ex

864 2826 1039 2863 evangelistis
1046 2825 1139 2854 relata
1151 2825 1367 2861 conspiciuutttr.
