1875 3101
209 144 259 171 155

771 143 816 170 ΑΙ)
836 143 864 171 S.
885 141 1095 170 CLEMENTEM
1117 142 1125 169 l
1145 140 1259 169 PAPAM

1789 140 1836 167 ηε

207 202 448 238 αυῑειιιπαθήμιιτα
463 203 538 230 nullo
553 206 632 238 pacto
639 202 695 230 Deo
704 201 779 229 Patri
800 201 910 228 attribui
921 201 985 236 [pos-

1068 208 1074 226 l
1089 207 1151 226 cum
1167 199 1236 226 idem
1256 198 1373 226 [renatus
1395 197 1580 233 apostolorum
1596 197 1770 232 temporibus
1784 201 1836 223 tau.

207 247 273 279 sitit,
289 248 423 282 reliquum
437 253 480 275 est
509 253 537 275 ut
558 248 602 275 hic
621 248 714 275 Jesum
737 247 877 275 Christum
898 245 996 273 Filium

207 291 267 325 Dei,
282 292 366 321 Deum
378 293 412 321 de
428 293 492 325 Deo.
509 293 594 321 Deum
613 301 706 321 verum
720 293 754 321 de
769 293 824 320 Deo
838 300 902 321 vero
918 292 996 320 intel-

208 339 305 366 lexerit
318 342 430 366 sanctus
446 339 582 366 Clemens.

472 384 672 412 ARTICULUS
690 384 734 413 Ill.

243 437 277 456 DE
296 437 419 457 ‘I'EIPORE
437 437 490 461 QUO
508 437 633 462 UTBAQUE
654 437 784 458 EPISTOLA
808 437 962 457 CORINTIIHS

499 473 610 492 SCRIPTA
630 473 704 493 FUIT.

245 519 283 547 De
298 525 421 554 tempore.
435 529 486 555 quo
500 522 586 556 prima
602 522 652 556 fuit
666 525 788 554 exarata,
804 522 937 556 opiniones
956 520 998 547 di-

208 573 299 593 uersa.
313 581 347 586 —
359 565 490 601 Superest
504 575 579 594 nunc
593 572 700 602 tempus
723 568 926 602 inquirendum,
943 574 998 601 quo

209 614 324 646 utraque
346 612 462 645 epistola
477 613 565 640 sancti
580 613 727 641 Clementis
749 613 831 640 fuerit
847 612 998 640 Corinthiis

209 657 322 692 scripta.
348 657 379 684 Et
404 658 438 686 de
469 659 560 694 priore
582 659 690 694 quidem
706 667 803 694 magna
823 660 893 686 inter
907 659 999 686 erudi-

208 707 250 730 tos
266 703 339 732 viros
353 705 538 732 conlroversia
550 709 602 733 est.
618 705 656 732 Ac
671 706 732 732 licet
746 705 833 740 prima
848 705 921 732 illius
937 713 998 732 ver-

208 748 242 775 ba
257 748 290 776 de
306 751 496 784 persecutione
509 751 580 778 dicta
600 759 662 779 esse
675 751 797 786 plerique
817 759 912 778 omnes
932 759 1000 778 con-

208 795 344 828 sentiant,
361 803 392 823 ea
409 800 499 824 tamen
515 797 560 824 alii
575 797 608 824 de
618 796 745 828 Neronis,
761 797 806 823 alii
821 796 855 824 de
871 796 1000 823 Domitia-

207 841 236 868 ni
251 842 440 876 persecutione
455 843 680 877 interpretantur.
696 842 730 869 Et
748 843 817 870 hanc
830 843 939 878 quidem
953 843 997 869 alii

1047 245 1153 272 vicinus
1168 245 1336 271 Clementem
1350 244 1431 270 tertio
1445 244 1505 270 loco
1520 244 1554 270 ab
1569 243 1703 278 apostolis
1715 246 1780 278 post
1795 241 1837 268 Li-

1047 298 1110 318 num
1122 290 1269 319 etCletum.
1279 297 1337 322 seu,
1352 293 1479 321 utvocal,
1493 288 1664 320 Anacletum,
1676 287 1773 315 Romae
1782 288 1838 323 epi-

1047 340 1186 370 scopatum
1211 334 1336 362 sortitum
1361 341 1423 361 esse
1441 333 1554 366 Scribat,
1580 334 1717 368 reliquum
1737 337 1792 365 est,
1811 338 1838 359 ut

1047 388 1108 408 eum
1122 380 1244 415 pluribus
1261 383 1323 414 post
1337 379 1471 406 Neronem
1489 379 1569 406 annis
1591 378 1722 406 Romanae
1745 378 1838 406 Eccle-

1048 426 1095 453 siae
1119 425 1378 452 administrationem
1405 425 1560 460 suscepisse
1583 425 1742 452 crediderit.
1763 424 1838 452 Hunc

1047 476 1137 499 autem
1152 479 1183 499 ea
1208 472 1235 499 in
1250 479 1280 499 re
1296 471 1395 498 falsum
1419 479 1490 503 esse,
1506 472 1567 506 quis
1582 471 1633 498 sibi
1656 471 1839 506 persuadeat?

1049 516 1142 544 Eidem
1156 515 1341 551 sun‘ragantur
1353 520 1379 544 et
1397 516 1521 551 plerique
1547 516 1653 548 Patres.
1670 517 1719 551 qui
1738 515 1839 543 Roma-

1048 569 1144 589 norum
1159 561 1316 596 pontiﬁcum
1331 562 1429 589 seriem
1447 565 1552 594 texunt,
1569 567 1650 597 atque
1664 563 1718 597 ipsi
1733 567 1838 590 veteres

1049 607 1176 641 catalogi,
1191 607 1219 634 in
1236 607 1335 642 quibus
1350 606 1430 634 Petro
1444 607 1539 640 Linus,
1556 607 1624 635 Lino
1645 607 1754 641 Cletus,
1777 609 1839 635 huic

1049 653 1174 681 Clemens
1189 654 1356 681 successisse
1370 653 1478 688 legitur.
1493 654 1552 688 Ipsa
1566 661 1674 689 quoque
1689 654 1839 682 Clementis

1049 699 1130 726 verba
1149 699 1238 733 capite
1251 698 1286 725 ιι
1300 699 1383 733 hujus
1399 699 1521 733 epistolae
1535 699 1710 727 occurrentia
1729 700 1776 734 qui
1792 708 1839 726 ex-

1050 744 1183 779 penderit,
1201 745 1246 771 ubi
1261 744 1370 771 laudata
1387 745 1572 779 apostolorum
1588 745 1762 780 providentia
1779 746 1840 772 sub-

1049 790 1104 817 dit:
1115 789 1165 822 Qui
1176 790 1256 824 igitur
1269 789 1300 816 ab
1315 790 1379 822 illis,
1392 795 1437 816 aut
1451 789 1570 824 deinceps
1583 791 1616 817 ab
1629 791 1692 818 aliis
1704 792 1769 819 viris
1784 794 1839 819 ι.τὶ-

1051 836 1111 862 miis
1129 836 1264 862 constituti
1278 840 1384 863 sunt...
1403 844 1434 862 ac
1456 836 1532 871 longe
1547 841 1659 870 tempore
1678 837 1837 871 pra'clantm

207 885 366 920 ferventem.
386 887 432 914 am
456 888 626 916 desinentem
650 882 820 924 ίηιηιῃεδυηις
837 889 901 916 hinc
923 889 998 915 circa
1013 878 1034 906 Β
1048 881 1080 907 ab
1100 880 1219 908 omnibus
1242 882 1420 908 testimonium
1440 886 1615 915 repertarum,
1633 882 1680 909 hos
1702 891 1837 910 censemus

208 937 325 968 tempus.
341 942 396 969 quo
411 935 525 969 epistola
541 935 586 962 illa
601 940 713 962 exarata
729 939 781 967 est,
798 935 896 969 triplex
910 934 998 961 maxi-

207 985 250 1005 me
267 979 365 1006 existit
381 980 485 1014 opinio.
506 979 597 1006 Prima
619 984 661 1008 est
680 979 794 1007 Joannis
808 979 914 1006 Ernesti
929 978 998 1006 Gra-

207 1024 243 1050 bii
255 1024 322 1059 (96),
338 1025 412 1060 Pagii
425 1025 492 1061 (97),
507 1025 568 1053 Orsi
581 1025 637 1061 (98)
649 1045 657 1057 .
677 1029 704 1053 et
721 1025 853 1052 Gallandii
865 1024 933 1061 (99),
950 1024 997 1059 qui

206 1077 264 1097 eam
279 1069 396 1098 Neronis
412 1072 601 1105 persecutione
616 1071 768 1103 desinente,
792 1071 915 1105 proxime
935 1075 997 1105 post

206 1116 391 1150 apostolorum
401 1116 473 1143 Petri
484 1121 510 1143 et
521 1116 596 1143 Pauli
609 1116 781 1152 martyrium,
795 1117 845 1143 hoc
858 1120 912 1149 est,
925 1124 998 1144 anno

205 1161 308 1188 Christi
323 1160 357 1188 68
374 1161 415 1188 vel
430 1162 512 1188 etiam
530 1161 564 1188 65
575 1164 702 1193 exeunte,
715 1162 846 1196 scriptam
860 1169 921 1188 esse
934 1168 998 1188 con-

206 1207 336 1241 tendunt;
356 1208 442 1234 altera
457 1207 595 1235 Godel'ridi
621 1207 770 1239 Vendelini,
787 1207 909 1234 eamdem
925 1214 997 1235 anno

206 1252 309 1279 Christi
323 1252 358 1279 95
379 1251 500 1280 fervente
518 1252 663 1280 Domitiani
678 1252 868 1287 persecutione
883 1253 997 1287 alligan-

207 1297 255 1324 tis.
271 1296 412 1324 Postrema
427 1297 554 1324 Cotelerii
570 1302 651 1332 atque
665 1297 840 1329 Tillemontii,
855 1298 901 1333 qui
921 1298 996 1325 illam

206 1343 349 1371 desinente
366 1343 489 1377 ejusdem
514 1343 687 1378 imperatoris
712 1345 903 1379 persecutione
923 1345 995 1372 circa

207 1395 310 1415 annum
331 1387 433 1415 Christi
452 1388 486 1415 97
505 1389 634 1423 scriptam
660 1390 840 1417 arbitrantur.
865 1389 995 1422 Quartam

207 1433 250 1460 vir
272 1433 443 1460 clarissimus
465 1433 596 1462 Claudius
619 1433 801 1470 Fleury(i00)
821 1436 994 1468 excogitavit,

207 1486 268 1514 quae
290 1478 322 1505 ad
338 1477 430 1505 Grabii
452 1479 614 1506 sententiam
630 1480 743 1515 propius
757 1480 873 1507 accedit.
894 1479 996 1515 Nempe

208 1523 283 1550 adid
305 1528 423 1558 tempus,
437 1524 510 1559 quod
527 1524 642 1552 Neronis
666 1525 805 1552 interitum
829 1526 945 1560 excepit,
968 1530 995 1553 et

207 1569 464 1606 Jerosolymitanum
480 1571 627 1598 antecessit
641 1571 789 1604 excidium,
803 1571 898 1599 referri
914 1579 995 1606 posse

208 1616 345 1651 opinatur,
368 1619 394 1643 et
409 1623 489 1643 casus
510 1616 650 1647 adversos,
675 1617 702 1643 in
717 1617 838 1651 cpistola:
861 1617 996 1651 principio

209 1665 385 1693 memoratos,
401 1662 435 1689 de
449 1661 520 1689 bello
535 1661 697 1697 civili,quod
711 1661 826 1690 Neronis
840 1670 914 1690 mors
925 1662 997 1690 exci-

209 1707 288 1739 tavit,
300 1707 503 1742 interpretatur.

245 1751 323 1779 Circa
338 1761 434 1779 annum
450 1752 549 1780 Christi
562 1752 608 1785 97,
623 1753 793 1788 probabiliter
808 1753 907 1788 scripta
926 1753 996 1781 dici-

209 1803 264 1826 tur.
275 1813 309 1818 —
320 1798 472 1826 Obscurum
491 1807 545 1826 non
562 1803 614 1831 est,
627 1799 793 1828 Clementem
808 1800 845 1827 ibi
855 1800 890 1828 de
900 1807 996 1827 atrum-

210 1845 264 1876 nis.
279 1845 378 1880 quibus
400 1852 530 1880 oppressa
554 1849 613 1873 erat
634 1845 756 1873 Romana
778 1845 910 1878 Ecclesia,
933 1853 996 1873 cum

210 1889 415 1918 Corinthiorum
427 1890 571 1925 epistolam
596 1891 710 1926 accepit,
725 1891 773 1919 sed
794 1898 810 1918 a
825 1892 923 1926 quibus
951 1898 1004 1919 rem

208 1938 411 1973 spirabat,cum
433 1937 503 1965 hanc
526 1939 679 1973 rescripsit,
706 1938 805 1966 habere
831 1945 994 1969 sermonem.

210 1982 332 2017 adeoque
345 1981 490 2010 Vendelini
505 1982 538 2010 de
551 1984 741 2018 persecutione
756 1983 875 2012 fervente
887 1987 997 2011 senten-

210 2028 276 2054 tiam
290 2027 402 2056 minime
415 2028 582 2062 probandam
596 2035 668 2056 esse.
684 2027 776 2063 Neque
789 2029 879 2056 minus
893 2032 996 2056 certum

210 2078 244 2097 ex
259 2070 354 2098 eodem
367 2072 481 2099 exordio
495 2072 651 2105 coniicitur,
665 2080 801 2100 :erumnas
816 2073 876 2100 illas
890 2073 923 2101 de
936 2081 997 2108 per-

211 2117 351 2144 secutione
361 2116 476 2145 Neronis
488 2118 659 2152 interpretari
675 2126 727 2145 nou
740 2119 831 2146 licere.
844 2118 915 2146 Nihil
925 2121 997 2147 enim

211 2165 281 2194 erat,
297 2169 346 2189 cur
360 2162 388 2189 in
404 2162 555 2190 litterarum
570 2163 695 2190 tarditate
706 2162 853 2190 Corinthiis
865 2171 998 2191 excusan—

1048 927 1127 961 omnia
1143 927 1241 961 injuste
1265 926 1352 961 dejici.
1369 926 1442 958 Haec,
1458 927 1579 962 inquam,
1594 928 1640 963 qui
1666 928 1837 962 expendcril,

1047 980 1209 1007 persuasum
1226 972 1276 1000 sibi
1292 972 1412 1005 habebit,
1428 973 1571 1008 epistolam
1587 973 1666 1001 istam
1683 977 1749 1000 tunc
1767 977 1835 1001 tem-

1048 1019 1123 1053 poris
1138 1019 1320 1054 conscriptam
1334 1027 1408 1052 esse,
1423 1026 1485 1046 eum
1501 1019 1535 1046 ab
1559 1018 1647 1046 cilicio
1665 1026 1716 1046 suo
1740 1019 1835 1046 remoti

1048 1064 1164 1091 fuissent
1189 1065 1355 1100 presbyteri;
1373 1065 1420 1100 qui
1449 1072 1503 1092 non
1528 1065 1616 1092 solum
1631 1065 1666 1092 ab
1691 1066 1835 1100 apostolis.

1048 1109 1095 1137 sed
1108 1110 1189 1137 etiam
1205 1110 1239 1137 ab
1253 1110 1314 1138 aliis
1328 1111 1467 1146 deinecps,
1483 1110 1535 1138 hoc
1547 1114 1588 1138 est
1603 1111 1637 1137 ab
1652 1117 1748 1138 eorum
1773 1118 1837 1137 suc-

1047 1155 1204 1183 cessoribus
1225 1156 1352 1188 ordinati,
1377 1164 1477 1183 munus
1501 1164 1580 1184 suum
1609 1156 1690 1192 longo
1714 1161 1837 1191 tempom

1047 1201 1182 1229 obierant.
1199 1201 1332 1229 Standum
1348 1202 1429 1236 igitur
1445 1205 1487 1229 est
1501 1202 1642 1230 sententiae
1670 1201 1794 1234 Eusebii,
1811 1203 1835 1228 in
1863 1211 1866 1214 ⁴

1047 1247 1126 1281 cujus
1138 1247 1275 1274 Chronico
1286 1248 1324 1283 (5)
1345 1247 1519 1282 pontiﬁcatus
1535 1248 1684 1276 Clementis
1709 1248 1789 1275 initia
1805 1249 1835 1275 ad

1048 1297 1200 1328 postremos
1236 1293 1382 1320 Domitiani
1408 1294 1580 1329 imperatoris
1599 1302 1686 1322 annos
1710 1295 1837 1322 referun-

1047 1342 1101 1366 tur.
1116 1337 1193 1366 Unde
1208 1338 1275 1366 nihil
1289 1339 1387 1366 rationi
1400 1340 1486 1375 magis
1503 1344 1716 1368 consentaneum
1738 1348 1837 1368 occub-

1047 1385 1093 1416 rit,
1109 1392 1189 1419 quam
1205 1387 1234 1411 ut
1252 1384 1456 1412 Corinthiorum
1475 1386 1617 1421 epistolam
1633 1386 1764 1414 smviente
1787 1386 1836 1413 Do-

1047 1431 1149 1458 mitiani
1162 1431 1350 1466 persecutione
1370 1430 1483 1458 Romam
1505 1432 1672 1466 pervenisse.
1687 1437 1772 1468 atque
1784 1434 1836 1461 illis

1046 1477 1138 1504 eadem
1153 1477 1342 1512 persecutione
1351 1477 1493 1505 desinente
1508 1486 1522 1504 a
1537 1478 1676 1506 Clemente
1695 1480 1772 1507 circa
1790 1488 1837 1507 an-

1046 1530 1111 1550 num
1126 1523 1227 1550 Christi
1242 1523 1277 1550 97
1292 1524 1456 1559 rescriptum
1472 1531 1534 1552 esse
1548 1519 1719 1553 censeamus.

1079 1568 1332 1604 Jerosolymitanum
1357 1570 1480 1604 temptant
1504 1570 1605 1598 stetisse
1629 1578 1662 1597 ea:
1677 1579 1709 1598 ea
1730 1571 1836 1598 minimc

1045 1615 1194 1649 conﬁcitur.
1216 1630 1251 1634 -—
1267 1615 1360 1650 Neque
1376 1615 1419 1643 his
1433 1615 1592 1643 adversatur
1606 1616 1672 1643 illud
1685 1616 1836 1644 Clementis

1046 1661 1131 1687 nostri
1144 1661 1199 1696 (4):
1217 1661 1277 1688 Non
1292 1662 1395 1696 ubique,
1411 1662 1518 1696 fratres,
1533 1662 1679 1696 offeruntur
1700 1664 1836 1698 sacriﬁcia

1041 1707 1130 1742 jugia.
1147 1708 1185 1734 vel
1209 1708 1304 1740 votiva,
1320 1711 1358 1735 vel
1372 1716 1419 1743 pro
1431 1713 1536 1743 peccata
1551 1713 1575 1735 et
1597 1709 1704 1742 delicto,
1721 1710 1768 1736 sed
1791 1709 1838 1737 Je-

1046 1752 1185 1788 rorolymis
1197 1757 1309 1780 tantum.
1325 1753 1400 1781 Licet
1410 1753 1528 1782 Grabius
1543 1754 1606 1781 hinc
1617 1758 1693 1782 certo
1707 1755 1760 1783 sibi
1775 1763 1836 1782 con-

1046 1803 1120 1826 stare
1135 1799 1218 1830 dicat.
1234 1800 1365 1834 templum
1381 1799 1639 1836 Jerosolymitanum
1654 1805 1721 1828 tunc
1741 1803 1835 1830 stetis-

1046 1852 1086 1877 se,
1098 1848 1180 1880 atque
1192 1845 1327 1873 excidium
1342 1846 1425 1878 illius,
1439 1847 1511 1881 quod
1525 1847 1553 1874 in
1568 1855 1668 1874 annum
1681 1847 1715 1875 70
1728 1848 1833 1880 incidit,

1047 1890 1161 1917 necdum
1178 1890 1343 1926 contigisse;
1354 1891 1474 1926 alioquin
1489 1899 1542 1919 non
1555 1893 1712 1927 offeruntur,
1727 1894 1755 1921 in
1771 1902 1835 1929 pra:-

1047 1936 1128 1967 senti,
1143 1936 1190 1963 sed
1207 1936 1271 1964 olim
1288 1937 1476 1971 o/Ierebantur,
1494 1938 1591 1966 fuisset
1604 1938 1762 1968 dicendum.

1085 1981 1183 2009 Verum
1203 1990 1258 2009 non
1274 1983 1342 2010 satis
1363 1983 1479 2011 attendit
1498 1983 1539 2010 vir
1553 1984 1677 2012 eruditus
1698 1987 1833 2014 sermonis
1861 1986 1864 1992 '

1047 2035 1138 2060 usum,
1157 2036 1211 2063 quo
1233 2036 1278 2056 res
1293 2030 1443 2064 praeteritas
1457 2030 1540 2057 veluti
1554 2035 1703 2065 prmsentes
1718 2031 1754 2059 ob
1770 2040 1834 2059 ocu-

1048 2073 1089 2101 los
1103 2081 1213 2108 ponere,
1230 2078 1257 2102 et
1272 2082 1321 2109 per
1333 2081 1453 2109 pmsens
1469 2079 1576 2110 tempus
1601 2076 1746 2103 enuntiare
1771 2084 1833 2103 nar—

1048 2119 1120 2146 ranti
1135 2119 1206 2147 licet.
1223 2119 1292 2152 Quid
1309 2121 1380 2148 enim
1397 2120 1424 2147 in
1440 2120 1491 2147 hac
1506 2120 1619 2155 epistola
1635 2121 1687 2148 sibi
1701 2122 1770 2152 vult.
1789 2130 1831 2149 ra-

1048 2166 1148 2200 criﬁcia
1162 2174 1213 2193 non
1228 2166 1256 2193 in
1266 2167 1337 2193 omni
1352 2166 1420 2198 loco,
1435 2166 1480 2194 sed
1493 2166 1664 2202 Jeroaolgmis
1680 2172 1784 2194 tantum
1797 2169 1835 2202 of-

213 2207 249 2235 da
280 2207 333 2235 hoc
356 2211 504 2240 taceretur,
534 2208 644 2236 Petrum
668 2208 812 2240 videlicet,
833 2209 913 2242 cujus
937 2214 996 2236 erat
1013 2209 1033 2236 D
1048 2211 1180 2246 feruntur,
1198 2212 1251 2240 nisi
1277 2212 1357 2245 illud,
1373 2220 1406 2239 ex
1430 2213 1588 2248 praescripto
1611 2213 1678 2248 legis
1697 2215 1832 2241 sacriﬁcia

212 2254 334 2289 ipsorum
346 2254 505 2282 satisfacere
515 2255 723 2290 quaestionibus,
734 2255 768 2281 iis
776 2255 892 2290 acceptis
903 2255 999 2283 deten-

212 2307 281 2332 tum.
298 2310 409 2333 uesum,
423 2307 451 2329 et
469 2310 485 2330 e
507 2302 576 2330 vivis
593 2302 678 2330 fuisse
694 2302 842 2331 sublatum.
856 2302 956 2331 Deinde
970 2304 998 2331 in

212 2352 272 2376 toto
291 2347 420 2384 Epistolas
433 2351 562 2375 contextu
581 2348 649 2375 illud
664 2348 798 2380 innuitur.
813 2356 876 2375 eum
897 2349 997 2384 ipsum,

213 2393 259 2428 qui
274 2401 348 2420 nunc
367 2394 507 2426 rescribit,
523 2393 600 2427 prius
615 2392 820 2420 Corinthiorum
833 2394 934 2429 scripta
952 2402 998 2422 ac-

213 2440 330 2474 cepisse.
345 2439 479 2472 Quocirca
494 2439 529 2466 ad
544 2439 662 2466 litteram
680 2439 845 2475 intelligendi
860 2445 924 2468 sunt.
941 2444 1005 2468 tum'

215 2484 332 2512 lrenzeus
342 2484 393 2519 (1).
406 2489 463 2512 tum
478 2485 644 2519 Hegesippus
655 2484 704 2520 (2),
715 2492 776 2512 cum
787 2485 996 2520 dissensionem,

214 2537 296 2564 quam
311 2530 408 2558 sedare
431 2538 504 2558 nunc
523 2536 637 2558 conatur
651 2530 786 2563 Clemens,
802 2539 855 2559 non
871 2533 923 2560 sub
946 2532 997 2560 Pe-

215 2580 268 2608 t-ro,
277 2575 325 2603 sed
339 2574 533 2603 subClemente
544 2580 632 2603 ortam
647 2584 709 2604 esse
720 2581 866 2605 testantur.
881 2577 999 2605 Praeter-

251 2653 308 2691 (ρρ)
327 2653 450 2691 ξρίεὶιᾳς.
460 2653 599 2691 Patrum,
613 2659 679 2683 tom.
694 2655 715 2689 l,
728 2663 793 2691 pag.
807 2654 860 2682 254
871 2660 897 2683 et
910 2655 973 2683 255.

253 2688 310 2726 (9?)
331 2688 365 2726 in
379 2689 438 2716 crit.
455 2689 574 2726 Baronii.
589 2691 623 2718 ad
638 2688 798 2726 ann.r"7_8,'§
814 2691 840 2718 5.

330 2723 432 2751 Histor.
446 2725 522 2757 erat,
538 2725 584 2753 lib.
600 2734 629 2757 ιι,
647 2725 660 2760 §
677 2725 721 2758 3‘2,
738 2723 804 2753 toni.
822 2726 842 2757 l,
857 2733 918 2761 pag.
933 2725 997 2756 411,

217 2759 282 2787 edit.
298 2758 376 2786 Rom.
649 2758 659 2760 “
857 2758 865 2760 ”
894 2758 904 2761 Ὗ

253 2794 308 2830 (99)
318 2794 361 2831 Aln
379 2796 474 2822 noviss.
494 2795 617 2822 Biblioth.
636 2795 705 2828 PR,
721 2799 786 2822 tom.
803 2795 824 2828 l,
839 2795 866 2822 in
882 2796 997 2831 prolcg.,

220 2838 280 2866 pag.
299 2829 341 2862 l9,
360 2838 436 2858 nrm.
450 2831 476 2857 9.

1047 2256 1223 2293 Jerosolytnis
1239 2263 1340 2285 tantum
1364 2258 1528 2292 offeruntur?
1541 2259 1613 2294 quod
1633 2259 1743 2294 quidem
1765 2267 1832 2296 pra:-

1047 2304 1180 2339 seriptum
1191 2311 1254 2330 eum
1268 2305 1417 2331 etiamnum
1433 2304 1461 2331 in
1476 2304 1535 2339 lege
1553 2308 1673 2337 maneat,
1692 2304 1751 2339 ipsa
1774 2305 1832 2332 Cb.»

1049 2349 1148 2376 mentis
1160 2349 1240 2376 verba
1256 2345 1336 2376 etiam
1351 2349 1430 2376 nobis
1447 2349 1544 2376 etierre
1567 2356 1622 2376 non
1645 2350 1735 2384 inepte
1761 2358 1832 2377 nunc

1048 2394 1150 2422 liceret.
1167 2393 1268 2428 Nempe
1281 2394 1407 2421 Clemens
1421 2394 1625 2430 comparatione
1644 2401 1677 2422 ac
1688 2402 1767 2423 more
1785 2395 1831 2422 .lu-

1048 2440 1179 2471 daaorum,
1194 2439 1294 2474 quibus
1315 2439 1512 2467 sacriﬁciorum
1528 2440 1601 2476 leges
1622 2447 1638 2467 a
1653 2441 1746 2476 Moyse
1766 2449 1831 2477 pra:-

1049 2485 1216 2516 scribuntur.
1232 2484 1396 2512 Christianis
1411 2489 1508 2512 auctor
1522 2489 1574 2517 est,
1591 2489 1621 2512 ut
1635 2489 1663 2513 et
1677 2485 1730 2521 ipsi
1745 2490 1828 2514 statu-

1049 2536 1106 2559 tum
1123 2531 1156 2558 ab
1169 2532 1300 2567 apostolis
1315 2531 1483 2559 oblationem
1498 2535 1525 2558 et
1539 2526 1687 2559 ciliciorum
1709 2533 1828 2560 ordini-nl

1049 2582 1203 2605 reverenter
1216 2576 1351 2611 accipiant
1366 2583 1398 2604 ac
1411 2580 1529 2604 servent.
1545 2576 1602 2604 Hoc
1615 2581 1717 2610 autem,
1732 2581 1763 2605 ut
1776 2578 1826 2613 ipsa

1083 2655 1156 2690 (l00)
1177 2655 1269 2682 Tom.l
1285 2653 1358 2682 Eccl.
1374 2655 1449 2686 hist,
1462 2662 1524 2690 pag.
1539 2655 1603 2686 265.
1619 2656 1684 2683 edit.
1706 2656 1798 2684 Latin.

1084 2690 1122 2727 (1)
1140 2690 1246 2727 Lib_.»ll_l
1269 2690 1376 2727 Advers.
1392 2690 1497 2727 horres"
1518 2698 1577 2726 cap.
1595 2691 1622 2724 5,
1639 2696 1666 2718 et
1682 2693 1756 2727 apud
1777 2691 1825 2720 Eu-

1049 2725 1163 2756 sebium,
1182 2724 1266 2756 Η.Ε.,
1283 2725 1329 2752 lib.
1347 2733 1373 2756 ν.
1388 2733 1412 2752 c.
1427 2725 1454 2752 6.

1083 2759 1122 2794 (2)
1141 2760 1218 2794 Apud
1233 2759 1342 2792 Euseb.,
1360 2761 1406 2788 lib.
1423 2767 1460 2792 Iv,
1475 2768 1535 2795 cap.
1550 2760 1594 2789 '22.

1085 2795 1123 2828 (5)
1142 2795 1208 2828 Cap.
1226 2795 1270 2822 15.

1084 2830 1122 2865 μ)
1141 2830 1225 2866 Epist.
1241 2831 1253 2858 1
1270 2830 1366 2863 Clcm.,
1381 2837 1440 2865 cap.
1456 2830 1500 2858 11.
