1875 3101
47 177 100 204 137

679 172 848 201 ΡιιοοεΜιΑ
868 172 1058 202 VABIORIIM.

1628 178 1678 206 138

43 235 88 261 vir
102 233 301 262 celeberrimus
316 232 447 260 Claudius
464 231 560 268 Fleury
575 232 675 259 fatetur
688 232 738 266 (5),
755 232 782 259 in
795 239 843 259 ex-
858 233 879 261 Δ
894 232 940 266 qui
956 236 1065 267 propter
1082 232 1236 264 exordium,
1252 233 1280 259 in
1296 239 1350 267 quo
1363 232 1493 260 salutatio
1512 240 1573 260 cum
1599 241 1678 268 prece

44 279 181 313 ponendis
196 278 448 314 comparationibus
463 286 514 305 usu
528 278 612 309 venit,
630 281 660 305 ut
675 285 720 305 res
730 285 842 312 pramer—

45 325 90 352 itze
116 325 231 359 perinde
247 332 281 353 ac
293 325 316 353 si
329 328 477 360 pmsontes
491 324 629 355 adessent,
642 323 677 351 ob
691 324 786 351 oculos
798 331 844 358 po-

43 374 158 398 uantur.

80 415 137 444 Nec
151 417 273 452 sequitur
288 425 320 445 ea:
343 426 384 449 ea,
401 423 430 444 ut
442 416 517 444 Petri
530 421 555 444 et
580 416 660 444 Pauli
684 417 842 452 martyrium

40 463 162 495 proxime
173 462 464 497 meperit.—Frustra
475 463 556 491 etiam
568 462 734 490 Clementem
749 464 841 498 proxi-

43 515 88 535 me
103 513 167 543 post
179 508 253 536 Petri
268 513 296 537 et
318 508 395 536 Pauli
411 510 572 545 martyrium
595 509 740 544 scripsisse
753 518 786 537 ex
808 517 841 537 eo

41 554 196 589 colligitur,
205 554 281 589 quod
291 555 380 591 capite
389 555 406 583 ι
417 555 472 591 (6),
487 555 592 588 Abelis,
601 554 805 592 Jacobhﬂoysis
814 559 841 583 et

42 598 170 631 Davidis.
191 600 240 635 qui
261 608 310 635 per
327 601 528 628 aamulationcm
556 608 589 628 ac
615 601 744 629 invidiam
755 601 840 628 multa

43 645 119 680 passi
136 650 214 678 sunt,
230 647 375 680 promissis
389 647 528 681 exemplis,
544 648 639 682 capitis
655 647 672 674 5
683 647 760 674 initio
775 648 838 675 sub-

39 691 117 725 jicit:
135 700 144 716 1
163 691 216 718 Sed
232 692 322 719 missis
341 692 470 720 veteribus
491 693 616 727 exemplis
642 693 776 722 veniamus
804 695 839 722 ad

42 735 189 770 proximos
200 736 318 764 athletas
331 741 356 764 et
373 737 460 764 etatis
475 742 572 765 nostra:
584 746 710 773 generosa
719 740 840 774 exempla

41 788 183 808 sumamus
196 781 246 816 (7),
265 791 274 807 I
289 789 321 809 ac
342 781 441 810 deinde
455 781 528 810 Petri
541 787 568 811 et
590 783 666 811 Pauli
679 786 839 821 martyrium

41 830 167 855 enarrat.
182 826 267 854 Nemo
282 827 355 855 enim
367 835 422 855 non
435 828 520 861 videt,
533 836 614 864 quam
628 834 702 857 recte
713 830 839 859 Clemens

43 872 118 899 circa
134 880 239 900 annum
255 872 357 902 Christi
370 873 405 902 97
418 873 493 902 Petri
517 882 550 902 ac
562 874 640 903 Pauli
664 878 837 912 martyrium,

41 923 106 943 cum
125 918 300 953 temporibus
321 918 443 950 Davidis,
468 918 580 955 Moysis.
597 918 683 948 Jacob
697 924 725 949 et
747 913 839 950 Abelis

40 967 246 998 comparatum,
267 965 418 1000 proﬁmum
434 973 465 993 ac
490 966 604 994 uicinum
628 968 716 996 aetati:
741 973 839 997 nostris

39 1009 156 1037 dixerit.
172 1011 231 1038 lmo
245 1018 333 1046 neque
349 1011 503 1046 proximum
518 1013 553 1040 ab
566 1021 600 1041 eo
613 1013 715 1042 dicitur
729 1015 836 1048 diebus,

40 1055 146 1089 quibus
162 1056 268 1088 scribit,
282 1056 330 1085 sed
345 1057 418 1085 aetati
434 1057 534 1094 (γενεᾷ)
548 1066 631 1094 quam
655 1060 720 1096 agit,
736 1068 785 1088 seu
809 1062 837 1090 in

39 1108 98 1136 qua
122 1102 209 1138 degit.
233 1102 346 1130 Demum
361 1104 451 1139 capite
474 1104 684 1141 quadragesimo
708 1107 836 1142 septimo,

40 1147 90 1174 ubi
103 1148 139 1175 ad
166 1149 321 1183 evangelica
345 1153 468 1185 tempora
490 1151 613 1178 animum
635 1151 730 1185 refert,
751 1160 837 1188 eaque

40 1199 107 1218 cum
134 1192 181 1219 illo
198 1193 328 1228 temporis
351 1194 441 1229 spatio
455 1194 571 1228 confert,
587 1203 643 1231 quo
660 1197 768 1230 scribit,
783 1197 838 1225 Co-

40 1238 212 1265 rinthiorum
228 1238 379 1267 Ecclesium
395 1240 532 1276 antiquam
545 1249 654 1275 vocare,
670 1246 698 1270 et
717 1243 836 1278 primum

38 1291 139 1310 eorum
154 1284 308 1317 dissidium,
324 1285 358 1313 de
370 1294 425 1321 quo
438 1285 540 1315 Paulus
563 1287 728 1322 loquitur",
753 1292 784 1316 ut
807 1289 836 1316 in

37 1330 173 1364 principio
188 1329 325 1366 Evangelii
338 1338 425 1360 ortum
438 1340 600 1367 memorare,
614 1334 756 1370 ipsamque
769 1343 836 1371 apo-

37 1375 106 1404 stoli
118 1375 202 1410 hujus
219 1377 374 1412 epistolam,
387 1379 495 1406 tametsi
510 1380 717 1415 quatuordecim
728 1385 834 1410 tantum

38 1422 123 1451 annis
149 1423 287 1451 excidium
313 1423 571 1461 Jerosolymitanum
597 1429 778 1462 praecesserit,
806 1429 834 1456 in

36 1468 172 1503 principio
198 1469 335 1505 Evangelii
365 1471 491 1506 scriptam
513 1472 607 1501 dicere
629 1480 685 1501 non
715 1474 833 1503 dubitat.

37 1515 122 1549 Quod
148 1523 215 1544 sane
230 1517 349 1545 evidenti
374 1521 534 1554 argumento
548 1522 602 1551 est,
617 1527 692 1553 eum,
717 1527 779 1548 cum
796 1521 834 1548 ita

894 277 1055 312 ennjuncta,
1068 282 1163 305 contra
1179 277 1366 313 apostolorum
1400 282 1482 312 atque
1504 278 1589 313 ipsius
1617 279 1679 306 Cle-

893 323 994 351 mentis
1009 325 1212 358 morem,deest,
1227 332 1287 352 eam
1314 325 1341 352 in
1363 324 1536 352 homiliarum
1565 332 1679 352 censum

893 368 1062 396 referendam
1090 377 1152 397 esse
1173 370 1318 404 judicavit.
1335 369 1435 397 Verum
1466 379 1520 398 non
1541 375 1615 397 tanta
1637 375 1680 398 est

893 415 951 442 hmo
969 415 1050 447 ratio,
1075 421 1104 443 ut
1117 420 1252 448 veterum,
1276 417 1322 451 qui
1343 416 1482 451 epistolam
1506 422 1677 452 nuncupant.

891 469 1000 489 summo
1013 463 1160 489 consensui
1175 470 1228 490 non
1240 462 1329 490 dicant
1342 463 1481 495 anteferri,
1498 463 1545 490 sed
1557 463 1600 490 vel
1612 471 1679 491 con-

893 507 958 534 ferri
986 507 1042 534 ullo
1068 507 1149 534 modo
1172 507 1268 535 valeat.
1287 507 1406 542 Longius
1431 507 1521 535 adhuc
1545 509 1679 543 processit

891 552 1057 586 Dodwellus,
1075 554 1327 590 intemperantioris
1342 555 1452 582 critices
1473 559 1594 582 sectator
1621 560 1679 583 stu-

891 597 1076 631 diosissimus,
1092 599 1139 634 qui
1150 607 1274 627 asserere
1290 607 1345 627 non
1360 599 1506 632 dubitavit,
1527 600 1588 627 loca
1609 608 1679 627 non-

891 642 965 669 nulla
978 642 1100 678 ejusdem
1112 643 1234 678 epistolae
1249 644 1349 680 stylum
1372 644 1539 680 cclogarium
1555 644 1678 681 Hypoty-

890 695 992 722 poseon
1020 687 1169 717 Clementis
1192 689 1371 717 Alexandrini
1401 689 1525 723 referre,
1556 691 1678 726 adeoque

890 733 1029 761 immistos
1045 734 1162 762 invicem
1178 734 1247 762 duos
1262 735 1323 762 illos
1337 734 1422 764 fuisse
1436 735 1600 764 Clementes.
1624 736 1677 764 Sed

890 786 1019 807 censores
1029 779 1184 808 istiusmodi
1200 781 1353 814 mittamus,
1366 781 1412 816 qui
1436 788 1451 808 a
1463 781 1578 809 veritate
1599 782 1678 817 longe

890 824 1016 853 aberrare
1030 830 1192 854 noscuntur.

925 870 985 898 Duo
1002 871 1112 898 maximi
1127 872 1252 899 momenti
1266 872 1424 900 documenta
1437 881 1484 907 pro
1495 873 1627 907 ﬁdelibus.
1642 888 1679 894 --
1707 892 1709 895 -

892 916 1094 945 Exvenerando
1105 917 1158 945 hoc
1176 925 1263 946 sacra:
1289 918 1461 954 antiquitatis
1487 924 1675 950 monumento.

890 963 963 998 quod
979 971 1115 991 summam
1130 964 1282 998 primorum
1294 963 1515 992 Christianorum
1542 965 1676 1000 simplici-

889 1013 973 1038 tatem
987 1010 1070 1045 sapit,
1087 1010 1143 1038 duo
1163 1010 1191 1037 in
1204 1010 1300 1045 primis
1315 1011 1427 1038 maximi
1441 1011 1571 1038 momenti
1590 1010 1676 1038 docu-

890 1059 980 1083 menta
1003 1055 1096 1083 ﬁdeles
1119 1055 1283 1092 percipiunt.
1307 1054 1429 1083 Primum
1450 1055 1541 1088 enim,
1574 1055 1621 1082 ubi
1646 1055 1674 1083 in

888 1101 1018 1136 primaria
1033 1101 1166 1134 Ecclesia,
1180 1105 1220 1129 tot
1231 1101 1352 1137 Spiritus
1364 1101 1453 1130 sancti
1468 1100 1549 1129 donis
1562 1105 1675 1134 ornata,

888 1156 921 1175 ac
933 1148 1060 1177 maximis
1075 1149 1262 1185 apostolorum
1280 1149 1428 1177 sudoribus
1440 1148 1559 1180 exculta,
1580 1147 1675 1183 spinas

888 1193 1092 1222 dissensionum
1101 1199 1214 1223 exortae
1228 1194 1332 1227 vident,
1353 1194 1510 1229 minusjam
1527 1193 1674 1225 mirantur.

888 1241 912 1268 si
928 1242 999 1269 inter
1013 1241 1188 1270 Christianas
1203 1242 1362 1274 societates,
1378 1248 1439 1277 qua
1461 1246 1536 1269 recte
1559 1248 1674 1276 compo-

887 1288 947 1316 site
958 1287 1084 1321 audiunt.
1097 1288 1254 1324 hujusmodi
1266 1288 1394 1317 scandala
1402 1287 1506 1316 oboriri
1519 1287 1673 1323 contigerit.

886 1332 1033 1369 Nunquam
1057 1333 1188 1362 nimirum
1208 1333 1326 1369 quiescit
1352 1333 1482 1369 antiquus
1507 1333 1674 1364 zizaniorum

887 1380 1036 1408 seminator
1050 1383 1077 1407 et
1087 1387 1183 1415 agrum
1198 1378 1305 1407 Domini
1317 1379 1445 1408 infaustis
1457 1379 1608 1408 seminibus
1624 1379 1676 1406 fm-

885 1426 952 1454 dare
978 1432 1035 1453 non
1059 1429 1161 1454 cessat.
1188 1425 1241 1454 Sed
1269 1426 1395 1462 quamvis
1409 1426 1553 1461 antiquum
1569 1426 1606 1454 sit
1621 1425 1673 1453 hoc

885 1471 986 1499 malum
1001 1491 1008 1504 ,
1028 1479 1083 1499 non
1109 1471 1170 1499 ideo
1189 1475 1279 1499 tamen
1311 1471 1402 1500 minus
1430 1471 1596 1508 lugendum;
1624 1471 1672 1499 sed

885 1517 990 1544 nullum
998 1524 1070 1549 esse,
1083 1517 1127 1545 cui
1142 1517 1293 1545 remedium
1305 1517 1387 1546 citius
1416 1517 1602 1545 adhibendum
1624 1517 1671 1548 sit.

37 1562 189 1594 scriberet,
205 1563 312 1598 longius
337 1564 372 1591 ab
390 1565 486 1593 eodem
511 1565 648 1601 principio
663 1567 831 1596 recessisse:
846 1577 869 1607 ο
886 1564 950 1592 item
960 1572 993 1592 ex
1004 1563 1058 1592 hoc
1071 1564 1185 1599 scripto,
1201 1567 1232 1591 ut
1240 1571 1274 1592 ex
1286 1563 1365 1591 Pauli
1381 1563 1510 1599 Epistola,
1525 1563 1673 1607 docemur;

38 1615 94 1635 nec
117 1608 222 1636 abhinc
235 1609 383 1638 recessisse
407 1610 515 1646 longius
526 1611 674 1645 videretur,
688 1613 762 1645 si.ut
777 1614 835 1642 vult

37 1653 172 1687 Grabius,
186 1655 315 1690 praedicta
329 1655 406 1684 Pauli
420 1657 535 1692 epistola
551 1657 602 1686 hac
616 1658 764 1687 Clementis
784 1668 835 1688 no-

38 1707 99 1727 vem
115 1700 260 1733 duntaxat,
278 1701 319 1729 vel
336 1701 371 1730 ad
384 1710 521 1730 summum
534 1703 678 1732 duodecim
692 1704 772 1734 annis
785 1712 835 1740 po-

38 1745 142 1773 sterior
157 1744 238 1773 foret.

73 1788 115 1816 De
131 1794 265 1823 tempore,
295 1797 346 1825 quo
372 1791 458 1819 altera
476 1792 588 1826 epistola
614 1794 724 1828 scripta.
739 1809 774 1815 --
795 1795 833 1823 l)e

39 1835 174 1870 temporis
186 1839 278 1863 autem
292 1837 442 1870 notatione,
456 1845 510 1873 quo
523 1839 626 1873 scripta
644 1839 727 1868 fuerit
741 1845 832 1875 poste-

39 1881 97 1908 rior
111 1881 267 1910 Clementis
280 1883 408 1918 epistola,
427 1883 497 1911 nihil
521 1885 632 1919 quidem
647 1887 717 1914 certi
742 1895 775 1914 ex
799 1895 831 1915 ea

37 1929 139 1956 elicere
150 1937 318 1964 possumus,
340 1937 403 1958 cum
431 1931 528 1959 mutila
543 1933 577 1960 ad
592 1940 643 1961 nos
664 1935 829 1969 pervenerit,

38 1974 113 2001 unde
123 1974 194 2001 illud
211 1979 358 2004 statuatur.
378 1975 431 2009 Qui
443 1984 503 2004 eam
515 1977 649 2014 integram
664 1979 763 2015 legisse
778 1988 829 2015 pu-

37 2025 114 2048 tatur
127 2020 258 2054 Photius,
270 2021 298 2049 in
313 2021 373 2057 ejus
384 2023 545 2052 recensione
556 2025 658 2053 nullam
669 2025 736 2054 iacit
746 2027 830 2055 dissi-

37 2066 76 2094 dii
92 2066 266 2095 Corinthiaci
277 2068 442 2096 mentionem
455 2078 463 2103 ;
479 2069 526 2097 sed
541 2070 628 2106 ipsam
640 2073 830 2100 tantummodo

38 2113 255 2144 institutionem.
269 2117 297 2142 et
307 2114 523 2144 admonitionem
540 2117 661 2146 melioris
675 2119 738 2146 vitae
748 2119 830 2146 indu-

38 2167 102 2188 cere
117 2159 218 2188 scribit
230 2159 281 2196 (8).
295 2159 366 2188 Hinc
382 2160 463 2190 facile
477 2162 539 2197 quis
556 2163 677 2199 colligat,
696 2164 829 2194 Corintho

38 2204 157 2232 Romam
174 2204 276 2233 reduce
291 2205 451 2239 Fortunato,
472 2214 534 2235 cum
558 2208 620 2236 aliis
636 2209 729 2243 sociis,
752 2211 827 2238 schi-

885 1616 984 1644 ncmpe
1002 1609 1078 1636 tenui
1100 1608 1300 1637 discordiarum
1316 1607 1436 1640 ﬂamma.
1450 1609 1503 1637 nisi
1518 1606 1600 1644 quam
1616 1609 1672 1644 pri-

885 1663 960 1682 mum
973 1655 1175 1691 exstinguatur.
1187 1655 1263 1683 brevi
1278 1656 1376 1691 ingens
1394 1655 1551 1683 incendium
1579 1655 1672 1683 conci-

883 1701 949 1735 tari,
965 1701 1089 1738 apprime
1104 1702 1250 1730 callebant.

1142 1758 1341 1787 ARTICULUS
1363 1759 1408 1787 Ν.

998 1813 1149 1837 υτιιιυεουῑ
1162 1813 1298 1833 διηδτοιε
1314 1813 1408 1833 Βκενιε
1424 1812 1561 1833 ANALYSIS.

937 1850 1036 1878 Primi:
1051 1851 1086 1878 ad
1107 1851 1258 1879 Corinthios
1270 1851 1330 1912 [diui
1347 1850 1489 1878 Clementis
1501 1851 1619 1885 epistola:

1216 1895 1269 1912 ana
1281 1894 1346 1912 11818.

1216 1894 1346 1922 anatym.

917 1932 1035 1960 Sanctus
1056 1932 1195 1965 Clemens,
1223 1935 1367 1968 postquam
1391 1930 1554 1967 Corinthiis,
1572 1931 1668 1959 eodem

881 1977 938 2006 fere
952 1981 1032 2013 pacto
1060 1986 1116 2013 quo
1139 1978 1219 2006 divus
1232 1977 1333 2006 Paulus
1347 1977 1485 2013 Epistolas
1501 1984 1566 2005 suas
1587 1984 1668 2005 exor-

879 2023 966 2055 ditur,
982 2023 1097 2051 salutem
1112 2023 1238 2056 dixisset,
1260 2027 1361 2059 purgat
1386 2030 1417 2051 se
1431 2022 1502 2058 apud
1516 2030 1575 2057 eos,
1591 2023 1667 2059 quod

879 2069 1027 2105 propositis
1042 2069 1259 2098 dubitationibus
1273 2069 1380 2098 tardius
1395 2070 1541 2099 rescribat.
1557 2069 1660 2097 Eorum

878 2116 978 2144 deinde
992 2115 1108 2144 virtutes
1123 2116 1238 2149 extollit,
1248 2115 1310 2144 fidei
1322 2115 1460 2151 praecipue
1471 2116 1665 2148 constantiam,

878 2162 989 2197 pietatis
1003 2162 1204 2195 excellentiam,
1217 2162 1412 2198 hospitalitatis
1423 2161 1665 2198 magnificentiam,

879 2208 1022 2236 scientiam
1053 2208 1297 2240 absolutissimum,
1325 2208 1464 2236 sincerum
1488 2207 1517 2235 in
1541 2211 1666 2243 pastores

38 2254 129 2278 smate
141 2250 200 2285 jam
215 2250 335 2285 sublato,
349 2255 377 2279 et
391 2252 476 2287 quieti
488 2251 610 2281 Ecclesia
630 2254 676 2281 illa
690 2255 826 2290 restituta,
842 2247 865 2275 Ι)
878 2253 1053 2288 obsequium,
1068 2252 1116 2280 Dei
1129 2253 1207 2281 verbi
1223 2252 1357 2285 studium,
1371 2253 1511 2289 egregium
1538 2261 1590 2288 pro
1615 2262 1664 2282 sua

39 2296 112 2324 hanc
127 2296 230 2324 deinde
243 2296 330 2325 fuisse
341 2304 357 2324 a
367 2297 507 2327 Clemente
515 2300 696 2335 pet-scriptam
720 2302 825 2337 episto-

38 2344 93 2370 lam
105 2351 180 2370 anno
195 2342 265 2370 forte
278 2343 312 2370 98
328 2344 489 2379 insequente
500 2364 508 2378 ,
523 2346 620 2380 quoin
644 2354 712 2382 pace
739 2349 826 2384 magis

38 2389 131 2417 adhuc
150 2388 324 2416 ﬁrmarentur
335 2388 481 2419 Corinthii.

75 2434 151 2462 Num
166 2434 253 2462 altera
262 2434 404 2462 Clementia
411 2436 523 2470 epistola
533 2437 567 2464 sit
581 2439 699 2466 homiliw
709 2447 783 2474 pars.
790 2455 824 2460 -—

39 2480 114 2509 Viris
125 2480 291 2516 quibusdam
303 2480 403 2514 doctis,
418 2483 569 2518 praesertim
579 2483 730 2512 Vendelino
743 2489 825 2521 atque

37 2525 193 2557 Blondello,
204 2526 295 2554 visum
309 2525 372 2559 fuit,
384 2527 533 2555 secundam
552 2527 702 2558 Clementis
723 2530 757 2558 ad
771 2531 825 2559 Co-

35 2571 157 2599 rinthios
172 2570 317 2606 epistolam
339 2571 458 2600 bomilite
471 2574 562 2609 potius
579 2579 681 2610 partem
691 2583 763 2609 esse,
779 2578 824 2606 cui

35 2616 160 2652 opinioni
173 2615 292 2645 Grabius
303 2625 413 2653 quoque
437 2618 629 2648 incunctanter
646 2621 821 2658 subscripsit,

73 2750 94 2765 "
110 2747 120 2775 Ι
134 2747 200 2776 Cor.
215 2757 235 2776 1.
275 2749 298 2765 ¹¹
308 2748 388 2777 Deut.
404 2757 497 2784 xxxu,
508 2751 550 2779 l5.

70 2851 108 2892 ti)
124 2851 166 2892 es
182 2858 284 2892 ειιωιιει
299 2852 345 2892 σεξ.
361 2857 427 2882 ιοιιι-
444 2853 543 2892 tm.
558 2856 621 2884 est.

73 2889 109 2922 (ὅ)
128 2887 216 2915 Clem.
232 2887 313 2923 epist.
327 2888 353 2920 1.
368 2896 444 2916 1111111.
462 2887 488 2918 ιζ

151 2934 366 2971 Ριτιοι..-(ὶι.
395 2935 418 2967 l.

880 2299 1053 2334 aliorumque
1064 2298 1152 2326 salute
1160 2299 1244 2326 animi
1254 2298 1414 2331 candorem,
1429 2304 1510 2334 atque
1520 2299 1548 2326 in
1557 2299 1664 2327 Domini

877 2344 984 2379 legibus
995 2343 1139 2372 servandis
1153 2344 1325 2378 ﬁdelitatem,
1339 2344 1573 2373 commendat.Ad
1589 2346 1665 2373 schi-

875 2397 937 2417 sma
955 2388 1054 2417 deinde
1064 2389 1212 2422 transiens,
1225 2396 1281 2425 quo
1293 2392 1336 2417 tot
1349 2390 1466 2418 virtutes
1477 2390 1664 2418 obscuraban-

875 2438 921 2462 tur
935 2444 941 2462 :
957 2433 1049 2462 Omnis
1063 2435 1161 2471 gloria,
1173 2435 1272 2470 inquit,
1287 2439 1313 2462 et
1326 2436 1401 2470 copia
1419 2435 1491 2463 vobis
1509 2435 1574 2464 data
1593 2442 1661 2468 erat.

878 2487 955 2517 atque
967 2481 994 2509 in
1009 2480 1080 2508 vobis
1099 2480 1168 2508 illud
1179 2479 1323 2515 Scriptura
1336 2482 1472 2516 impletum
1483 2489 1540 2510 est:
1563 2492 1572 2508 1
1585 2482 1660 2516 Edit,

876 2535 901 2556 et
916 2527 992 2560 bibit,
1010 2531 1034 2554 et
1049 2527 1179 2554 dilatam»
1191 2532 1241 2559 est,
1257 2535 1289 2553 ac
1304 2527 1486 2554 incruentus:
1499 2532 1524 2554 et
1550 2529 1662 2556 recalci-

876 2575 956 2602 travit
966 2573 1122 2601 dilectus“.
1139 2582 1148 2599 ι
1169 2572 1239 2600 Hinc
1263 2573 1398 2601 (emutatio
1419 2578 1444 2600 et
1467 2573 1613 2608 discordia,
1636 2580 1662 2602 et

876 2620 980 2649 seditio.
995 2619 1041 2648 Sic
1055 2619 1255 2647 insurrexerunt
1271 2619 1420 2648 inhonorati
1433 2625 1526 2648 contra
1545 2620 1661 2648 honora-

922 2857 949 2892 ’1)
967 2857 1064 2886 Clem..
1077 2857 1157 2892 epist.
1173 2857 1198 2885 Ι,
1215 2864 1291 2883 1111111.
1311 2856 1337 2884 5.

922 2857 949 2892 ’1)
967 2857 1064 2886 Clem..
1077 2857 1157 2892 epist.
1173 2857 1198 2885 Ι,
1215 2864 1291 2883 1111111.

910 2857 949 2928 18)
967 2892 1090 2925 Pliotius,
1110 2892 1203 2919 codice
1218 2897 1307 2917 cxm.
