1875 3101
209 180 259 208 £39

776 175 822 202 AD
841 175 870 204 S.
891 174 1101 203 CLEMENTEM
1120 175 1130 202 l
1149 174 1264 202 PAPAM
1779 180 1821 207 MO

208 242 259 267 tos,
276 234 384 270 inglorii
400 237 492 260 contra
507 232 648 268 gloriosos;
673 232 824 266 insipientes
839 237 932 259 contra
947 241 990 258 sa-
1005 234 1028 262 Α
1044 239 1143 267 parens
1157 232 1257 259 divina:
1270 231 1413 260 electionis
1424 239 1481 260 sua:
1493 233 1642 268 participes
1672 241 1722 261 nos
1736 235 1822 264 eﬁece-

206 283 316 317 pientes,
328 278 435 316 juvenes
442 279 567 307 adversus
580 279 705 306 seniores.
718 277 780 306 Ideo
795 278 887 312 procul
898 278 993 305 absunt

205 328 312 363 justitia
322 331 346 353 et
361 333 430 360 par;
449 325 511 351 dum
521 324 698 359 unusquisque
717 324 836 350 timorem
852 323 901 351 Dei
920 324 994 351 dess-

206 374 252 405 rit,
269 377 294 400 et
309 373 335 399 in
355 372 408 406 ﬁde
419 371 491 398 illius
512 370 628 401 ca’cutit,
645 378 690 396 nec
702 370 730 396 in
744 371 875 397 institutis
894 378 992 404 prazce-

204 424 309 453 ptorum
320 418 376 452 ejus
392 417 522 448 ambulat,
548 424 594 442 nec
609 415 715 443 Christo
727 415 845 442 decenter
856 424 994 443 conversa-

207 470 264 495 tur;
287 463 331 490 sed
351 463 528 498 unusquisque
553 462 696 489 secundant
720 470 815 496 pravas
837 462 992 495 cupiditates

205 518 268 538 suas
282 509 388 542 incedit,
400 508 526 536 inuidiam
538 509 655 543 iniquam
667 513 691 535 et
700 509 809 542 impiam
824 508 992 540 assumenda,

206 564 252 591 per
265 564 344 591 quam
359 560 384 582 et
400 563 470 581 mors
487 555 595 581 intravit
611 555 638 581 in
657 554 793 581 mundum.

243 602 370 629 Pluribus
399 600 496 628 deinde
518 599 622 627 Veteris
647 599 815 627 Testamenti
843 599 992 634 exemplis.

205 655 266 684 quae
285 646 457 674 incommoda
470 654 502 674 ex
512 645 613 672 invidia
624 646 759 678 oriantur,
769 646 908 679 ostendit;
923 646 994 673 inter

205 699 302 722 caztera
318 701 382 721 vero
393 693 484 723 Caini,
501 691 592 720 Mariae
607 692 712 719 sororis
724 691 825 727 Moysis
837 695 865 719 et
889 691 991 723 Aaron,

208 741 315 768 Dalhan
332 743 360 768 et
373 739 477 767 Abiron
489 739 612 774 exempla
619 742 761 771 recenset;
774 742 856 773 atque
871 742 901 765 ιιι
923 746 994 765 novo

205 785 316 812 invidiae
347 785 471 819 exemplo
497 783 656 811 Corinthios
686 783 778 810 acrius
804 787 991 811 commoveat:

208 830 322 865 Propter
347 830 466 864 iniquam
481 829 688 860 wmulationcm,
706 828 805 863 inquit,
821 829 933 862 apostoli
943 828 994 856 Pe-

206 883 263 904 trus
277 882 302 904 et
319 876 420 904 Paulus
433 875 591 911 martyrium
605 875 678 909 passi
687 876 762 902 'sunt.
778 874 891 909 Propter
911 883 990 902 temu-

206 923 332 950 lationem
353 930 454 957 quoque
478 920 612 948 Danaides
627 926 652 948 et
683 919 761 947 Dirce
783 919 821 955 (9)
841 920 994 955 fortissima

205 969 260 995 illic
272 968 404 1000 mulieres,
416 975 475 994 cum
485 967 576 1002 gravia
588 970 613 994 et
629 965 746 1000 nefanda
758 966 889 1000 supplicia
913 965 995 992 susti-

205 1015 335 1046 nuissent,
348 1021 456 1040 cursum
468 1020 546 1039 suum
559 1011 610 1047 ﬁde
622 1012 720 1038 invicta
742 1011 918 1046 perfecerunt.
934 1010 995 1044 Quo

207 1067 270 1087 vero
285 1067 332 1086 eos
347 1059 380 1086 ad
402 1059 556 1086 vocationis
580 1065 637 1085 sua:
653 1057 741 1084 ollicia
756 1061 838 1092 atque
850 1057 883 1084 ad
906 1057 995 1092 pinni-

206 1105 318 1132 tentiam
330 1104 497 1136 hortaretur,
508 1104 659 1132 vocationis
670 1104 792 1139 ipsorum
809 1104 993 1136 sanctitatem,

206 1149 356 1183 pretiosum
382 1149 484 1176 Christi
520 1149 681 1184 sanguinem
708 1156 757 1184 pro
782 1153 874 1176 nostra
907 1149 996 1176 salute

205 1195 322 1224 ell'usum
348 1195 416 1231 (10),
431 1195 613 1223 Ninivitarum
644 1195 844 1230 paenitentiam,
870 1194 993 1228 Henoch,

206 1242 274 1274 Noe,
290 1241 436 1269 Abrahami
451 1241 620 1274 ﬁdelitatem,
637 1246 804 1277 caaterasque
826 1241 994 1276 patriarcha-

206 1297 268 1316 rum
284 1289 410 1321 virtutes,
424 1287 489 1316 Jesu
497 1288 600 1316 Christi
612 1288 806 1320 humilitatem,
830 1287 900 1323 ejus,
913 1295 929 1314 a
940 1295 995 1322 quo

206 1335 291 1362 creati
303 1342 409 1366 sumus,
427 1334 576 1362 bonitatem
593 1337 675 1369 atque
683 1334 885 1361 miserationem
897 1343 904 1366 ;
918 1333 994 1367 pacis

206 1385 233 1408 et
242 1380 402 1408 humilitatis
411 1380 563 1412 commoda,
574 1380 785 1406 inanimatarum
791 1383 992 1411 creaturarum,

207 1427 285 1459 solis,
302 1427 384 1458 lunas,
398 1426 551 1457 stellarum,
565 1426 649 1454 maris
661 1430 688 1453 et
698 1426 860 1461 abyssorum
873 1425 995 1460 impene-

207 1473 347 1500 trabilium
378 1473 405 1500 in
431 1472 478 1499 Dei
493 1473 566 1506 leges
584 1473 636 1500 sibi
653 1473 796 1507 impositas
819 1473 992 1508 obsequium,

207 1521 345 1552 postremo
364 1516 470 1544 Domini
489 1524 552 1552 erga
564 1525 609 1544 res
621 1525 716 1545 omnes
731 1521 835 1546 creatas
851 1518 993 1552 beneﬁcia,

1046 278 1092 310 rit,
1103 282 1131 305 et
1145 277 1235 305 sancti
1251 278 1343 313 populi
1360 279 1483 306 membra
1495 279 1656 312 reddiderit,
1671 279 1738 307 nihil
1752 282 1824 310 nobis

1045 331 1201 358 superesse,
1218 324 1272 351 nisi
1293 328 1324 351 ut
1342 325 1490 360 omnigena
1514 329 1589 353 recta
1612 333 1697 360 opera
1713 327 1824 355 maximo

1044 377 1106 397 cum
1124 370 1208 397 animi
1225 370 1323 398 ardore
1334 375 1526 398 consectemur
1542 371 1575 398 ad
1590 371 1704 399 Patrum
1723 377 1824 400 nostro-

1044 423 1105 443 rum
1121 415 1283 448 Abrabami,
1299 414 1387 443 lsaaci
1400 415 1523 443 etlacoh
1533 417 1700 452 exemplum,
1716 425 1823 452 quorum

1044 461 1122 492 ﬁdes,
1145 461 1298 489 obedientia
1326 467 1407 497 atque
1433 462 1571 490 humilitas
1598 467 1652 490 tam
1685 463 1824 497 grandibus

1044 508 1164 543 praemiis
1179 507 1282 535 aﬂ‘ecta:
1292 507 1378 536 fuere.
1396 507 1437 535 Sit
1457 516 1518 543 ergo
1537 509 1624 536 omnis
1645 509 1770 544 gloriatio
1782 518 1824 536 no-

1044 559 1101 582 stra
1110 559 1134 582 et
1148 554 1247 589 ﬁducia
1265 554 1293 581 in
1304 554 1377 589 ipso:
1389 555 1520 581 uoluntati
1530 554 1588 589 ejus
1602 555 1825 589 subjiciamur:et

1045 610 1092 628 nos
1106 600 1272 627 concorditer
1280 609 1339 627 cum
1354 600 1453 636 angelis
1462 609 1553 627 coram
1563 601 1621 635 ipso
1632 600 1825 631 Sanctus,san-

1045 651 1118 679 ctus,
1128 650 1242 674 sanctus
1250 646 1439 678 clamantibus,
1449 647 1583 673 communi
1590 654 1731 679 consensu,
1742 652 1765 674 et
1773 653 1826 674 tau-

1044 700 1123 727 quam
1134 700 1187 719 uno
1199 700 1244 718 ore
1254 693 1409 724 clamamus,
1422 696 1452 718 ut
1461 692 1601 726 participes
1612 692 1712 727 ﬁamus
1724 700 1826 728 magna»

1045 747 1104 765 rum
1118 743 1143 766 et
1153 738 1315 774 inclytarum
1331 738 1541 773 promissionum
1553 738 1610 772 ejus
1621 757 1629 769 ,
1644 745 1761 773 quarum
1785 746 1826 766 el-

1045 784 1201 811 cellentiam
1211 787 1239 811 et
1252 784 1435 818 quantitatem
1453 783 1512 818 ipse
1526 787 1633 810 tantum
1650 783 1799 818 cognoscit.

1081 829 1192 857 Ordinis
1206 837 1282 863 vero,
1296 832 1325 857 et
1336 829 1407 856 inter
1423 829 1586 864 praepositos
1610 832 1695 865 atque
1711 829 1826 856 subditos

1046 875 1216 903 discriminis
1228 874 1420 903 necessitatem
1435 874 1463 901 in
1477 874 1665 902 ecclesiastico
1681 874 1826 906 ministerio

1046 922 1298 954 demonstraturus,
1307 921 1412 948 militia:
1422 921 1576 956 exemplum
1592 921 1733 956 proponit.
1747 920 1826 956 Neque

1044 969 1114 995 enim
1125 968 1163 994 ibi
1179 975 1268 995 omnes
1291 967 1410 1002 prmfecti
1429 971 1502 1000 sunt,
1518 974 1599 1002 neque
1624 967 1742 999 tribuni,
1756 975 1826 1002 neque

1045 1014 1223 1046 centuriones,
1242 1012 1289 1040 sed
1300 1013 1478 1049 unusquisque
1486 1013 1514 1040 in
1531 1021 1580 1040 suo
1600 1013 1693 1040 ordine
1710 1012 1742 1040 ab
1758 1013 1828 1047 impe-

1045 1065 1135 1087 ratore
1149 1065 1174 1087 et
1187 1059 1297 1087 ducibus
1324 1059 1454 1086 mandata
1477 1060 1589 1095 peragit.
1613 1059 1719 1087 Cuncta
1746 1059 1827 1094 itaque

1046 1105 1138 1132 ordine
1151 1105 1274 1132 debemus
1283 1105 1380 1140 facere,
1398 1113 1457 1139 quae
1476 1113 1523 1132 ttos
1534 1105 1664 1131 Dominus
1673 1105 1759 1139 jussit
1776 1113 1827 1139 per-

1047 1160 1133 1187 agere.
1153 1151 1308 1180 Oblationes
1321 1156 1346 1179 et
1362 1151 1446 1186 ofﬁcia
1461 1159 1514 1178 non
1528 1156 1622 1178 temere
1632 1151 1670 1178 vel
1687 1150 1828 1178 inordinate

1046 1198 1105 1232 ﬁeri
1129 1197 1264 1233 praecepit,
1290 1196 1336 1224 sed
1360 1197 1503 1231 praeﬁnitis
1519 1197 1678 1232 temporibus
1705 1205 1737 1224 ac
1747 1197 1826 1228 horis;

1045 1252 1096 1280 quo
1112 1245 1192 1271 etiam
1206 1244 1273 1277 loco,
1290 1248 1315 1271 et
1331 1252 1347 1270 a
1358 1243 1452 1278 quibus
1469 1243 1597 1270 celebrari
1610 1243 1682 1276 velit,
1711 1244 1765 1277 ipse
1788 1251 1828 1270 e1-

1046 1291 1194 1318 celsissima
1212 1299 1262 1318 sua
1273 1290 1409 1318 voluntate
1420 1289 1550 1324 deﬁnivit,
1575 1294 1605 1316 ut
1618 1297 1684 1324 pure
1698 1294 1724 1316 et
1748 1294 1828 1316 sancte

1047 1338 1137 1365 omnia
1145 1337 1219 1372 facta
1238 1337 1320 1373 juxta
1334 1337 1391 1372 ejus
1404 1336 1611 1372 beneplacitum,
1634 1341 1743 1371 accepta
1753 1341 1828 1364 essent

1047 1383 1177 1411 uoluntati
1190 1383 1258 1418 ejus.
1270 1383 1323 1416 Qui
1336 1391 1397 1419 ergo
1421 1384 1564 1418 assignatis
1583 1383 1746 1418 temporibus
1763 1382 1827 1410 obla-

1047 1429 1130 1457 tiones
1140 1437 1204 1456 suas
1224 1429 1337 1464 faciunt,
1354 1429 1454 1464 accepti
1466 1434 1491 1456 et
1511 1429 1581 1456 beati
1601 1433 1686 1460 sunt;
1709 1437 1770 1455 nam
1791 1428 1828 1463 qui

1047 1479 1191 1510 sequuntur
1204 1475 1271 1510 leges
1281 1474 1401 1507 Domitii,
1413 1483 1465 1502 non
1474 1475 1608 1502 aberrant.
1619 1473 1732 1502 Summo
1746 1475 1827 1509 quippe

1047 1521 1179 1549 sacerdoti
1207 1529 1257 1548 sua
1278 1522 1369 1548 munia
1390 1521 1487 1548 tributa
1501 1525 1583 1552 sunt;
1603 1527 1628 1548 et
1656 1520 1827 1548 sacerdotibus

209 1564 344 1598 pztecipue
362 1571 427 1590 vero
440 1564 467 1590 in
483 1563 667 1594 Christianos,
684 1563 719 1590 ob
732 1564 827 1591 oculos
855 1565 992 1599 proponit.

1056 1576 1121 1594 ocus
1136 1568 1259 1602 proprius
1272 1568 1423 1603 assignatus
1436 1572 1475 1594 est
1487 1575 1497 1599 ;
1511 1572 1536 1595 et
1556 1567 1639 1594 lenitis
1652 1575 1703 1594 sua
1721 1567 1828 1593 ministe-

209 1609 314 1642 Ouibus
326 1609 383 1636 hzec
413 1608 590 1644 superaddit:
608 1607 726 1644 Equum
742 1610 823 1644 igitur
843 1616 892 1640 est,
908 1614 937 1636 ut
961 1609 994 1636 ub

207 1655 264 1689 ejus
280 1654 413 1681 voluntate
428 1662 479 1681 non
499 1654 582 1681 simus
613 1654 774 1689 transfugae:
794 1654 912 1682 homines
928 1655 996 1681 stul-

209 1706 260 1732 tos,
273 1700 434 1734 insipientes,
451 1699 546 1732 elatos,
557 1704 582 1727 et
591 1699 735 1735 gloriantes
752 1700 779 1727 in
808 1701 935 1728 sermonis
953 1700 996 1728 sui

207 1748 339 1781 iactantia
355 1746 518 1781 offendamus
537 1748 636 1780 potius,
651 1755 730 1782 quam
757 1746 996 1774 Deum.Dominum

207 1793 301 1821 Iesum
316 1792 461 1823 Christum.
478 1792 553 1827 cujus
565 1793 673 1828 sanguis
688 1800 736 1827 pro
750 1792 825 1820 nobis
851 1792 930 1819 datus
945 1797 994 1825 est,

210 1847 369 1867 veneremur.
388 1838 552 1873 Pra'positos
567 1843 671 1866 nostros
686 1846 867 1869 revereamur;
881 1839 995 1866 seniores

211 1891 313 1913 nostros
334 1885 508 1917 honoremus;
524 1884 631 1920 juvenes
662 1884 802 1912 doceamus
828 1884 996 1918 disciplinam

211 1931 313 1958 timoris
340 1930 405 1962 Dei;
432 1930 508 1957 liberi
542 1931 627 1958 nostri
652 1930 756 1957 discant
788 1930 852 1966 quid
878 1930 996 1956 charitas

210 1976 280 2011 apud
294 1975 377 2003 Deum
390 1976 485 2010 possit.

247 2021 376 2050 Hortatur
388 2022 486 2050 deinde
495 2026 608 2050 sanctus
625 2022 752 2050 Clemens
775 2022 945 2054 Corinthios,
966 2027 996 2050 ut

213 2068 356 2095 Dominum
371 2068 496 2100 timeant,
517 2072 599 2103 atque
614 2068 641 2095 in
663 2069 723 2103 ejus
739 2069 861 2096 bonitate
876 2073 996 2104 sperent,

212 2120 268 2143 tum
281 2115 317 2142 ob
330 2115 541 2142 resurrectionis
554 2114 692 2146 ﬁduciam,
701 2115 781 2149 cujus
794 2116 919 2150 exempla
944 2115 997 2142 ali-

212 2166 278 2196 quot
291 2160 406 2196 profert,
418 2169 433 2187 a
446 2161 529 2188 rebus
544 2161 716 2189 naturalibus
731 2161 827 2196 petita,
841 2161 997 2196 cuiusmodi

211 2210 254 2234 est
268 2205 333 2233 illud
346 2206 480 2241 pbccnicis
492 2206 516 2241 (t
523 2206 560 2240 l),
570 2209 627 2233 tum
640 2206 675 2233 ob
683 2205 730 2234 Dei
744 2207 771 2233 in
780 2207 931 2241 promissis
940 2214 998 2235 ser-

1046 1615 1088 1641 ria
1101 1613 1275 1645 incumbunt;
1286 1613 1363 1641 homo
1372 1612 1457 1640 laicus
1466 1614 1602 1647 praceptis
1616 1613 1692 1640 laicis
1705 1613 1827 1639 constrin-

1045 1661 1126 1696 gitur.
1139 1659 1321 1695 Unusquisque
1331 1664 1455 1692 vestrum,
1468 1660 1577 1695 fratres,
1589 1661 1617 1686 in
1628 1667 1677 1686 suo
1688 1664 1763 1686 statu
1775 1667 1826 1694 gra-

1047 1707 1098 1734 tias
1121 1706 1175 1734 Deo
1202 1706 1308 1739 habeat,
1331 1707 1359 1734 in
1374 1706 1443 1733 bona
1466 1705 1623 1732 conscientia
1647 1705 1764 1740 degens,
1784 1712 1827 1731 non

1047 1752 1241 1788 transgrediens
1263 1751 1448 1786 praescriptam
1463 1751 1579 1778 muneris
1605 1750 1739 1785 regulam.
1773 1748 1826 1776 Non

1047 1798 1152 1833 ubique,
1170 1798 1278 1832 fratres,
1293 1797 1442 1832 offeruntur
1454 1796 1588 1831 sacriﬁcia
1598 1796 1688 1831 jugia,
1705 1795 1752 1823 sed
1773 1795 1828 1822 Hie-

1047 1845 1188 1879 rosolymis
1199 1849 1301 1872 tantum
1312 1843 1368 1880 (12)
1383 1849 1459 1879 atque
1474 1844 1529 1870 illic
1544 1852 1595 1870 non
1607 1844 1633 1870 in
1646 1844 1720 1870 omni
1735 1843 1789 1870 loco
1802 1842 1826 1876 ﬁt

1047 1891 1157 1923 oblatio,
1172 1890 1217 1918 sed
1232 1894 1293 1917 ante
1311 1890 1433 1924 templum
1447 1889 1482 1916 ad
1498 1889 1605 1916 altare.-

1083 1936 1208 1964 Ostendit
1233 1937 1314 1964 subin
1329 1939 1443 1963 sanctus
1460 1935 1586 1963 Clemens
1602 1955 1610 1968 ,
1637 1935 1726 1963 Deum
1748 1935 1826 1970 ipsum

1047 1982 1242 2010 ecclesiastica:
1267 1981 1429 2009 hierarcbite
1463 1985 1604 2008 auctorem
1635 1989 1716 2014 esse;
1745 1979 1826 2008 Jesum

1048 2029 1182 2058 Christum
1195 2038 1212 2056 a
1231 2029 1304 2060 Deo,
1328 2028 1490 2063 apostolosa
1511 2027 1576 2056 Iesu
1602 2027 1712 2056 Christo
1741 2030 1826 2055 missos

1048 2076 1146 2111 fuisse;
1169 2083 1212 2102 eos
1228 2075 1256 2102 in
1275 2074 1326 2109 ﬁde
1348 2082 1394 2109 per
1413 2073 1542 2109 Spiritum
1557 2079 1678 2102 sanctum
1694 2075 1827 2109 conﬁrma-

1049 2126 1099 2153 tos,
1116 2128 1223 2156 regnum
1237 2120 1283 2147 Dei
1297 2120 1469 2147 adventuram
1483 2128 1539 2147 esse
1548 2119 1643 2155 ubique
1653 2121 1827 2151 annuntiasse,

1048 2172 1125 2202 atque
1139 2167 1271 2201 primitias
1297 2174 1398 2197 eorum,
1415 2173 1478 2201 quos
1498 2165 1533 2192 ad
1548 2165 1627 2200 ﬁdem
1643 2170 1826 2199 converterant,

1049 2214 1076 2240 in
1095 2213 1229 2248 episcopos
1242 2217 1266 2239 et
1281 2212 1407 2239 diaconos
1421 2219 1523 2244 eorum,
1544 2212 1589 2247 qui
1608 2211 1737 2239 credituri
1749 2216 1826 2243 erant,

213 2252 310 2279 vandis
329 2251 421 2284 ﬁdem.
437 2256 464 2279 et
478 2251 552 2287 quod
564 2251 732 2286 impossibile
745 2252 780 2280 sit
796 2252 996 2287 peccatoribus,

1056 2259 1227 2286 constituisse.
1246 2257 1335 2292 Neque
1349 2258 1398 2284 hoc
1410 2265 1521 2285 novum:
1546 2266 1562 2284 a
1574 2258 1666 2286 multis
1677 2259 1748 2286 enim
1771 2263 1828 2285 tem:

213 2298 273 2332 ejus
287 2298 383 2325 oculos
397 2297 526 2333 etl'ugere.
542 2296 633 2330 Addit,
650 2305 712 2324 cum
735 2297 942 2326 miserationum
954 2298 1000 2326 ille

251 2418 288 2454 (ω
309 2418 374 2446 Duae
400 2419 441 2445 lia:
466 2418 595 2454 mulieres
618 2417 772 2454 Neroniana
807 2419 1000 2454 persecutione

215 2455 342 2490 smviente
351 2461 437 2489 passa:
455 2453 765 2490 credunturiltuinartu
793 2453 853 2490 Act.
875 2459 998 2490 martyr.,

234 2497 277 2523 ag.
293 2489 321 2520 2,
337 2494 383 2515 aut
398 2489 454 2520 illa,
467 2497 528 2524 quae
551 2490 601 2516 sub
615 2489 766 2516 Domitiano
795 2489 914 2516 excitata
937 2489 999 2518 fuit.

234 2498 277 2523 εἰς.
293 2498 321 2520 Ζ,
337 2498 383 2515 θυι
398 2498 454 2520 Illa,
467 2498 528 2524 quae
551 2498 601 2516 SllD
615 2498 766 2516 υοιιιιιιθηο
795 2498 914 2516 excttata
937 2498 998 2518 ΙυΙῑ.

215 2498 383 2557 ΙἰῚΙΙεξιηοηι..
401 2528 467 2551 tom.
484 2524 516 2553 ll.
531 2532 592 2559 pag.
606 2525 650 2554 55.
666 2528 693 2551 et
707 2528 764 2551 not.
793 2524 807 2550 7
818 2532 867 2551 sur
888 2524 916 2552 S.
934 2525 998 2552 Clé-

215 2564 290 2587 ruent
307 2567 382 2594 pape,
400 2567 461 2594 pag.
477 2559 530 2587 264
545 2560 613 2587 dans
627 2559 718 2587 l‘liist.
731 2559 822 2586 ecclés.

251 2595 307 2630 (10)
328 2593 419 2622 Primo
432 2595 514 2629 igitur
523 2595 578 2629 jam
598 2595 698 2622 szeculo
723 2594 840 2621 credidit
864 2593 998 2627 Ecclesia,

214 2630 318 2657 Clu-isti
334 2631 494 2664 sanguinem
509 2638 559 2665 pro
571 2632 655 2658 totius
666 2629 760 2656 mundi
772 2630 861 2657 saluto
883 2630 998 2658 eﬂ‘usum

214 2673 284 2694 esse.

252 2701 274 2735 (i
283 2701 307 2733 l)
327 2699 450 2733 Tacitus,
463 2700 510 2728 lib.
522 2707 549 2726 vt
559 2700 700 2727 Annalium
714 2699 848 2734 phmnicis
857 2699 999 2728 historiam

214 2737 282 2763 citra
293 2736 385 2770 jocum
397 2735 706 2763 commemorat.Eadem
719 2744 734 2761 ει
746 2735 924 2767 Tertulliano,
939 2735 997 2763 Lib.

214 2772 247 2798 de
262 2776 400 2798 resurrect.
426 2771 526 2800 carnis,
544 2778 604 2805 cap.
622 2771 664 2804 l2;
679 2779 694 2797 a
719 2771 748 2797 S.
777 2770 948 2805 Epiphanio,
972 2771 998 2798 in

214 2807 366 2837 Ancorato;
382 2807 415 2833 ab
430 2806 561 2839 Origene,
576 2806 623 2833 lib.
642 2814 667 2832 tv
690 2812 780 2832 contra
797 2805 914 2838 Celsum;
937 2814 952 2833 a
969 2806 997 2834 S.

215 2842 316 2877 Cyrillo
333 2842 470 2869 catechcs.
490 2842 533 2872 18,
550 2846 726 2873 memoratur,
743 2841 810 2869 adeo
826 2847 853 2869 ut
869 2842 925 2870 haec
940 2844 1000 2876 opi-

217 2878 263 2903 nio
274 2878 428 2904 communis
438 2881 522 2907 esset,
537 2881 618 2911 atque
634 2877 705 2903 nulla
718 2877 908 2912 disquisitione
919 2877 999 2904 insti-

218 2915 275 2938 tuta
290 2919 324 2940 cx
335 2913 514 2947 quorumdam
531 2916 635 2939 tantum
648 2920 736 2940 rerum
752 2913 915 2941 naturalium
934 2921 998 2948 gen-

1048 2305 1155 2336 poribus
1175 2305 1206 2332 de
1218 2305 1344 2340 episcopis
1359 2310 1383 2332 et
1400 2305 1520 2332 diaconis
1548 2305 1576 2332 in
1591 2305 1734 2340 Scriptura
1763 2313 1826 2332 πιεπ·

1049 2427 1138 2461 tilium
1149 2427 1315 2461 scriptorum
1327 2425 1379 2453 ﬁde
1391 2431 1511 2461 recepta.
1521 2425 1590 2459 Quia
1600 2434 1667 2454 vero
1679 2426 1772 2455 Graeca
1784 2435 1826 2454 vox

1049 2460 1147 2496 φοῖνιξ.
1158 2465 1187 2488 ut
1199 2460 1354 2489 Observavit
1365 2460 1529 2492 Cotelerius,
1550 2461 1647 2489 Latine
1657 2467 1685 2489 et
1696 2464 1827 2497 unigenam

1050 2505 1132 2528 avem,
1142 2501 1168 2524 et
1178 2497 1295 2532 palmam
1308 2497 1455 2531 signiﬁcat,
1465 2497 1538 2523 locos
1550 2504 1635 2524 sacra:
1647 2496 1794 2532 Scriptura:
1805 2500 1827 2525 in

1049 2533 1150 2567 quibus
1170 2532 1258 2566 φοῖνιξ
1277 2531 1370 2559 Graece
1382 2531 1416 2558 de
1429 2531 1520 2566 palma
1533 2532 1634 2559 dicitur
1643 2552 1652 2564 .
1666 2532 1702 2561 de
1712 2531 1779 2560 alite
1792 2535 1828 2560 in-

1049 2572 1243 2603 terpretantes,
1257 2567 1330 2602 quod
1344 2567 1378 2594 de
1393 2567 1527 2603 phoenice?
1535 2575 1585 2594 ave
1597 2572 1741 2601 narratur,
1754 2570 1826 2596 etiam

1051 2602 1256 2638 Scripturarum
1271 2602 1436 2630 auctoritate
1450 2603 1501 2629 niti
1516 2602 1597 2630 facile
1610 2603 1663 2630 sibi
1690 2611 1826 2638 persuase<

1050 2643 1113 2665 runt
1126 2638 1213 2664 sancti
1230 2637 1335 2664 Patres.

1085 2673 1142 2708 (i2)
1155 2673 1268 2700 Sanctus
1277 2672 1408 2705 Clemens,
1417 2672 1540 2707 templum
1550 2672 1825 2708 Hierosolymitanam.

1049 2717 1106 2735 curti
1119 2709 1259 2744 epistolam
1271 2709 1350 2735 istam
1361 2708 1496 2744 scriberet,
1506 2708 1591 2734 adltuc
1606 2715 1739 2743 superstes
1754 2710 1825 2744 fuisse

1049 2744 1200 2778 signiﬁcare
1218 2743 1337 2775 videtur;
1354 2744 1414 2770 licet
1430 2743 1457 2768 id
1468 2745 1614 2770 necessario
1637 2752 1670 2771 ea:
1682 2745 1740 2779 ejus
1754 2743 1824 2772 cerbtt

1050 2787 1101 2805 non
1126 2784 1310 2815 consequatur,
1334 2787 1394 2805 cum
1409 2783 1464 2805 tota
1481 2779 1538 2812 ejus
1559 2780 1646 2806 oratio
1671 2781 1824 2815 comparatio

1050 2819 1153 2840 tantum
1164 2814 1210 2841 sit.
1237 2813 1357 2841 Solemus
1372 2819 1461 2840 autem
1476 2814 1504 2840 in
1530 2813 1774 2848 comparationibus
1792 2823 1823 2841 m

1048 2849 1196 2886 prieteritas
1225 2854 1351 2886 tanquam
1377 2854 1518 2886 prtcsentes
1547 2858 1702 2886 proponere.
1724 2851 1822 2886 Fleury,

1052 2884 1122 2911 Hist.
1134 2884 1209 2918 eccl.,
1224 2888 1290 2912 tom.
1307 2884 1327 2917 l,
1343 2885 1371 2911 in
1386 2884 1474 2912 Clem.
1491 2885 1538 2912 lib.
1554 2893 1583 2918 tt,
1602 2884 1616 2920 ξ
1632 2886 1676 2914 55.
