1875 3101
46 197 83 224 lii
621 200 623 202 ‘
645 193 813 222 PROCEMIA
834 192 985 221 VARIORU
993 193 1026 223 λι,

1599 177 1646 223 lci!

44 257 126 282 tionem
152 254 247 287 factum
258 253 350 288 fuisse.
368 251 429 279 Mox
443 251 630 279 contentiones
645 252 680 279 ob
695 251 811 279 Aaronis
827 252 848 280 Δ
863 250 890 276 in
914 249 976 277 ovili
998 250 1098 277 Christi
1120 260 1215 286 paruos
1238 258 1261 280 et
1284 253 1407 287 probatos
1424 254 1550 287 inveniri,
1566 264 1644 290 quam

44 300 209 329 sacerdotium
223 299 323 335 Moysis
334 302 413 326 aetate
427 301 535 325 exortas
553 297 695 329 describit,
718 301 745 324 et
758 296 810 325 Co-

44 344 144 371 rinthios
155 342 254 378 injuste
269 343 429 378 episcopatu
454 342 605 377 privavisse
619 350 677 374 e05,
704 341 751 377 qui
777 342 811 369 ab

43 389 212 425 apostolorum
236 389 445 416 successoribus
476 388 620 416 constituti
640 387 759 419 fuerant,
785 393 811 416 et

43 442 140 462 munere
168 441 218 462 suo
243 434 384 469 inculpate
409 437 436 461 et
457 434 586 468 praeclare
616 433 808 468 fungebantur.

44 480 149 507 Sthisma
159 484 282 508 oestrum.
295 479 395 515 inquit,
408 480 505 507 multos
521 480 654 514 pervertit;
670 479 767 506 multos
783 480 811 506 in

42 526 113 552 animi
126 525 302 559 dejectionem,
322 525 420 552 multos
445 526 473 552 in
499 525 704 557 vocillationent,
722 534 810 552 omnes

42 581 81 599 nos
91 573 114 598 in
123 572 256 599 tristitiam
264 571 384 606 conjecit.
399 572 498 606 Turpia
512 577 584 604 sunt,
594 571 694 604 dilecti,
703 576 727 599 et
736 572 811 600 valde

42 618 127 652 turpia,
139 622 161 644 et
176 616 332 645 Christiana
352 619 548 645 conuersatione
567 617 686 653 indigna,
710 618 808 650 audiri,

41 663 206 698 ﬁrmissimam
239 668 265 690 et
291 663 427 698 antiquam
446 662 643 690 Corinthiorum
665 663 810 690 Ecclesium

41 714 132 744 propter
145 717 224 736 unum
240 713 286 736 aut
295 710 409 736 alterum
421 709 552 736 hominem
566 715 658 736 contra
678 709 809 745 presbyte-

41 764 77 783 ros
89 755 235 783 seditionem
247 763 358 783 movere.
376 755 461 790 Atque
487 755 510 783 is
531 764 620 782 rumor
634 765 686 783 non
707 760 809 784 tantum

40 803 69 828 ad
85 811 127 829 nos
136 803 261 836 peruenit;
276 802 322 830 sed
333 802 369 829 ad
383 811 426 830 eos
434 810 544 838 quoque,
556 803 602 837 qui
612 811 628 829 a
639 802 713 830 nobis
730 803 810 831 alieni

40 852 91 875 sunt
105 849 187 876 animo
203 853 229 876 et
243 849 390 881 sententia;
404 848 469 876 adeo
485 853 514 875 ut
525 853 632 884 propter
646 854 758 876 uestram
769 850 810 877 in-

39 895 183 929 sipientiam,
195 896 279 923 etiam
295 895 463 930 blasphemiae
474 900 499 922 et
512 895 630 922 convicia
642 897 742 924 nomini
755 896 805 923 Do-

39 941 93 967 mini
105 941 261 976 inferantur.
278 941 438 976 Auferamus
452 941 533 977 igitur
543 941 662 968 celeriter
673 941 721 968 hoc
732 950 809 969 scan-

37 985 127 1019 dalum,
143 991 167 1013 et
190 986 308 1013 Domino
322 986 475 1018 accidamits
489 991 513 1014 et
526 986 692 1022 plangamus,
704 992 808 1015 orantes

36 1039 86 1057 eum
107 1036 145 1063 ut,
161 1032 293 1066 propitius
312 1032 410 1067 factus,
427 1026 609 1059 reconcilietur
632 1032 706 1060 nobis
732 1038 809 1068 atque

37 1076 60 1102 in
71 1077 185 1104 decoram
194 1083 223 1105 et
235 1082 338 1105 castam
347 1078 460 1112 fraterni
471 1078 570 1105 amoris
586 1078 655 1105 viam
668 1087 715 1106 nos
731 1078 809 1105 redu-

35 1127 71 1148 eat
78 1126 101 1149 et
113 1123 245 1150 restituat.

63 1168 204 1197 Charitatis
218 1169 318 1198 deinde
332 1169 427 1198 laudes
438 1170 621 1206 persequitur,
635 1178 695 1198 eam
707 1169 809 1206 Moysis

35 1213 62 1240 ad
75 1213 157 1240 instar
171 1214 390 1247 commendans,
406 1216 452 1250 qui
468 1223 483 1243 e
499 1215 568 1243 libro
583 1216 645 1243 vitae
659 1215 744 1243 deleri
760 1223 809 1243 cu-

35 1258 131 1292 piebat,
146 1259 169 1286 si
184 1259 288 1294 popqu
302 1267 352 1287 suo
365 1260 472 1287 veniam
485 1268 540 1288 non
552 1260 743 1296 impetrasset;
759 1261 809 1289 do-

34 1308 136 1339 cetque,
161 1313 215 1340 qua
239 1305 349 1333 ratione
372 1305 445 1333 inter
469 1306 544 1341 ipsos
572 1307 677 1334 servari
700 1309 807 1342 possit;

33 1351 122 1384 quibus
139 1351 283 1385 gentilium
307 1351 430 1387 ipsorum
452 1352 605 1387 exemplum
631 1353 807 1388 superaddit,

32 1396 72 1431 qui
97 1396 131 1424 ob
154 1397 297 1432 publicam
319 1398 462 1425 utilitatem
483 1401 599 1426 mortem
625 1402 708 1434 atque
733 1399 808 1427 exsi-

32 1441 90 1468 lium
102 1441 220 1470 subiere.
232 1441 372 1470 Fraternae
383 1443 464 1469 etiam
477 1443 653 1471 correctionis
663 1443 807 1471 utilitatem

32 1491 241 1520 commemorat,
257 1487 405 1523 subditque
418 1497 425 1515 :
447 1487 498 1515 Vos
517 1495 594 1523 ergo,
609 1489 655 1523 qui
669 1488 808 1515 seditionis

30 1532 195 1566 fundamenta
206 1534 329 1569 jecistis,
344 1534 444 1562 subditi
456 1538 539 1561 estote
556 1534 716 1570 presbyteris
735 1539 761 1562 et
780 1536 808 1561 in

862 297 946 323 altum
960 297 1090 330 sapientes
1104 305 1117 324 ε
1133 305 1176 332 spe
1191 298 1264 326 illius
1279 300 1349 333 ejici.
1364 299 1473 327 Claudit
1483 300 1623 334 epistolam
1635 321 1645 335 ,

862 340 946 369 Deum
961 349 1060 374 orans,
1078 346 1107 369 ut
1122 351 1169 377 per
1183 343 1214 370 Ι).
1232 343 1264 370 Ν.
1282 343 1307 372 J.
1324 343 1464 371 Christum
1482 344 1536 372 illis
1551 345 1596 373 det
1615 346 1646 374 li-

861 388 922 416 dem
933 409 940 420 ,
964 389 1090 417 timorem
1103 409 1110 422 ,
1135 397 1229 424 pacem
1242 410 1249 421 ,
1273 390 1432 424 patientiam
1444 411 1451 423 ,
1477 395 1646 428 caeterasque

862 435 977 462 virtutes
988 455 996 467 ,
1013 436 1135 471 petitque
1151 440 1180 463 ut
1197 436 1360 469 Claudium,
1386 437 1543 472 Ephcbum,
1566 437 1647 466 Vale-

861 481 932 508 sium
940 485 967 510 et
973 481 1290 517 Fortunatum,cpistolaa
1301 483 1382 518 hujus
1395 483 1560 516 tabellarios,
1571 484 1646 512 brevi

861 532 887 555 et
903 535 965 555 cum
981 528 1082 564 gaudio
1097 530 1254 561 remittant,
1275 533 1304 556 ut
1323 529 1405 557 citius
1416 550 1423 561 ,
1443 530 1548 565 inquit,
1566 535 1646 566 opta-

861 573 943 601 bilem
963 574 1096 609 uobisque
1114 574 1377 602 desideratissimam
1404 583 1498 610 pacem
1524 583 1558 603 ac
1577 583 1646 603 con-

861 619 980 647 cordiam
995 620 1168 647 annuutient.

948 697 1072 732 Analysis
1091 697 1209 731 epistolm
1226 697 1348 724 secunda:
1364 697 1397 725 Β.
1414 697 1556 725 Clementis

1144 732 1178 758 ad
1194 731 1355 760 Corinthios.

896 798 925 826 In
943 799 1027 826 altera
1040 800 1072 827 ad
1085 800 1242 829 Corinthios
1260 801 1373 836 cpistola
1383 821 1389 833 ,
1403 801 1454 828 sibi
1467 802 1643 836 proposuisse

859 847 968 874 videtur
987 851 1100 874 sanctus
1119 847 1264 880 Clemens,
1285 851 1315 874 ut
1332 847 1492 876 Corinthios
1510 848 1543 875 ad
1560 849 1642 876 vitam

862 900 984 928 ipsorum
1006 893 1149 921 vocatione
1171 884 1281 928 dignam
1301 893 1452 920 ducendam
1477 894 1643 922 hortaretur.

861 939 951 972 Quare
967 938 1019 966 sub
1035 939 1124 974 ipsum
1140 939 1246 966 initium
1263 939 1361 972 docet,
1383 947 1430 967 eos
1453 940 1486 968 de
1509 940 1623 968 Christo
1634 960 1642 972 .

859 989 989 1020 tanquam
1009 985 1043 1013 de
1062 985 1118 1013 Deo
1135 986 1236 1013 sentire
1254 993 1363 1021 mquum
1381 993 1460 1018 esse.
1489 990 1516 1014 et
1538 992 1641 1021 quanta

858 1031 945 1059 eidem
960 1031 1091 1064 debeant,
1106 1036 1188 1067 atque
1203 1040 1283 1067 quam
1299 1036 1391 1068 gratos
1411 1039 1441 1060 se
1457 1032 1496 1059 illi
1511 1033 1642 1060 exhibere

859 1081 1002 1112 oporteat,
1024 1078 1098 1113 quod
1118 1086 1166 1106 eos
1188 1078 1222 1105 ad
1249 1078 1384 1114 Evangelii
1408 1078 1495 1106 lucem
1516 1079 1641 1112 vocarit,

858 1126 965 1158 gratum
990 1131 1055 1152 vero
1072 1124 1193 1153 animum
1217 1131 1271 1151 non
1298 1124 1382 1152 solam
1407 1125 1558 1152 divinitatis
1583 1125 1643 1159 ejus

860 1169 1055 1204 professionem
1071 1169 1160 1204 palam
1176 1169 1282 1197 edendo
1296 1169 1406 1204 probari
1420 1170 1474 1202 ait,
1491 1170 1536 1197 sed
1552 1170 1643 1204 potius

859 1220 1056 1251 praeceptorum
1072 1215 1132 1250 ejus
1146 1216 1217 1243 viain
1234 1215 1421 1251 ingrediendo.
1447 1214 1546 1242 Subdit
1557 1235 1564 1246 ,
1589 1215 1641 1241 ho-

859 1261 942 1289 minis
960 1262 1042 1289 vitam
1058 1262 1086 1289 in
1101 1262 1156 1289 duo
1171 1266 1309 1297 tempora,
1325 1262 1383 1289 sive
1398 1262 1498 1289 saecula
1521 1261 1591 1288 inter
1612 1269 1643 1288 se

859 1307 967 1334 divorsa
981 1307 1097 1335 divisam
1110 1315 1188 1341 esse,
1200 1315 1321 1343 prazsens
1340 1316 1423 1334 unum
1433 1328 1441 1339 ,
1463 1307 1583 1334 futurum
1604 1307 1644 1333 al-

859 1357 963 1386 terum,
989 1361 1050 1389 qua:
1073 1354 1206 1389 quasdam
1230 1354 1313 1381 veluti
1339 1353 1498 1381 inimicitias
1526 1353 1642 1380 invicem

859 1404 1004 1434 exercent;
1018 1401 1095 1436 prius
1119 1401 1222 1428 scelera
1247 1404 1328 1435 atque
1347 1399 1449 1435 ﬂagitia
1472 1399 1642 1434 praedicare;

859 1447 996 1482 posterius
1008 1447 1051 1474 his
1067 1446 1195 1474 omnibus
1208 1447 1336 1474 nuntium
1351 1446 1489 1473 remittere
1502 1455 1509 1479 ;
1523 1453 1643 1481 praesens

859 1493 988 1519 saeculum
1003 1492 1171 1528 poenitentia:
1184 1493 1350 1521 destinatum
1361 1512 1368 1525 ,
1387 1497 1468 1528 atque
1487 1492 1536 1520 Dei
1553 1493 1599 1520 iraa
1615 1495 1643 1518 et

859 1538 943 1566 futuri
967 1538 1060 1566 saeculi
1086 1538 1227 1574 suppliciis
1255 1538 1415 1574 eﬂ‘ugiendis
1441 1543 1534 1575 aptum
1560 1547 1641 1573 esse,

29 1580 201 1613 paenitentiam
216 1581 384 1616 corripimini
395 1588 405 1608 :
421 1581 513 1608 melius
527 1581 657 1616 siquidem
678 1582 748 1609 vobis
768 1586 806 1608 est
820 1603 841 1630 Ο
859 1585 939 1620 cujus
956 1584 1027 1613 diem
1043 1589 1124 1620 atque
1138 1589 1245 1620 tempus
1260 1585 1368 1620 penitus
1385 1586 1553 1621 ignoramus.

742 1697 915 1706 —_

661 1770 851 1817 CAPUT
895 1773 990 1816 IIl.

430 1881 460 1911 S.
492 1881 718 1912 CLEMENTIS
736 1881 894 1912 ROMANI
910 1882 1043 1912 OPERA
1068 1883 1200 1913 DUBM.

63 1965 243 1996 Auricuws
272 1974 396 1996 UNICUS.
413 1982 451 1986 ——
468 1964 553 2002 Quid
572 1963 608 1993 de
626 1962 747 1993 duabus
778 1962 946 1994 Clementis
963 1963 1003 1993 ad
1018 1965 1156 2003 virgines
1180 1965 1323 2004 epistolis
1339 1966 1381 1996 sit
1392 1965 1597 1997 sentiendum.

56 2126 120 2160 Quis
131 2126 238 2159 primus
250 2125 298 2152 has
313 2122 439 2159 epistolas
453 2121 587 2152 ἄειρε-πενία.
599 2139 633 2143 -
644 2123 806 2158 Nuperrime

23 2179 48 2199 v.
63 2172 98 2200 ci.
111 2171 238 2198 Joannes
256 2169 374 2197 Iacobus
402 2168 571 2197 Wetstenius
591 2168 722 2204 (1'5)duas
737 2169 805 2196 alias

24 2218 146 2252 produxit
162 2216 256 2244 sancti
272 2214 420 2243 Clementis
434 2213 551 2241 Romani
572 2214 717 2249 epistolas,
740 2213 806 2241 hac-

23 2267 98 2291 tenus
120 2263 256 2291 omnibus
277 2261 429 2296 incognitas
439 2280 446 2293 ,
461 2267 532 2295 quas
546 2260 619 2288 velut
635 2260 758 2288 sinceras
772 2259 804 2287 Ι).

22 2309 166 2337 Clementis
184 2308 260 2336 fetus
273 2307 383 2343 agnovit
398 2307 434 2334 cl.
458 2306 558 2340 editor,
581 2313 613 2334 ac
632 2314 682 2342 pro
702 2306 806 2334 viribus

23 2354 105 2383 eidem
119 2361 250 2383 asserere
260 2357 303 2381 est
317 2360 473 2388 aggressus.
488 2352 589 2380 Verum
603 2352 673 2380 duos
687 2359 741 2387 prae
754 2359 807 2379 cae.

21 2404 82 2429 leris
96 2402 174 2429 viros
189 2400 267 2428 haud
282 2399 433 2427 incelebres
448 2402 546 2427 nactus
559 2402 602 2427 est
616 2399 803 2426 adversarios:

21 2446 133 2474 alterum
161 2446 278 2482 quidem
308 2445 502 2473 Nathanaelem
529 2445 700 2472 Lardnerum
716 2465 724 2477 ,
756 2445 804 2478 qui

20 2499 88 2519 anno
104 2493 176 2520 1753
190 2491 413 2519 dissertationem
434 2489 469 2518 60
485 2491 646 2525 paginarum
662 2489 733 2516 in-8°
748 2488 804 2516 An-

20 2538 86 2573 glice
107 2538 232 2566 Londini
256 2537 362 2571 edidit;
386 2537 565 2572 pluribusque
589 2536 619 2564 in
640 2535 804 2564 contrariam

19 2585 182 2613 sententiam
200 2583 327 2611 adductis
337 2604 345 2616 ,
361 2583 389 2610 in
404 2590 464 2610 eam
478 2582 589 2610 tandem
611 2582 804 2617 cogitationem

19 2631 143 2663 devenit,
160 2631 218 2657 has
233 2629 362 2656 nimirum
377 2628 507 2664 epistolas
522 2628 597 2656 circa
611 2627 731 2655 medium
751 2634 804 2654 sae-

17 2678 70 2706 culi
82 2677 158 2706 tertii
167 2676 206 2704 ab
217 2675 346 2711 episcopo
354 2674 502 2703 Orientalis
513 2673 641 2702 Ecclesiae
650 2673 734 2702 fuisse
745 2679 805 2708 per-

49 2801 106 2838 (15)
122 2800 158 2838 In
177 2799 258 2828 Novo
275 2796 557 2838 Testamentocraeco
568 2803 630 2824 cum
642 2795 802 2838 lectionilius

14 2830 190 2864 varial'ltibus
199 2854 212 2867 ,
224 2833 421 2862 commentario
435 2833 557 2867 pleniore
570 2839 604 2859 ex
618 2830 801 2867 scriptoribus

15 2854 796 2905 ᾗέϊῖἓῖῖῖἓάῖῗῖἴῐᾶἰῖηἴὲῖ”ὶξίιῖεῐεὲιόᾰέἓῖιῖ’ἱῆἐὶ

15 2908 95 2937 edim.

860 2121 978 2157 scriptas
993 2121 1065 2157 (14);
1078 2121 1193 2148 alterum
1215 2128 1277 2148 vero
1295 2119 1479 2148 Hermannum
1503 2121 1621 2151 Venema
1632 2145 1639 2156 ,

857 2168 904 2202 qui
920 2175 992 2194 anno
1008 2168 1172 2202 insequente
1188 2166 1268 2199 1754,
1291 2166 1428 2202 Harlinga:
1449 2167 1567 2204 vulgatis
1587 2170 1639 2197 tri-

857 2214 909 2241 bus
924 2213 1049 2248 epistolis
1059 2233 1066 2245 ,
1082 2213 1151 2241 viris
1165 2213 1328 2240 clarissimis
1341 2212 1541 2250 Wesselingio,
1556 2215 1639 2244 Hem-

858 2259 1007 2291 sterhusio,
1024 2263 1052 2286 et
1067 2258 1267 2294 Canuegielero
1282 2258 1441 2294 inscriptis,
1455 2260 1566 2289 easdem
1580 2263 1641 2298 epi-

858 2304 944 2332 stolas
968 2303 1154 2332 Clementinas
1175 2303 1367 2338 supposititias
1381 2311 1442 2332 esse
1458 2305 1532 2333 omni
1549 2307 1640 2334 studio

857 2352 999 2381 contendit
1015 2353 1161 2386 evincere;
1178 2352 1205 2379 in
1221 2352 1257 2380 iis
1271 2352 1343 2380 enim
1360 2352 1432 2379 inter
1453 2353 1505 2380 alia
1525 2353 1556 2380 D.
1572 2353 1639 2382 His-

857 2397 963 2433 ronymi
979 2398 1078 2433 stylum
1093 2397 1143 2425 sibi
1157 2397 1313 2425 suboluisse
1324 2397 1413 2424 innuit
1426 2397 1530 2433 (15).Et
1541 2407 1638 2434 quam-

856 2443 898 2471 vis
912 2444 945 2471 de
961 2447 1071 2471 auctore
1085 2450 1117 2470 ac
1131 2448 1269 2478 tempore,
1290 2451 1345 2478 quo
1364 2443 1478 2476 vixerit,
1501 2445 1569 2472 nihil
1591 2445 1638 2473 de-

856 2489 952 2523 ﬁniat;
972 2497 1034 2517 eum
1054 2493 1145 2517 tamen
1166 2488 1250 2517 fuisse
1266 2488 1447 2522 Orientalem,
1463 2497 1517 2518 non
1538 2490 1638 2518 Roma-

856 2543 940 2567 num,
960 2539 986 2563 et
1005 2534 1120 2568 Origene
1139 2542 1247 2569 quoque
1266 2535 1443 2569 posteriorem
1462 2536 1553 2571 arguit
1568 2537 1636 2572 (16).

858 2580 974 2616 Utrique
990 2582 1082 2608 statim
1098 2579 1240 2615 respondit
1261 2579 1429 2608 Wetstenius
1439 2600 1447 2612 ,
1464 2581 1635 2617 iterumque,

855 2635 925 2662 quas
938 2626 1025 2655 edidit
1037 2626 1176 2661 epistolas,
1191 2625 1278 2661 magis
1289 2626 1428 2661 magisque
1437 2625 1569 2655 Clementi
1581 2627 1638 2655 Ro-

855 2679 936 2700 mano
959 2671 1128 2700 vindicavit:
1153 2671 1292 2699 Lardnero
1306 2672 1415 2706 quidem
1436 2672 1464 2699 in
1484 2672 1575 2701 Diario
1589 2674 1637 2701 lit-

890 2794 946 2829 (Η)
966 2792 1146 2829 ιθτᾰηετηΑ
1170 2792 1341 2829 dissertation
1359 2791 1490 2829 upo_n_tl_t_e_
1507 2787 1647 2829 two_l_§pi—'

854 2826 915 2857 siles
933 2826 1050 2856 ascribed
1064 2833 1088 2854 to
1104 2826 1221 2856 Clement
1248 2827 1278 2861 of
1291 2827 1369 2861 Rome
1379 2846 1387 2856 .
1405 2827 1450 2858 37,
1462 2827 1496 2854 54
1510 2831 1536 2854 et
1551 2827 1594 2854 57.

890 2865 945 2900 (εει)
966 2863 1084 2900 venema
1098 2883 1105 2895 ,
1121 2863 1201 2900 epist.
1212 2862 1252 2900 ε,
1265 2860 1283 2897 '5
1295 2861 1341 2894 27,
1359 2860 1373 2896 θ
1389 2861 1433 2888 sa.

889 2895 946 2936 (16)
965 2899 1053 2932 Idem,
1068 2906 1111 2933 ep.
1127 2895 1159 2931 5,
1177 2897 1191 2933 §
1209 2897 1241 2925 16
1255 2895 1283 2925 et
1296 2904 1383 2930 seqq"
1400 2903 1462 2932 πιθα.
1481 2895 1542 2923 1ἳ9.
