1875 3101
186 199 238 228 “3

750 195 794 221 AD
814 194 843 222 Β.
861 191 1072 221 CLEMENTEM
1093 193 1102 220 1
1122 191 1238 220 PAPAM

1748 191 1798 218 αι

183 255 285 284 terario
299 253 402 282 Gallice
417 253 550 289 inscripto
566 252 746 288 Bibliothéque
762 253 897 278 raiwnnée
910 251 964 286 (Π)
980 253 1004 282 Α
1017 251 1161 286 epistolam
1180 251 1295 286 primam
1311 249 1345 277 ad
1361 249 1519 278 Corinthios
1532 259 1540 283 ς
1557 249 1682 277 meminit
1701 253 1729 277 et
1755 257 1799 276 se-

184 301 311 329 Venema:
325 304 434 332 autem.
461 299 576 334 cpistola
591 306 624 326 eo
640 299 700 334 ipso
722 305 795 324 anno
814 297 883 324 1754
903 297 968 323 Am-

179 346 430 374 sta-Jodamensibus
445 345 518 380 typis
538 344 700 378 consignata
712 362 720 376 ,
742 350 824 378 quam
845 341 968 376 epistola:

185 393 279 428 primae
293 391 465 418 Venemianm
487 390 628 426 Opposuit.
655 388 806 416 Ulteriores
831 387 967 415 vindicias

184 445 235 473 pro
250 438 293 465 his
305 436 484 464 Clementinis
500 436 624 471 epistolis
639 435 746 462 demum
762 442 788 462 v.
803 442 828 461 c.
843 433 967 462 Andreas

185 483 344 510 Gallandius
360 482 416 517 (18)
431 482 565 509 exaravit.
590 481 691 509 Verum
714 480 882 516 argumentis
904 486 967 506 cum

186 529 344 556 intrinsecis
356 533 412 555 tum
426 528 586 556 extrinsecis
596 527 623 554 in
635 531 779 562 utramque
794 530 897 561 partem
909 527 968 553 sine

187 575 347 610 praeiudicio
357 575 487 610 expensis
497 582 544 602 eas
556 574 671 609 pasitive
681 573 778 600 dubias
789 580 867 606 esse;
880 580 968 607 neque

187 621 290 656 aliquid
306 628 357 655 pro
372 621 412 648 vel
427 624 523 648 contra
538 619 704 646 authentiam
721 619 879 647 earumdem
893 623 968 646 certo

188 667 271 694 statui
287 674 381 702 posse,
398 674 460 693 cum
474 674 502 693 v.
517 665 552 693 cl.
567 665 629 692 Joa.
654 665 740 693 Mansi
757 665 812 700 (l9)
829 665 966 692 existimo.

225 712 413 747 Argumentum
429 719 476 746 pro
491 711 626 738 aut/tentia
639 709 762 745 primum.
777 711 969 746 —-Argumen-

187 762 246 785 tum
272 758 388 792 primum
411 765 459 792 pro
484 757 624 785 authontia
646 757 745 784 harum
767 755 798 783 Ι).
821 756 968 784 Clementis

187 804 364 839 epistolarum
381 807 474 838 petunt
488 802 592 839 pratiati
609 806 736 830 auctores
750 809 784 830 ex
803 801 968 830 testimoniis

189 853 348 878 sanctorum
372 847 529 884 Hieronymi
548 852 574 875 et
592 847 756 883 Epiphanii,
776 853 893 881 quorum
913 846 968 881 pri<

189 904 252 923 mus
270 895 352 930 hujus
369 894 518 922 Clementis
541 893 672 929 epistolas
688 901 704 919 a
724 892 860 927 frequenti
885 892 969 927 virgi-

189 942 283 970 nitatis
294 939 527 968 commendatione
548 939 641 966 laudat
654 939 724 975 (20),
740 939 808 966 alter
828 945 894 966 vero
909 938 966 970 ait,

190 995 205 1015 a
220 992 317 1016 sancto
339 987 480 1014 Clemente
498 986 624 1013 laudibus
648 985 738 1012 ellerri
761 984 863 1016 Eliam,
889 983 970 1011 Davi-

191 1034 253 1061 dem
276 1037 303 1060 et
326 1031 487 1060 Samsonem
504 1031 571 1066 (2i).
594 1030 715 1065 Utraque
735 1030 793 1057 haec
812 1030 884 1056 sicut
904 1036 970 1056 nus-

192 1080 262 1115 piam
285 1079 312 1106 in
333 1078 439 1105 duabus
462 1077 589 1112 leguntur
608 1077 727 1112 vulgatis
747 1076 802 1102 divi
822 1075 970 1103 Clementis

191 1126 224 1152 ad
240 1125 396 1153 Corinthios
411 1124 553 1159 epistolis,
577 1123 616 1151 ita
630 1122 752 1151 vicissim
774 1121 918 1158 perspicue
942 1121 970 1147 in

191 1173 306 1203 utraque
321 1167 372 1195 hac
386 1170 528 1202 apparent.

226 1213 376 1241 Secundum
391 1216 585 1248 argumentum.
598 1227 634 1232 -—
647 1211 774 1240 Secundo
789 1211 906 1246 probant
923 1219 971 1238 au-

191 1259 323 1286 thentiam
340 1258 573 1286 Clementinarum
591 1265 623 1284 ex
639 1257 830 1285 conformitate
843 1257 905 1293 styli
923 1257 972 1284 ha—

193 1312 254 1332 rum
268 1305 444 1339 epistolarum
461 1311 523 1330 cum
539 1303 646 1330 duabus
661 1303 693 1330 ad
705 1302 864 1330 Corinthios
879 1302 950 1330 datis
963 1312 969 1330 :

193 1351 341 1379 observant
353 1349 455 1385 passim
470 1347 579 1376 easdem
593 1349 754 1380 sententias,
768 1348 890 1375 eamdem
904 1347 972 1376 scri-

193 1396 294 1428 bendi,
308 1395 487 1430 exemplaque
500 1395 527 1422 in
549 1395 668 1422 medium
689 1393 855 1429 producendi
877 1397 904 1421 et
926 1401 972 1420 ra—

195 1441 345 1469 tiocinandi
362 1441 530 1468 methodum.
550 1440 591 1467 Ad
612 1440 670 1468 haec
690 1447 781 1467 mores
790 1447 853 1467 vere
866 1443 973 1474 aposto-

197 1489 242 1516 lici
256 1508 264 1520 ,
282 1487 461 1523 simplicitas,
476 1486 624 1518 modestia,
641 1485 799 1521 frugalitas,
820 1485 973 1521 benignitas

195 1533 290 1561 eadem
307 1532 420 1565 insunt,
432 1535 499 1565 etc.;
513 1539 567 1559 uno
578 1531 672 1563 verbo,
687 1535 832 1565 utrumque
846 1531 974 1566 epistola-

196 1588 256 1607 rnm
272 1587 321 1614 par
343 1579 433 1607 vivam
455 1579 602 1607 Clementis
625 1579 771 1614 imaginem
799 1578 919 1611 referre,
942 1585 974 1606 ac

198 1629 303 1652 tantum
316 1632 371 1652 non
387 1625 491 1660 spirare
502 1625 679 1652 arbitrantur.
693 1624 805 1652 Demum
819 1624 846 1652 in
861 1629 974 1658 utraque

197 1671 248 1698 hac
273 1671 386 1706 epistola
410 1671 478 1698 nihil
503 1678 650 1698 occurrere
675 1671 829 1706 oppositum
851 1669 974 1697 moribus

198 1717 327 1745 Ecclesiae
348 1717 509 1745 Christianze
526 1717 627 1753 prioris
648 1717 757 1749 saeculi,
773 1724 829 1751 quo
849 1715 974 1744 Clemens

197 1762 289 1790 ﬂoruit
300 1783 307 1794 ,
335 1761 505 1791 Wetstenius
515 1783 523 1795 .
538 1763 639 1798 aliique
653 1762 816 1798 persuadere
829 1765 973 1789 conantur.

234 1809 393 1843 Argumenta
408 1814 500 1836 contra
515 1809 689 1836 authentiam.
700 1808 778 1834 —At
792 1815 858 1835 vero
872 1807 976 1835 criticis

198 1854 394 1882 morosioribus
415 1855 530 1882 arduum
556 1855 665 1882 videtur
690 1853 856 1886 admittere,
882 1857 909 1880 et
926 1861 976 1888 pro

198 1899 315 1927 sinceris
330 1906 477 1934 agnoscere
491 1900 621 1935 epistolas
637 1903 693 1926 tota
707 1899 787 1934 plane
802 1899 975 1934 antiquitate,

197 1950 225 1973 et
246 1945 279 1972 ad
303 1945 355 1972 hoc
379 1953 466 1980 usque
489 1946 618 1973 saeculum
641 1945 759 1980 ignotas.
783 1944 876 1980 Neque
899 1944 978 1971 facile

199 1991 351 2018 concedunt
361 2010 369 2023 ,
386 1990 478 2017 divum
493 1990 686 2026 Hieronymum
701 1997 854 2018 sermonem
873 1989 907 2017 de
922 1989 978 2017 illis

199 2037 328 2064 habuisse
353 2036 381 2063 in
406 2036 558 2070 fragmento
577 2043 593 2062 a
622 2034 772 2065 Wetstenio
797 2035 912 2070 ejusque
933 2042 977 2062 se-

200 2082 351 2110 ctatoribus
368 2082 517 2116 producto,
543 2081 615 2116 quod
635 2080 687 2108 hoc
708 2085 868 2116 argumento
890 2080 978 2108 evinci

201 2135 282 2162 posse
295 2127 462 2155 existimant.
485 2125 663 2162 Hieronymus
678 2127 705 2153 in
721 2127 845 2161 catalogo
861 2126 900 2153 De
916 2126 978 2152 viris

201 2173 348 2199 illustribus
362 2172 529 2200 Clementem
545 2179 600 2199 non
613 2172 726 2208 negligit
736 2191 744 2205 ,
758 2171 907 2207 laudatque
918 2171 979 2207 ejus

237 2262 295 2296 (Π)
314 2261 392 2288 Tom.
409 2261 440 2296 L.
455 2265 532 2296 parte
546 2269 565 2287 ιι
576 2281 583 2291 .
600 2265 652 2288 art.
666 2261 683 2288 8
694 2281 701 2292 ,
717 2268 778 2296 pag.
796 2260 856 2287 365.

239 2297 294 2330 (l8)
323 2296 392 2323 Bibl.
412 2295 467 2323 Yet.
482 2296 538 2324 PP.
562 2300 627 2323 tom.
646 2296 673 2329 l,
690 2295 893 2331 in’prolcgomq
916 2303 977 2331 pag.

202 2332 238 2359 ‘20
253 2336 278 2358 ct
294 2339 369 2359 scuti.

222 2333 238 2359 0
253 2336 278 2358 ct
294 2339 356 2359 S(‘fl(l
363 2352 369 2358 .

241 2340 393 2400 (illiglqiiin.
410 2365 418 2392 Ι
434 2365 546 2396 Concfl.,
559 2366 611 2393 col.
625 2365 675 2392 144
689 2369 715 2392 et
729 2373 806 2400 seqq.

241 2401 297 2435 (ΞΟ)
320 2402 355 2427 Ili
376 2407 434 2427 sunt
449 2401 569 2432 eunuchi,
584 2409 648 2435 quos
661 2401 785 2427 castravit
801 2408 852 2426 non
867 2401 981 2428 necessi—

205 2441 245 2462 tas
256 2456 263 2464 .
281 2436 325 2463 sed
341 2437 459 2463 voluntas
476 2441 580 2469 propter
593 2444 699 2470 regnum
720 2436 853 2462 cwlorum.
872 2436 913 2461 Ad
934 2436 980 2463 hos

208 2476 232 2498 et
248 2471 367 2498 Clemens
387 2479 520 2497 artrcessor
542 2471 653 2503 apostoli
671 2471 761 2500 Petri.
782 2470 856 2504 cujus
878 2470 979 2497 Paulus

206 2507 340 2540 apostolus
355 2506 488 2535 meminit,
501 2505 589 2531 scribit
600 2505 734 2539 epistolas.
751 2513 902 2537 omnemque
918 2513 980 2539 pene

206 2549 351 2568 sermonem
373 2549 447 2568 suum
475 2540 507 2567 de
521 2541 679 2576 virginitatis
700 2545 813 2574 puritate
835 2541 977 2568 contexuit.

207 2577 235 2604 S.
254 2576 376 2606 Hieron..
395 2577 440 2603 lib.
459 2581 572 2602 taontra
585 2575 764 2603 Iovinianum.

252 2612 297 2644 2i)
317 2611 434 2639 Clemens
448 2611 501 2645 ipse
515 2611 633 2638 omnibus
647 2611 707 2638 illos
719 2610 878 2646 (Ebiomeos)
896 2611 980 2638 modis

206 2646 340 2680 redarguit
353 2647 386 2672 iis
401 2646 515 2679 epistolis
531 2647 713 2678 circularibus,
729 2654 787 2680 qua:
801 2646 828 2672 in
842 2654 982 2672 sacrosan-

206 2682 256 2708 ctis
265 2681 394 2716 Ecclesiis
405 2681 542 2715 leguntur:
557 2689 588 2707 ex
606 2681 698 2716 quibus
716 2685 834 2716 constat,
855 2680 928 2715 longe
947 2680 980 2707 ab

206 2717 239 2742 iis
250 2737 257 2746 ν
272 2724 329 2751 qua:
340 2717 367 2742 in
376 2714 533 2742 Circuilibus
548 2716 601 2743 illis
612 2714 713 2751 (Petri)
733 2715 781 2742 sub
799 2716 857 2750 ejus
877 2714 980 2751 nomine

206 2751 354 2778 adulterina
368 2756 470 2778 exstant
484 2772 491 2783 ,
506 2751 579 2778 illius
593 2751 670 2785 ﬁdem
685 2760 716 2777 ac
729 2759 871 2777 sermonem
886 2750 980 2777 abhor-

206 2784 300 2813 i‘uisse.
319 2785 420 2812 Etenim
433 2786 605 2820 virginitatem
622 2787 677 2820 ipse
691 2785 832 2819 (Clemens)
850 2785 938 2818 docet,
954 2791 978 2812 et

206 2821 252 2848 isti
267 2821 431 2856 (Ebionilw)
450 2821 586 2856 repudiarit
600 2829 608 2847 .'
621 2822 666 2849 ille
676 2821 763 2849 Eliam
773 2842 781 2852 ,
797 2820 922 2847 Dauidem
933 2839 940 2851 ,
955 2825 979 2846 rt

208 2855 361 2892 Samsanem
375 2864 511 2892 omnesque
526 2857 663 2890 prophetas
678 2856 840 2892 commendat
848 2864 860 2892 ξ
874 2855 979 2892 φιρηᾷᾐί

208 2890 378 2919 detestantur.
393 2890 630 2927 Epiph.,hair.30,
643 2891 657 2927 §
671 2892 712 2925 ιδ,
727 2891 794 2927 Opp.
811 2895 831 2918 t.
848 2890 905 2925 l,p.
916 2890 977 2918 159.

1016 296 1131 328 cundae,
1148 304 1229 331 quam
1246 299 1335 322 tamen
1353 303 1407 322 non
1429 295 1465 322 ab
1483 295 1611 322 omnibus
1629 294 1740 322 admitti
1757 295 1799 323 af-

1017 340 1117 368 ﬁrmat.
1133 340 1261 368 Proiecto
1275 347 1329 367 non
1345 340 1467 367 siluisset
1486 343 1514 367 et
1535 340 1659 375 geminas
1682 339 1799 371 alias,sl

1017 389 1113 413 nosset
1127 385 1194 420 (ἦ).
1209 386 1269 418 Quo
1279 393 1345 420 ergo
1360 385 1494 420 spectavit
1516 385 1544 412 in
1568 385 1727 412 testimonio
1753 384 1799 411 ille

1017 438 1050 458 ex
1066 430 1137 458 libro
1157 436 1249 458 contra
1259 430 1429 458 Iovinianum
1447 431 1596 465 producto?
1610 430 1730 456 arbitror
1745 435 1799 464 pra

1016 475 1106 504 oculis
1132 476 1260 504 habuisse
1288 477 1433 511 epistolam
1459 476 1493 503 ad
1519 476 1678 503 Corinthios
1699 482 1802 502 secun-

1017 522 1097 554 dam,
1112 523 1140 549 in
1156 530 1209 558 qua
1231 522 1300 550 forte
1324 523 1358 550 de
1377 522 1535 557 virginitate
1557 522 1690 558 prolixior
1708 528 1802 548 sermo

1018 567 1188 600 habebatur;
1211 575 1365 602 quanquam
1377 569 1450 595 enim
1467 568 1491 595 is
1506 568 1587 595 modo
1603 575 1658 594 non
1680 567 1800 602 legatur,

1017 621 1071 640 non
1086 618 1129 641 est
1144 622 1193 642 cur
1213 614 1350 649 quispiam
1372 615 1507 647 miretur;
1523 621 1611 649 neque
1633 614 1708 641 enim
1730 613 1803 641 inle-

1017 668 1065 696 gra
1086 660 1119 687 ad
1142 667 1192 687 nos
1212 660 1352 695 pervenit,
1373 664 1403 686 ut
1419 659 1535 687 eruditis
1554 659 1683 687 omnibus
1702 659 1802 694 explo-

1017 712 1105 734 ratum
1122 711 1174 734 est.
1187 706 1242 733 Nec
1256 706 1371 733 multum
1386 705 1531 741 Epiphanii
1546 706 1736 733 testimonium
1750 712 1802 731 nos

1017 753 1118 780 morari
1142 752 1241 785 debet;
1265 752 1401 787 siquidem
1421 752 1488 778 illud
1510 751 1669 787 expeditum
1697 755 1742 778 est
1767 758 1802 778 ex

1017 797 1141 832 epistolis
1150 797 1308 829 Clementis,
1321 805 1381 832 qua:
1389 801 1453 824 tunc
1463 797 1614 832 legebantur
1624 798 1650 824 in
1660 796 1802 824 Ecclesia.

1018 843 1144 871 Profecto
1157 852 1191 872 ex
1206 844 1363 872 testimonio
1377 845 1464 872 sancti
1480 844 1637 880 Hieronymi
1654 844 1802 876 discimus,

1020 889 1108 917 nullas
1119 889 1186 916 alias
1199 889 1349 917 Clementis
1363 890 1494 925 epistolas
1508 894 1588 918 aetate
1601 890 1647 918 illa
1664 890 1693 917 in
1707 889 1806 917 Eccle-

1019 934 1060 962 sia
1079 934 1129 970 legi
1148 936 1325 964 consuerisse
1337 956 1345 969 ,
1365 936 1418 963 nisi
1442 935 1476 962 ad
1493 936 1651 963 Corinthios
1666 936 1803 972 geminas.

1019 979 1130 1007 Accedit
1144 981 1228 1015 quod,
1240 981 1434 1009 observantev.
1446 981 1482 1009 cl.
1499 980 1638 1009 Lardnero
1652 981 1722 1017 (23),
1737 989 1805 1008 neu-

1019 1029 1062 1053 tra
1077 1021 1318 1055 Corinthiacarum
1333 1028 1449 1063 epistola
1465 1028 1570 1063 integra
1586 1027 1621 1054 ad
1636 1035 1688 1055 nos
1706 1035 1807 1062 pervc-

1020 1071 1109 1104 nerit,
1124 1075 1206 1106 atque
1221 1072 1284 1100 inde
1302 1072 1384 1101 facile
1404 1072 1463 1100 ﬁeri
1482 1072 1588 1108 potuit,
1609 1077 1640 1100 ut
1661 1072 1806 1100 Samsonis

1020 1117 1122 1144 mentio
1136 1117 1207 1144 inter
1227 1125 1276 1150 ea,
1296 1125 1358 1153 qua:
1378 1118 1407 1145 in
1423 1118 1520 1145 iisdem
1540 1118 1666 1153 epistolis
1686 1118 1802 1149 desunt,

1020 1163 1138 1190 maxime
1151 1170 1216 1191 vero
1230 1163 1257 1190 in
1268 1163 1398 1196 secunda,
1412 1165 1572 1191 occurrerit.

1055 1206 1096 1233 An
1105 1207 1170 1234 nihil
1183 1207 1298 1235 moribus
1306 1209 1384 1241 primi
1391 1208 1480 1236 seculi
1487 1208 1649 1235 contrarium
1661 1214 1786 1234 occurrat
1794 1209 1808 1234 2

1020 1252 1135 1285 —Quod
1148 1261 1212 1281 vero
1223 1255 1260 1280 ait
1282 1252 1460 1287 Wetstenius,
1476 1255 1540 1282 nihil
1550 1255 1577 1282 in
1587 1259 1704 1289 utraque
1715 1255 1807 1282 littera

1022 1298 1073 1325 hac
1100 1306 1245 1328 occurrere
1262 1308 1276 1327 a
1292 1301 1416 1329 moribus
1437 1301 1525 1328 astatis
1547 1301 1621 1328 illius
1639 1301 1806 1332 abhorrens,

1022 1351 1109 1379 usque
1123 1345 1191 1373 adeo
1210 1354 1303 1373 verum
1318 1346 1390 1374 haud
1416 1346 1522 1382 judicat
1544 1347 1749 1374 illustrissimus
1772 1345 1805 1372 Ι).

1022 1390 1109 1420 Mansi
1129 1392 1206 1429 (2d);
1221 1401 1254 1421 ex
1271 1401 1366 1421 earum
1376 1394 1448 1421 enim
1463 1394 1580 1421 lectione
1593 1393 1808 1428 deprehendisse

1023 1439 1076 1466 sibi
1098 1439 1173 1467 visus
1203 1443 1256 1472 est,
1285 1440 1379 1468 nescio
1390 1448 1451 1475 qua:
1472 1441 1586 1476 vestigia
1608 1440 1806 1471 monachatus,

1023 1491 1121 1520 nempe
1133 1489 1222 1513 coetus
1235 1485 1393 1518 hominum,
1410 1486 1457 1521 qui
1472 1494 1578 1514 morum
1594 1485 1808 1514 sanctimoniam

1024 1531 1190 1565 singularem
1208 1531 1356 1566 elegerint,
1372 1533 1446 1567 quod
1461 1533 1626 1567 permaxime
1643 1533 1732 1559 elucet
1752 1532 1809 1559 illis

1024 1578 1131 1605 verbis:
1146 1587 1155 1604 ι
1168 1577 1196 1604 Id
1212 1578 1284 1613 quod
1300 1587 1354 1605 non
1370 1579 1448 1606 decet
1462 1579 1566 1611 ﬁdeles,
1582 1578 1644 1606 illos
1659 1580 1808 1614 praecipue,

1024 1623 1071 1657 qui
1083 1623 1223 1657 elegerunt
1238 1623 1422 1650 sanctitatem.
1439 1632 1449 1649 )
1472 1622 1669 1649 Monachorum
1684 1626 1778 1649 autem
1793 1629 1809 1649 a

1024 1670 1162 1697 consortio
1177 1669 1296 1696 ﬁdelium
1313 1677 1439 1697 secessus
1453 1669 1589 1696 recentior
1607 1672 1660 1698 est,
1677 1676 1760 1703 quam
1781 1673 1809 1695 ut

1024 1720 1087 1740 cum
1108 1717 1187 1742 aetate
1210 1713 1358 1741 Clementis
1378 1714 1504 1750 componi
1525 1714 1612 1749 possit
1631 1713 1699 1749 (‘25).
1720 1714 1810 1740 Caele—

1024 1767 1085 1786 rum
1107 1760 1170 1794 styli
1186 1759 1348 1791 similitudo,
1374 1760 1569 1787 sententiarum
1589 1759 1732 1794 aequalitas
1753 1766 1809 1785 non

1026 1812 1132 1839 semper
1147 1805 1271 1832 eumdem
1287 1805 1385 1840 probat
1403 1806 1495 1840 operis
1515 1808 1664 1832 auctorem.
1684 1803 1809 1831 Tandem

1025 1851 1070 1877 vix
1091 1851 1232 1885 probabile
1252 1854 1305 1885 est,
1325 1851 1491 1879 Clementem
1518 1850 1672 1878 Romanum
1696 1849 1810 1885 Syriaco

1026 1896 1181 1930 scripsisse.

1061 1941 1129 1970 Aliis
1144 1942 1257 1978 insuper
1274 1943 1443 1979 argumentis
1459 1942 1599 1970 Semlerus
1614 1942 1664 1970 has
1676 1942 1810 1977 epistolas

1026 1992 1175 2023 oppugnat,
1192 1989 1240 2016 sed
1254 1997 1314 2024 qua:
1339 1989 1405 2016 mihi
1430 1989 1587 2024 prtejudicia
1607 1989 1710 2023 potius.
1726 1996 1809 2023 quam

1027 2034 1148 2061 rationes
1162 2041 1222 2061 esse
1232 2034 1366 2061 videntur.
1378 2033 1452 2060 Talia
1468 2037 1542 2061 certe
1555 2037 1629 2065 sunt,
1644 2032 1717 2068 quod
1733 2032 1812 2067 lgna-

1027 2078 1083 2106 tius
1100 2079 1158 2115 (26)
1183 2079 1316 2108 Clementi
1337 2080 1512 2116 pudicitiam,
1539 2087 1593 2107 non
1612 2080 1810 2115 virginitatem,

1028 2126 1171 2158 concedat,
1183 2130 1210 2153 et
1224 2126 1296 2162 quod
1306 2127 1429 2154 doctrina
1446 2125 1480 2153 de
1492 2125 1627 2161 fugiendis
1641 2126 1810 2157 omnimode.

1028 2172 1110 2200 etiam
1123 2172 1213 2208 quoad
1227 2173 1326 2205 locum,
1338 2172 1509 2204 mulieribus,
1528 2179 1582 2199 non
1598 2172 1686 2206 sapiat
1699 2172 1810 2207 genium

993 2262 1017 2289 ι)
1066 2260 1122 2297 (22)
1141 2260 1256 2298 Atpace
1270 2258 1487 2298 adversariorum
1503 2258 1617 2286 dixerim
1628 2279 1635 2291 ,
1653 2259 1811 2298 hochargn.

1030 2295 1150 2323 mentum
1164 2296 1277 2322 nimium
1293 2295 1424 2328 probare.
1439 2299 1638 2325 consequenter
1653 2296 1722 2322 nihil
1747 2295 1810 2326 inde

1029 2331 1127 2358 cvinci.
1140 2329 1258 2357 Plurima
1269 2330 1471 2365 enim_veterum
1486 2330 1647 2365 scriptorum
1663 2338 1749 2365 opera
1765 2333 1811 2360 abs

1030 2365 1062 2393 D.
1087 2365 1250 2401 Hieronymo
1276 2364 1304 2391 in
1337 2363 1415 2401 Lilrra
1431 2364 1462 2401 de
1480 2363 1550 2401 viris:
1562 2363 1712 2401 illustribus
1734 2368 1810 2401 prius

1029 2401 1131 2436 omissa
1146 2398 1246 2436 inraliis
1261 2403 1353 2436 postea
1370 2398 1605 2436 lucubrationibus
1617 2398 1810 2436 Hieronymi:-

1029 2435 1074 2462 nis
1087 2435 1227 2462 enuntiata
1242 2433 1387 2469 observant
1400 2433 1451 2460 viri
1465 2434 1576 2460 eruditi.
1592 2434 1669 2469 Adde
1683 2433 1759 2469 quod
1776 2438 1807 2464 li-

1029 2470 1109 2496 brum
1132 2469 1170 2496 De
1181 2470 1243 2496 uiris
1257 2468 1407 2496 illustribus
1422 2475 1494 2495 anno
1509 2469 1609 2496 Clu-isti
1621 2468 1675 2496 592
1686 2468 1810 2500 absolve-

1029 2505 1082 2536 rit,
1097 2504 1268 2539 primumque
1282 2505 1466 2537 subsequente
1484 2511 1555 2530 anno
1571 2504 1655 2531 libros
1677 2506 1809 2534 adversus

1029 2538 1200 2566 Iovinianum
1224 2539 1375 2573 evulgarit,
1403 2538 1631 2572 quemadmodum
1659 2547 1695 2567 ex
1715 2543 1809 2570 eodem

1029 2579 1125 2601 sancto
1139 2574 1251 2602 doctore
1265 2577 1374 2601 constat

1078 2610 1123 2645 25)
1142 2609 1162 2645 .5
1180 2609 1313 2645 dissertat.
1326 2616 1394 2645 upon
1407 2609 1446 2636 the
1455 2614 1506 2645 two
1516 2607 1614 2645 Epist”
1629 2616 1694 2645 pag.
1707 2611 1756 2639 26.

1076 2644 1121 2679 24)
1142 2644 1220 2671 Tom.
1237 2644 1248 2671 l
1262 2643 1449 2677 Conciliorum,
1466 2644 1518 2670 col.
1535 2643 1596 2671 157.

1064 2678 1120 2713 (25)
1140 2678 1233 2714 Neque
1257 2679 1314 2706 haec
1337 2679 1417 2706 crisis
1433 2684 1473 2706 sat
1492 2679 1568 2705 lirmo
1594 2678 1723 2706 innititur
1748 2679 1809 2707 talo.

1030 2715 1095 2747 Quis
1111 2715 1180 2741 enim
1194 2715 1307 2749 ignorat,
1317 2714 1376 2747 jam
1387 2723 1402 2741 a
1416 2719 1526 2748 tempore
1537 2714 1719 2748 apostolorum
1732 2715 1810 2741 exsti-

1030 2751 1092 2776 tisse
1104 2755 1214 2781 ascetas,
1229 2750 1273 2784 qui
1291 2750 1356 2776 inter
1365 2749 1528 2777 Christianos
1540 2749 1656 2775 strictius
1667 2750 1809 2783 quoddam,

1030 2793 1061 2811 ac
1080 2785 1192 2811 severius
1207 2785 1265 2811 vita:
1280 2793 1359 2820 genus
1374 2785 1488 2819 amplexi
1502 2785 1584 2812 sunt?
1599 2784 1666 2811 Vide
1680 2784 1810 2813 Montlau-

1029 2820 1150 2852 conium,
1162 2820 1270 2847 diose-rt.
1283 2820 1321 2847 De
1336 2819 1454 2848 Philonis
1471 2820 1651 2854 Tlterapeutis.

1065 2855 1122 2890 (itii
1143 2855 1172 2884 S.
1185 2854 1316 2890 lgnatius,
1330 2854 1452 2890 Epistula
1469 2855 1503 2882 ad
1519 2854 1691 2889 Philadeplt.,
1706 2864 1768 2892 cap.
1783 2855 1809 2884 4.
