1875 3101
57 168 101 196 με

647 166 817 194 ΡΒΟαΞΜΙΑ
837 166 1026 195 VANORUM.

1612 171 1663 198 “6

56 225 236 262 apostolicum,
249 223 497 252 sodmonasllcum.
511 222 629 250 Econtra
658 223 826 253 Wetstcnius
841 229 862 256 Α
876 224 994 260 Paganis
1008 232 1085 252 sacra
1102 225 1248 260 pratlegant
1265 230 1312 252 aut
1327 229 1475 261 exponant,
1496 227 1607 255 ludibrii
1622 229 1664 255 vi-

56 273 99 299 boc
114 272 198 306 ipsum
219 275 408 305 argumentum
432 277 481 304 pro
500 268 648 297 astruenda
669 271 826 306 γνησιότητι.

55 318 163 348 adhibet,
179 317 224 351 qui
237 316 401 350 hancipsam
415 316 587 344 severitatem
600 317 626 344 in
641 324 725 344 causa
738 317 825 352 ponit,

54 370 97 389 cur
106 362 262 396 refrigerato
283 361 426 388 calibatus
446 361 547 392 studio.
563 361 740 396 immissaque
756 362 827 388 inter

54 409 158 435 clericos
171 415 279 442 quoque
299 407 418 440 luxuria,
434 407 529 434 tandiu
545 408 670 443 epistolae
686 408 739 436 illae
759 408 826 436 deli—

55 455 152 481 tuerint.

84 499 170 526 Ambae
184 499 225 526 ha:
241 499 362 534 epistola:
384 501 538 534 argumenti
561 504 626 528 sunt
642 501 754 528 ascetici
775 508 826 528 nec

55 546 167 577 mullum,
179 546 253 580 quod
268 546 301 574 ad
313 546 455 579 doctrinm,
468 553 514 574 aut
525 547 656 580 historias,
674 551 720 575 aut
740 547 824 575 disci-

55 591 125 624 plina:
151 599 259 626 quoque
283 592 478 620 ecclesiasticae
504 593 639 620 rationem
668 594 826 620 accuratius

54 637 244 672 percipiendam
274 646 440 674 magnopere
473 637 562 672 facit,
592 639 824 674 complectuntur.

53 683 134 710 Prima
147 684 267 712 continet
282 684 387 713 laudem
403 686 549 717 castitatis.
563 686 670 714 scilicet
682 686 825 722 virginita-

54 730 94 762 tis,
111 737 253 765 veramque
269 730 414 764 rationem,
430 739 493 759 cum
513 732 614 759 virtute
631 732 824 767 conjunctam;

53 775 128 802 altera
140 777 260 804 eamdem
277 777 401 812 pluribus
415 777 533 805 illustrat
546 778 688 813 exemplis,
708 777 826 804 maxime

53 820 129 856 ipsius
143 822 274 854 auctoris,
292 823 462 858 aliorumque
484 823 536 858 ipsi
552 824 694 856 similium,
708 831 825 858 quorum

56 866 108 902 iuga
119 871 145 894 et
158 867 322 896 abstinentia
334 876 349 895 a
361 868 469 897 feminis
484 876 582 904 magna
593 877 659 897 sane
669 873 696 897 et
708 869 826 897 sollicita

879 271 953 298 tandi
970 278 1063 298 causa.

914 315 1015 343 Earum
1031 317 1163 349 primitiva
1184 316 1330 351 lingua.—-
1342 317 1440 346 Versio
1464 319 1572 346 illarum
1595 320 1663 346 sim-

878 362 938 396 plex
962 366 1004 390 est
1028 366 1055 390 et
1083 362 1183 394 ﬁdelis,
1203 369 1291 396 neque
1308 366 1399 390 tamen
1417 363 1530 399 Syriaco
1542 364 1663 391 idiomati

877 409 914 435 ita
934 409 1041 440 similis,
1058 413 1088 435 ut
1106 413 1152 436 aut
1173 410 1365 445 perspicuitas,
1381 414 1428 437 aut
1445 410 1543 445 linguae
1562 410 1665 438 Latina:

876 455 1094 490 puritaslaboret
1111 464 1117 482 :
1129 457 1202 491 quod
1212 460 1302 483 tamen
1315 457 1435 492 magisin
1444 457 1528 484 altera
1537 457 1662 492 epistola,

877 502 1015 529 nescimus
1027 510 1082 536 quo
1092 510 1168 533 casu,
1183 502 1296 536 factum,
1308 507 1338 530 ut
1357 504 1391 530 ad
1403 503 1516 530 verbum
1532 503 1664 530 translata

876 548 978 580 omnia,
992 547 1174 576 Schmidiana:
1184 548 1333 576 Bibliorum
1342 548 1461 576 versioni
1473 553 1565 576 essent
1577 548 1664 576 simil-

876 593 958 627 lima;
977 593 1050 629 quod
1069 598 1158 622 tamen
1175 595 1278 622 crebris
1295 595 1348 622 illis
1364 594 1397 622 ad
1415 594 1566 629 Scriptune
1578 601 1664 622 sacrae

876 639 936 667 loca
950 639 1131 668 allusionibus
1146 642 1239 668 datum
1261 641 1379 668 videtur.
1405 639 1550 674 Caeterum,
1571 639 1665 668 (ἔρεθε

877 685 994 721 scriptas
1005 686 1133 721 primitus
1144 687 1216 722 quod
1234 687 1364 722 epistolas
1384 691 1461 722 putat
1485 685 1663 718 Wetstenius,

875 740 891 760 c
905 732 1008 760 Graecis
1022 733 1173 766 vocabulis,
1193 741 1254 768 qua:
1273 734 1310 760 ibi
1328 734 1424 760 crebra
1446 733 1590 768 leguntur;
1612 732 1664 760 La-

876 779 932 806 tine
947 779 1065 814 scriptas
1083 786 1133 806 cur
1143 779 1235 807 dicere
1259 787 1314 807 non
1334 779 1496 815 possemus?
1511 787 1573 806 cum
1591 778 1666 806 Lati~

876 832 942 851 num
953 824 1117 851 vocabulum
1129 825 1226 860 seligo,
1238 825 1367 853 saeculum
1384 825 1463 852 initio
1472 825 1594 859 epistola:
1609 824 1667 859 pri-

877 877 927 897 ma:
942 869 1138 897 invenerimus.
1162 869 1231 897 Nam
1253 870 1395 905 complura
1410 878 1426 898 e
1441 869 1535 897 Gnaeo
1547 870 1574 896 in
1594 869 1666 896 hanc

57 912 212 946 lescribitur,
229 914 306 942 nullo
317 920 346 942 ut
358 915 418 942 loco
429 920 569 943 morentur
580 919 627 943 aut
641 916 823 948 diversentur,
840 907 862 934 Β
876 915 996 950 linguam
1005 915 1160 948 transiisse,
1176 916 1219 943 vel
1230 924 1262 944 ex
1271 915 1347 942 Novo
1357 915 1531 943 Testamento
1543 919 1664 950 apparet.

56 958 92 985 .Ibi
105 963 148 986 aut
168 959 236 986 nulli
251 959 315 992 viri,
336 964 383 988 aut
394 959 494 988 femina
508 961 590 989 unica
610 962 656 993 sit,
672 969 759 996 eaque
778 961 827 989 ab-
877 961 1010 989 Exaratas
1019 961 1128 996 quidem
1141 961 1259 990 fortasse
1270 962 1356 990 fuisse
1368 969 1423 989 non
1433 961 1513 997 longe
1526 960 1667 989 aNeronis

55 1005 167 1032 ttinentia
178 1006 374 1041 prophetarum
386 1014 462 1042 paene
471 1008 594 1035 omnium
605 1009 738 1043 exemplis
748 1015 826 1035 com-
875 1006 963 1040 obitu,
976 1007 1040 1033 dum
1057 1006 1178 1034 Ecclesia
1196 1007 1343 1042 tranquilla
1356 1013 1423 1043 pace
1438 1006 1587 1039 frueretur,
1601 1013 1666 1034 cen-

55 1051 192 1080 meudatur.
219 1051 366 1080 Monentur
384 1053 483 1087 etiam,
500 1053 535 1081 ad
560 1062 630 1089 quos
658 1054 765 1086 scribit,
792 1061 826 1082 ne
877 1056 919 1080 set
931 1052 1092 1081 Gallandius
1108 1052 1176 1088 (27).

690 1241 879 1287 CAPUT
917 1242 1000 1287 IV.

161 1357 211 1387 DE
229 1358 514 1389 SUPPOSITITIIS
529 1359 561 1389 S.
577 1359 805 1390 CLEMENTIS
828 1359 970 1389 NOMEN
990 1359 1330 1390 PREFERENTIBUS
1357 1359 1545 1390 SCRIPTIS.

83 1524 178 1553 Praeter
199 1525 327 1553 laudatas
352 1525 487 1554 hactenus
509 1526 650 1562 epistolas,
674 1527 758 1555 multa
773 1527 827 1555 alla
840 1530 862 1560 c
879 1527 1019 1562 explorata
1036 1530 1078 1554 est
1093 1526 1215 1562 epistola:
1229 1527 1312 1562 hujus
1337 1526 1454 1559 falsitas,
1471 1526 1543 1561 quod
1559 1534 1618 1554 eam
1633 1526 1664 1555 D.

52 1573 245 1600 subClementis
252 1572 368 1600 Romani
377 1573 486 1600 nomine
494 1573 725 1601 circumferuntur
733 1582 826 1609 opera:

53 1626 140 1653 nempe
149 1619 272 1653 quinque
288 1619 321 1645 ad
346 1618 470 1646 diversos
483 1619 616 1654 epistolae,
643 1621 760 1648 humilia:
776 1629 828 1648 uo-

53 1669 203 1703 vemdecim,
218 1669 313 1696 decem
329 1666 390 1694 libri
404 1664 630 1700 Recogm'tionum,
643 1666 706 1690 octo
725 1659 832 1688 Cavisti-

54 1715 174 1741 tutionum
188 1713 409 1749 apostolicarum,
431 1709 554 1744 Liturgia
577 1713 604 1736 et
624 1707 745 1736 Canones
765 1713 829 1740 apo-

53 1761 187 1792 stolarum;
198 1768 261 1794 quae
274 1758 367 1786 omnia
382 1755 490 1790 collegit
507 1754 627 1782 Joannes
642 1753 763 1787 Baptista
777 1752 830 1780 Co-

53 1801 163 1834 tclerius,
188 1801 321 1829 Sorbonze
345 1802 452 1834 doctor,
475 1807 502 1831 et
524 1803 745 1832 adnotationibus
767 1804 829 1832 illu-

52 1851 129 1874 strata
136 1847 229 1877 Graece
239 1853 268 1877 et
278 1848 373 1877 Latine
387 1850 459 1878 inter
469 1849 564 1878 Patres
579 1851 745 1886 apostolicos
755 1859 829 1880 anno

55 1893 113 1920 1672
128 1895 221 1922 edidit.

318 1963 517 1992 ARTICULUS
535 1965 556 1993 I.

113 2029 145 2048 DE
163 2029 280 2053 QUINQUE
300 2029 593 2050 PSEUDO-CLEIENTINIS
605 2031 756 2051 EPISTOLIS.

82 2076 173 2104 Mirum
197 2081 241 2106 est
257 2078 323 2105 viris
343 2078 513 2106 doctissimis
536 2078 684 2112 Turriano,
711 2079 791 2107 Binio
802 2084 829 2107 et

51 2124 205 2158 quibusdam
222 2125 285 2152 aliis
302 2124 329 2151 in
351 2128 434 2152 tantm
448 2125 613 2153 eruditionis
634 2126 830 2154 ecclesiastica:

51 2169 103 2197 lure
120 2171 228 2205 probari
247 2171 370 2206 potuisse
385 2171 436 2199 has
449 2172 570 2207 quinque
590 2172 720 2207 epistolas
735 2172 830 2200 decre-

879 1573 1005 1601 Clemens
1022 1577 1082 1609 post
1100 1574 1254 1608 passionem
1270 1573 1342 1601 Petri
1355 1573 1387 1600 ad
1398 1572 1528 1600 Jacobum
1547 1573 1668 1601 scribere

880 1619 1008 1655 ﬁngitur;
1022 1627 1102 1654 quem
1115 1623 1177 1647 ante
1188 1619 1299 1647 Petrum
1314 1620 1417 1647 obiisse
1431 1619 1598 1651 indubitatis,
1607 1627 1666 1647 mo-

879 1665 1017 1692 numentis
1032 1669 1126 1692 notum
1138 1665 1265 1694 habetur.
1279 1665 1346 1692 Nam
1357 1664 1488 1693 Jacobum
1501 1673 1574 1692 anno
1587 1665 1667 1694 Chri-

879 1711 915 1739 sti
928 1711 964 1738 62
990 1719 1006 1739 a
1021 1710 1122 1740 Judmis
1133 1712 1256 1739 occisum
1271 1719 1342 1744 esse,
1359 1719 1454 1739 omnes
1475 1712 1643 1740 conveniunt
1658 1723 1664 1740 :

879 1755 990 1783 Petrum
1007 1760 1096 1784 autem
1112 1757 1196 1792 aliqui
1210 1764 1283 1784 anno
1302 1757 1347 1788 65,
1364 1757 1456 1792 plures
1469 1765 1542 1784 anno
1555 1757 1600 1788 66,
1619 1759 1666 1785 alii

880 1806 970 1830 autem
984 1802 1019 1830 68
1038 1807 1086 1831 aut
1099 1803 1144 1837 67,
1160 1803 1226 1831 nulli
1238 1811 1304 1832 sane
1315 1807 1379 1832 ante
1390 1804 1424 1832 65
1438 1812 1541 1832 annum
1556 1813 1666 1840 passum
1683 1828 1685 1830 .

879 1848 1048 1876 existimant.

915 1893 1041 1922 Secunda
1048 1895 1173 1923 eumdem
1188 1899 1311 1923 sanctum
1319 1894 1450 1923 Iacobum
1466 1895 1499 1924 de
1514 1903 1668 1924 sacramen-

881 1940 927 1973 tis,
941 1939 1064 1968 vestibus
1085 1944 1112 1967 et
1133 1940 1208 1968 vasis
1227 1941 1313 1969 sacris
1335 1941 1549 1976 instruit;quod
1572 1949 1667 1969 verum

880 1986 1046 2014 Clementem
1067 1985 1120 2013 sibi
1138 1993 1284 2021 arrogasse
1304 1987 1332 2014 in
1347 1987 1513 2022 apostolum,
1530 1987 1592 2022 quis
1606 1995 1667 2015 cre—

880 2032 945 2060 dat?
963 2030 1054 2059 Tertia
1067 2031 1139 2058 inter
1152 2033 1221 2059 alios
1233 2032 1315 2060 etiam
1331 2032 1502 2068 principibus
1516 2033 1666 2068 majoribus

879 2083 906 2106 et
916 2077 1080 2110 minoribus,
1095 2085 1145 2106 ceu
1164 2078 1220 2114 jam
1235 2078 1344 2107 Christo
1362 2079 1526 2114 aggregatis,
1539 2079 1666 2107 inscribi-

880 2129 935 2156 tur,
959 2122 1006 2160 qui
1031 2131 1089 2151 :evo
1113 2124 1261 2153 Clementis
1287 2126 1359 2153 inter
1380 2125 1473 2153 fideles
1499 2125 1588 2153 adhuc
1599 2127 1666 2154 nulli

880 2175 969 2198 erant.
979 2170 1081 2204 Quarta
1091 2169 1232 2197 adJulium
1244 2174 1271 2197 et
1280 2170 1418 2198 Iulianum
1429 2171 1579 2206 discipulos
1591 2171 1664 2205 data,

51 2215 110 2242 tales
124 2216 255 2244 Clementi
270 2215 393 2243 Romano
408 2217 574 2252 suppositas.
591 2217 666 2245 Adeo
677 2218 749 2245 enim
766 2226 828 2253 per-
844 2216 864 2242 Ι)
878 2215 1082 2250 purificationes
1111 2224 1159 2244 seu
1179 2216 1334 2243 ablutiones
1355 2215 1484 2244 Judaicas
1509 2216 1616 2249 suadet,
1640 2223 1667 2245 et

51 2261 195 2295 spicaeibus
210 2262 280 2290 viris
290 2263 427 2290 deformes
446 2263 572 2290 videntur
585 2264 637 2291 hoc
650 2264 747 2292 saltem
759 2270 826 2292 tem-

51 2314 117 2339 pore,
139 2312 166 2334 ut
190 2308 267 2334 nulla
283 2312 351 2340 arte,
367 2309 441 2335 nulla
463 2316 585 2342 cerussa,
602 2313 650 2336 aut
663 2310 826 2345 purpurisso

51 2351 126 2379 fucari
140 2354 262 2388 possint.
275 2352 365 2380 Prima
380 2353 413 2380 ad
430 2353 560 2382 Jacobum
587 2354 698 2383 fratrem
718 2356 827 2384 Domini

48 2402 71 2423 et
82 2397 330 2434 Hierosolymorum
342 2400 491 2428 antistitem
503 2401 576 2433 data,
586 2410 744 2437 quanquam
759 2403 827 2432 satis

50 2443 161 2478 antiqua,
178 2444 282 2479 quippe
300 2444 357 2479 jam
372 2452 388 2472 a
410 2445 508 2472 Rufino
530 2447 623 2474 szeculi
645 2449 735 2482 quarti
757 2449 827 2476 scri-

50 2492 118 2522 ptore
132 2490 157 2517 in
173 2490 302 2517 Latinum
318 2491 461 2524 translata,
484 2496 511 2520 et
527 2494 668 2522 nonnullis
680 2495 760 2522 etiam
775 2503 826 2522 an-

49 2534 124 2569 tiquis
142 2544 279 2563 canonum
296 2537 516 2572 collectionibus,
540 2539 758 2575 nominatimque
780 2548 827 2568 co-

48 2580 110 2608 dicis
117 2589 131 2608 a
140 2581 290 2610 Paschasio
300 2582 446 2616 Quesnello
457 2584 557 2620 vulgati
569 2585 730 2620 quibusdam
738 2594 827 2613 exem-

49 2626 159 2659 plaribus
175 2628 279 2654 inserta
296 2627 364 2662 (‘28),
377 2628 470 2662 spuria
482 2632 573 2656 tamen
585 2636 600 2655 a
615 2629 753 2657 modernis
769 2630 825 2657 cri-

48 2672 104 2700 ticis
118 2681 192 2708 pazne
199 2673 329 2701 omnibus
341 2675 511 2709 agnoscitur.
527 2673 592 2702 Inde
607 2680 699 2703 autem
714 2679 789 2704 certa
800 2681 826 2703 et

77 2794 130 2862 $27)
145 2795 272 2823 Biblioth.
289 2795 360 2827 PP.,
373 2800 438 2824 tom.
451 2796 470 2828 Ι,
492 2798 640 2832 prolegom.
661 2798 686 2829 1,
703 2806 763 2833 pag.
779 2798 823 2826 25.

89 2829 132 2862 9.8)
153 2830 232 2858 Unde
250 2831 349 2858 mirum
368 2839 422 2858 non
442 2836 484 2860 est
497 2833 566 2860 hanc
585 2833 729 2862 epistolam
753 2841 823 2860 anno

89 2829 132 2866 9.8)
153 2830 232 2858 Unde
250 2831 349 2867 mirum
368 2839 422 2858 non
442 2829 729 2867 estnam—epistolam
738 2829 825 2860 Vanno

49 2865 95 2892 ιη
111 2873 125 2893 a
140 2867 259 2894 concilio
279 2866 388 2894 Valens:
401 2875 420 2900 ι,
438 2875 542 2896 canone
560 2865 610 2901 Ιθξ
626 2876 657 2896 ac
679 2869 795 2897 subinde
810 2877 824 2896 a

879 2270 929 2298 pro
945 2267 1019 2290 certo
1034 2263 1120 2298 ponit,
1143 2270 1215 2295 eum,
1234 2262 1282 2297 qui
1297 2262 1346 2290 has
1364 2261 1487 2297 negligit,
1503 2269 1553 2289 nec
1570 2261 1604 2289 de
1623 2262 1666 2289 in-

878 2313 955 2337 terna
970 2310 1066 2336 anima:
1081 2309 1201 2344 puritate
1214 2308 1347 2344 cogitare.
1360 2307 1461 2341 Quinta
1478 2308 1596 2343 denique
1611 2307 1666 2335 fra-

879 2354 968 2382 tribus
978 2358 1005 2382 et
1018 2354 1214 2390 condiscipulis
1226 2353 1403 2388 Jerosolyma:
1418 2360 1479 2379 cum
1493 2351 1596 2380 Jacobo
1616 2353 1666 2379 ha-

878 2400 1027 2428 bitantibus
1048 2400 1196 2435 inscripta,
1221 2402 1316 2426 narrat
1337 2398 1504 2426 Clementem
1531 2398 1663 2430 adfuisse,

878 2446 943 2473 dum
968 2446 1089 2473 Ananias
1116 2449 1143 2473 et
1167 2444 1284 2480 Saphira
1309 2445 1441 2478 coniuges
1467 2451 1560 2470 coram
1584 2443 1665 2471 Petro

869 2492 977 2519 .mortui
992 2491 1180 2523 conciderunt,
1197 2489 1270 2525 quod
1281 2491 1382 2517 nullam
1399 2489 1663 2517 verisimilitudinem

878 2538 978 2565 habere
993 2537 1100 2565 videtur
1114 2547 1121 2564 :
1134 2540 1162 2564 et
1180 2536 1243 2571 quis
1258 2535 1351 2563 credat
1369 2539 1497 2562 sanctum
1521 2534 1664 2570 (quemad-

878 2582 989 2610 modum
1014 2583 1041 2610 in
1065 2582 1116 2609 hac
1140 2582 1256 2617 epistola
1280 2581 1390 2616 legitur)
1408 2581 1546 2612 docuisse,
1571 2587 1663 2607 rerum

878 2629 1000 2656 omnium
1015 2636 1188 2656 communem
1206 2636 1302 2659 nsum,
1319 2628 1495 2662 ipsarumque
1515 2626 1583 2654 adeo
1597 2633 1664 2654 uxo-

876 2675 1117 2711 rum,intcrcedcrc
1134 2674 1246 2702 debere.

876 2801 988 2828 Nicolao
1003 2801 1023 2834 Ι,
1041 2800 1145 2829 Joanne
1153 2800 1210 2827 Vlll
1223 2798 1532 2835 pontificibus,aliisque
1546 2799 1658 2826 nomine

878 2836 1027 2865 Clementis
1040 2837 1125 2865 fuisse
1143 2836 1290 2864 laudatam.
