1875 3101
206 162 253 192 167

470 218 668 247 ARTlCULL‘S
692 219 724 246 ll.

202 285 237 306 ιι
268 284 485 304 ΒΕΕΟΕΜΤΙΟΝΕΙ
515 285 619 307 LIBﬂlS,
650 284 777 304 LITCRGIA
800 284 987 309 CLEMENTINA,

344 320 468 343 ALHSQUE
489 320 683 340 SDPPOSITI'I'HS
702 320 841 341 OPERIBUS.

238 359 366 386 Testatur
377 358 490 386 Photius
509 358 565 396 (29)
580 359 635 386 duo
649 359 788 387 volumina
801 368 816 387 a
828 368 858 388 se
871 362 989 395 perlecta

202 404 299 436 fuisse,
314 412 375 440 qua:
390 405 491 439 scripta
505 405 647 440 complura
669 405 720 432 sub
736 406 822 433 sancti
842 406 989 435 Clementis

203 451 315 479 nomine
325 451 588 486 complectebantur.
605 446 693 479 Priori
712 452 869 487 apostolicae
887 454 990 481 consti-

202 498 323 525 tutiones
335 518 341 530 ,
358 505 428 533 opus
448 497 520 533 apud
543 498 698 526 universam
713 499 903 534 antiquitatem
919 500 989 527 cele-

203 542 363 574 berrimum,
385 542 612 573 continebantur:
633 543 705 578 quod
727 547 819 571 tamen
847 544 988 572 doctorum

202 586 325 613 virorum
348 586 454 620 judicio
470 587 549 623 longe
569 591 631 622 post
646 588 734 615 sancti
751 588 834 623 hujus
849 588 988 617 Pontilicis

201 637 324 667 tempora
341 633 528 668 conscriptum
548 633 599 660 fuit
616 633 684 669 (50),
706 635 792 662 altero
807 635 895 662 sancti
916 634 989 662 Petri

202 685 248 706 res
261 682 354 713 gestae,
368 679 483 714 ejusque
494 687 556 708 cum
569 679 680 707 Simone
696 679 773 716 Mago
790 681 925 716 colloquia
942 683 990 710 de~

202 724 374 757 scribuntur,
399 728 425 752 et
442 733 494 760 qua
521 726 627 753 ratione
650 728 738 754 sancti
760 727 908 756 Clementis
932 728 990 763 ipse

201 773 353 806 parentem,
375 774 457 806 atque
483 771 582 800 fratres
603 779 669 800 suos
693 774 891 809 recognoverit,
917 774 989 802 unde

202 815 415 851 Recagnitionum
433 817 577 852 appellatio
587 819 751 854 syntagmati
765 819 829 846 huic
839 819 924 847 indita
935 823 987 847 est.

203 861 278 888 Solet
301 866 327 889 et
341 861 454 894 Itinera,
469 867 516 890 aut
537 862 711 890 Itinerarium
736 863 777 890 vel
799 863 934 892 Circuitus
956 865 985 893 S.

202 906 287 938 Petri,
310 912 392 942 atquc
410 908 477 934 Acta
500 907 535 933 Β.
555 907 630 935 Petri
641 908 782 943 appellari.
802 908 890 937 Fuere
900 911 988 946 etqui

201 961 271 988 opus
295 954 369 981 istual
383 961 445 982 cum
468 955 525 988 illa,
551 964 612 991 qua:
631 957 718 984 fertur
730 957 818 984 sancti
832 956 905 984 Petri
925 966 988 985 cum

199 1000 316 1035 Apione,
334 1000 519 1035 disputatione
539 1001 725 1030 conluderint.
750 1002 785 1029 At
798 1002 912 1030 Photius
930 1003 987 1039 (51)

200 1054 283 1080 opera
299 1046 357 1074 haec
369 1047 440 1074 inter
457 1055 487 1075 se
501 1047 610 1076 diversa
624 1055 686 1075 esse
704 1048 854 1077 contendit.

240 1091 361 1119 Veterum
374 1091 484 1128 quidam
494 1101 538 1120 eos
547 1098 637 1120 sancta
648 1092 775 1121 Clementi
790 1094 989 1123 tribuerunt.—

200 1137 331 1174 Origenes
341 1139 396 1175 (3‘2)
407 1141 493 1167 sancti
505 1140 653 1168 Clementis
662 1141 771 1169 nomine
778 1141 837 1169 loca
846 1143 988 1178 complura

199 1185 308 1217 recitat,
319 1193 379 1221 quae
388 1186 470 1214 hodie
484 1186 511 1213 in
529 1185 743 1221 Recognitionum
757 1188 835 1216 libris
851 1189 986 1224 leguntur.

199 1231 317 1267 Origene
335 1232 418 1267 igitur
433 1239 503 1267 opus
518 1232 592 1260 istud
605 1233 746 1268 antiquius
760 1238 812 1266 est,
831 1238 914 1270 atque
928 1235 988 1270 ejus

199 1281 288 1310 aetate,
307 1281 338 1305 ut
364 1278 568 1314 supposititium
587 1279 622 1307 ab
638 1280 776 1308 universis
792 1288 848 1308 non
869 1281 989 1309 habeba-

200 1329 255 1352 tur.
270 1325 342 1353 idem
359 1333 470 1360 quoque
485 1330 514 1352 ut
528 1326 616 1353 sancti
628 1326 776 1354 Clementis
791 1326 907 1355 Romani
919 1330 988 1356 scri~

199 1375 276 1406 ptum
292 1380 308 1399 a
324 1372 354 1400 D.
367 1372 521 1408 Epiphanio
535 1376 562 1400 et
574 1371 673 1400 Ruﬁno
687 1373 743 1409 (55)
756 1373 900 1409 laudatur;
914 1379 987 1402 uter-

198 1426 253 1453 que
268 1426 334 1446 vero
349 1419 538 1454 conqueritur,
555 1419 590 1446 ab
601 1418 749 1452 haereticis,
770 1419 904 1448 Ebionitis
918 1429 987 1455 prae-

200 1464 307 1496 sertim,
324 1470 482 1500 corruptum
510 1470 592 1500 atque
615 1466 807 1501 interpolatum
830 1466 926 1499 fuisse,
942 1475 987 1495 er-

198 1519 331 1546 roresque
356 1519 422 1539 suos
436 1512 555 1547 undique
576 1520 624 1540 eos
639 1513 679 1540 illi
706 1513 878 1548 inspersisse.
904 1513 987 1542 Addit

776 161 817 188 AD
839 162 866 189 S.
888 161 1096 188 CLEMENTEM
1119 161 1130 188 l
1148 161 1262 188 ΡΑΡΑΜ

1005 223 1029 251 Α
1043 218 1109 246 sebii
1123 218 1181 255 (57)
1190 222 1269 246 aetate
1278 217 1449 254 legebantur,
1458 225 1520 246 cum
1534 226 1550 246 a
1563 222 1696 254 scriptore
1708 219 1760 247 isto
1772 228 1820 248 non

1776 148 1860 191 iis

1039 265 1101 293 ideo
1110 269 1215 293 tantum
1232 266 1382 300 rejiciatur,
1395 266 1467 300 quod
1476 271 1598 294 veterum
1609 267 1773 294 testimoniis
1781 267 1822 294 lir-

1039 315 1143 339 matum
1168 319 1224 339 non
1239 313 1286 343 sit,
1298 319 1394 339 verum
1408 312 1502 344 etiam,
1515 313 1589 347 quod
1600 312 1757 347 apostolicae
1766 312 1820 340 ﬁdei

1041 364 1166 384 normam
1194 365 1250 384 non
1269 362 1401 385 servaret.
1428 356 1569 392 Rejectum
1592 366 1701 393 quoque
1724 357 1772 385 fuit
1791 358 1821 384 ab

1040 408 1152 432 auctore
1163 412 1314 440 synopseos
1331 409 1420 433 sancti
1430 404 1573 432 Athanasii
1586 405 1642 439 (58)
1652 412 1749 432 nomen
1760 412 1821 439 pne-

1040 451 1162 483 lerentis,
1173 459 1188 479 a
1197 451 1305 479 Gelasio
1316 451 1575 487 papa(39).Sanetus
1583 451 1764 486 Hieronymus
1772 452 1820 486 (40)

1041 505 1104 525 vero
1114 498 1159 533 qui
1176 497 1202 524 id
1212 497 1299 525 sancti
1311 497 1462 525 Clementis
1472 497 1581 525 nomine
1591 496 1696 529 laudat,
1708 497 1777 524 idem
1786 502 1822 523 ta—

1041 554 1102 573 men
1116 550 1247 580 tanquam
1262 545 1449 580 apocryphum
1464 544 1540 579 rejici
1564 547 1665 571 monet.
1682 544 1733 571 Est
1756 543 1820 571 enim

1039 592 1237 620 commentitiis
1260 591 1384 619 historiis
1409 590 1557 623 refertum,
1586 590 1690 617 nullam
1705 590 1822 617 veritatis

1040 639 1159 672 speciem
1180 637 1354 665 habentibus.
1372 637 1428 664 lmo
1442 641 1470 664 et
1494 636 1660 671 blaSphemaa
1674 643 1758 663 voces
1772 635 1821 670 (tl)

1040 683 1067 710 in
1081 682 1127 710 Dei
1140 682 1249 716 Filium,
1262 687 1344 718 atque
1354 683 1461 718 ineptia:
1475 683 1602 718 indigna,
1615 690 1676 718 quae
1691 682 1743 710 sub
1754 685 1822 708 tanto

1039 729 1149 757 nomine
1165 729 1251 756 lucem
1275 729 1411 761 viderent,
1439 729 1539 757 ibidem
1566 733 1729 756 occurrunt.
1755 727 1823 763 Opus

1039 783 1104 803 vero
1118 774 1192 803 istud
1203 775 1405 810 supposititium
1418 782 1478 802 esse
1492 774 1534 801 vel
1550 774 1608 809 ipsa
1626 773 1755 808 epistola,
1769 781 1822 808 qua:

1039 821 1067 848 in
1080 821 1141 857 ejus
1156 826 1329 849 antecessum
1346 821 1456 856 legitur,
1474 824 1636 856 argumento
1647 823 1709 854 est;
1723 820 1822 847 nuntiat

1039 868 1112 896 enim
1127 868 1214 896 sancti
1229 867 1303 895 Petri
1315 871 1430 895 mortem
1442 872 1538 895 sancto
1551 866 1656 894 Iacobo
1672 866 1823 901 Hierosoly-

1040 913 1143 940 tnitano
1157 913 1288 948 episcopo
1300 912 1357 949 (42)
1375 913 1422 947 qui
1445 912 1570 947 pluribus
1583 912 1665 939 annis
1681 916 1745 938 ante
1762 918 1821 946 apo-

1039 959 1171 986 stolorum
1186 959 1336 994 principem
1347 959 1463 987 obierat.
1473 958 1596 994 Epistola
1605 958 1664 985 haec
1674 957 1766 985 Photii
1773 957 1822 992 (15)

1039 1008 1117 1032 aetate
1131 1005 1158 1032 in
1174 1005 1302 1032 omnibus
1317 1004 1533 1040 Racognitianum
1548 1003 1756 1039 exemplaribus
1774 1011 1821 1030 non

1038 1051 1176 1078 exstabat.
1201 1050 1335 1078 Observat
1363 1054 1453 1078 autem
1469 1050 1539 1077 idem
1555 1050 1680 1082 critiCus,
1697 1057 1759 1077 eam
1780 1049 1823 1076 ali~

1039 1097 1150 1131 quando
1167 1098 1255 1125 sancti
1271 1097 1434 1129 Clementis,
1454 1096 1683 1132 quemadmodum
1703 1095 1782 1122 hodie
1794 1103 1822 1122 ex

1039 1142 1131 1169 Rulini
1145 1142 1372 1177 interpretatione
1387 1142 1496 1178 legitur,
1513 1143 1582 1170 alias
1597 1150 1664 1170 vero
1676 1142 1767 1170 sancti
1783 1141 1824 1168 Pe-

1039 1189 1073 1217 tri
1086 1189 1197 1218 nomine
1212 1190 1373 1226 inscriptam
1389 1189 1485 1222 fuisse,
1502 1195 1583 1225 atque
1595 1189 1651 1217 duo
1666 1189 1729 1217 haec
1738 1197 1822 1216 exem-

1038 1237 1125 1272 plaria
1141 1240 1256 1264 eventus
1277 1240 1335 1263 toto
1352 1235 1422 1263 cmlo
1435 1235 1559 1263 diversos
1580 1235 1720 1263 retulisse.
1733 1235 1822 1269 Conje—

1038 1287 1146 1310 cturam
1161 1290 1225 1310 vero
1242 1282 1306 1309 inde
1320 1282 1419 1314 sumit,
1434 1281 1503 1309 duas
1523 1281 1615 1316 operis
1631 1281 1719 1316 hujus
1734 1280 1822 1308 editio-

1038 1336 1087 1356 nes
1103 1328 1220 1356 invicem
1236 1328 1315 1356 valde
1338 1328 1461 1356 diversas
1488 1327 1636 1360 exstitisse,
1663 1335 1751 1355 unam
1777 1327 1823 1354 sub

1038 1376 1126 1403 sancti
1140 1374 1224 1406 Petri,
1244 1375 1357 1401 alteram
1375 1374 1426 1402 sub
1444 1374 1530 1402 sancti
1546 1373 1697 1402 Clementis
1711 1374 1820 1404 nomine,

1038 1428 1098 1456 quae
1111 1428 1125 1447 a
1151 1419 1249 1447 Rufino
1274 1419 1381 1447 reddita
1397 1420 1457 1447 fuit.
1484 1419 1539 1447 Nec
1572 1419 1672 1454 injuria
1685 1419 1820 1446 :videmus

1037 1467 1109 1493 enim
1124 1473 1167 1498 ea,
1184 1473 1244 1500 quae
1259 1470 1372 1493 sanctus
1382 1465 1552 1501 Epiphanius
1563 1469 1589 1493 et
1605 1469 1722 1492 sanctus
1736 1465 1821 1492 lliero—

1037 1520 1138 1548 nymus
1147 1520 1180 1540 ex
1194 1511 1426 1547 Recognitionibus
1443 1511 1600 1543 laudarunt,
1613 1511 1641 1538 in
1653 1511 1702 1545 iis,
1715 1519 1774 1547 qua:
1784 1518 1822 1539 su-

199 1563 312 1586 sanctus
325 1558 504 1594 Epiphanius,
519 1558 588 1586 niliii
599 1560 735 1594 integrum
751 1559 849 1588 abillis
861 1561 985 1588 relictum
1000 1567 1020 1595 ο
1038 1561 1164 1594 persunt,
1188 1562 1236 1586 aut
1256 1558 1365 1593 penitus
1386 1565 1440 1586 non
1463 1561 1583 1590 exstare,
1607 1560 1654 1584 aut
1670 1557 1753 1593 longe
1775 1557 1821 1584 alia

199 1605 295 1632 fuisse.
318 1603 436 1632 Sanctus
459 1605 641 1641 Hieronymus
660 1605 715 1640 (54)
732 1605 850 1640 idipsum
878 1605 907 1633 S.
923 1606 985 1634 Cle-

198 1651 299 1684 mentis
321 1650 432 1678 nomine
447 1651 554 1679 recitat.
569 1650 685 1678 Ruﬁnus
701 1651 756 1688 (55)
766 1652 800 1679 ad
812 1653 897 1679 sancti
912 1651 985 1679 Gau-

198 1696 284 1724 dentii
314 1704 410 1731 preces
427 1696 523 1725 Latine
543 1705 613 1733 opus
637 1697 712 1725 istud
739 1697 869 1730 reddidit,
897 1705 985 1732 neque

197 1741 347 1778 quidquam
359 1749 375 1768 a
389 1749 419 1770 se
433 1746 569 1769 resectum
586 1745 684 1776 praeter
697 1741 756 1768 loca
772 1742 904 1769 nonnulla
913 1742 985 1769 vires

198 1796 275 1819 suas,
288 1791 370 1824 atque
381 1792 491 1823 captum
510 1788 704 1823 exsuperantia
717 1791 922 1815 commemorat.
935 1788 985 1815 At-

199 1841 290 1862 tamen
306 1839 404 1870 przeter
431 1834 633 1866 Ebionitarum,
655 1833 888 1862 Eunomianorum
915 1841 985 1869 prte-

197 1886 286 1913 terea,
299 1884 381 1916 atque
398 1880 581 1916 complurium
605 1880 724 1907 aliorum
742 1888 861 1912 errores,
884 1879 930 1915 qui
952 1879 987 1906 ab

198 1926 322 1955 Ecclesia
350 1927 473 1955 damnati
499 1927 586 1961 luere,
597 1935 630 1955 eo
650 1932 794 1955 contentos
814 1926 987 1954 animadver-

198 1974 231 2000 tit
243 1973 310 2001 (36).

254 1973 288 2000 56
305 1995 310 2001 .

235 1973 403 2054 ἑαρζιοδὶιίιίἱ
416 2024 527 2047 sunl.—
534 2019 636 2047 Eadem
648 2027 714 2047 vero
727 2019 756 2046 in
771 2019 823 2046 hoc
838 2025 920 2054 opere
935 2018 987 2045 Eu-

234 2086 293 2121 (29)
311 2086 411 2114 Codice
420 2094 495 2119 exin,
510 2087 537 2114 in
549 2094 598 2115 sua
617 2085 788 2114 Bibliotheca.

235 2122 292 2157 (50)
312 2122 407 2150 lnvicti
423 2122 577 2156 argumenti
593 2123 653 2149 loco
667 2123 703 2149 sit
722 2121 753 2150 D.
771 2121 929 2156 Hieronymi
945 2123 985 2149 si-

199 2156 326 2189 lentium,
342 2158 388 2192 qui
407 2161 437 2184 ut
451 2157 634 2191 peritissimus
657 2156 828 2192 antiquitatis
850 2161 986 2184 scrutator

199 2193 228 2220 in
260 2191 383 2227 catalogo
408 2193 573 2226 scriptorum
594 2191 844 2219 ecelesiasticorum
869 2193 985 2227 Intentio-

200 2235 262 2255 nem
279 2226 361 2254 certe,
370 2235 429 2255 eam
441 2227 591 2262 injecisset.
605 2227 628 2253 si
640 2235 669 2254 se
680 2227 787 2254 vivente
814 2226 985 2262 coiistitutio-

201 2271 250 2291 nes
260 2263 288 2289 D.
299 2262 447 2290 Clementis
455 2261 553 2290 nomen
564 2262 738 2297 pratfrrentes
746 2263 773 2288 in
781 2261 982 2289 Catholicorum

199 2299 328 2326 manibus
350 2302 465 2325 versatae
485 2298 610 2325 fuissent.
632 2297 701 2330 Quid
716 2297 788 2332 qoud
810 2297 879 2323 liber
889 2297 937 2332 hic
951 2299 986 2324 ab

200 2334 352 2368 apostolico
365 2334 465 2361 steculo
479 2333 653 2360 abhorrentia
662 2331 858 2368 complectatur
866 2331 986 2368 {Petrus

199 2367 273 2397 enim
287 2369 462 2395 Saturninum
477 2372 504 2396 et
518 2368 662 2395 Basilidem
678 2367 858 2394 absurdorum
873 2367 986 2402 dogma-

199 2409 258 2431 tutn
280 2408 407 2431 auctores
426 2404 503 2434 dicit,
528 2405 574 2438 qui
601 2403 798 2438 Petrortamen
821 2404 985 2437 posteriorcs

200 2443 286 2467 erant.
300 2439 359 2467 Lib.
378 2447 408 2471 ιι,
424 2447 449 2467 c.
465 2440 499 2466 ‘29
516 2437 799 2467 decerniturdecimas
815 2438 986 2471 etprimitias

199 2475 359 2510 pendemlas
374 2475 521 2509 episcopis,
536 2481 605 2510 quas
618 2474 740 2509 profecto
760 2480 876 2510 nascens
891 2472 986 2510 Eccle-

201 2508 242 2537 Sia
258 2508 402 2544 ignoravit.
419 2510 448 2537 L.
461 2508 498 2541 vi,
518 2508 595 2537 (3.15
610 2508 781 2544 baptismum
795 2508 829 2534 ab
847 2508 985 2535 haereticis

200 2543 330 2572 collatum
353 2545 445 2573 iterari
462 2545 568 2580 jubent.
592 2544 621 2572 In
640 2543 738 2572 octavo
760 2543 985 2580 Constantianam

201 2581 271 2608 libro
286 2582 441 2608 continetur
462 2578 550 2608 etiam
569 2580 682 2616 liturgia
693 2587 741 2616 seu
759 2578 848 2616 Missa:
862 2578 986 2606 dicenda:

200 2616 272 2644 ratio
289 2624 304 2643 a
322 2617 409 2651 capite
429 2617 525 2651 quinto
547 2614 684 2651 usque‘ad
698 2614 742 2644 15,
762 2614 789 2640 in
815 2614 872 2651 line»
893 2617 985 2651 autem

200 2650 325 2686 ejusdem
349 2648 410 2679 libri
430 2648 456 2679 in
470 2648 782 2679 editione'Coneiliorum
805 2657 830 2686 νΣ
841 2649 884 2686 _cl.
899 2648 985 2686 Mansi

201 2683 255 2714 col.
278 2687 340 2719 595,
368 2692 388 2714 1..
405 2688 425 2718 l,
450 2687 652 2721 subjunguntur
673 2692 801 2721 canones
816 2683 855 2721 847
874 2691 926 2721 c_e_.u
939 2684 986 2715 _ab

201 2718 337 2758 apostolis
350 2724 459 2756 sanciti,
477 2718 508 2749 ae
524 2730 539 2749 a
553 2718 584 2749 Β.
599 2722 738 2758 Clemente
752 2720 868 2758 collecti.
886 2718 985 2746 Verum

201 2755 236 2785 de
252 2758 294 2786 his
307 2758 359 2785 alio
373 2759 432 2785 loco
450 2763 477 2786 et
491 2762 624 2791 tempore,
639 2757 667 2783 in
682 2763 736 2791 quo
753 2763 803 2782 nos
815 2755 986 2791 demonstra-

202 2797 280 2821 turos
293 2793 467 2826 conﬁdimus,
483 2790 652 2827 scripta'haac
665 2790 782 2827 primum
795 2790 894 2817 smculo
905 2790 986 2817 tertio

203 2829 335 2862 adornata
349 2830 443 2856 fuisse.

238 2865 294 2899 (5i)
315 2864 416 2892 Codice
433 2865 492 2892 “5.

239 2897 294 2938 (32)
314 2900 456 2936 Origenes,
473 2905 491 2928 t.
505 2907 538 2927 ut
549 2900 695 2929 Comment.
707 2898 732 2926 in
744 2897 834 2926 Cenes.
848 2903 984 2932 capuli,

1035 1606 1140 1632 ratione
1156 1604 1219 1640 legi.

1070 1650 1149 1678 Circa
1169 1650 1275 1677 tertium
1289 1649 1418 1677 stet:qum
1440 1650 1532 1685 scripti
1548 1649 1674 1685 fuere.—-
1700 1650 1819 1685 Recogui-

1036 1697 1138 1723 tionum
1151 1697 1275 1724 auctoris
1288 1701 1395 1724 aetatem
1410 1701 1537 1723 accurate
1550 1696 1697 1732 designare
1713 1705 1768 1724 non
1781 1704 1821 1723 va-

1036 1742 1141 1775 lemus;
1157 1747 1184 1769 at
1199 1742 1222 1769 si
1234 1750 1303 1777 opus
1325 1741 1398 1769 istud
1424 1741 1513 1775 idem,
1529 1746 1611 1777 atque
1638 1744 1731 1770 sancti
1756 1742 1819 1770 Petri

1037 1795 1099 1815 cum
1114 1787 1218 1823 Apione
1233 1789 1383 1823 disputatio
1395 1788 1475 1820 foret,
1490 1796 1550 1823 qua:
1566 1788 1617 1815 fuit
1632 1789 1819 1823 Coteleriit'u)

1037 1838 1064 1861 et
1080 1833 1227 1869 insignium
1246 1834 1427 1869 quorumdam
1445 1834 1605 1862 criticorum
1626 1835 1775 1866 sententia,
1790 1834 1820 1862 al-

1038 1885 1098 1908 tero
1126 1884 1231 1907 tantum
1257 1881 1357 1908 saeculo
1374 1886 1504 1913 exeunte,
1535 1885 1581 1907 aut
1610 1880 1694 1907 tertio
1719 1881 1819 1911 ineunte

1039 1925 1121 1961 paulo
1145 1929 1208 1953 ante
1233 1924 1378 1960 Origenem
1401 1925 1534 1959 scriptum
1555 1925 1640 1952 fuisse
1658 1926 1819 1953 censendum

1039 1975 1123 2000 esset.
1139 1972 1184 1998 Ait
1198 1972 1269 2000 enim
1286 1971 1422 1999 Eusebius
1440 1970 1496 2006 (45)
1513 1971 1586 1998 haud
1611 1971 1716 1998 dudum
1739 1972 1819 2005 spissa

1038 2017 1162 2051 quadam
1183 2025 1267 2052 opera
1292 2017 1381 2046 sancti
1405 2016 1556 2045 Clementis
1579 2017 1693 2045 nomine
1722 2018 1819 2053 prolata

1037 2084 1180 2118 Philacal.,
1197 2090 1225 2113 et
1242 2086 1269 2113 in
1283 2094 1343 2121 cap.
1358 2093 1420 2113 xxvi
1440 2085 1538 2112 Matth.

1073 2122 1129 2156 (55)
1140 2121 1286 2156 Epiphan.,
1298 2120 1395 2149 hieres.
1405 2122 1449 2156 50,
1461 2130 1489 2149 n.
1503 2121 1552 2154 15;
1562 2120 1691 2155 Rufinus,
1700 2121 1738 2149 De
1749 2122 1819 2149 adll-

1039 2161 1118 2183 terat.
1132 2157 1193 2184 libr.
1216 2156 1348 2191 Origenis.

1074 2191 1130 2227 (54)
1152 2191 1321 2227 Ηὶιειοιι)”ιιι.,
1337 2192 1363 2219 in
1379 2191 1429 2226 Ep.
1446 2191 1481 2218 ad
1497 2191 1586 2219 Galat.

1074 2227 1130 2262 (55)
1152 2227 1227 2262 Ruﬁ,
1247 2227 1351 2262 prolog.
1367 2227 1394 2254 in
1415 2228 1460 2255 lib.
1474 2227 1609 2261 Recogm‘t.

1071 2260 1126 2296 (56)
1148 2260 1229 2298 idem.
1244 2260 1281 2288 De
1297 2260 1451 2293 adulterat”
1470 2263 1514 2298 lib.
1525 2262 1604 2298 Qrig.

1073 2297 1128 2331 (57)
1148 2297 1261 2328 Ειιδυιι..
1277 2298 1294 2324 l.
1314 2305 1355 2329 Ill,
1367 2305 1392 2325 c.
1408 2298 1453 2330 58,
1468 2297 1504 2324 Η.
1520 2297 1554 2326 E.

1073 2333 1128 2367 (δε)
1149 2332 1212 2367 Pag.
1227 2332 1288 2359 154.

1074 2367 1129 2402 (59)
1150 2367 1178 2394 ln
1193 2367 1307 2395 decreto.

1067 2405 1123 2438 (40)
1140 2403 1167 2429 in
1185 2403 1309 2437 Catalog.
1321 2410 1346 2428 c.
1363 2402 1407 2428 15.
1456 2437 1460 2438 7
1611 2431 1618 2438 Ι
1686 2431 1704 2438 μ
1756 2437 1760 2438 7
1777 2428 1795 2438 ﬂ,

1067 2431 1123 2474 (41)
1141 2431 1429 2474 Ιίεῑενιιιηιῖιιιιρηιγεει
1441 2437 1499 2474 _hot:
1513 2440 1577 2474 opus
1587 2431 1817 2474 gitlsurdis'nagktt.

1032 2465 1083 2502 non
1095 2465 1150 2501 sine
1161 2465 1282 2507 plurimis
1293 2481 1327 2499 εει)
1335 2473 1392 2498 Arii
1404 2465 1566 2506 opinione'in
1582 2466 1689 2494 Filium.
1704 2465 1817 2499 blasphe-

1032 2511 1092 2536 mis.
1109 2509 1233 2540 Pliotius,
1249 2508 1309 2536 cod.
1328 2515 1405 2535 cxni.

1074 2541 1129 2577 (4‘2)
1146 2541 1246 2568 Notum
1257 2541 1304 2567 tibi
1315 2541 1395 2575 facio,
1410 2541 1530 2571 Domine,
1546 2549 1608 2575 quia
1624 2540 1717 2567 Simon
1730 2539 1817 2577 Petrus

1036 2575 1083 2612 pro
1099 2578 1197 2612 pietate
1213 2577 1269 2610 pati
1285 2577 1382 2608 uolens,
1395 2581 1548 2609 prwsentem
1562 2578 1643 2602 vitam
1663 2576 1759 2610 ﬁnivit.
1774 2575 1816 2609 ΕΡ.

1037 2613 1122 2640 Clem.
1138 2612 1170 2639 ad
1184 2611 1329 2644 Jacob.,n.
1345 2612 1370 2638 1.

1074 2647 1130 2682 (45)
1151 2646 1275 2678 Photius,
1287 2646 1347 2673 cod.
1362 2646 1423 2682 U5.

1073 2679 1129 2714 (ut
1148 2682 1312 2712 Cotelerius,
1332 2685 1351 2708 t.
1373 2681 1383 2708 l
1404 2681 1514 2707 Patrum
1530 2680 1656 2713 σιωπαί,
1682 2688 1743 2715 pag.
1760 2679 1816 2707 ιρι).

1073 2719 1129 2753 (45)
1141 2718 1256 2753 Quidam
1271 2725 1349 2750 porro
1367 2717 1421 2743 alia
1435 2717 1515 2743 etiam
1529 2724 1609 2753 opera
1622 2717 1727 2753 prolira
1742 2721 1765 2753 et
1780 2724 1818 2753 co-

1037 2751 1183 2788 piast/sub
1207 2753 1264 2787 ejus
1278 2752 1381 2779 nautine
1402 2753 1458 2788 lteri
1477 2759 1507 2778 ac
1524 2752 1620 2777 nudius
1639 2752 1732 2778 tertius
1745 2752 1770 2777 in
1782 2751 1818 2788 lu-

1043 2797 1098 2816 cem
1111 2788 1277 2823 protulerunt
1295 2795 1302 2813 :
1320 2793 1385 2821 puta
1411 2787 1486 2814 Petri
1496 2791 1522 2823 et
1536 2787 1644 2820 Apionis
1667 2787 1817 2820 disputatio-

1038 2833 1094 2856 nes,
1108 2833 1219 2859 quarum
1232 2822 1301 2857 apud
1317 2823 1438 2857 antiquos
1454 2822 1530 2859 nullo
1540 2823 1647 2859 omnino
1660 2827 1744 2859 exstat
1754 2829 1817 2859 nien-

1039 2861 1075 2886 tia
1085 2867 1093 2891 ;
1107 2857 1260 2894 nequeenim
1269 2859 1372 2884 sincera
1381 2863 1457 2884 recta:
1464 2857 1711 2894 ﬁdei_abrapostulis
1719 2857 1817 2894 traditi:

1039 2900 1100 2922 uola
1112 2891 1164 2922 illis
1176 2902 1297 2928 expressa
1309 2894 1445 2928 reperitur.
1462 2892 1561 2921 Euseb.
1572 2893 1591 2922 l.
1603 2901 1644 2926 tn,
1659 2901 1684 2923 ε,
1694 2894 1737 2924 53,
1746 2891 1811 2918 [LE-
