1875 3101
59 163 98 192 N9

648 153 814 182 PROOEMIA
835 150 1024 179 VABKORL'M.

1589 142 1598 169 1
1606 142 1638 169 ῖέυ

58 220 281 256 fuisse,quaesancti
289 217 360 246 Petri
369 224 431 244 cum
444 216 546 251 Apione
559 215 681 248 dialogos
695 213 813 247 comple-
827 214 850 242 Α
865 211 957 238 labore
974 209 1135 236 levaremus.
1167 206 1249 232 Recte
1259 204 1301 231 de.
1318 204 1352 230 iis
1372 199 1556 238 pronuntiavit
1568 198 1639 224 Pho—

57 269 186 297 ctebantur.
202 265 312 292 Photius
334 267 425 290 tamen
447 268 529 296 opera
553 260 610 287 haec
636 259 751 286 invicem
767 257 809 284 di—

58 320 121 341 versa
135 312 211 338 fuisse
229 309 364 337 existimat
379 307 446 343 (46).
463 306 578 333 Exstant
597 305 625 332 in
641 303 808 338 Recognitio-

57 360 119 386 uibus
132 357 212 391 capita
232 355 357 383 undecim
373 353 407 380 de
436 352 491 379 lato
509 359 541 378 ex
558 357 639 385 opere
661 349 778 384 quodam
794 356 809 374 a

58 404 187 432 Bardesane
205 402 276 429 circa
289 407 389 427 annum
413 398 464 425 l70
482 397 637 431 conscripto
657 395 750 430 petita.
762 394 810 421 ΜΡ

58 452 115 478 nime
127 454 208 476 tamen
221 447 283 474 inde
301 445 489 479 consequitur,
511 449 573 469 eum
594 441 810 476 Recognitionum

58 500 246 524 auctoremesse,
262 498 323 518 cum
341 490 401 525 ejus
421 494 529 516 errores
543 487 577 514 de
589 486 695 513 duobus
707 484 809 519 princi-

58 542 99 577 piis
114 539 223 575 pluribus
247 537 315 564 locis
329 535 428 562 ibidem
447 533 608 560 refutentur.
633 530 724 558 Satius
747 536 810 556 vero

57 592 90 614 est
101 585 251 615 existimare,
278 589 340 609 eum
368 580 413 615 qui
431 586 500 613 opus
514 577 586 606 istud
604 575 808 610 conscripserit,

57 640 133 661 eorum
154 634 269 665 partem,
289 635 350 662 qua:
369 625 536 652 Bardesanes
563 623 598 650 de
619 623 673 650 fato
700 622 809 653 dixerit,

58 676 191 706 inseruisse,
207 673 278 708 quod
290 677 316 699 et
331 671 465 698 Eusebius
482 670 509 696 in
526 669 583 697 suis
603 667 811 702 Prmparationis

57 721 193 756 evangelicae
203 719 280 746 libris
293 717 429 752 praestitit,
446 716 493 742 ubi
505 713 629 742 eumdem
647 713 735 740 locum
749 712 812 747 legi-

58 775 115 798 mus,
128 773 201 801 quem
213 764 429 799 Recognitiomtm
442 764 537 788 auctor
555 767 570 786 a
585 758 739 786 Bardesane
755 766 812 784 mu-

56 817 118 841 tuum
128 814 271 846 acceperat.

84 869 110 895 In
123 872 178 903 quot
191 866 269 893 libros
286 869 368 892 totum
386 871 449 898 opus
472 861 643 889 distributum
671 860 715 887 sit.
739 857 809 891 Quid

55 915 81 942 de
91 914 130 941 illa
152 912 358 940 sentiendum.—-
369 909 462 937 Refert
474 912 569 935 auctor
580 907 661 934 tertio
681 905 806 940 Recagni-

56 962 137 986 tionum
151 959 225 988 libro,
236 965 266 984 se
281 957 373 984 decem
387 955 454 981 alios
465 953 551 981 sancti
568 952 640 980 Petri
654 958 808 978 sermonum

55 1006 195 1038 libros,quos
202 1003 332 1030 Caesareae
339 1001 480 1030 habuerat,
495 999 527 1025 ad
538 1001 664 1025 sanctum
675 994 808 1023 Iacobum

54 1051 152 1077 misisse.
168 1049 187 1076 Ii
205 1056 270 1076 vero
285 1053 439 1082 unquamne
451 1045 478 1071 in
499 1044 595 1078 vulgus
606 1043 672 1069 editi
691 1041 811 1068 fuerint?

55 1096 206 1131 ignoramus;
225 1093 306 1120 hodie
321 1095 410 1118 autem
440 1089 543 1116 nullum
558 1096 652 1115 eorum
668 1087 819 1121 vestigium

55 1143 168 1175 superest.
185 1137 379 1172 Recagnitiones
398 1136 425 1162 in
441 1135 535 1162 decem
549 1134 633 1160 libros
658 1132 812 1160 distribuue

55 1187 114 1212 sunt.
130 1183 211 1210 Priori
237 1181 376 1209 inducitur
392 1183 505 1207 sanctus
526 1178 652 1206 Clemens
677 1177 811 1204 rationem

54 1237 160 1259 narrans,
178 1235 229 1263 qua
244 1225 333 1255 sancti
359 1225 489 1252 Barnabaa
513 1222 751 1258 prmdicationibus
778 1220 810 1247 ad

55 1275 120 1302 iidem
135 1275 280 1304 traductus.
296 1276 378 1306 atque
402 1271 429 1297 iu
445 1278 476 1298 ea
492 1277 508 1296 a
519 1273 614 1296 sancto
630 1267 710 1295 Petro
731 1267 811 1294 insti-

53 1324 116 1347 tutus
129 1319 213 1347 fuerit.
226 1319 301 1346 Alter
316 1316 402 1349 sancti
423 1315 497 1342 Petri
513 1322 574 1341 cum
596 1313 708 1340 Simone
733 1312 812 1346 Mago

54 1373 186 1393 sermonem
199 1363 396 1398 complectitur.
413 1361 506 1388 Tertio
522 1360 602 1388 iidem
615 1359 649 1387 de
666 1363 765 1386 natura
779 1358 812 1384 li-

53 1411 101 1438 beri
123 1411 220 1438 arbitrii
249 1410 460 1444 colloquuntur,
489 1414 543 1442 quo
574 1410 686 1434 sanctus
714 1404 812 1432 Petrus

53 1459 194 1490 potestatem
209 1454 291 1482 animi
314 1454 399 1481 nostri
424 1459 484 1480 esse
499 1451 603 1483 deﬁnit,
617 1450 729 1485 id,quod
740 1449 812 1482 libet,

53 1501 145 1536 agendi.
159 1500 285 1534 Quartus,
300 1507 360 1535 quae
375 1507 390 1526 a
402 1502 497 1526 sancto
511 1497 590 1525 Petro
604 1497 631 1524 in
644 1497 740 1523 itinere
752 1495 815 1522 Tri-

52 1548 98 1582 poli
130 1547 276 1575 Caesaream
310 1548 438 1580 suscepto
466 1547 542 1579 gesta
570 1546 645 1575 sunt,
674 1541 812 1573 edisserit,
829 1562 848 1590 ε

51 1596 74 1620 et
95 1593 218 1627 plurimos
240 1591 327 1620 sancti
357 1590 431 1618 Petri
456 1589 658 1617 hortationilius
683 1587 717 1615 ad
734 1587 814 1615 ﬁdem

52 1638 178 1665 traductos
196 1637 290 1665 refert.
307 1636 426 1669 Quintus
446 1635 626 1671 parteneticus
644 1640 734 1661 sermo
761 1637 814 1666 est,

52 1691 98 1719 quo
122 1688 229 1712 sanctus
254 1683 353 1710 Petrus
371 1681 543 1709 inscientiam
559 1688 608 1708 seu
633 1678 816 1715 ignorantiam

53 1736 208 1766 [necatorum
228 1729 351 1757 omnium
365 1728 496 1763 originem
511 1735 581 1760 esse,
597 1726 732 1754 idolorum
756 1725 814 1752 cul-

53 1782 91 1806 tus
112 1777 262 1809 falsitatem,
291 1781 370 1811 atque
395 1775 443 1802 Dei
472 1774 606 1801 unitatem
635 1773 815 1800 demonstrat.

54 1823 123 1851 Sexto
136 1824 260 1859 baptismi
281 1822 471 1851 necessitatem
500 1820 607 1856 probat,
632 1819 815 1855 explicatque,

52 1871 175 1905 quomodo
193 1869 228 1897 ad
241 1877 304 1897 eum
317 1870 490 1895 ’accessurus
509 1870 683 1902 comparatus
695 1873 756 1893 esse
770 1865 818 1892 de-

52 1915 114 1943 beat.
151 1916 271 1952 Septimo
291 1919 403 1943 sanctus
430 1914 557 1942 Clemens
583 1912 675 1939 varios
703 1913 819 1939 eventus

53 1965 143 1993 narrat.
157 1962 202 1997 qui
226 1962 307 1988 matri
323 1965 350 1989 et
373 1959 504 1987 fratribus
526 1958 584 1986 suis
598 1957 781 1993 contigerunt,
792 1959 819 1983 et

53 2014 100 2040 quo
125 2012 201 2042 pacto
217 2008 244 2035 in
271 2015 319 2035 eos
342 2013 452 2034 rursum
464 2006 492 2032 in
508 2004 652 2031 Palaestina
677 2002 815 2030 inciderit.

54 2052 189 2088 Sequentes
203 2053 257 2082 duo
267 2053 366 2088 dialogi
383 2055 457 2084 sunt,
473 2050 572 2086 quibus
583 2053 696 2078 sanctus
709 2048 818 2080 Petrus,

53 2098 148 2132 Aquila,
169 2098 288 2131 Nicetas,
302 2102 330 2126 et.
344 2100 456 2126 sanctus
475 2096 601 2124 Clemens
620 2095 679 2123 seni
697 2094 817 2126 cuidam,

53 2151 123 2177 quem
146 2145 229 2172 sancti
252 2144 400 2171 Clementis
413 2147 517 2177 patrem
528 2149 590 2169 esse
613 2144 709 2175 postea
734 2147 820 2174 agno-

54 2190 310 2224 verunt,ostendunt,
328 2190 407 2216 fateri
430 2196 480 2216 nos
500 2187 612 2215 omnino
631 2186 740 2218 debere,
753 2194 821 2212 cun-

861 259 917 285 tius
933 256 989 292 (L7)
1001 255 1100 290 stylum
1116 257 1197 288 atque
1213 251 1395 280 eruditionem
1421 248 1449 274 in
1472 247 1505 273 iis
1530 243 1641 278 conspi-

860 310 938 330 cuam
954 301 1050 328 merito
1064 307 1126 327 esse
1138 295 1383 325 commendandam
1398 303 1405 326 ;
1418 296 1558 320 auctorem
1574 296 1640 316 vero

861 349 1013 383 theologiae,
1027 352 1108 382 atque
1119 343 1313 373 ecclesiasticae
1333 339 1468 367 doctrinae
1495 335 1640 363 admodum

861 395 975 431 peritum
992 401 1046 420 non
1067 392 1151 419 fuisse
1165 394 1192 417 et
1218 388 1379 415 fabellarum
1393 382 1581 411 inventoribus
1596 387 1642 406 ac-

860 439 1036 468 censendum.

1114 467 1313 497 ARTICULUS
1333 465 1376 494 111.

861 519 894 537 DE
905 515 1081 537 CLEMENTINIS
1094 514 1128 533 ΕΤ
1148 511 1293 532 NONNULLIS
1307 510 1376 529 ALHS
1387 505 1507 528 SCRIPTIS
1522 503 1641 524 ξυγκει-

1031 550 1115 570 τιτιιε
1129 548 1190 567 EJUS
1203 546 1300 566 NOMINE
1311 542 1468 564 INSCRIPTIS.

896 588 1064 617 Clementinw
1083 585 1168 612 sancti
1193 583 1333 611 Clementis
1358 587 1450 607 nomen
1464 578 1533 612 [also
1548 575 1642 610 prefe-

859 634 1079 663 nmt.—Pt:r.ter
1093 632 1185 659 decem
1201 628 1417 663 Rerognitiouum
1432 625 1516 651 libros
1531 624 1641 649 exstant

860 681 912 709 sub
926 679 1012 707 sancti
1026 676 1172 705 Clementis
1197 675 1306 701 nomine
1321 679 1416 699 novem
1433 674 1460 697 et
1477 668 1569 696 decent
1593 667 1642 693 h0-

860 727 951 756 miliae.
961 731 1022 760 qua:
1036 725 1194 758 plerumque
1208 718 1383 747 Clementinae
1395 714 1525 750 appellari
1541 712 1641 739 solent.

859 756 1002 798 Existimat
1013 756 1163 797 cotelerius
1176 765 1230 801 (48)
1243 772 1289 792 eas
1301 763 1411 790 alteram
1426 759 1550 786 fortassis
1561 756 1642 783 Reco-

860 817 1006 852 gnitionum
1017 813 1164 841 editionem
1185 818 1244 838 esse
1261 807 1348 836 sancti
1365 805 1438 832 Petri
1463 811 1562 830 nomen
1574 809 1643 836 pra;-

863 863 1009 893 ferentem;
1023 859 1088 885 illud
1104 865 1169 885 sane
1182 858 1299 885 constat,
1317 851 1457 885 complura
1477 850 1505 876 in
1526 847 1642 874 homiliis

862 908 922 935 istis
938 911 1054 936 exstare,
1070 911 1129 938 quae
1150 903 1177 928 in
1192 897 1419 935 Recognitionibus
1439 895 1519 922 etiam
1548 894 1644 927 legun-

859 952 1031 985 tur.easdem
1042 947 1329 980 fabulas,eosdemque
1337 949 1446 971 errores
1457 940 1586 974 utrinque
1597 946 1645 965 oc-

861 997 1166 1031 currere;camdemque
1175 993 1318 1026 utriusque
1324 988 1414 1024 operis
1422 985 1642 1014 distributionem

861 1046 956 1074 videri.
974 1044 1049 1079 Stylo
1058 1047 1121 1070 sunt
1131 1041 1208 1068 valde
1222 1036 1348 1073 eleganti.
1366 1035 1521 1070 praebetque
1545 1035 1641 1058 auctor

861 1092 984 1126 plurima:
998 1088 1159 1118 eruditionis
1185 1085 1342 1120 specimen;
1358 1078 1577 1109 commentitium
1600 1085 1647 1103 au-

861 1142 915 1165 tem
928 1145 958 1164 se
976 1143 1047 1167 esse,
1063 1133 1156 1161 multis
1175 1131 1249 1158 notis
1263 1128 1362 1164 prodit.

898 1181 1017 1217 Epitome
1024 1179 1107 1206 sancti
1119 1177 1192 1204 Petri
1205 1176 1264 1203 vita:
1275 1172 1440 1208 supposititia
1451 1177 1549 1206 quoque
1559 1172 1647 1194 est.—

863 1228 911 1255 Est
922 1212 1006 1255 etiam
1022 1233 1036 1251 a
1051 1223 1186 1252 Cotelerio
1201 1220 1272 1249 edita
1281 1214 1582 1255 (A9)sanctiClementis
1590 1212 1647 1239 his-

862 1274 942 1304 toria,
951 1278 1011 1306 quaa
1023 1269 1141 1304 Epitome
1152 1266 1238 1293 sancti
1250 1264 1321 1291 Petri
1333 1263 1392 1289 vita-
1400 1259 1566 1288 inscribitur.
1577 1256 1648 1283 Scri-

863 1301 996 1354 ptum'h-oc
1005 1316 1036 1343 ad
1044 1301 1167 1342 sanctum
1175 1311 1303 1339 Jacobum
1310 1305 1582 1341 Hierosolymitanum
1589 1301 1647 1336 epi-

864 1371 975 1399 scopum
985 1363 1076 1390 datum
1085 1367 1144 1388 esse
1155 1358 1359 1393 tingitur,atque
1371 1356 1467 1389 praeter
1474 1358 1518 1378 res
1528 1357 1543 1376 a
1552 1352 1647 1376 sancto

863 1394 944 1438 Petro
955 1412 1055 1444 gestas,
1075 1406 1162 1434 sancti
1171 1402 1318 1432 Clementis
1330 1400 1412 1428 etiam
1424 1398 1485 1424 vitm
1499 1394 1644 1423 historiam

864 1442 1065 1491 complectitur.
1076 1451 1150 1480 Istud
1169 1457 1234 1477 vero
1249 1447 1316 1475 nihil
1340 1445 1393 1473 nisi
1419 1442 1645 1478 Recognitiouum,

865 1486 1104 1530 Clenientinorum,
1113 1497 1242 1524 Actorum
1250 1492 1373 1528 martyrii
1384 1490 1472 1518 sancti
1483 1486 1643 1516 Clementis,

866 1550 947 1582 atque
972 1545 1094 1573 historiae
1117 1543 1150 1570 de
1179 1540 1307 1576 Ephraim
1341 1543 1447 1565 summa
1474 1538 1526 1561 est.
1559 1531 1647 1566 Hujus

866 1579 1034 1620 coilectionis
1056 1592 1171 1619 auctor,
1196 1587 1242 1622 qui
1276 1583 1472 1617 Metaphrastes
1496 1579 1552 1613 (50)
1587 1585 1648 1605 esse

865 1638 997 1669 creditur,
1015 1644 1057 1668 ea,
1078 1642 1139 1670 quae
1159 1633 1186 1660 in
1202 1630 1323 1665 scriptis,
1336 1627 1408 1655 unde
1422 1626 1480 1652 haec
1494 1623 1641 1658 excerpsit,

867 1684 1032 1714 redundare,
1045 1686 1092 1708 aut
1104 1680 1171 1707 falsa
1195 1676 1403 1713 perniciosaque
1426 1678 1486 1700 esse
1513 1670 1564 1698 sibi
1589 1669 1649 1697 visa

867 1735 942 1763 sunt,
970 1727 1130 1763 amputavit.

902 1776 964 1802 Alia
979 1760 1148 1808 supposititia
1164 1769 1248 1796 sancti
1269 1766 1409 1795 Clementis
1427 1771 1520 1791 nomen
1544 1760 1643 1796 prtere-

867 1822 951 1850 rentia
964 1819 1073 1851 scripta.
1085 1832 1120 1838 -—
1134 1815 1196 1844 Fuit
1212 1815 1269 1850 jam
1289 1820 1304 1839 a
1317 1812 1398 1840 nobis
1424 1808 1550 1845 superius
1566 1806 1650 1834 adno-

867 1872 965 1899 tatum,
983 1864 1199 1899 Recogmtionum
1223 1863 1363 1886 auctorem
1391 1855 1534 1884 afﬁrmare,
1556 1852 1650 1879 decem

869 1914 957 1942 sancti
984 1911 1058 1938 Petri
1081 1913 1237 1937 sermonum
1250 1904 1381 1932 Caesarea:
1395 1901 1550 1928 habitorum
1565 1897 1650 1924 libros

869 1961 964 1987 saneto
976 1955 1079 1984 Iacobo
1093 1962 1109 1981 a
1124 1961 1153 1981 se
1170 1952 1268 1979 missos
1282 1949 1376 1976 fuisse.
1401 1947 1498 1974 Decem
1519 1944 1556 1971 illi
1580 1942 1650 1972 libri,

871 2009 900 2032 ut
914 2005 970 2039 jam
989 2001 1073 2030 semel
1091 1999 1258 2029 monuimus,
1275 1996 1308 2023 ad
1323 2002 1373 2021 nos
1389 2000 1442 2020 non
1454 1991 1650 2026 pervenerunt;

870 2033 988 2078 attamen
1011 2045 1252 2083 pseudo—Clemens
1273 2048 1385 2077 operam
1409 2037 1494 2068 dedit,
1526 2039 1555 2062 ut
1583 2033 1649 2069 quid

870 2097 922 2125 illis
934 2095 1129 2124 contineretur,
1143 2090 1252 2126 penitus
1268 2096 1321 2115 non
1330 2087 1528 2120 ignoraremus.
1542 2080 1582 2108 Ex
1592 2080 1650 2107 illis

870 2143 979 2179 quidam
990 2142 1046 2178 (5i)
1055 2141 1089 2168 de
1105 2139 1161 2167 veri
1171 2137 1310 2173 prophetae
1325 2134 1409 2165 notis,
1432 2136 1513 2166 atque
1526 2130 1559 2157 de
1584 2130 1652 2164 legis

871 2177 1008 2218 intellectu
1022 2177 1127 2224 agebat.
1152 2184 1313 2213 Anastasius
1328 2182 1383 2217 (52)
1398 2179 1584 2208 Antiochenus
1596 2177 1653 2203 lau-

54 2240 91 2263 θίθ
114 2237 209 2264 divum
226 2236 406 2265 Ρτονίάθηιίδθ
429 2235 553 2270 imperim
578 2241 630 2261 “0"
655 2241 721 2260 035“
752 2233 819 2268 Seri-
838 2239 859 2265 D
873 2238 919 2264 dat
933 2239 1062 2270 praeterea
1083 2232 1170 2260 sancti
1197 2229 1345 2258 Clementis
1367 2227 1477 2254 nomine
1502 2223 1654 2251 orationem

55 2281 168 2309 Decimus
192 2289 224 2309 ac
245 2285 400 2317 postremus
426 2281 496 2307 liber
510 2279 635 2314 dialogus
650 2285 759 2314 quoque
781 2281 824 2305 est

54 2326 116 2353 inter
137 2331 262 2354 sanctum
279 2327 455 2359 Clementem,
470 2325 650 2360 eumdemque
668 2331 761 2352 senem
790 2323 824 2350 de

55 2370 111 2397 boni
131 2374 156 2398 et
175 2371 238 2398 mali
261 2376 367 2398 natura.
395 2371 435 2398 Ad
463 2371 542 2398 finem
572 2370 635 2398 libri
662 2370 695 2397 de
714 2369 824 2396 Simone

55 2413 123 2451 Hago
135 2418 235 2444 mentio
260 2417 421 2448 instituitur,
436 2421 517 2451 atque
534 2417 568 2443 de
590 2423 633 2448 ea,
650 2423 709 2450 quae
721 2415 757 2442 ibi
771 2414 826 2442 fer-

54 2464 102 2494 tur,
116 2462 186 2490 senis
211 2462 296 2497 hujus
309 2462 337 2489 in
350 2462 469 2489 Simonis
481 2461 550 2497 Magi
565 2461 667 2488 vultum
682 2464 826 2488 metamor-

54 2507 134 2541 phosi.
163 2508 225 2536 Haec
248 2512 322 2541 sunt,
342 2516 402 2543 qua
429 2507 462 2535 de
489 2507 583 2535 decem
608 2506 823 2541 Recoguitiouum

55 2552 124 2580 libris
135 2553 213 2581 hodie
228 2554 400 2582 exstantibus
411 2553 559 2581 lectoribus
575 2552 670 2580 leviter
681 2551 825 2580 delibanda

55 2600 248 2634 proposuimus,
269 2604 299 2626 ut
325 2607 372 2628 eos
388 2599 495 2626 inutilia
524 2599 579 2626 fere
598 2598 699 2632 scripta
720 2598 825 2633 legendi

86 2665 139 2700 (46)
153 2665 278 2698 Photius,
296 2666 390 2693 codice
404 2672 480 2692 cum.

87 2699 139 2732 (47)
158 2699 231 2728 Loco
249 2702 339 2729 citato.

87 2733 140 2770 (£8)
155 2735 288 2770 Coteler.,
303 2740 322 2763 t.
333 2735 353 2766 1,
369 2743 430 2770 pag.
446 2733 507 2761 607.

87 2769 145 2803 (49)
159 2769 227 2797 Ibid.
249 2778 310 2803 pag.
326 2770 378 2797 655

87 2803 142 2846 e9:
159 2804 220 2846 un
236 2803 302 2846 wid-

87 2839 141 2874 (51)
158 2839 217 2867 Lib.
235 2848 244 2866 ι
262 2839 450 2874 “samnitium,
463 2847 490 2865 n.
504 2839 547 2866 i7.

87 2873 141 2909 (Si)
152 2878 261 2908 Anast.,
277 2873 373 2910 quaist.
389 2874 433 2909 96,
450 2882 510 2909 pag.
527 2874 588 2901 526.

875 2268 1021 2318 quamdam
1052 2279 1083 2306 de
1096 2277 1278 2308 Providentia,
1307 2279 1385 2309 atque
1412 2271 1442 2298 de
1460 2270 1570 2306 justitia
1593 2268 1651 2294 Dei.

876 2314 939 2355 inde
954 2334 1018 2355 vero
1035 2325 1152 2352 fortasse
1163 2323 1312 2357 fragmenta
1333 2327 1347 2346 a
1359 2317 1494 2346 Cotelerio
1508 2315 1581 2343 edita
1597 2314 1653 2349 (35)

875 2374 958 2409 petita
976 2375 1050 2402 sunt,
1064 2370 1162 2405 quibus
1181 2366 1324 2394 Trinitatis
1339 2363 1497 2400 mysterium
1512 2360 1594 2396 probe
1608 2367 1655 2386 ex-

877 2408 1001 2454 plicatur.
1018 2415 1129 2443 Veteres
1158 2413 1245 2441 sancti
1267 2410 1412 2439 Clementis
1435 2408 1538 2441 scripta
1560 2412 1654 2432 eorum

877 2451 1055 2499 appellatione
1068 2467 1121 2486 non
1134 2458 1226 2485 addita
1252 2463 1323 2490 saepe
1343 2454 1498 2483 laudarunt,
1512 2452 1583 2478 inter
1604 2451 1658 2476 ἓως

876 2495 950 2537 teres
961 2511 1073 2536 sanctus
1088 2504 1205 2532 Basilius
1219 2502 1275 2537 (54)
1291 2498 1558 2536 pseudo-Dionysius
1573 2495 1656 2522 Areo-

876 2552 976 2587 pagita.
995 2553 1089 2577 auctor
1115 2545 1313 2581 disputationis
1339 2547 1434 2570 contra
1462 2540 1558 2567 Arium
1584 2539 1656 2565 inter

877 2605 960 2633 opera
978 2595 1064 2624 sancti
1080 2592 1233 2622 Athanasii,
1249 2590 1411 2618 Anastasius
1442 2586 1558 2616 Sinaita,
1576 2583 1653 2611 Nice-

914 2662 970 2697 (53)
982 2657 1098 2689 Coieler.
1110 2681 1117 2693 ,
1134 2664 1192 2686 not.
1211 2658 1243 2684 ad
1258 2657 1328 2697 μὶ)Ἀὲ
1343 2655 1476 2697 Recognit.
1488 2674 1496 2686 ,
1513 2661 1542 2679 n.
1560 2651 1595 2678 24
1609 2660 1615 2683 ;
1628 2655 1655 2677 et

877 2690 947 2726 inter
957 2690 1095 2723 testimon.
1111 2690 1233 2720 veterum
1249 2693 1282 2719 de
1298 2690 1460 2718 Clementin.

1124 2730 1170 2756 lib.
1179 2737 1188 2766 μ
1201 2727 1237 2766 l_)_e
1247 2726 1347 2766 Spiritu
1355 2729 1459 2766 sancto,
1467 2730 1531 2764 cap:
1542 2720 1658 2766 2220m-

878 2755 950 2803 nys”
959 2755 1012 2803 ξι)εέ
1018 2755 1306 2803 divin».'uominibusgic.
1313 2761 1341 2793 6;
1349 2755 1512 2803 Anastasius
1523 2758 1548 2803 in
1559 2755 1654 2789 Odego.

878 2791 1174 2837 ea'pi'jifNicephorL,
1185 2791 1339 2837 1'11!!!“le
1350 2803 1375 2821 c.
1387 2795 1428 2821 ll.
1443 2791 1582 2837 .V‘i'deudus
1591 2797 1650 2824 qua

878 2828 929 2872 qu'e
944 2828 1042 2868 Grabe,
1067 2828 1132 2862 toni.
1143 2828 1173 2861 ll'
1188 2833 1310 2867 Spicilzg.
1326 2852 1333 2864 ,
1351 2837 1411 2865 pag.
1442 2828 1490 2855 l89
1505 2830 1530 2854 et
1542 2833 1619 2860 seqq.
