1875 3101
193 141 243 169 Ιῦιλ

192 201 295 236 phorus
315 198 455 231 Callistus,
477 202 561 233 atque
584 198 708 225 nonnulli
727 198 783 225 alii.
812 197 850 225 De
865 197 975 232 liturgia
991 199 1013 228 Α

192 245 282 273 sancti
291 244 451 274 Clementis,
467 247 549 279 atque
562 243 596 270 de
611 243 782 276 collectione,
801 250 883 278 quam
894 243 928 269 ah
941 250 976 270 eo

191 291 346 319 institutam
364 289 465 322 ferunt,
479 290 566 318 sancti
588 289 661 318 Petri
679 289 889 322 revelationum,
904 290 976 318 idem

192 337 334 366 ferendum
355 339 397 364 est
409 336 555 371 judicium.

448 381 648 410 ARTICULUS
672 381 716 410 ιν.

297 434 330 453 DE
350 434 429 455 ACTIS
449 435 579 454 IARTYRII
598 435 692 455 SANCTI
708 435 868 455 CLEIENTIS.

225 475 291 502 Acta
314 475 436 510 martyrii
452 474 541 501 sancti
556 473 705 502 Clementis
728 477 784 500 tam
807 471 976 500 admirandis

191 521 397 549 narrationibus
412 523 470 546 tota
495 518 613 546 conﬂata
636 522 713 551 sunt,
736 521 767 546 ut
793 525 864 553 aegre
878 517 977 553 legenti

191 567 364 602 supposititia
374 565 458 594 videri
467 573 520 592 non
531 565 646 600 possint.
657 564 792 592 Constant
804 567 892 591 autem
902 570 976 591 mera

190 612 386 640 miraculorum
399 611 575 644 narratione;
587 617 648 646 qua:
658 610 720 637 licet
734 609 805 645 stylo
815 608 891 636 valde
902 609 977 644 gravi

190 659 347 693 conscripta
362 658 408 689 sit,
419 657 529 685 nativus
543 661 634 684 tamen
649 656 694 684 ille
702 655 876 689 antiquitatis
888 655 975 688 color,

190 703 238 738 qui
249 701 275 729 in
288 701 414 736 genuinis
427 701 487 737 ejus
500 702 587 730 aetatis
603 700 714 736 scriptis
739 701 905 735 conspicuus
925 704 977 732 est,

193 746 295 774 ibidem
311 754 366 774 non
380 750 530 782 spectatur.
555 744 651 772 Refert
665 745 794 780 primum,
812 744 976 776 Sisinnium,

190 792 262 828 quod
275 791 424 827 ,Theodora
447 799 516 819 uxor
529 791 710 820 Christianam
732 791 889 826 religionem
913 797 977 825 pro-

191 838 263 866 fessa
272 838 378 870 fuisset,
386 837 464 866 valde
473 838 651 872 indignatum.
660 837 805 870 rationem,
813 844 866 871 qua
876 836 975 863 factum

191 885 243 912 hoc
250 885 345 912 ulcisci
360 891 463 919 posset,
477 884 653 919 quaesivisse;
668 891 731 910 cum
747 890 811 910 vero
832 881 976 909 Theodora

191 928 308 965 quadam
319 929 363 957 die
373 929 407 956 ad
420 929 564 957 ecclesiam
581 929 685 961 ivisset,
701 928 851 956 Sisinnium
867 935 977 963 quoque

189 981 223 1002 eo
237 974 420 1007 contendisse,
437 978 465 1001 at
478 982 526 1010 per
540 975 622 1002 aliam
635 978 742 1010 portam
759 974 886 1006 subiisse,
908 981 976 1001 cun-

190 1026 297 1057 ctaque,
311 1028 371 1057 quae
381 1021 410 1049 in
419 1020 638 1049 Christianorum
648 1021 788 1056 mysteriis
801 1020 976 1055 gerebantur,

190 1067 300 1095 curiose
322 1065 469 1094 admodum
501 1066 693 1100 perlustrasse.
728 1064 858 1093 Precibus
884 1068 975 1092 autem

189 1120 205 1139 a
216 1116 311 1141 sancto
321 1112 460 1140 Clemente
473 1112 607 1139 absolutis
615 1115 642 1139 et
655 1111 755 1147 populo
767 1111 851 1138 Amen
861 1119 960 1146 respon
968 1126 977 1131 -

190 1159 272 1186 dente
292 1157 443 1185 Sisinnium
462 1157 632 1184 curiositatis
657 1164 713 1184 suae
735 1163 830 1191 poenas
856 1156 974 1188 dedisse,

189 1207 217 1232 et
241 1204 344 1240 lingua,
361 1204 529 1238 auribusque
553 1203 628 1230 illico
655 1208 765 1238 captum
781 1202 877 1230 fuisse.
906 1201 975 1229 Eum

191 1257 255 1279 vero
266 1254 320 1277 tam
335 1250 433 1278 celeris
447 1249 560 1277 ultionis
580 1253 678 1277 eventu
697 1249 852 1284 perculsum
873 1248 975 1276 erroris

191 1295 234 1323 sui
249 1295 421 1330 paenituisse,
442 1298 470 1323 et
488 1302 550 1322 cum
576 1294 714 1330 baptismo
728 1294 862 1329 corporis,
878 1295 976 1321 animae

190 1349 299 1377 quoque
320 1341 434 1369 salutem
446 1344 623 1369 consecutum
636 1340 730 1368 fuisse.
753 1339 881 1368 Publium
902 1339 973 1367 Tar-

190 1387 352 1423 quinianum
381 1394 522 1415 sacrorum
554 1387 705 1415 ciliciorum
736 1388 882 1419 comitem,
912 1393 974 1413 cum

192 1431 378 1460 Christianam
401 1433 561 1468 religionem
572 1436 665 1460 tantos
685 1432 714 1460 in
728 1432 796 1460 urbe
811 1439 975 1467 progressus

192 1479 281 1506 facere
294 1482 428 1510 cerneret,
455 1478 519 1506 data
543 1479 683 1514 regionum
694 1478 832 1514 praefectis
843 1478 970 1513 pecunia,

191 1528 332 1552 auctorem
363 1525 417 1552 illis
428 1524 514 1553 fuisse
540 1528 570 1552 ut
598 1524 626 1552 in
648 1525 822 1553 Christianos
845 1524 974 1560 populum
988 1543 1009 1571 ο

190 1570 369 1598 concitarent.
381 1569 547 1599 Clementem
567 1571 651 1607 igitur
665 1571 783 1606 primum
792 1570 881 1598 adorti
895 1574 970 1604 sunt,

190 1625 253 1645 eum
268 1616 302 1645 de
322 1618 475 1652 sacrilegio,
492 1617 526 1645 de
541 1618 689 1653 impietate,
712 1621 794 1652 atque
817 1617 851 1645 de
865 1617 974 1645 violatis

190 1663 376 1699 Augustorum
399 1663 497 1691 edictis
512 1668 683 1692 accusantes.
710 1663 845 1699 Trajanus
861 1663 904 1691 his
914 1671 974 1691 om-

192 1709 274 1738 nibus
301 1717 317 1736 a
332 1709 492 1737 Mamertino
516 1709 594 1737 urbis
617 1709 746 1745 praefecto
772 1709 893 1745 acceptis
910 1717 975 1736 san-

191 1758 265 1783 ctum
294 1755 452 1784 Pontiﬁcem
480 1756 509 1784 in
531 1756 734 1784 Chersonesum
763 1756 834 1784 ultra
860 1755 974 1783 Pontum

192 1802 328 1830 Euxinum
341 1802 479 1839 relegavit.
501 1801 605 1830 lnvenit
616 1810 679 1830 vero
693 1802 730 1830 ibi
739 1803 810 1830 ultro
820 1802 875 1830 duo
890 1802 975 1830 millia

191 1847 409 1875 Christianorum
421 1847 478 1883 jam
492 1847 539 1875 diu
551 1847 585 1875 ad
597 1847 720 1875 ozedendi
746 1847 891 1874 marmoris
906 1854 975 1882 opus

194 1894 397 1921 damnatorum.
421 1892 493 1920 lnter
505 1894 623 1920 maxima
643 1896 733 1920 autem
744 1892 840 1920 horum
856 1892 975 1920 ﬁdelium

192 1938 365 1966 incommoda
377 1938 442 1966 illud
470 1943 539 1970 erat,
555 1938 628 1974 quod
641 1943 718 1966 sexto
731 1938 858 1966 milliario
877 1945 975 1973 aquam

192 1983 314 2011 humeris
326 1983 385 2010 suis
396 1982 541 2018 deportare
566 1983 705 2011 deberent.
737 1982 862 2010 Pontifex
887 1986 976 2009 autem

191 2036 288 2056 eorum
326 2029 501 2056 miseratione
527 2032 638 2061 tactus,
663 2036 726 2056 cum
743 2029 805 2063 agni
832 2027 976 2062 cujusdam

192 2074 288 2107 ductu,
310 2074 357 2102 ubi
372 2074 433 2102 fons
448 2077 531 2106 esset,
547 2074 730 2109 cognovisset,
748 2081 819 2105 eam,
834 2078 864 2100 ut
876 2072 977 2101 effode-

192 2123 266 2154 rent,
279 2119 444 2148 Christianis
469 2119 601 2147 ostendit.
627 2118 731 2152 Quibus
742 2119 925 2154 nequidquam
936 2119 976 2145 la-

192 2165 355 2194 borantibus
373 2169 486 2194 sanctus
506 2165 632 2193 Clemens
650 2173 710 2193 eum
736 2164 825 2192 locum
851 2164 909 2199 ipse
923 2163 974 2191 levi

193 2212 250 2239 ictu
275 2212 421 2247 percussit,
442 2216 470 2239 et
483 2211 544 2239 fons
558 2211 630 2239 illico
651 2210 761 2238 exsiliit.
789 2209 831 2238 Ad
852 2209 976 2237 miraculi
991 2214 1014 2242 1)

193 2257 277 2292 hujus
290 2257 390 2284 famam
401 2261 458 2285 tota
473 2257 612 2293 provincia
626 2261 798 2289 aceurrente,
813 2257 976 2291 cunctisque

194 2304 228 2331 ad
249 2303 329 2331 fidem
345 2303 479 2331 traductis
494 2307 521 2331 et
536 2303 679 2338 baptizatis
690 2303 761 2330 intra
776 2303 839 2330 anni
856 2302 975 2338 spatium

194 2350 365 2386 septuaginta
388 2350 512 2378 ecclesiae
527 2354 703 2382 constructae,
721 2349 791 2377 idola
804 2348 895 2376 omnia
909 2355 976 2376 con-

193 2395 299 2428 fracta,
331 2395 430 2430 templa
459 2395 679 2430 circumjacentis
717 2395 837 2430 regionis
866 2394 974 2427 diruta,

192 2449 343 2476 omnesque
360 2441 414 2468 luci
428 2449 515 2476 usque
542 2440 576 2468 ad
600 2444 722 2468 trecenta
736 2439 862 2467 milliaria
878 2440 906 2466 in
920 2440 976 2466 cir-

193 2490 270 2518 cuitu
284 2490 389 2518 concisi
404 2489 488 2517 fuere.
517 2489 653 2525 Trajanus
667 2496 743 2521 vero,
762 2493 791 2515 ut
813 2492 920 2516 tantum
935 2487 975 2515 rei

192 2534 356 2562 Christiana).
384 2542 558 2570 progressum
583 2535 709 2566 sisteret,
731 2533 895 2562 Clementem
925 2540 976 2560 an-

193 2580 277 2607 chora
293 2580 326 2607 ad
348 2580 448 2607 collum
466 2579 546 2615 ligata
557 2579 586 2606 in
600 2586 676 2607 mare
688 2578 809 2613 demergi
824 2576 973 2604 mandavit.

193 2627 228 2653 At
242 2626 311 2654 mari
322 2633 409 2660 usque
424 2625 457 2652 ad
473 2625 563 2652 locum
574 2644 581 2656 ,
594 2633 649 2660 quo
663 2623 804 2651 Pontiﬁcis
819 2630 919 2658 corpus
930 2622 974 2657 ja-

193 2672 289 2704 cebat.
314 2672 474 2704 recedente,
499 2670 566 2698 illud
593 2670 698 2697 tumulo
720 2677 802 2697 saxeo
824 2669 852 2696 in
874 2668 975 2704 templo

193 2717 310 2753 quodam
322 2724 476 2745 marmoreo
485 2717 626 2744 conditum
642 2715 792 2743 Christiani
804 2715 974 2742 invenerunt.

229 2763 311 2791 Multa
328 2767 418 2791 autem
434 2763 628 2798 disquisitione
643 2770 714 2797 opus
739 2769 794 2789 non
809 2766 849 2789 est
860 2780 868 2794 ,
885 2760 918 2788 ad
933 2760 974 2788 lil-

992 875 1013 904 B

229 2845 283 2876 (‘33)
302 2845 358 2875 Dio,
375 2844 442 2870 libro
454 2850 549 2874 tsi-tu,
565 2849 624 2877 pag.
641 2841 700 2868 769.

755 138 798 165 AD
819 137 847 165 S.
869 136 1081 165 CLEMENTEM
1101 136 1110 163 I
1130 135 1246 164 PAPAM

1769 136 1820 164 t5!

1028 196 1119 224 storias
1137 196 1221 231 hujus
1245 195 1392 223 falsitatem
1407 193 1672 227 demonstrandam;
1695 200 1758 220 cum
1781 193 1822 220 le-

1027 246 1087 270 ctor
1102 242 1181 270 facile
1194 242 1333 277 percipere
1348 240 1452 276 possit,
1475 239 1601 267 fabellam
1616 246 1718 274 sapere
1728 259 1735 270 ,
1760 247 1822 274 quae

1027 288 1061 317 de
1076 288 1197 316 Sisinnio
1216 287 1381 316 referuntur.
1398 286 1465 320 Quis
1487 286 1560 314 enim
1581 286 1678 314 credat
1692 289 1774 313 atate
1787 286 1822 311 il»

1027 335 1070 367 la,
1085 341 1140 369 qua
1165 333 1263 368 pagani
1285 333 1506 361 Christianorum
1521 332 1608 360 cultui
1623 331 1748 360 vetando
1761 332 1823 366 plu-

1026 381 1128 408 rimum
1142 379 1330 415 invigilabant,
1343 379 1476 407 ecclesias
1486 378 1566 413 vulgo
1577 378 1646 405 adeo
1660 381 1754 408 notas,
1765 383 1824 406 tan-

1028 430 1137 462 tamque
1159 433 1206 454 eas
1220 425 1356 453 subeundi
1371 425 1510 452 licentiam
1524 424 1628 456 fuisse,
1647 427 1678 451 ut
1706 424 1824 460 paganis

1028 472 1094 506 ipsis
1119 471 1211 499 aditus
1233 470 1267 498 ad
1286 478 1334 499 eas
1349 473 1470 506 pateret,
1491 474 1519 498 et
1542 470 1652 498 Domini
1680 469 1825 496 ministris

1028 518 1065 545 nil
1087 517 1304 553 prohibentibus,
1319 526 1381 554 qua:
1404 518 1431 545 in
1454 523 1597 545 sacrorum
1620 515 1824 552 mysteriorum

1027 564 1212 593 celebratione
1237 564 1411 600 gerebantur,
1435 563 1604 599 perlustrare
1618 562 1770 589 valerent?
1791 562 1826 589 il-

1027 610 1074 637 lud
1088 617 1197 645 quoque
1215 609 1372 638 verosimile
1386 617 1442 637 non
1461 607 1489 635 ﬁt
1500 628 1509 640 ,
1525 607 1638 643 Trajani
1652 611 1739 635 aetate
1754 614 1825 642 pra-

1027 655 1128 683 fectum
1149 655 1237 683 ullum
1252 659 1327 682 tanta
1347 655 1461 683 audacia
1478 654 1580 686 fuisse,
1596 653 1645 689 qui
1667 653 1825 681 seditiones

1028 701 1055 728 in
1080 701 1147 729 urbe
1163 700 1207 728 vel
1231 704 1328 729 contra
1348 699 1522 728 Christianos
1547 699 1672 727 excitare
1695 697 1825 725 auderet.

1027 745 1067 773 Ad
1082 746 1140 774 haec
1155 753 1296 773 sacrorum
1311 744 1462 773 ofﬁciorum
1478 744 1587 773 comitis
1602 744 1755 779 appellatio
1769 742 1826 770 Pu-

1028 790 1084 818 blio
1099 790 1200 818 tributa
1224 790 1311 818 sancti
1337 789 1488 818 Clementis
1508 797 1567 817 aevo
1591 789 1704 824 cognita
1731 788 1826 816 adhuc

1029 844 1083 864 non
1094 840 1172 870 erat;
1189 836 1237 864 sed
1251 836 1430 864 Constantino
1444 835 1561 871 primum
1573 835 1729 869 imperante
1739 842 1825 861 usur-

1028 887 1120 918 patam
1131 881 1229 914 fuisse,
1241 889 1275 909 ex
1288 881 1403 909 historia
1416 881 1558 909 discimus.
1574 879 1670 908 Fidem
1683 880 1772 907 etiam
1781 887 1827 907 su-

1027 930 1118 962 perat,
1137 931 1263 955 sanctum
1288 926 1454 955 Clementem
1481 926 1554 960 illos,
1577 926 1624 961 qui
1641 926 1675 953 ad
1703 930 1824 953 mortem

1027 981 1090 1002 eum
1107 973 1326 1009 conquirebant,
1346 981 1424 1002 canes
1442 973 1470 1000 in
1485 973 1603 1000 homines
1619 972 1756 999 latrantes
1775 980 1825 998 vo-

1027 1020 1153 1053 cavisse;
1176 1019 1250 1055 quod
1275 1023 1367 1047 tamen
1382 1020 1416 1047 ab
1431 1026 1465 1046 eo
1479 1017 1689 1054 pronuntiatum
1708 1017 1737 1045 in
1760 1017 1824 1052 ejus

1026 1065 1095 1093 actis
1106 1066 1232 1101 legimus.

1062 1110 1160 1147 ingens
1183 1111 1405 1139 Christianorum
1419 1110 1449 1138 in
1470 1109 1673 1138 Chersonesum
1687 1109 1823 1144 deporta-

1026 1161 1116 1184 torum
1144 1165 1277 1185 numerus
1303 1157 1356 1186 sub
1377 1157 1465 1184 sancti
1490 1155 1639 1184 Clementis
1667 1155 1823 1182 adventum

1027 1207 1188 1239 argumento
1199 1203 1281 1231 etiam
1291 1207 1333 1231 est
1351 1203 1450 1230 horum
1466 1206 1591 1230 actorum
1608 1200 1752 1228 falsitatis.
1770 1199 1824 1227 Ne-

1025 1258 1079 1286 que
1097 1250 1171 1278 enim
1195 1254 1312 1285 tempus,
1335 1257 1391 1285 quo
1405 1249 1470 1276 illuc
1493 1247 1633 1284 deportari
1658 1247 1822 1282 potuerint.

1032 1297 1224 1332 perspicimus.
1251 1296 1359 1324 Etenim
1372 1296 1396 1325 si
1412 1296 1465 1324 sub
1490 1295 1646 1323 Domitiano
1667 1294 1821 1322 damnatos

1026 1341 1162 1375 dicamus,
1175 1342 1271 1378 reponi
1290 1345 1390 1378 potest.
1405 1349 1454 1370 eos
1481 1342 1566 1369 altero
1591 1340 1703 1375 Trajani
1729 1347 1819 1369 anno.

1026 1395 1081 1424 quo
1095 1393 1208 1417 sanctus
1223 1388 1351 1416 Clemens
1362 1395 1395 1416 eo
1410 1387 1547 1423 relegatus
1559 1386 1657 1419 fertur,
1678 1385 1735 1412 illic
1757 1393 1821 1412 am-

1026 1435 1099 1470 plius
1113 1442 1168 1462 non
1179 1435 1336 1468 exstitisse;
1361 1441 1423 1461 cum
1434 1433 1523 1461 Nerva
1539 1432 1688 1460 Domitiani
1703 1440 1819 1460 succes-

1026 1487 1073 1507 sor
1083 1483 1111 1508 et
1125 1479 1266 1514 proximus
1280 1478 1390 1514 Trajani
1402 1478 1530 1506 decessor
1547 1477 1605 1514 (55)
1619 1485 1714 1506 omnes
1728 1485 1746 1504 a
1761 1477 1820 1504 Do-

1028 1525 1141 1554 mitiano
1164 1525 1300 1560 relegatos
1323 1528 1378 1552 tam
1396 1525 1587 1556 Christianos,
1602 1531 1683 1559 quam
1699 1523 1820 1551 alterius

1025 1571 1216 1607 cujuscunque
1231 1571 1341 1608 generis
1352 1571 1532 1603 revocaverit,
1561 1570 1699 1606 quomodo
1722 1570 1818 1597 sancti

1025 1618 1140 1647 Joannis
1161 1619 1286 1654 exemplo
1305 1619 1446 1647 docemur.
1459 1617 1511 1646 Sed
1525 1625 1614 1653 neque
1629 1617 1680 1645 sub
1699 1616 1819 1651 Trajani

1026 1664 1135 1700 imperii
1149 1665 1290 1693 exordiqu
1303 1665 1341 1692 illi
1353 1665 1474 1692 damnati
1491 1664 1577 1696 fuere,
1589 1671 1652 1691 cum
1668 1663 1692 1691 is
1704 1663 1819 1690 decimo

1025 1714 1133 1738 tantum
1148 1711 1257 1746 imperii
1268 1711 1312 1739 sui
1329 1719 1402 1738 anno
1417 1711 1584 1746 quaestiones
1594 1710 1624 1737 in
1637 1709 1818 1737 Christianos

1026 1758 1127 1786 habere
1138 1758 1262 1793 coeperit,
1273 1756 1503 1792 quemadmodum
1512 1756 1546 1784 ab
1554 1755 1672 1784 Eusebio
1681 1755 1708 1782 in
1722 1754 1818 1782 Chro-

1026 1805 1090 1833 nico
1101 1804 1241 1832 docemur.

1060 1849 1170 1878 Fabulis
1183 1857 1292 1884 quoque
1304 1852 1345 1877 est
1355 1847 1600 1880 annumerandum.
1612 1846 1685 1883 quod
1699 1846 1726 1874 in
1743 1846 1819 1874 actis

1026 1895 1088 1924 istis
1099 1895 1226 1928 refertur,
1239 1895 1310 1922 intra
1322 1894 1387 1922 anni
1407 1895 1491 1922 unius
1504 1893 1623 1929 spatium
1639 1892 1818 1928 septuaginta

1025 1941 1158 1970 ecclesias
1183 1941 1212 1968 in
1236 1940 1411 1968 Chersoneso
1438 1939 1564 1967 conditas
1588 1938 1683 1966 fuisse.
1717 1937 1817 1973 Neque

1026 1987 1098 2014 enim
1111 1986 1199 2014 inscio
1221 1985 1330 2013 Caesare
1352 1985 1478 2012 construi
1492 1984 1656 2019 potuissent.
1680 1982 1763 2015 Quod
1793 1983 1818 2010 si

1026 2032 1163 2066 Trajanus
1177 2031 1205 2059 id
1232 2032 1373 2062 rescisset,
1393 2038 1457 2057 cum
1473 2029 1638 2057 Christianis
1660 2031 1733 2056 esset
1761 2028 1817 2055 ini—

1025 2079 1106 2114 quior
1117 2097 1125 2110 ,
1147 2077 1221 2113 quod
1241 2085 1307 2105 sane
1325 2081 1385 2104 acta
1404 2076 1461 2104 hac
1477 2076 1586 2104 sincera
1600 2082 1662 2103 esse
1674 2074 1818 2101 afﬁrman—

1026 2128 1067 2152 tes
1080 2123 1218 2152 fateantur
1235 2130 1348 2151 necesse
1362 2127 1414 2161 est,
1431 2129 1479 2149 eas
1494 2125 1570 2149 tanto
1583 2128 1699 2148 numero
1724 2120 1816 2148 aedifi-

1027 2170 1085 2198 cari
1101 2177 1201 2205 passus
1213 2177 1268 2196 non
1284 2169 1391 2196 fuisset.
1417 2168 1541 2200 Accedit,
1567 2172 1738 2201 compertum
1763 2174 1817 2195 nos

1028 2216 1139 2248 habere,
1154 2214 1326 2243 Christianos
1342 2214 1376 2241 ad
1391 2214 1463 2241 tertii
1479 2206 1586 2240 tantum
1595 2212 1689 2240 saeculi
1703 2213 1815 2240 initium

1026 2261 1170 2294 ecclesias,
1191 2259 1226 2287 ad
1255 2267 1324 2296 quas
1344 2260 1434 2294 palam
1455 2258 1650 2290 convenirent,
1670 2257 1815 2286 habuisse.

1026 2305 1188 2333 Aufidianus
1216 2312 1330 2340 praeses,
1356 2304 1404 2339 qui
1423 2311 1438 2331 a
1451 2303 1571 2338 Trajano
1599 2303 1633 2330 ad
1648 2302 1816 2330 Christiana!

1027 2351 1137 2386 pietatis
1146 2354 1320 2385 augmentum
1337 2349 1537 2385 prohibendum
1556 2349 1585 2375 in
1607 2348 1816 2376 Chersonesum

1027 2397 1130 2425 missus
1146 2397 1241 2429 fertur,
1259 2397 1346 2424 solius
1374 2396 1462 2423 sancti
1476 2395 1626 2423 Clementis
1642 2398 1734 2422 morte
1748 2402 1814 2422 cott-

1027 2447 1120 2471 tentus
1132 2451 1187 2471 non
1203 2442 1309 2473 fuisset.
1325 2441 1373 2470 sed
1387 2449 1450 2468 cum
1462 2448 1513 2476 pro
1525 2449 1574 2469 sua
1590 2441 1619 2468 in
1629 2440 1696 2467 deos
1712 2441 1816 2475 pietate

1026 2497 1132 2524 suoque
1144 2489 1172 2516 in
1182 2489 1298 2517 Caesaris
1311 2488 1389 2523 jussa
1402 2487 1536 2522 obsequio
1549 2486 1773 2522 quamplurimas
1783 2494 1814 2513 ex

1026 2535 1176 2562 rebellibus
1191 2534 1246 2562 illis
1260 2534 1376 2561 Cmsaris
1401 2532 1539 2559 mandatis
1556 2539 1652 2567 parere
1669 2531 1814 2558 renuenti-

1025 2581 1088 2612 bus,
1104 2580 1294 2615 idolorumque
1315 2579 1408 2607 cultus
1421 2578 1558 2611 hostibus,
1578 2577 1698 2612 plectere
1720 2578 1814 2613 utique

1026 2625 1173 2653 debuisset.

1062 2671 1140 2704 Quod
1158 2671 1192 2698 de
1208 2670 1324 2698 miriﬁco
1340 2670 1387 2697 illo
1407 2668 1481 2696 fonte
1495 2672 1555 2695 acta
1572 2667 1624 2696 ista
1644 2670 1810 2702 memorant,

1024 2717 1073 2752 qui
1087 2717 1119 2743 ad
1132 2716 1220 2744 sancti
1239 2715 1388 2744 Clementis
1403 2723 1499 2750 preces
1524 2715 1673 2748 emanavit,
1698 2723 1811 2750 preter-

1025 2762 1144 2790 eundum
1160 2761 1239 2790 nobis
1250 2769 1310 2790 esse
1321 2767 1464 2789 censemus
1477 2769 1485 2794 ;
1500 2760 1614 2797 singula:
1623 2760 1699 2788 enim
1713 2769 1810 2789 narra-
