1875 3101
35 135 80 163 F3

645 135 814 164 [διιοοεΜιΑ
832 135 1024 165 νΑκιοηυΜ.

1605 137 1654 164 IS!

35 192 109 219 tionis
121 190 206 226 hujus
223 196 319 227 partes
348 199 377 220 se
394 191 469 227 ipsas
492 190 622 220 falsitatis
653 196 814 228 coarguunt.
831 195 854 222 Α
867 191 997 220 Clementi
1009 197 1087 218 sacra
1099 190 1132 217 ad
1142 190 1193 218 tria
1201 189 1284 218 millia
1293 197 1423 226 passuum
1434 191 1654 226 νεοδάρτρῖρυὶ-

35 238 98 265 Idem
114 238 293 265 sentiendum
306 241 348 265 est
362 237 396 266 de
410 237 455 270 iis,
476 245 536 272 quae
553 240 613 264 acta
631 237 682 265 ista
702 237 815 271 addunt,

34 291 88 311 cum
100 283 230 318 discipuli
247 283 344 319 paucis
358 287 420 318 post
436 283 524 311 sancti
552 283 701 310 Clementis
716 288 818 319 marty-

34 330 97 356 rium
111 328 209 356 diebus
226 328 264 356 ad
280 328 381 360 locum,
396 335 452 363 quo
468 328 514 355 ille
524 328 552 355 in
575 335 661 363 aquas
676 328 818 356 demersus

35 376 124 408 fuerat,
139 375 338 408 accessissent,
359 374 449 404 tribus
467 375 572 403 scilicet
584 382 599 402 a
614 375 707 402 littore
718 375 818 402 millia-

35 421 103 448 ribus
115 428 190 448 mare
205 421 372 454 recessisse,
401 425 483 456 atque
511 428 559 448 eos
580 420 668 448 sancti
689 421 818 456 martyris

35 467 153 502 reliquias
177 467 291 495 tumulo
316 468 424 502 lapideo
449 467 574 496 conditas
603 468 631 495 in
662 475 817 496 marmoreo

35 513 127 547 templo
140 512 294 540 invenisse.
311 512 363 546 Qui
377 512 449 540 enim
466 512 524 539 ﬁeri
540 515 645 547 posset,
655 515 685 540 ut
697 520 741 540 res
749 513 818 540 adeo

35 557 193 585 admirandae
221 558 361 585 universae
377 558 533 593 antiquitati
550 558 661 592 ignotae,
686 562 768 593 atque
783 558 817 586 ab

35 603 152 631 omnibus
176 603 377 631 ecclesiastica:
408 603 532 631 historias
564 602 748 639 scriptoribus
776 603 817 630 al-

35 649 132 676 tissimo
156 647 271 677 silentio
296 649 409 684 sepulta:
435 648 558 676 fuerint?
574 648 646 676 haud
671 648 818 676 diﬁitemur

35 694 145 730 quidem,
161 695 222 730 ejus
238 695 282 722 rei
296 695 323 722 in
338 695 470 730 opusculo
481 695 600 730 quodam
617 695 675 730 (56)
686 695 816 730 Ephraim

35 741 170 768 Chersonis
182 741 318 776 episcopo
332 741 435 768 tributo
447 740 616 768 mentionem
631 741 704 768 fieri:
720 748 816 768 verum

37 785 156 821 scriptum
163 785 233 813 illud
245 786 359 814 levioris
367 786 497 821 ponderis
507 794 569 814 esse
576 786 694 815 videtur.
705 787 743 813 Ex
756 787 817 822 ipso

36 832 101 860 enim
129 832 201 868 stylo
230 832 443 868 dignoscimus,
466 832 533 860 illud
554 832 641 860 Graeci
672 833 814 868 cujusdam

867 237 918 265 bus
935 237 1056 265 universi
1082 244 1242 271 reposuere,
1258 237 1316 265 haec
1330 237 1383 265 sibi
1395 237 1529 266 hactenus
1549 238 1654 266 incont-

867 289 945 320 perta
961 284 1046 312 fuisse
1065 284 1133 320 (57).

902 330 1052 359 Obscurior
1065 335 1206 366 praeterea.
1219 333 1268 357 aut
1281 330 1372 365 potius
1392 333 1523 365 tanquam
1538 337 1653 366 apocry-

867 377 921 413 pha
935 380 962 404 et
977 377 1165 404 commentitia
1184 384 1200 404 a
1220 376 1252 405 D.
1268 375 1394 412 Gregorii
1408 375 1444 404 Μ,
1463 383 1551 415 usque
1573 380 1654 412 aetate

867 423 983 453 historia
996 423 1055 451 haec
1066 423 1160 451 habita
1178 422 1247 457 fuit;
1263 430 1326 450 cum
1342 426 1438 450 sancto
1459 421 1574 457 Eulogio
1595 422 1654 457 epi-

867 477 952 506 scopo
981 469 1167 497 Alexandrino
1204 473 1355 504 martyrum
1381 472 1442 497 acta
1470 468 1505 495 ab
1535 467 1653 496 Eusebio

866 514 1035 542 Caesareensi
1050 514 1164 541 collecta
1175 513 1312 548 expetenti
1326 512 1451 540 Pontifex
1465 512 1509 539 ille
1521 511 1650 540 doctissi-

866 567 928 587 mus
951 559 1142 594 responderit:
1159 568 1168 584 ε
1182 558 1285 586 Praeter
1305 558 1364 590 illa,
1389 565 1450 593 quae
1475 558 1503 584 in
1529 557 1651 592 ejusdem

867 605 976 633 Eusebii
991 605 1068 632 libris
1083 604 1117 632 de
1132 604 1223 632 Gestis
1239 608 1396 632 sanctorum
1416 607 1566 639 martyrum
1582 611 1651 630 con-

866 648 998 680 tinentur,
1014 648 1089 676 nulla
1103 649 1131 676 in
1146 648 1266 676 Archivo
1294 648 1377 683 hujus
1402 652 1504 676 nostrae.
1523 647 1652 676 Ecclesia:

866 695 909 722 vel
925 694 953 722 in
978 693 1108 722 Romana:
1132 694 1210 722 urbis
1236 693 1412 722 bibliothecis
1435 701 1498 722 esse
1525 694 1651 729 cognovi,

866 740 919 768 nisi
935 747 1022 775 pauca
1034 740 1160 775 quaedam
1177 740 1205 768 in
1220 740 1304 768 unius
1317 739 1423 767 codicis
1442 740 1581 767 volumine
1594 740 1652 767 col-

866 786 946 814 lecta.
957 785 1013 814 Nos
1024 790 1114 814 autem
1129 793 1206 822 pane
1217 786 1338 812 omnium
1352 790 1501 821 martyrum
1514 785 1653 814 distinctis

867 839 916 866 per
929 831 989 860 dies
1005 832 1128 867 singulos
1143 831 1320 867 passionibus
1336 831 1451 858 collecta
1474 831 1501 858 in
1529 838 1585 858 uno
1605 838 1653 858 co-

37 875 110 904 medii
131 876 181 904 aevi
195 884 268 912 opus
285 885 356 905 esse.
386 876 518 905 Eumdem
533 885 620 913 atque,
644 885 676 906 ac
690 882 814 905 actorum
831 873 851 901 Β
866 876 927 905 dice
942 877 1053 905 nomina
1070 878 1216 910 habemus,
1233 881 1316 913 atque
1328 877 1500 912 quotidianis
1512 876 1608 904 diebus
1624 877 1652 904 in

37 923 147 957 martyrii
154 923 245 950 sancti
254 923 407 951 Clementis
417 927 557 951 auctorem
570 923 676 952 fabellis
682 923 816 952 delectari

38 967 92 995 inde
103 967 294 1003 intelligimus,
309 968 383 1004 quod
396 968 504 1004 singula
522 969 557 996 ab
581 977 614 997 eo
631 970 717 997 relata
739 977 755 997 a
769 977 816 998 ve-

39 1013 81 1042 teri
91 1014 204 1050 quodam
216 1015 351 1050 episcopo
366 1013 549 1043 Constantino
564 1016 718 1051 appellato,
733 1015 814 1051 cujus

38 1064 90 1087 acta
103 1067 116 1087 a
127 1059 259 1087 Bollando
287 1059 358 1087 edita
374 1063 454 1094 sunt,
469 1060 531 1088 falsi
549 1060 761 1096 redarguantur.
788 1061 814 1089 ls

38 1105 99 1134 enim
117 1114 177 1133 cum
201 1106 280 1133 circa
297 1113 398 1133 annum
415 1105 468 1134 850
489 1105 659 1134 Chersonem
672 1106 813 1142 profectus

38 1156 111 1185 esset,
120 1151 224 1180 incolas
240 1152 389 1187 diligenter
407 1151 564 1179 sciscitatus
574 1156 626 1185 est,
639 1157 814 1180 constaretne

40 1197 158 1232 sibi,quz
172 1196 328 1229 ferebatur,
345 1195 429 1228 fama,
445 1197 534 1224 sancti
549 1196 700 1225 Clementis
713 1205 813 1232 corpus

39 1249 178 1270 marmoreo
189 1245 370 1271 monumento
392 1242 420 1270 in
443 1243 545 1278 templo
569 1245 603 1271 ab
618 1244 723 1279 angelis
746 1251 814 1271 con-

40 1287 90 1315 dito
103 1293 237 1325 repertum
254 1290 351 1322 fuisse,
367 1292 395 1318 et
415 1296 493 1318 mare
507 1290 656 1326 quotannis
664 1290 810 1318 diesancto

867 930 962 950 eorum
987 924 1162 951 veneratione
1192 923 1337 951 Missarum
1369 923 1502 951 solemnia
1535 923 1650 958 agimus.

866 967 927 995 Non
949 973 1040 996 tamen
1064 970 1092 996 in
1107 969 1203 998 eodem
1225 969 1375 1001 volumine,
1390 968 1465 1004 quis,
1481 968 1600 1004 qualiter
1611 969 1648 996 sit

866 1021 965 1049 passus
979 1013 1128 1047 indicatur,
1144 1014 1193 1041 sed
1217 1013 1407 1042 tantummodo
1436 1021 1547 1045 nomen,
1563 1014 1652 1047 locus,

866 1063 894 1087 et
909 1059 968 1088 dies
979 1060 1115 1095 passionis
1132 1060 1254 1095 ponitur.
1274 1069 1283 1086 ι
1302 1059 1365 1087 Haec
1377 1066 1444 1088 sane
1458 1063 1571 1087 sanctus
1585 1057 1654 1086 Gre-

868 1105 962 1141 gorius
987 1105 1044 1141 (58)
1068 1105 1223 1141 scripturus
1250 1113 1305 1133 non
1336 1105 1443 1138 fuisset,
1459 1105 1482 1133 si
1505 1110 1577 1137 acta,
1592 1112 1653 1140 quas

866 1152 948 1180 hodie
965 1152 1017 1180 sub
1032 1152 1119 1180 sancti
1134 1153 1282 1180 Clementis
1298 1152 1409 1180 nomine
1426 1155 1547 1184 exstant,
1561 1151 1652 1180 novis-

867 1203 918 1232 set,
934 1198 981 1226 ubi
996 1206 1052 1226 non
1067 1198 1128 1226 dies
1143 1198 1225 1226 modo
1241 1202 1268 1226 et
1283 1199 1361 1227 locus
1379 1197 1518 1233 passionis
1533 1197 1594 1232 ejus
1617 1197 1653 1224 le-

867 1244 950 1280 gitur,
966 1243 1014 1272 sed
1029 1244 1171 1280 complura
1187 1245 1250 1277 alia,
1268 1252 1329 1280 quae
1354 1245 1429 1273 circa
1458 1245 1519 1280 ejus
1536 1248 1651 1272 mortem

866 1298 992 1324 evenere,
1009 1291 1168 1327 singillatim
1183 1291 1387 1320 describuntur.

686 1452 878 1498 CAPUT
928 1455 987 1500 V.

526 1547 734 1579 DOCTRINA
751 1548 893 1580 SANCTI
910 1549 1151 1581 CLEMENTIS.

305 1681 504 1710 ARTICULUS
517 1681 537 1710 Ι.

44 1733 247 1756 οιδεινλτιοῑίεδ
261 1735 424 1755 υοωιΑτιαιε
434 1736 460 1755 IN
469 1735 524 1754 DIVI
544 1734 694 1756 CLﬁll-JNTIS
711 1735 813 1756 ROIANI

261 1771 406 1791 EPISTOLAS
425 1771 565 1791 GENUINAS.

135 1818 148 1854 §
164 1819 182 1847 Ι.
199 1819 238 1847 De
255 1824 351 1848 sancta
365 1819 502 1854 Scriptura
512 1823 537 1846 et
553 1818 706 1847 traditione.

73 1862 108 1891 Ex
121 1866 204 1899 prima
221 1866 278 1894 divi
296 1865 445 1893 Clementis
473 1865 506 1893 ad
527 1865 684 1893 Corinthios
699 1865 813 1900 epistola

46 1911 202 1940 utilissimum
226 1913 350 1940 eruimus
375 1913 402 1940 in
426 1912 545 1939 favorem
557 1918 698 1939 sacrarum
712 1912 814 1939 littera-

46 1963 96 1983 rum
121 1959 323 1993 testimonium;
342 1959 391 1987 bas
417 1959 553 1993 siquidem
579 1957 699 1993 Spiritus
722 1958 810 1986 sancti

46 2004 140 2031 oracula
150 2009 243 2034 vocat:
257 2005 415 2040 Diligenter,
426 2005 525 2040 legitur
536 2005 584 2037 ibi,
603 2005 723 2039 inspicite
740 2004 814 2032 Scri-

46 2053 135 2081 pturat,
149 2050 264 2086 Spiritus
288 2052 374 2077 sancti
399 2059 460 2078 uera
488 2050 597 2078 oracula
612 2057 621 2076 :
635 2050 690 2082 Τὰς
705 2049 814 2085 ἀληθεῖς

49 2093 126 2128 ῥήσεις
140 2095 293 2131 Πνεύματος
301 2095 348 2122 τοῦ
363 2095 442 2130 ἁγίηυ
457 2095 524 2130 (59).
538 2095 581 2122 Ait
594 2095 677 2123 etiam
701 2099 814 2122 sanctus

47 2137 173 2168 Pontifex:
189 2141 281 2169 Nostis
302 2142 384 2173 enim,
399 2145 424 2168 et
448 2141 527 2175 probe
554 2141 638 2169 nostis
661 2139 813 2176 Scriptura:

49 2192 135 2217 sacras,
151 2186 258 2219 dilecti.
288 2191 312 2214 et
336 2187 438 2221 penitus
463 2187 491 2214 in
519 2186 609 2214 divina
637 2187 752 2223 eloquia.
773 2186 814 2213 Τὰ

49 2228 114 2263 λόγια
133 2232 176 2258 τοῦ
198 2232 277 2265 Θεοῦ,
294 2232 498 2267 introspexistis.
515 2232 585 2266 Quid
606 2234 695 2268 aptius
710 2232 744 2259 ad
762 2231 811 2260 SS.

51 2274 230 2311 Scripturarum
249 2287 311 2306 cum
328 2279 552 2314 inspirationem,
570 2282 627 2306 tum
641 2278 812 2306 divinitatem

51 2323 259 2356 comprobandum
270 2323 389 2360 proferri
404 2323 513 2359 potest?
526 2323 586 2351 Non
609 2323 697 2351 solum
721 2326 812 2350 autem

826 1683 848 1713 C
866 1690 937 1718 mus.
960 1682 1008 1711 sed
1031 1682 1156 1711 eumdem
1186 1687 1312 1710 sanctum
1339 1683 1493 1719 pontiﬁcem
1520 1687 1650 1718 tanquam

865 1733 960 1757 testem
985 1737 1040 1756 non
1068 1729 1299 1756 contemnendum
1326 1729 1482 1763 apostolica:
1492 1727 1651 1764 Evangelio-

863 1782 925 1802 rum
940 1775 1055 1810 originis
1067 1782 1129 1801 cum
1144 1775 1206 1802 viro
1228 1775 1390 1802 doctissimo
1406 1774 1461 1810 (60)
1474 1781 1568 1802 contra
1585 1775 1651 1802 Fre-

865 1824 954 1847 retum
970 1819 1025 1856 (61)
1044 1820 1072 1847 in
1093 1820 1179 1848 aciem
1193 1820 1386 1856 producimus;
1402 1821 1430 1847 in
1446 1824 1561 1856 utraque
1577 1822 1650 1848 enim

863 1874 913 1894 sua
935 1866 1050 1901 epistola
1066 1866 1157 1894 verbis
1180 1867 1409 1902 evangelistarum
1427 1868 1583 1901 frequenter
1597 1868 1650 1894 uti—

863 1916 918 1940 tur.
934 1911 1062 1945 Quinimo
1080 1919 1114 1940 ex
1136 1912 1223 1947 ipsius
1245 1912 1356 1947 scriptis
1375 1912 1564 1939 demonstrare
1582 1920 1649 1947 pos-

863 1966 959 1986 sumus
967 1960 1062 1985 contra
1075 1958 1205 1993 antiquos
1216 1961 1243 1985 et
1256 1957 1425 1985 recentiores
1436 1957 1649 1987 bibliomachos.

863 2011 919 2031 non
934 2011 1036 2038 paucos
1052 2008 1154 2031 sancta:
1169 2003 1320 2039 Scripturae
1332 2004 1419 2031 libros
1441 2003 1543 2031 habere
1555 2007 1651 2031 aucto-

863 2050 972 2077 ritatem
985 2050 1159 2078 canonicam.
1175 2049 1316 2085 Siquidem
1331 2049 1370 2076 ait
1387 2049 1539 2083 :Prwcipue
1554 2057 1651 2076 memo-

864 2104 906 2123 res
921 2103 1070 2123 sermonum
1083 2095 1190 2122 Domini
1202 2095 1279 2128 Jesu,
1291 2103 1356 2130 quos
1373 2095 1475 2122 locutus
1499 2098 1538 2121 est
1554 2093 1649 2121 docens

864 2141 1092 2169 mansuetudinem
1113 2147 1139 2169 et
1153 2142 1387 2177 azquanimitatem.
1404 2141 1448 2168 Sic
1473 2141 1541 2168 enim
1556 2141 1624 2167 dixit
1640 2149 1650 2168 :

867 2197 876 2213 ι
893 2187 983 2215 Estote
1001 2187 1193 2219 misericordes,
1216 2192 1245 2214 ut
1271 2186 1482 2213 misericordiam
1511 2194 1654 2220 consequa-

864 2233 948 2265 mim';
963 2232 1099 2265 dimittite,
1116 2236 1145 2259 ut
1161 2232 1313 2259 dimittatur
1330 2231 1401 2259 vobis
1416 2231 1482 2266 (62).
1497 2241 1506 2257 ι
1528 2231 1549 2258 Ε
1573 2231 1653 2259 libris

864 2278 1006 2307 canonicis
1024 2278 1058 2306 ad
1072 2278 1218 2315 Evangelia
1234 2278 1351 2306 Matthxi
1367 2285 1399 2305 ac
1414 2277 1494 2305 Luca:
1514 2278 1648 2312 respexit.

864 2326 897 2354 Et
909 2326 975 2354 dum
990 2325 1055 2353 dicit
1070 2325 1160 2360 capite
1170 2324 1291 2353 secundo
1312 2324 1413 2360 prioris
1429 2323 1552 2359 epistola:
1565 2333 1571 2350 ;
1586 2323 1651 2351 01η-

53 2366 242 2397 SS.litterarum
252 2357 422 2399 divinitatem
430 2377 464 2398 ex
474 2369 538 2398 divo
545 2368 684 2398 Clemente
695 2368 813 2397 ostendi-
828 2357 850 2385 D
865 2381 910 2400 ne;
926 2376 1015 2400 autem
1040 2357 1136 2399 humili
1158 2372 1247 2398 animo
1272 2357 1366 2403 era—“'3’
1386 2357 1539 2397 ηυιιξιιεηιιε
1559 2377 1652 2404 super.

84 2455 129 2494 liii)
143 2457 216 2494 Tom.
231 2459 240 2486 I
255 2458 373 2494 Operum
388 2458 527 2491 Cotelerii,
545 2466 607 2494 pag,
622 2457 683 2494 διε.

52 2490 136 2554 h
151 2493 214 2521 Acta
236 2490 322 2522 suricti
349 2490 604 2529 Constantini’a'pu'd
629 2493 765 2525 Bolland.,
792 2493 810 2521 9

82 2560 294 2600 §58l.S.ACregor,
308 2563 357 2594 Μ..
372 2564 419 2592 lib.
430 2571 479 2591 Vill
492 2563 622 2600 Epistoi.,
631 2563 778 2592 indictione
788 2571 808 2596 ι,

53 2597 206 2633 ερίξιριενὲθ,
220 2597 260 2626 ΑΒ
272 2599 413 2633 Eulogium
426 2597 573 2626 Alexaﬁdr.

54 2630 131 2690 ⁴5(59)
146 2632 172 2660 S.
193 2634 317 2663 Clemens
332 2630 423 2667 Rom,
440 2643 484 2670 ep.
502 2635 516 2662 1
539 2634 572 2661 ad
593 2633 731 2668 Corinth.,
746 2641 807 2669 cap.

85 2686 134 2736 '(60)
146 2701 298 2739 Xineentius
326 2704 467 2732 Fassi‘nius
492 2705 520 2731 in
535 2704 605 2731 libro
621 2704 752 2739 singulari
768 2704 816 2730 ad-

58 2740 138 2775 ξςξειιε
145 2736 277 2775 Freretum
291 2739 327 2767 De
334 2740 481 2770 apostolica
491 2736 693 2775 Evangelioruin
704 2739 814 2774 origine,

58 2766 232 2807 Lil‘iurniiedito
246 2766 325 2807 ms;
337 2766 417 2802 itt-".

87 2803 138 2846 (6η
151 2806 292 2846 Ιξξῖπαηιεη
308 2803 417 2846 critique
433 2811 477 2837 des
493 2811 649 2845 apologistes
663 2810 693 2837 dc
709 2810 734 2837 la
754 2809 813 2836 reli-

59 2845 108 2867 mon
117 2841 258 2873 dirétienne.

899 2459 955 2496 (62)
971 2459 1003 2487 Ι).
1022 2458 1168 2501 Clemens,_
1181 2466 1224 2520 ep.
1247 2458 1259 2486 1
1278 2458 1313 2486 ad
1330 2458 1396 2499 ~Cor.
1409 2477 1417 2489 ,
1436 2465 1497 2502 cap.
1512 2457 1546 2484 15
1557 2467 1569 2498 ε
1591 2457 1652 2501 Mf:-

899 2503 940 2520 ντα
957 2495 1122 2520 αειινπαένοι
1135 2503 1188 2520 των
1218 2494 1288 2520 όγων
1297 2503 1345 2520 του
1361 2493 1462 2520 Κυρίου
1492 2494 1570 2520 Ιησου
1581 2512 1588 2520 .
1604 2501 1651 2520 ou:

862 2492 951 2522 th'ca'
956 2504 1044 2531 μεμνη
1049 2495 1122 2530 μένοι
1132 2494 1188 2531 ντῶν
1196 2492 1288 2531 λόγων
1297 2492 1345 2531 τᾳῦ
1361 2494 1400 2519 Κυ
1405 2493 1462 2531 pios
1472 2492 1475 2493 ⁷
1484 2492 1574 2531 Ἰησοῆ
1581 2512 1593 2531 ,_
1604 2492 1651 2524 οὓς

862 2527 975 2566 ἐλάληέε
990 2527 1121 2566 Storiaqu
1130 2529 1278 2566 Emeixstav
1288 2529 1334 2566 ita].
1350 2527 1548 2566 μυφφθυμίᾳν.
1559 2527 1652 2566 Obruit;

862 2566 916 2602 γὰρ
932 2563 1016 2593 εἶπεν·
1036 2565 1160 2595 Ἑλεεῖτε,
1175 2565 1218 2591 ἵνα
1231 2564 1371 2625 ὲλετὸθῆτε,
1385 2564 1489 2597 ἀφίετε,
1505 2563 1548 2590 ἵνα
1564 2563 1652 2599 ἀφεθῇ

863 2602 936 2625 ὑιιῖν·
954 2601 992 2625 ὼε
1007 2601 1119 2625 ποιεῖτε.
1135 2599 1206 2625 οὕτω
1221 2608 1283 2625 ποιῇ
1304 2600 1399 2625 ήσεται
1414 2599 1487 2625 ὑμῖν·
1504 2598 1542 2625 ὡς
1556 2598 1651 2625 δίδπε.

863 2598 936 2634 ὖμῗν·
954 2601 992 2632 ὡς
1007 2601 1119 2631 ποιεῖτε,
1135 2599 1206 2626 οὕτω
1221 2598 1399 2634 ποιηθήσεται
1412 2599 1487 2634 ρμῐν·
1504 2598 1651 2634 ὠςγδίδοκτε,

861 2633 933 2663 οὕτω
956 2636 1098 2671 δοθήσεται
1118 2636 1191 2671 ὑμῖν
1207 2635 1251 2671 ibi
1260 2634 1376 2670 κρίνετε,
1394 2633 1478 2671 οὓτῳγ
1491 2633 1652 2671 κριθήᾳεῖαι

870 2672 942 2707 ῥμῖν·
960 2671 998 2703 ὡς
1010 2668 1210 2707 χρηπεύέσθεν,
1224 2668 1315 2707 οὒτ-ὼς
1327 2668 1560 2707 χρηστειξθήσεται
1576 2669 1650 2707 [bniv-

867 2703 895 2742 ᾤ’
913 2703 1219 2742 μέτρῳᾟείερεῖφεγηὲν
1246 2703 1547 2742 ᾳιξτῷξμετρη-θήξεται
1575 2704 1650 2742 ὖκμῐν.

867 2715 890 2750 te
913 2715 1003 2768 μετίῳ
1027 2715 1167 2748 μετρξιτε,
1190 2715 1219 2732 εν
1246 2715 1320 2739 αυτῳ
1348 2715 1547 2740 μετρηυησεται
1575 2715 1649 2738 υμιν.

867 2743 949 2779 (Α)υῆ
983 2749 1027 2769 uc.
1041 2750 1079 2773 vt,
1093 2741 1138 2779 06»,
1149 2741 1201 2774 58;
1214 2745 1241 2768 et
1256 2739 1349 2779 Matth:
1362 2747 1410 2771 vn.
1430 2740 1455 2779 th.
1468 2739 1557 2779 Taceo
1572 2738 1649 2779 plura

867 2778 920 2805 alia
943 2777 1014 2808 loca.
1040 2784 1100 2812 quae
1124 2777 1152 2804 in
1178 2773 1299 2812 secunda
1315 2773 1463 2803 Clementis
1487 2773 1602 2809 epistola
1616 2780 1649 2800 ex

866 2812 1041 2848 cvangelistis
1050 2811 1140 2840 ’relata
1152 2811 1369 2846 conspiciuntur.
