  <div class='ocr_page' id='page_1' title='image "/cluster/home/n/w/nwhite01/storage/ocr_20150623/1/njp.32101077772331/128.png"; bbox 0 0 1875 3101; ppageno 0'>
   <div class='ocr_carea' id='block_1_1' title="bbox 50 169 1031 203">
    <p class='ocr_par' dir='ltr' id='par_1_1' title="bbox 50 169 1031 203">
     <span class='ocr_line' id='line_1_1' title="bbox 50 169 1031 203; baseline -0.005 0"><span class='ocrx_word' id='word_1_1' title='bbox 50 176 90 203; x_wconf 81' lang='lat' dir='ltr'><strong><em>l5‘l</em></strong></span> <span class='ocrx_word' id='word_1_2' title='bbox 650 171 818 200; x_wconf 70' lang='lat' dir='ltr'><strong><em>PRCKEMIA</em></strong></span> <span class='ocrx_word' id='word_1_3' title='bbox 837 169 1031 199; x_wconf 73' lang='lat' dir='ltr'><strong><em>VARIORUM.</em></strong></span> 
     </span>
    </p>
   </div>
   <div class='ocr_carea' id='block_1_2' title="bbox 1602 170 1649 198">
    <p class='ocr_par' dir='ltr' id='par_1_2' title="bbox 1602 170 1649 198">
     <span class='ocr_line' id='line_1_2' title="bbox 1602 170 1649 198; baseline 0.043 -2"><span class='ocrx_word' id='word_1_4' title='bbox 1602 170 1649 198; x_wconf 72' lang='grc'><strong><em>158</em></strong></span> 
     </span>
    </p>
   </div>
   <div class='ocr_carea' id='block_1_3' title="bbox 49 227 1650 266">
    <p class='ocr_par' dir='ltr' id='par_1_3' title="bbox 49 227 1650 266">
     <span class='ocr_line' id='line_1_3' title="bbox 49 227 1650 266; baseline -0.002 -7"><span class='ocrx_word' id='word_1_5' title='bbox 49 233 76 261; x_wconf 81' lang='lat' dir='ltr'><strong><em>tri</em></strong></span> <span class='ocrx_word' id='word_1_6' title='bbox 88 230 208 266; x_wconf 65' lang='lat' dir='ltr'><strong><em>Epistolas</em></strong></span> <span class='ocrx_word' id='word_1_7' title='bbox 225 228 376 258; x_wconf 72' lang='lat' dir='ltr'><strong><em>sententias</em></strong></span> <span class='ocrx_word' id='word_1_8' title='bbox 392 236 447 256; x_wconf 87' lang='lat' dir='ltr'><strong><em>non</em></strong></span> <span class='ocrx_word' id='word_1_9' title='bbox 472 235 536 256; x_wconf 85' lang='lat' dir='ltr'><strong><em>raro</em></strong></span> <span class='ocrx_word' id='word_1_10' title='bbox 562 229 700 262; x_wconf 81' lang='lat' dir='ltr'><strong><em>imitatur;</em></strong></span> <span class='ocrx_word' id='word_1_11' title='bbox 719 229 813 264; x_wconf 77' lang='lat' dir='ltr'><strong><em>primae</em></strong></span> <span class='ocrx_word' id='word_1_12' title='bbox 827 230 849 258; x_wconf 79' lang='grc' dir='ltr'><strong>Α</strong></span> <span class='ocrx_word' id='word_1_13' title='bbox 863 228 931 263; x_wconf 82' lang='lat' dir='ltr'><strong><em>ejus,</em></strong></span> <span class='ocrx_word' id='word_1_14' title='bbox 947 228 1015 256; x_wconf 69' lang='lat' dir='ltr'><strong><em>dixit</em></strong></span> <span class='ocrx_word' id='word_1_15' title='bbox 1031 227 1118 256; x_wconf 87' lang='lat' dir='ltr'><strong><em>:Cum</em></strong></span> <span class='ocrx_word' id='word_1_16' title='bbox 1132 228 1184 255; x_wconf 83' lang='lat' dir='ltr'><strong><em>duo</em></strong></span> <span class='ocrx_word' id='word_1_17' title='bbox 1206 232 1283 255; x_wconf 82' lang='lat' dir='ltr'><strong><em>erunt</em></strong></span> <span class='ocrx_word' id='word_1_18' title='bbox 1299 236 1390 259; x_wconf 78' lang='lat' dir='ltr'><strong><em>unum,</em></strong></span> <span class='ocrx_word' id='word_1_19' title='bbox 1403 232 1429 255; x_wconf 89' lang='lat' dir='ltr'><strong><em>et</em></strong></span> <span class='ocrx_word' id='word_1_20' title='bbox 1442 227 1511 263; x_wconf 87' lang='lat' dir='ltr'><strong><em>quod</em></strong></span> <span class='ocrx_word' id='word_1_21' title='bbox 1529 228 1606 262; x_wconf 79' lang='lat' dir='ltr'><strong><em>foris.</em></strong></span> <span class='ocrx_word' id='word_1_22' title='bbox 1622 233 1650 256; x_wconf 85' lang='lat' dir='ltr'><strong><em>ut</em></strong></span> 
     </span>
    </p>
   </div>
   <div class='ocr_carea' id='block_1_4' title="bbox 48 274 813 313">
    <p class='ocr_par' dir='ltr' id='par_1_4' title="bbox 48 274 813 313">
     <span class='ocr_line' id='line_1_4' title="bbox 48 274 813 313; baseline -0.004 -9"><span class='ocrx_word' id='word_1_23' title='bbox 48 278 153 313; x_wconf 80' lang='lat' dir='ltr'><strong><em>quidem,</em></strong></span> <span class='ocrx_word' id='word_1_24' title='bbox 167 284 228 303; x_wconf 90' lang='lat' dir='ltr'><strong><em>curn</em></strong></span> <span class='ocrx_word' id='word_1_25' title='bbox 249 275 339 310; x_wconf 86' lang='lat' dir='ltr'><strong><em>inquit</em></strong></span> <span class='ocrx_word' id='word_1_26' title='bbox 353 283 359 301; x_wconf 71' lang='grc' dir='ltr'><em>τ</em></span> <span class='ocrx_word' id='word_1_27' title='bbox 375 274 499 302; x_wconf 84' lang='lat' dir='ltr'><strong><em>Charitas</em></strong></span> <span class='ocrx_word' id='word_1_28' title='bbox 514 275 596 310; x_wconf 87' lang='lat' dir='ltr'><strong><em>operit</em></strong></span> <span class='ocrx_word' id='word_1_29' title='bbox 620 274 813 302; x_wconf 82' lang='lat' dir='ltr'><strong><em>multitudinem</em></strong></span> 
     </span>
    </p>
   </div>
   <div class='ocr_carea' id='block_1_5' title="bbox 48 318 814 357">
    <p class='ocr_par' dir='ltr' id='par_1_5' title="bbox 48 318 814 357">
     <span class='ocr_line' id='line_1_5' title="bbox 48 318 814 357; baseline -0.005 -8"><span class='ocrx_word' id='word_1_30' title='bbox 48 327 195 357; x_wconf 74' lang='lat' dir='ltr'><strong><em>peccatorum</em></strong></span> <span class='ocrx_word' id='word_1_31' title='bbox 205 319 275 355; x_wconf 66' lang='lat'><strong><em>(77};</em></strong></span> <span class='ocrx_word' id='word_1_32' title='bbox 287 323 333 347; x_wconf 83' lang='lat' dir='ltr'><strong><em>et:</em></strong></span> <span class='ocrx_word' id='word_1_33' title='bbox 353 318 534 355; x_wconf 79' lang='lat' dir='ltr'><strong><em>Unusquisque</em></strong></span> <span class='ocrx_word' id='word_1_34' title='bbox 554 319 712 354; x_wconf 83' lang='lat' dir='ltr'><strong><em>subjiciatur</em></strong></span> <span class='ocrx_word' id='word_1_35' title='bbox 724 319 814 354; x_wconf 73' lang='lat' dir='ltr'><strong><em>proxi-</em></strong></span> 
     </span>
    </p>
   </div>
   <div class='ocr_carea' id='block_1_6' title="bbox 49 364 813 401">
    <p class='ocr_par' dir='ltr' id='par_1_6' title="bbox 49 364 813 401">
     <span class='ocr_line' id='line_1_6' title="bbox 49 364 813 401; baseline -0.001 -8"><span class='ocrx_word' id='word_1_36' title='bbox 49 376 82 394; x_wconf 81' lang='lat' dir='ltr'><strong><em>mo</em></strong></span> <span class='ocrx_word' id='word_1_37' title='bbox 94 375 135 393; x_wconf 78' lang='lat' dir='ltr'><strong><em>suo</em></strong></span> <span class='ocrx_word' id='word_1_38' title='bbox 144 366 207 401; x_wconf 86' lang='lat'><strong><em>(78).</em></strong></span> <span class='ocrx_word' id='word_1_39' title='bbox 226 365 320 392; x_wconf 85' lang='lat' dir='ltr'><strong><em>Omnes</em></strong></span> <span class='ocrx_word' id='word_1_40' title='bbox 335 364 429 391; x_wconf 79' lang='lat' dir='ltr'><strong><em>humili</em></strong></span> <span class='ocrx_word' id='word_1_41' title='bbox 442 370 529 392; x_wconf 87' lang='lat' dir='ltr'><strong><em>autem</em></strong></span> <span class='ocrx_word' id='word_1_42' title='bbox 542 366 630 391; x_wconf 85' lang='lat' dir='ltr'><strong><em>animo</em></strong></span> <span class='ocrx_word' id='word_1_43' title='bbox 643 366 734 397; x_wconf 80' lang='lat' dir='ltr'><strong><em>eratis,</em></strong></span> <span class='ocrx_word' id='word_1_44' title='bbox 752 365 813 392; x_wconf 86' lang='lat' dir='ltr'><strong><em>nul-</em></strong></span> 
     </span>
    </p>
   </div>
   <div class='ocr_carea' id='block_1_7' title="bbox 49 410 814 446">
    <p class='ocr_par' dir='ltr' id='par_1_7' title="bbox 49 410 814 446">
     <span class='ocr_line' id='line_1_7' title="bbox 49 410 814 446; baseline -0.003 -7"><span class='ocrx_word' id='word_1_45' title='bbox 49 414 135 439; x_wconf 81' lang='lat' dir='ltr'><strong><em>latenus</em></strong></span> <span class='ocrx_word' id='word_1_46' title='bbox 149 411 334 446; x_wconf 65' lang='lat' dir='ltr'><strong><em>superbientes,</em></strong></span> <span class='ocrx_word' id='word_1_47' title='bbox 350 411 434 445; x_wconf 83' lang='lat' dir='ltr'><strong><em>magis</em></strong></span> <span class='ocrx_word' id='word_1_48' title='bbox 447 411 567 445; x_wconf 85' lang='lat' dir='ltr'><strong><em>subjecti,</em></strong></span> <span class='ocrx_word' id='word_1_49' title='bbox 581 419 660 446; x_wconf 89' lang='lat' dir='ltr'><strong><em>quam</em></strong></span> <span class='ocrx_word' id='word_1_50' title='bbox 673 410 814 446; x_wconf 85' lang='lat' dir='ltr'><strong><em>subjicien-</em></strong></span> 
     </span>
    </p>
   </div>
   <div class='ocr_carea' id='block_1_8' title="bbox 49 456 813 493">
    <p class='ocr_par' dir='ltr' id='par_1_8' title="bbox 49 456 813 493">
     <span class='ocr_line' id='line_1_8' title="bbox 49 456 813 493; baseline 0 -8"><span class='ocrx_word' id='word_1_51' title='bbox 49 465 80 485; x_wconf 73' lang='grc' dir='ltr'>ιω</span> <span class='ocrx_word' id='word_1_52' title='bbox 96 458 157 493; x_wconf 84' lang='grc'>(79).</span> <span class='ocrx_word' id='word_1_53' title='bbox 174 457 307 484; x_wconf 60' lang='lat' dir='ltr'><strong><em>Secunda:</em></strong></span> <span class='ocrx_word' id='word_1_54' title='bbox 324 464 388 484; x_wconf 83' lang='lat' dir='ltr'><strong><em>vero</em></strong></span> <span class='ocrx_word' id='word_1_55' title='bbox 402 456 466 484; x_wconf 87' lang='lat' dir='ltr'><strong><em>dum</em></strong></span> <span class='ocrx_word' id='word_1_56' title='bbox 485 457 582 485; x_wconf 78' lang='lat' dir='ltr'><strong><em>scribit</em></strong></span> <span class='ocrx_word' id='word_1_57' title='bbox 596 467 602 484; x_wconf 95' lang='lat'>:</span> <span class='ocrx_word' id='word_1_58' title='bbox 621 457 680 485; x_wconf 86' lang='lat' dir='ltr'><strong><em>Noe</em></strong></span> <span class='ocrx_word' id='word_1_59' title='bbox 689 458 813 492; x_wconf 70' lang='lat' dir='ltr'><strong><em>paeniten-</em></strong></span> 
     </span>
    </p>
   </div>
   <div class='ocr_carea' id='block_1_9' title="bbox 49 503 812 539">
    <p class='ocr_par' dir='ltr' id='par_1_9' title="bbox 49 503 812 539">
     <span class='ocr_line' id='line_1_9' title="bbox 49 503 812 539; baseline 0 -8"><span class='ocrx_word' id='word_1_60' title='bbox 49 506 102 531; x_wconf 87' lang='lat' dir='ltr'><strong><em>tiam</em></strong></span> <span class='ocrx_word' id='word_1_61' title='bbox 115 503 279 538; x_wconf 69' lang='lat' dir='ltr'><strong><em>pradicavit;</em></strong></span> <span class='ocrx_word' id='word_1_62' title='bbox 297 507 322 530; x_wconf 88' lang='lat' dir='ltr'><strong><em>et</em></strong></span> <span class='ocrx_word' id='word_1_63' title='bbox 334 503 380 538; x_wconf 86' lang='lat' dir='ltr'><strong><em>qui</em></strong></span> <span class='ocrx_word' id='word_1_64' title='bbox 390 503 552 534; x_wconf 85' lang='lat' dir='ltr'><strong><em>obedierunt,</em></strong></span> <span class='ocrx_word' id='word_1_65' title='bbox 562 505 658 531; x_wconf 80' lang='lat' dir='ltr'><strong><em>servati</em></strong></span> <span class='ocrx_word' id='word_1_66' title='bbox 673 509 732 531; x_wconf 86' lang='lat' dir='ltr'><strong><em>sunt</em></strong></span> <span class='ocrx_word' id='word_1_67' title='bbox 745 503 812 539; x_wconf 86' lang='lat'><strong><em>(80).</em></strong></span> 
     </span>
    </p>
   </div>
   <div class='ocr_carea' id='block_1_10' title="bbox 49 549 814 585">
    <p class='ocr_par' dir='ltr' id='par_1_10' title="bbox 49 549 814 585">
     <span class='ocr_line' id='line_1_10' title="bbox 49 549 814 585; baseline 0.003 -9"><span class='ocrx_word' id='word_1_68' title='bbox 49 550 145 585; x_wconf 81' lang='lat' dir='ltr'><strong><em>Propter</em></strong></span> <span class='ocrx_word' id='word_1_69' title='bbox 165 549 372 583; x_wconf 68' lang='lat' dir='ltr'><strong><em>hospitalitatem</em></strong></span> <span class='ocrx_word' id='word_1_70' title='bbox 387 553 412 576; x_wconf 87' lang='lat' dir='ltr'><strong><em>et</em></strong></span> <span class='ocrx_word' id='word_1_71' title='bbox 432 550 555 583; x_wconf 75' lang='lat' dir='ltr'><strong><em>pietatem</em></strong></span> <span class='ocrx_word' id='word_1_72' title='bbox 583 549 633 577; x_wconf 88' lang='lat' dir='ltr'><strong><em>Lot</em></strong></span> <span class='ocrx_word' id='word_1_73' title='bbox 654 559 668 577; x_wconf 88' lang='lat' dir='ltr'><strong><em>e</em></strong></span> <span class='ocrx_word' id='word_1_74' title='bbox 692 550 814 578; x_wconf 76' lang='lat' dir='ltr'><strong><em>Sodomis</em></strong></span> 
     </span>
    </p>
   </div>
   <div class='ocr_carea' id='block_1_11' title="bbox 48 595 815 630">
    <p class='ocr_par' dir='ltr' id='par_1_11' title="bbox 48 595 815 630">
     <span class='ocr_line' id='line_1_11' title="bbox 48 595 815 630; baseline 0 -8"><span class='ocrx_word' id='word_1_75' title='bbox 48 596 122 622; x_wconf 77' lang='lat' dir='ltr'><strong><em>talrus</em></strong></span> <span class='ocrx_word' id='word_1_76' title='bbox 135 595 222 626; x_wconf 82' lang='lat' dir='ltr'><strong><em>evasit,</em></strong></span> <span class='ocrx_word' id='word_1_77' title='bbox 240 602 300 621; x_wconf 83' lang='lat' dir='ltr'><strong><em>eum</em></strong></span> <span class='ocrx_word' id='word_1_78' title='bbox 329 598 385 620; x_wconf 81' lang='lat' dir='ltr'><strong><em>tota</em></strong></span> <span class='ocrx_word' id='word_1_79' title='bbox 408 595 479 629; x_wconf 88' lang='lat' dir='ltr'><strong><em>regio</em></strong></span> <span class='ocrx_word' id='word_1_80' title='bbox 495 595 684 629; x_wconf 83' lang='lat' dir='ltr'><strong><em>cireumjacens</em></strong></span> <span class='ocrx_word' id='word_1_81' title='bbox 711 596 770 630; x_wconf 89' lang='lat' dir='ltr'><strong><em>igne</em></strong></span> <span class='ocrx_word' id='word_1_82' title='bbox 791 600 815 622; x_wconf 88' lang='lat' dir='ltr'><strong><em>et</em></strong></span> 
     </span>
    </p>
   </div>
   <div class='ocr_carea' id='block_1_12' title="bbox 48 640 817 676">
    <p class='ocr_par' dir='ltr' id='par_1_12' title="bbox 48 640 817 676">
     <span class='ocr_line' id='line_1_12' title="bbox 48 640 817 676; baseline -0.001 -8"><span class='ocrx_word' id='word_1_83' title='bbox 48 642 153 675; x_wconf 72' lang='lat' dir='ltr'><strong><em>sulphure</em></strong></span> <span class='ocrx_word' id='word_1_84' title='bbox 172 641 300 668; x_wconf 85' lang='lat' dir='ltr'><strong><em>damnata</em></strong></span> <span class='ocrx_word' id='word_1_85' title='bbox 315 645 391 668; x_wconf 76' lang='lat' dir='ltr'><strong><em>esset.</em></strong></span> <span class='ocrx_word' id='word_1_86' title='bbox 407 640 503 667; x_wconf 88' lang='lat' dir='ltr'><strong><em>Palam</em></strong></span> <span class='ocrx_word' id='word_1_87' title='bbox 517 640 578 675; x_wconf 78' lang='lat' dir='ltr'><strong><em>fecit</em></strong></span> <span class='ocrx_word' id='word_1_88' title='bbox 591 641 672 672; x_wconf 87' lang='lat' dir='ltr'><strong><em>Deus,</em></strong></span> <span class='ocrx_word' id='word_1_89' title='bbox 682 641 750 676; x_wconf 86' lang='lat' dir='ltr'><strong><em>quod</em></strong></span> <span class='ocrx_word' id='word_1_90' title='bbox 762 649 817 676; x_wconf 84' lang='lat' dir='ltr'><strong><em>spe-</em></strong></span> 
     </span>
    </p>
   </div>
   <div class='ocr_carea' id='block_1_13' title="bbox 48 687 816 723">
    <p class='ocr_par' dir='ltr' id='par_1_13' title="bbox 48 687 816 723">
     <span class='ocr_line' id='line_1_13' title="bbox 48 687 816 723; baseline 0 -10"><span class='ocrx_word' id='word_1_91' title='bbox 48 691 122 715; x_wconf 84' lang='lat' dir='ltr'><strong><em>rantes</em></strong></span> <span class='ocrx_word' id='word_1_92' title='bbox 131 688 153 714; x_wconf 86' lang='lat' dir='ltr'><strong><em>in</em></strong></span> <span class='ocrx_word' id='word_1_93' title='bbox 167 695 192 714; x_wconf 91' lang='lat' dir='ltr'><strong><em>se</em></strong></span> <span class='ocrx_word' id='word_1_94' title='bbox 204 696 255 714; x_wconf 86' lang='lat' dir='ltr'><strong><em>non</em></strong></span> <span class='ocrx_word' id='word_1_95' title='bbox 274 687 441 722; x_wconf 84' lang='lat' dir='ltr'><strong><em>derelinquit,</em></strong></span> <span class='ocrx_word' id='word_1_96' title='bbox 459 695 502 714; x_wconf 86' lang='lat' dir='ltr'><strong><em>eos</em></strong></span> <span class='ocrx_word' id='word_1_97' title='bbox 515 695 584 719; x_wconf 80' lang='lat' dir='ltr'><strong><em>vero,</em></strong></span> <span class='ocrx_word' id='word_1_98' title='bbox 600 688 644 723; x_wconf 83' lang='lat' dir='ltr'><strong><em>qui</em></strong></span> <span class='ocrx_word' id='word_1_99' title='bbox 668 688 695 714; x_wconf 83' lang='lat' dir='ltr'><strong><em>in</em></strong></span> <span class='ocrx_word' id='word_1_100' title='bbox 715 693 816 714; x_wconf 83' lang='lat' dir='ltr'><strong><em>contra-</em></strong></span> 
     </span>
    </p>
   </div>
   <div class='ocr_carea' id='block_1_14' title="bbox 49 733 752 769">
    <p class='ocr_par' dir='ltr' id='par_1_14' title="bbox 49 733 752 769">
     <span class='ocr_line' id='line_1_14' title="bbox 49 733 752 769; baseline 0 -8"><span class='ocrx_word' id='word_1_101' title='bbox 49 735 82 761; x_wconf 83' lang='lat' dir='ltr'><strong><em>ria</em></strong></span> <span class='ocrx_word' id='word_1_102' title='bbox 95 733 228 764; x_wconf 84' lang='lat' dir='ltr'><strong><em>declinant,</em></strong></span> <span class='ocrx_word' id='word_1_103' title='bbox 246 735 384 768; x_wconf 80' lang='lat' dir='ltr'><strong><em>punitione</em></strong></span> <span class='ocrx_word' id='word_1_104' title='bbox 399 741 430 760; x_wconf 81' lang='lat' dir='ltr'><strong><em>ac</em></strong></span> <span class='ocrx_word' id='word_1_105' title='bbox 441 734 568 768; x_wconf 84' lang='lat' dir='ltr'><strong><em>supplicio</em></strong></span> <span class='ocrx_word' id='word_1_106' title='bbox 584 734 663 769; x_wconf 74' lang='lat' dir='ltr'><strong><em>afﬁcit</em></strong></span> <span class='ocrx_word' id='word_1_107' title='bbox 685 733 752 769; x_wconf 91' lang='lat'><strong><em>(8|).</em></strong></span> 
     </span>
    </p>
   </div>
   <div class='ocr_carea' id='block_1_15' title="bbox 77 778 816 814">
    <p class='ocr_par' dir='ltr' id='par_1_15' title="bbox 77 778 816 814">
     <span class='ocr_line' id='line_1_15' title="bbox 77 778 816 814; baseline -0.001 -8"><span class='ocrx_word' id='word_1_108' title='bbox 77 779 117 806; x_wconf 65' lang='lat' dir='ltr'><strong><em>llas</em></strong></span> <span class='ocrx_word' id='word_1_109' title='bbox 130 783 214 806; x_wconf 84' lang='lat' dir='ltr'><strong><em>autem</em></strong></span> <span class='ocrx_word' id='word_1_110' title='bbox 238 779 418 814; x_wconf 75' lang='lat' dir='ltr'><strong><em>allegationes</em></strong></span> <span class='ocrx_word' id='word_1_111' title='bbox 434 779 488 806; x_wconf 87' lang='lat' dir='ltr'><strong><em>divi</em></strong></span> <span class='ocrx_word' id='word_1_112' title='bbox 505 778 656 806; x_wconf 78' lang='lat' dir='ltr'><strong><em>Clementis</em></strong></span> <span class='ocrx_word' id='word_1_113' title='bbox 677 786 710 806; x_wconf 87' lang='lat' dir='ltr'><strong><em>eo</em></strong></span> <span class='ocrx_word' id='word_1_114' title='bbox 726 779 816 814; x_wconf 78' lang='lat' dir='ltr'><strong><em>majus</em></strong></span> 
     </span>
    </p>
   </div>
   <div class='ocr_carea' id='block_1_16' title="bbox 49 824 816 860">
    <p class='ocr_par' dir='ltr' id='par_1_16' title="bbox 49 824 816 860">
     <span class='ocr_line' id='line_1_16' title="bbox 49 824 816 860; baseline -0.004 -6"><span class='ocrx_word' id='word_1_115' title='bbox 49 826 134 854; x_wconf 79' lang='lat' dir='ltr'><strong><em>habere</em></strong></span> <span class='ocrx_word' id='word_1_116' title='bbox 150 825 226 852; x_wconf 88' lang='lat' dir='ltr'><strong><em>nobis</em></strong></span> <span class='ocrx_word' id='word_1_117' title='bbox 244 825 373 853; x_wconf 66' lang='lat' dir='ltr'><strong><em>videntur</em></strong></span> <span class='ocrx_word' id='word_1_118' title='bbox 390 825 506 860; x_wconf 88' lang='lat' dir='ltr'><strong><em>pondus,</em></strong></span> <span class='ocrx_word' id='word_1_119' title='bbox 525 824 598 860; x_wconf 87' lang='lat' dir='ltr'><strong><em>quod</em></strong></span> <span class='ocrx_word' id='word_1_120' title='bbox 616 825 643 851; x_wconf 92' lang='lat' dir='ltr'><strong><em>in</em></strong></span> <span class='ocrx_word' id='word_1_121' title='bbox 660 825 748 860; x_wconf 89' lang='lat' dir='ltr'><strong><em>prima</em></strong></span> <span class='ocrx_word' id='word_1_122' title='bbox 767 832 816 852; x_wconf 79' lang='lat' dir='ltr'><strong><em>sua</em></strong></span> 
     </span>
    </p>
   </div>
   <div class='ocr_carea' id='block_1_17' title="bbox 49 870 817 906">
    <p class='ocr_par' dir='ltr' id='par_1_17' title="bbox 49 870 817 906">
     <span class='ocr_line' id='line_1_17' title="bbox 49 870 817 906; baseline -0.004 -8"><span class='ocrx_word' id='word_1_123' title='bbox 49 871 147 906; x_wconf 81' lang='lat' dir='ltr'><strong><em>epistola</em></strong></span> <span class='ocrx_word' id='word_1_124' title='bbox 163 871 265 898; x_wconf 88' lang='lat' dir='ltr'><strong><em>nullum</em></strong></span> <span class='ocrx_word' id='word_1_125' title='bbox 282 870 466 906; x_wconf 77' lang='lat' dir='ltr'><strong><em>apocryphum</em></strong></span> <span class='ocrx_word' id='word_1_126' title='bbox 482 878 552 905; x_wconf 91' lang='lat' dir='ltr'><strong><em>opus</em></strong></span> <span class='ocrx_word' id='word_1_127' title='bbox 567 874 718 902; x_wconf 87' lang='lat' dir='ltr'><strong><em>memoret;</em></strong></span> <span class='ocrx_word' id='word_1_128' title='bbox 741 871 817 896; x_wconf 77' lang='lat' dir='ltr'><strong><em>locus</em></strong></span> 
     </span>
    </p>
   </div>
   <div class='ocr_carea' id='block_1_18' title="bbox 48 914 819 951">
    <p class='ocr_par' dir='ltr' id='par_1_18' title="bbox 48 914 819 951">
     <span class='ocr_line' id='line_1_18' title="bbox 48 914 819 951; baseline -0.005 -7"><span class='ocrx_word' id='word_1_129' title='bbox 48 917 109 944; x_wconf 69' lang='lat' dir='ltr'><strong><em>enim</em></strong></span> <span class='ocrx_word' id='word_1_130' title='bbox 127 917 170 943; x_wconf 93' lang='lat' dir='ltr'><strong><em>ille</em></strong></span> <span class='ocrx_word' id='word_1_131' title='bbox 190 916 292 951; x_wconf 84' lang='lat' dir='ltr'><strong><em>capitis</em></strong></span> <span class='ocrx_word' id='word_1_132' title='bbox 314 915 439 942; x_wconf 80' lang='lat' dir='ltr'><strong><em>vicesimi</em></strong></span> <span class='ocrx_word' id='word_1_133' title='bbox 464 915 538 941; x_wconf 80' lang='lat' dir='ltr'><strong><em>tertii</em></strong></span> <span class='ocrx_word' id='word_1_134' title='bbox 560 914 661 950; x_wconf 80' lang='lat' dir='ltr'><strong><em>(miseri</em></strong></span> <span class='ocrx_word' id='word_1_135' title='bbox 689 920 760 945; x_wconf 76' lang='lat' dir='ltr'><strong><em>sunt,</em></strong></span> <span class='ocrx_word' id='word_1_136' title='bbox 774 914 819 949; x_wconf 86' lang='lat' dir='ltr'><strong><em>qui</em></strong></span> 
     </span>
    </p>
   </div>
   <div class='ocr_carea' id='block_1_19' title="bbox 48 959 819 996">
    <p class='ocr_par' dir='ltr' id='par_1_19' title="bbox 48 959 819 996">
     <span class='ocr_line' id='line_1_19' title="bbox 48 959 819 996; baseline -0.003 -8"><span class='ocrx_word' id='word_1_137' title='bbox 48 963 122 989; x_wconf 85' lang='lat' dir='ltr'><strong><em>animo</em></strong></span> <span class='ocrx_word' id='word_1_138' title='bbox 135 966 192 988; x_wconf 86' lang='lat' dir='ltr'><strong><em>sunt</em></strong></span> <span class='ocrx_word' id='word_1_139' title='bbox 200 960 328 996; x_wconf 81' lang='lat' dir='ltr'><strong><em>duplices)</em></strong></span> <span class='ocrx_word' id='word_1_140' title='bbox 339 967 524 995; x_wconf 82' lang='lat' dir='ltr'><strong><em>nequaquam,</em></strong></span> <span class='ocrx_word' id='word_1_141' title='bbox 538 964 566 986; x_wconf 93' lang='lat' dir='ltr'><strong><em>ut</em></strong></span> <span class='ocrx_word' id='word_1_142' title='bbox 578 959 694 986; x_wconf 87' lang='lat' dir='ltr'><strong><em>Grabius</em></strong></span> <span class='ocrx_word' id='word_1_143' title='bbox 708 959 762 995; x_wconf 74' lang='lat'><strong><em>(82)</em></strong></span> <span class='ocrx_word' id='word_1_144' title='bbox 775 967 819 985; x_wconf 87' lang='lat' dir='ltr'><strong><em>ar-</em></strong></span> 
     </span>
    </p>
   </div>
   <div class='ocr_carea' id='block_1_20' title="bbox 48 1005 819 1041">
    <p class='ocr_par' dir='ltr' id='par_1_20' title="bbox 48 1005 819 1041">
     <span class='ocr_line' id='line_1_20' title="bbox 48 1005 819 1041; baseline -0.003 -6"><span class='ocrx_word' id='word_1_145' title='bbox 48 1009 148 1036; x_wconf 87' lang='lat' dir='ltr'><strong><em>bitratus</em></strong></span> <span class='ocrx_word' id='word_1_146' title='bbox 173 1011 232 1039; x_wconf 85' lang='lat' dir='ltr'><strong><em>est,</em></strong></span> <span class='ocrx_word' id='word_1_147' title='bbox 268 1014 284 1033; x_wconf 90' lang='lat' dir='ltr'><strong><em>e</em></strong></span> <span class='ocrx_word' id='word_1_148' title='bbox 312 1006 448 1040; x_wconf 70' lang='lat' dir='ltr'><strong><em>Scriptura</em></strong></span> <span class='ocrx_word' id='word_1_149' title='bbox 478 1005 632 1041; x_wconf 86' lang='lat' dir='ltr'><strong><em>apocrypha</em></strong></span> <span class='ocrx_word' id='word_1_150' title='bbox 658 1005 819 1040; x_wconf 87' lang='lat' dir='ltr'><strong><em>desumptus</em></strong></span> 
     </span>
    </p>
   </div>
   <div class='ocr_carea' id='block_1_21' title="bbox 47 1051 820 1087">
    <p class='ocr_par' dir='ltr' id='par_1_21' title="bbox 47 1051 820 1087">
     <span class='ocr_line' id='line_1_21' title="bbox 47 1051 820 1087; baseline -0.004 -6"><span class='ocrx_word' id='word_1_151' title='bbox 47 1059 92 1085; x_wconf 76' lang='lat' dir='ltr'><strong><em>est,</em></strong></span> <span class='ocrx_word' id='word_1_152' title='bbox 112 1053 167 1085; x_wconf 85' lang='lat' dir='ltr'><strong><em>sed,</em></strong></span> <span class='ocrx_word' id='word_1_153' title='bbox 187 1057 215 1080; x_wconf 88' lang='lat' dir='ltr'><strong><em>ut</em></strong></span> <span class='ocrx_word' id='word_1_154' title='bbox 229 1053 302 1080; x_wconf 86' lang='lat' dir='ltr'><strong><em>bene</em></strong></span> <span class='ocrx_word' id='word_1_155' title='bbox 328 1052 433 1079; x_wconf 80' lang='lat' dir='ltr'><strong><em>notavit</em></strong></span> <span class='ocrx_word' id='word_1_156' title='bbox 454 1051 614 1079; x_wconf 87' lang='lat' dir='ltr'><strong><em>Gallandius</em></strong></span> <span class='ocrx_word' id='word_1_157' title='bbox 636 1051 703 1087; x_wconf 78' lang='lat'><strong>(83),</strong></span> <span class='ocrx_word' id='word_1_158' title='bbox 717 1051 820 1079; x_wconf 80' lang='lat' dir='ltr'><strong><em>ibidem</em></strong></span> 
     </span>
    </p>
   </div>
   <div class='ocr_carea' id='block_1_22' title="bbox 49 1098 819 1134">
    <p class='ocr_par' dir='ltr' id='par_1_22' title="bbox 49 1098 819 1134">
     <span class='ocr_line' id='line_1_22' title="bbox 49 1098 819 1134; baseline -0.001 -7"><span class='ocrx_word' id='word_1_159' title='bbox 49 1099 74 1127; x_wconf 86' lang='grc' dir='ltr'><strong><em>Ι).</em></strong></span> <span class='ocrx_word' id='word_1_160' title='bbox 85 1099 200 1127; x_wconf 76' lang='lat' dir='ltr'><strong><em>Pontifex</em></strong></span> <span class='ocrx_word' id='word_1_161' title='bbox 226 1098 324 1126; x_wconf 89' lang='lat' dir='ltr'><strong><em>alludit</em></strong></span> <span class='ocrx_word' id='word_1_162' title='bbox 348 1098 382 1125; x_wconf 90' lang='lat' dir='ltr'><strong><em>ad</em></strong></span> <span class='ocrx_word' id='word_1_163' title='bbox 406 1106 516 1125; x_wconf 84' lang='lat' dir='ltr'><strong><em>versum</em></strong></span> <span class='ocrx_word' id='word_1_164' title='bbox 543 1102 670 1125; x_wconf 89' lang='lat' dir='ltr'><strong><em>octavum</em></strong></span> <span class='ocrx_word' id='word_1_165' title='bbox 688 1098 786 1134; x_wconf 86' lang='lat' dir='ltr'><strong><em>capitis</em></strong></span> <span class='ocrx_word' id='word_1_166' title='bbox 810 1106 819 1125; x_wconf 88' lang='grc' dir='ltr'><strong><em>ι</em></strong></span> 
     </span>
    </p>
   </div>
   <div class='ocr_carea' id='block_1_23' title="bbox 48 1144 820 1182">
    <p class='ocr_par' dir='ltr' id='par_1_23' title="bbox 48 1144 820 1182">
     <span class='ocr_line' id='line_1_23' title="bbox 48 1144 820 1182; baseline -0.003 -9"><span class='ocrx_word' id='word_1_167' title='bbox 48 1147 159 1182; x_wconf 65' lang='lat' dir='ltr'><strong><em>Epistolis</em></strong></span> <span class='ocrx_word' id='word_1_168' title='bbox 172 1145 227 1173; x_wconf 89' lang='lat' dir='ltr'><strong><em>divi</em></strong></span> <span class='ocrx_word' id='word_1_169' title='bbox 249 1144 357 1176; x_wconf 78' lang='lat' dir='ltr'><strong><em>Jacobi,</em></strong></span> <span class='ocrx_word' id='word_1_170' title='bbox 381 1150 462 1180; x_wconf 86' lang='lat' dir='ltr'><strong><em>atque</em></strong></span> <span class='ocrx_word' id='word_1_171' title='bbox 485 1145 519 1172; x_wconf 90' lang='lat' dir='ltr'><strong><em>ad</em></strong></span> <span class='ocrx_word' id='word_1_172' title='bbox 541 1153 639 1172; x_wconf 88' lang='lat' dir='ltr'><strong><em>versus</em></strong></span> <span class='ocrx_word' id='word_1_173' title='bbox 661 1145 771 1172; x_wconf 90' lang='lat' dir='ltr'><strong><em>tertium</em></strong></span> <span class='ocrx_word' id='word_1_174' title='bbox 788 1152 820 1172; x_wconf 92' lang='lat' dir='ltr'><strong><em>ac</em></strong></span> 
     </span>
    </p>
   </div>
   <div class='ocr_carea' id='block_1_24' title="bbox 48 1190 728 1228">
    <p class='ocr_par' dir='ltr' id='par_1_24' title="bbox 48 1190 728 1228">
     <span class='ocr_line' id='line_1_24' title="bbox 48 1190 728 1228; baseline -0.001 -9"><span class='ocrx_word' id='word_1_175' title='bbox 48 1196 158 1228; x_wconf 85' lang='lat' dir='ltr'><strong><em>quartum</em></strong></span> <span class='ocrx_word' id='word_1_176' title='bbox 172 1191 273 1227; x_wconf 87' lang='lat' dir='ltr'><strong><em>capitis</em></strong></span> <span class='ocrx_word' id='word_1_177' title='bbox 283 1199 314 1217; x_wconf 93' lang='grc' dir='ltr'><strong><em>ιιι</em></strong></span> <span class='ocrx_word' id='word_1_178' title='bbox 323 1191 450 1219; x_wconf 65' lang='lat' dir='ltr'><strong><em>secunde</em></strong></span> <span class='ocrx_word' id='word_1_179' title='bbox 467 1190 498 1218; x_wconf 91' lang='lat' dir='ltr'><strong><em>D.</em></strong></span> <span class='ocrx_word' id='word_1_180' title='bbox 508 1190 582 1218; x_wconf 85' lang='lat' dir='ltr'><strong><em>Petri</em></strong></span> <span class='ocrx_word' id='word_1_181' title='bbox 592 1191 728 1226; x_wconf 64' lang='lat' dir='ltr'><strong><em>Epistolas.</em></strong></span> 
     </span>
    </p>
   </div>
   <div class='ocr_carea' id='block_1_25' title="bbox 77 1236 820 1272">
    <p class='ocr_par' dir='ltr' id='par_1_25' title="bbox 77 1236 820 1272">
     <span class='ocr_line' id='line_1_25' title="bbox 77 1236 820 1272; baseline 0 -8"><span class='ocrx_word' id='word_1_182' title='bbox 77 1237 102 1265; x_wconf 93' lang='lat' dir='ltr'><strong><em>ln</em></strong></span> <span class='ocrx_word' id='word_1_183' title='bbox 115 1238 195 1265; x_wconf 88' lang='lat' dir='ltr'><strong><em>altera</em></strong></span> <span class='ocrx_word' id='word_1_184' title='bbox 214 1237 328 1272; x_wconf 84' lang='lat' dir='ltr'><strong><em>quidem</em></strong></span> <span class='ocrx_word' id='word_1_185' title='bbox 347 1237 437 1264; x_wconf 88' lang='lat' dir='ltr'><strong><em>sancti</em></strong></span> <span class='ocrx_word' id='word_1_186' title='bbox 449 1236 602 1264; x_wconf 88' lang='lat' dir='ltr'><strong><em>Clementis</em></strong></span> <span class='ocrx_word' id='word_1_187' title='bbox 617 1237 650 1264; x_wconf 90' lang='lat' dir='ltr'><strong><em>ad</em></strong></span> <span class='ocrx_word' id='word_1_188' title='bbox 663 1236 820 1264; x_wconf 85' lang='lat' dir='ltr'><strong><em>Corinthios</em></strong></span> 
     </span>
    </p>
   </div>
   <div class='ocr_carea' id='block_1_26' title="bbox 47 1282 821 1318">
    <p class='ocr_par' dir='ltr' id='par_1_26' title="bbox 47 1282 821 1318">
     <span class='ocr_line' id='line_1_26' title="bbox 47 1282 821 1318; baseline 0 -8"><span class='ocrx_word' id='word_1_189' title='bbox 47 1282 152 1318; x_wconf 83' lang='lat' dir='ltr'><strong><em>Epistola</em></strong></span> <span class='ocrx_word' id='word_1_190' title='bbox 167 1282 306 1318; x_wconf 87' lang='lat' dir='ltr'><strong><em>duplicem</em></strong></span> <span class='ocrx_word' id='word_1_191' title='bbox 321 1282 461 1309; x_wconf 82' lang='lat' dir='ltr'><strong><em>ull&#39;endunt</em></strong></span> <span class='ocrx_word' id='word_1_192' title='bbox 468 1282 555 1309; x_wconf 81' lang='lat' dir='ltr'><strong><em>critici</em></strong></span> <span class='ocrx_word' id='word_1_193' title='bbox 569 1282 658 1308; x_wconf 90' lang='lat' dir='ltr'><strong><em>locum</em></strong></span> <span class='ocrx_word' id='word_1_194' title='bbox 672 1290 704 1309; x_wconf 83' lang='lat' dir='ltr'><strong><em>ex</em></strong></span> <span class='ocrx_word' id='word_1_195' title='bbox 717 1283 821 1318; x_wconf 89' lang='lat' dir='ltr'><strong><em>scripto</em></strong></span> 
     </span>
    </p>
   </div>
   <div class='ocr_carea' id='block_1_27' title="bbox 47 1326 822 1363">
    <p class='ocr_par' dir='ltr' id='par_1_27' title="bbox 47 1326 822 1363">
     <span class='ocr_line' id='line_1_27' title="bbox 47 1326 822 1363; baseline 0 -9"><span class='ocrx_word' id='word_1_196' title='bbox 47 1328 186 1363; x_wconf 74' lang='lat' dir='ltr'><strong><em>apocrypha</em></strong></span> <span class='ocrx_word' id='word_1_197' title='bbox 219 1327 369 1362; x_wconf 86' lang='lat' dir='ltr'><strong><em>prolatum.</em></strong></span> <span class='ocrx_word' id='word_1_198' title='bbox 405 1326 515 1354; x_wconf 82' lang='lat' dir='ltr'><strong><em>Primus</em></strong></span> <span class='ocrx_word' id='word_1_199' title='bbox 540 1327 582 1354; x_wconf 89' lang='lat' dir='ltr'><strong><em>sic</em></strong></span> <span class='ocrx_word' id='word_1_200' title='bbox 607 1334 637 1355; x_wconf 88' lang='lat' dir='ltr'><strong><em>se</em></strong></span> <span class='ocrx_word' id='word_1_201' title='bbox 656 1327 758 1361; x_wconf 80' lang='lat' dir='ltr'><strong><em>habet;</em></strong></span> <span class='ocrx_word' id='word_1_202' title='bbox 784 1329 822 1354; x_wconf 88' lang='lat' dir='ltr'><strong><em>ait</em></strong></span> 
     </span>
    </p>
   </div>
   <div class='ocr_carea' id='block_1_28' title="bbox 47 1372 822 1410">
    <p class='ocr_par' dir='ltr' id='par_1_28' title="bbox 47 1372 822 1410">
     <span class='ocr_line' id='line_1_28' title="bbox 47 1372 822 1410; baseline -0.001 -9"><span class='ocrx_word' id='word_1_203' title='bbox 47 1375 133 1410; x_wconf 86' lang='lat' dir='ltr'><strong><em>quippe</em></strong></span> <span class='ocrx_word' id='word_1_204' title='bbox 146 1374 278 1401; x_wconf 87' lang='lat' dir='ltr'><strong><em>Dominus</em></strong></span> <span class='ocrx_word' id='word_1_205' title='bbox 298 1374 325 1400; x_wconf 93' lang='lat' dir='ltr'><strong><em>in</em></strong></span> <span class='ocrx_word' id='word_1_206' title='bbox 342 1373 509 1408; x_wconf 81' lang='lat' dir='ltr'><strong><em>Evangelio:</em></strong></span> <span class='ocrx_word' id='word_1_207' title='bbox 524 1372 555 1400; x_wconf 87' lang='lat' dir='ltr'><strong><em>Si</em></strong></span> <span class='ocrx_word' id='word_1_208' title='bbox 574 1381 683 1408; x_wconf 85' lang='lat' dir='ltr'><strong><em>parvum</em></strong></span> <span class='ocrx_word' id='word_1_209' title='bbox 698 1382 749 1400; x_wconf 86' lang='lat' dir='ltr'><strong><em>non</em></strong></span> <span class='ocrx_word' id='word_1_210' title='bbox 766 1382 822 1401; x_wconf 89' lang='lat' dir='ltr'><strong><em>ser-</em></strong></span> 
     </span>
    </p>
   </div>
   <div class='ocr_carea' id='block_1_29' title="bbox 47 1418 821 1455">
    <p class='ocr_par' dir='ltr' id='par_1_29' title="bbox 47 1418 821 1455">
     <span class='ocr_line' id='line_1_29' title="bbox 47 1418 821 1455; baseline 0 -8"><span class='ocrx_word' id='word_1_211' title='bbox 47 1421 127 1453; x_wconf 78' lang='lat' dir='ltr'><strong><em>lastis,</em></strong></span> <span class='ocrx_word' id='word_1_212' title='bbox 138 1421 193 1455; x_wconf 87' lang='lat' dir='ltr'><strong><em>quis</em></strong></span> <span class='ocrx_word' id='word_1_213' title='bbox 208 1427 334 1454; x_wconf 86' lang='lat' dir='ltr'><strong><em>magnum</em></strong></span> <span class='ocrx_word' id='word_1_214' title='bbox 356 1418 430 1445; x_wconf 88' lang='lat' dir='ltr'><strong><em>dabit</em></strong></span> <span class='ocrx_word' id='word_1_215' title='bbox 444 1419 536 1446; x_wconf 81' lang='lat' dir='ltr'><strong><em>vobis?</em></strong></span> <span class='ocrx_word' id='word_1_216' title='bbox 560 1418 618 1446; x_wconf 82' lang='lat' dir='ltr'><strong><em>dico</em></strong></span> <span class='ocrx_word' id='word_1_217' title='bbox 639 1419 710 1446; x_wconf 87' lang='lat' dir='ltr'><strong><em>enim</em></strong></span> <span class='ocrx_word' id='word_1_218' title='bbox 730 1419 821 1447; x_wconf 85' lang='lat' dir='ltr'><strong><em>vobis:</em></strong></span> 
     </span>
    </p>
   </div>
   <div class='ocr_carea' id='block_1_30' title="bbox 49 1465 818 1501">
    <p class='ocr_par' dir='ltr' id='par_1_30' title="bbox 49 1465 818 1501">
     <span class='ocr_line' id='line_1_30' title="bbox 49 1465 818 1501; baseline 0 -8"><span class='ocrx_word' id='word_1_219' title='bbox 49 1466 93 1499; x_wconf 82' lang='lat' dir='ltr'><strong><em>Qui</em></strong></span> <span class='ocrx_word' id='word_1_220' title='bbox 106 1466 185 1501; x_wconf 76' lang='lat' dir='ltr'><strong><em>ﬁdelis</em></strong></span> <span class='ocrx_word' id='word_1_221' title='bbox 198 1471 235 1493; x_wconf 79' lang='lat' dir='ltr'><strong><em>est</em></strong></span> <span class='ocrx_word' id='word_1_222' title='bbox 257 1465 284 1492; x_wconf 89' lang='lat' dir='ltr'><strong><em>in</em></strong></span> <span class='ocrx_word' id='word_1_223' title='bbox 302 1465 421 1497; x_wconf 86' lang='lat' dir='ltr'><strong><em>minimo,</em></strong></span> <span class='ocrx_word' id='word_1_224' title='bbox 438 1469 462 1492; x_wconf 88' lang='lat' dir='ltr'><strong><em>et</em></strong></span> <span class='ocrx_word' id='word_1_225' title='bbox 477 1465 505 1491; x_wconf 88' lang='lat' dir='ltr'><strong><em>in</em></strong></span> <span class='ocrx_word' id='word_1_226' title='bbox 522 1465 620 1499; x_wconf 81' lang='lat' dir='ltr'><strong><em>majori</em></strong></span> <span class='ocrx_word' id='word_1_227' title='bbox 632 1465 718 1500; x_wconf 82' lang='lat' dir='ltr'><strong><em>fidelis</em></strong></span> <span class='ocrx_word' id='word_1_228' title='bbox 731 1470 769 1493; x_wconf 86' lang='lat' dir='ltr'><strong><em>est</em></strong></span> <span class='ocrx_word' id='word_1_229' title='bbox 785 1466 818 1493; x_wconf 82' lang='lat'><strong><em>&quot;.</em></strong></span> 
     </span>
    </p>
   </div>
   <div class='ocr_carea' id='block_1_31' title="bbox 48 1511 822 1542">
    <p class='ocr_par' dir='ltr' id='par_1_31' title="bbox 48 1511 822 1542">
     <span class='ocr_line' id='line_1_31' title="bbox 48 1511 822 1542; baseline -0.003 0"><span class='ocrx_word' id='word_1_230' title='bbox 48 1515 136 1542; x_wconf 77' lang='lat' dir='ltr'><strong><em>Lucum</em></strong></span> <span class='ocrx_word' id='word_1_231' title='bbox 151 1521 239 1541; x_wconf 85' lang='lat' dir='ltr'><strong><em>autem</em></strong></span> <span class='ocrx_word' id='word_1_232' title='bbox 259 1514 335 1540; x_wconf 89' lang='lat' dir='ltr'><strong><em>hunc</em></strong></span> <span class='ocrx_word' id='word_1_233' title='bbox 354 1521 369 1540; x_wconf 87' lang='lat' dir='ltr'><strong><em>a</em></strong></span> <span class='ocrx_word' id='word_1_234' title='bbox 384 1517 479 1540; x_wconf 89' lang='lat' dir='ltr'><strong><em>sancto</em></strong></span> <span class='ocrx_word' id='word_1_235' title='bbox 494 1511 574 1539; x_wconf 86' lang='lat' dir='ltr'><strong><em>Patre</em></strong></span> <span class='ocrx_word' id='word_1_236' title='bbox 587 1512 664 1539; x_wconf 89' lang='lat' dir='ltr'><strong><em>velut</em></strong></span> <span class='ocrx_word' id='word_1_237' title='bbox 688 1520 721 1539; x_wconf 80' lang='lat' dir='ltr'><strong><em>ex</em></strong></span> <span class='ocrx_word' id='word_1_238' title='bbox 735 1512 822 1540; x_wconf 77' lang='lat' dir='ltr'><strong><em>Evan-</em></strong></span> 
     </span>
    </p>
   </div>
   <div class='ocr_carea' id='block_1_32' title="bbox 863 273 1649 309">
    <p class='ocr_par' dir='ltr' id='par_1_32' title="bbox 863 273 1649 309">
     <span class='ocr_line' id='line_1_32' title="bbox 863 273 1649 309; baseline 0.001 -9"><span class='ocrx_word' id='word_1_239' title='bbox 863 276 932 309; x_wconf 84' lang='lat' dir='ltr'><strong><em>quod</em></strong></span> <span class='ocrx_word' id='word_1_240' title='bbox 950 274 1033 306; x_wconf 84' lang='lat' dir='ltr'><strong><em>intus,</em></strong></span> <span class='ocrx_word' id='word_1_241' title='bbox 1056 279 1081 302; x_wconf 90' lang='lat' dir='ltr'><strong><em>et</em></strong></span> <span class='ocrx_word' id='word_1_242' title='bbox 1105 274 1251 301; x_wconf 74' lang='lat' dir='ltr'><strong><em>masculum</em></strong></span> <span class='ocrx_word' id='word_1_243' title='bbox 1271 282 1330 300; x_wconf 82' lang='lat' dir='ltr'><strong><em>cum</em></strong></span> <span class='ocrx_word' id='word_1_244' title='bbox 1348 273 1459 308; x_wconf 82' lang='lat' dir='ltr'><strong><em>femina,</em></strong></span> <span class='ocrx_word' id='word_1_245' title='bbox 1479 282 1558 308; x_wconf 87' lang='lat' dir='ltr'><strong><em>neque</em></strong></span> <span class='ocrx_word' id='word_1_246' title='bbox 1581 283 1649 305; x_wconf 82' lang='lat' dir='ltr'><strong><em>mas,</em></strong></span> 
     </span>
    </p>
   </div>
   <div class='ocr_carea' id='block_1_33' title="bbox 864 320 1652 356">
    <p class='ocr_par' dir='ltr' id='par_1_33' title="bbox 864 320 1652 356">
     <span class='ocr_line' id='line_1_33' title="bbox 864 320 1652 356; baseline 0 -9"><span class='ocrx_word' id='word_1_247' title='bbox 864 329 944 356; x_wconf 85' lang='lat' dir='ltr'><strong><em>neque</em></strong></span> <span class='ocrx_word' id='word_1_248' title='bbox 958 321 1066 356; x_wconf 82' lang='lat' dir='ltr'><strong><em>femina.</em></strong></span> <span class='ocrx_word' id='word_1_249' title='bbox 1084 320 1182 348; x_wconf 83' lang='lat' dir='ltr'><strong><em>Verum</em></strong></span> <span class='ocrx_word' id='word_1_250' title='bbox 1198 328 1252 347; x_wconf 90' lang='lat' dir='ltr'><strong><em>non</em></strong></span> <span class='ocrx_word' id='word_1_251' title='bbox 1267 320 1356 352; x_wconf 83' lang='lat' dir='ltr'><strong><em>video,</em></strong></span> <span class='ocrx_word' id='word_1_252' title='bbox 1368 320 1414 355; x_wconf 90' lang='lat' dir='ltr'><strong><em>qui</em></strong></span> <span class='ocrx_word' id='word_1_253' title='bbox 1429 320 1486 347; x_wconf 84' lang='lat' dir='ltr'><strong><em>lieri</em></strong></span> <span class='ocrx_word' id='word_1_254' title='bbox 1502 320 1605 355; x_wconf 88' lang='lat' dir='ltr'><strong><em>possit,</em></strong></span> <span class='ocrx_word' id='word_1_255' title='bbox 1621 324 1652 347; x_wconf 87' lang='lat' dir='ltr'><strong><em>ut</em></strong></span> 
     </span>
    </p>
   </div>
   <div class='ocr_carea' id='block_1_34' title="bbox 863 366 1651 403">
    <p class='ocr_par' dir='ltr' id='par_1_34' title="bbox 863 366 1651 403">
     <span class='ocr_line' id='line_1_34' title="bbox 863 366 1651 403; baseline 0 -9"><span class='ocrx_word' id='word_1_256' title='bbox 863 372 1005 403; x_wconf 83' lang='lat' dir='ltr'><strong><em>propterea</em></strong></span> <span class='ocrx_word' id='word_1_257' title='bbox 1016 367 1097 402; x_wconf 82' lang='lat' dir='ltr'><strong><em>hujus</em></strong></span> <span class='ocrx_word' id='word_1_258' title='bbox 1107 367 1194 394; x_wconf 83' lang='lat' dir='ltr'><strong><em>sancti</em></strong></span> <span class='ocrx_word' id='word_1_259' title='bbox 1209 366 1345 400; x_wconf 87' lang='lat' dir='ltr'><strong><em>pontilicis</em></strong></span> <span class='ocrx_word' id='word_1_260' title='bbox 1360 366 1546 393; x_wconf 85' lang='lat' dir='ltr'><strong><em>testimonium</em></strong></span> <span class='ocrx_word' id='word_1_261' title='bbox 1562 366 1651 402; x_wconf 87' lang='lat' dir='ltr'><strong><em>quoad</em></strong></span> 
     </span>
    </p>
   </div>
   <div class='ocr_carea' id='block_1_35' title="bbox 864 413 1651 449">
    <p class='ocr_par' dir='ltr' id='par_1_35' title="bbox 864 413 1651 449">
     <span class='ocr_line' id='line_1_35' title="bbox 864 413 1651 449; baseline -0.001 -9"><span class='ocrx_word' id='word_1_262' title='bbox 864 415 983 449; x_wconf 77' lang='lat' dir='ltr'><strong><em>genuina</em></strong></span> <span class='ocrx_word' id='word_1_263' title='bbox 1001 417 1158 442; x_wconf 86' lang='lat' dir='ltr'><strong><em>sanctorum</em></strong></span> <span class='ocrx_word' id='word_1_264' title='bbox 1175 413 1360 448; x_wconf 86' lang='lat' dir='ltr'><strong><em>apostolorum</em></strong></span> <span class='ocrx_word' id='word_1_265' title='bbox 1382 413 1484 448; x_wconf 80' lang='lat' dir='ltr'><strong><em>scripta</em></strong></span> <span class='ocrx_word' id='word_1_266' title='bbox 1505 413 1651 448; x_wconf 87' lang='lat' dir='ltr'><strong><em>repudian-</em></strong></span> 
     </span>
    </p>
   </div>
   <div class='ocr_carea' id='block_1_36' title="bbox 864 458 1116 486">
    <p class='ocr_par' dir='ltr' id='par_1_36' title="bbox 864 458 1116 486">
     <span class='ocr_line' id='line_1_36' title="bbox 864 458 1116 486; baseline -0.004 0"><span class='ocrx_word' id='word_1_267' title='bbox 864 459 928 486; x_wconf 90' lang='lat' dir='ltr'><strong><em>dum</em></strong></span> <span class='ocrx_word' id='word_1_268' title='bbox 945 459 981 486; x_wconf 86' lang='lat' dir='ltr'><strong><em>sit</em></strong></span> <span class='ocrx_word' id='word_1_269' title='bbox 995 458 1116 486; x_wconf 89' lang='lat' dir='ltr'><strong><em>omnino.</em></strong></span> 
     </span>
    </p>
   </div>
   <div class='ocr_carea' id='block_1_37' title="bbox 901 503 1654 532">
    <p class='ocr_par' dir='ltr' id='par_1_37' title="bbox 901 503 1654 532">
     <span class='ocr_line' id='line_1_37' title="bbox 901 503 1654 532; baseline -0.001 0"><span class='ocrx_word' id='word_1_270' title='bbox 901 505 1048 532; x_wconf 83' lang='lat' dir='ltr'><strong><em>Historiam</em></strong></span> <span class='ocrx_word' id='word_1_271' title='bbox 1061 505 1141 531; x_wconf 87' lang='lat' dir='ltr'><strong><em>etiam</em></strong></span> <span class='ocrx_word' id='word_1_272' title='bbox 1153 503 1246 531; x_wconf 83' lang='lat' dir='ltr'><strong><em>Judith</em></strong></span> <span class='ocrx_word' id='word_1_273' title='bbox 1262 504 1342 531; x_wconf 88' lang='lat' dir='ltr'><strong><em>divus</em></strong></span> <span class='ocrx_word' id='word_1_274' title='bbox 1358 504 1486 531; x_wconf 85' lang='lat' dir='ltr'><strong><em>Clemens</em></strong></span> <span class='ocrx_word' id='word_1_275' title='bbox 1505 512 1562 531; x_wconf 73' lang='lat' dir='ltr'><strong><em>sua:</em></strong></span> <span class='ocrx_word' id='word_1_276' title='bbox 1580 505 1654 531; x_wconf 90' lang='lat' dir='ltr'><strong><em>inse-</em></strong></span> 
     </span>
    </p>
   </div>
   <div class='ocr_carea' id='block_1_38' title="bbox 865 550 1654 587">
    <p class='ocr_par' dir='ltr' id='par_1_38' title="bbox 865 550 1654 587">
     <span class='ocr_line' id='line_1_38' title="bbox 865 550 1654 587; baseline -0.003 -8"><span class='ocrx_word' id='word_1_277' title='bbox 865 552 921 580; x_wconf 88' lang='lat' dir='ltr'><strong><em>ruit</em></strong></span> <span class='ocrx_word' id='word_1_278' title='bbox 948 551 1071 587; x_wconf 75' lang='lat' dir='ltr'><strong><em>epistolte</em></strong></span> <span class='ocrx_word' id='word_1_279' title='bbox 1098 559 1213 578; x_wconf 89' lang='lat' dir='ltr'><strong><em>numero</em></strong></span> <span class='ocrx_word' id='word_1_280' title='bbox 1238 559 1287 578; x_wconf 88' lang='lat' dir='ltr'><strong><em>seu</em></strong></span> <span class='ocrx_word' id='word_1_281' title='bbox 1312 551 1402 585; x_wconf 88' lang='lat' dir='ltr'><strong><em>capite</em></strong></span> <span class='ocrx_word' id='word_1_282' title='bbox 1427 550 1654 585; x_wconf 80' lang='lat' dir='ltr'><strong><em>quinquagesimo</em></strong></span> 
     </span>
    </p>
   </div>
   <div class='ocr_carea' id='block_1_39' title="bbox 866 597 1654 635">
    <p class='ocr_par' dir='ltr' id='par_1_39' title="bbox 866 597 1654 635">
     <span class='ocr_line' id='line_1_39' title="bbox 866 597 1654 635; baseline -0.003 -9"><span class='ocrx_word' id='word_1_283' title='bbox 866 599 981 635; x_wconf 84' lang='lat' dir='ltr'><strong><em>quinto;</em></strong></span> <span class='ocrx_word' id='word_1_284' title='bbox 1010 606 1127 633; x_wconf 88' lang='lat' dir='ltr'><strong><em>cumque</em></strong></span> <span class='ocrx_word' id='word_1_285' title='bbox 1152 599 1241 626; x_wconf 84' lang='lat' dir='ltr'><strong><em>eidem</em></strong></span> <span class='ocrx_word' id='word_1_286' title='bbox 1274 598 1368 626; x_wconf 83' lang='lat' dir='ltr'><strong><em>statim</em></strong></span> <span class='ocrx_word' id='word_1_287' title='bbox 1403 598 1551 632; x_wconf 79' lang='lat' dir='ltr'><strong><em>subjungat</em></strong></span> <span class='ocrx_word' id='word_1_288' title='bbox 1582 597 1654 624; x_wconf 85' lang='lat' dir='ltr'><strong><em>facta</em></strong></span> 
     </span>
    </p>
   </div>
   <div class='ocr_carea' id='block_1_40' title="bbox 867 643 1654 678">
    <p class='ocr_par' dir='ltr' id='par_1_40' title="bbox 867 643 1654 678">
     <span class='ocr_line' id='line_1_40' title="bbox 867 643 1654 678; baseline -0.001 -6"><span class='ocrx_word' id='word_1_289' title='bbox 867 645 1000 677; x_wconf 80' lang='lat' dir='ltr'><strong><em>Estheris,</em></strong></span> <span class='ocrx_word' id='word_1_290' title='bbox 1012 652 1068 672; x_wconf 88' lang='lat' dir='ltr'><strong><em>non</em></strong></span> <span class='ocrx_word' id='word_1_291' title='bbox 1085 643 1263 671; x_wconf 88' lang='lat' dir='ltr'><strong><em>inverosimili</em></strong></span> <span class='ocrx_word' id='word_1_292' title='bbox 1278 644 1475 678; x_wconf 88' lang='lat' dir='ltr'><strong><em>consequentia</em></strong></span> <span class='ocrx_word' id='word_1_293' title='bbox 1491 643 1589 670; x_wconf 82' lang='lat' dir='ltr'><strong><em>exinde</em></strong></span> <span class='ocrx_word' id='word_1_294' title='bbox 1603 643 1654 671; x_wconf 89' lang='lat' dir='ltr'><strong><em>de-</em></strong></span> 
     </span>
    </p>
   </div>
   <div class='ocr_carea' id='block_1_41' title="bbox 866 688 1654 724">
    <p class='ocr_par' dir='ltr' id='par_1_41' title="bbox 866 688 1654 724">
     <span class='ocr_line' id='line_1_41' title="bbox 866 688 1654 724; baseline -0.003 -6"><span class='ocrx_word' id='word_1_295' title='bbox 866 690 987 722; x_wconf 83' lang='lat' dir='ltr'><strong><em>ducitur,</em></strong></span> <span class='ocrx_word' id='word_1_296' title='bbox 1002 698 1064 717; x_wconf 87' lang='lat' dir='ltr'><strong><em>eum</em></strong></span> <span class='ocrx_word' id='word_1_297' title='bbox 1076 690 1146 717; x_wconf 86' lang='lat' dir='ltr'><strong><em>tanti</em></strong></span> <span class='ocrx_word' id='word_1_298' title='bbox 1161 690 1312 718; x_wconf 67' lang='lat' dir='ltr'><strong><em>aestimasse</em></strong></span> <span class='ocrx_word' id='word_1_299' title='bbox 1329 689 1430 716; x_wconf 87' lang='lat' dir='ltr'><strong><em>librum</em></strong></span> <span class='ocrx_word' id='word_1_300' title='bbox 1441 688 1546 721; x_wconf 78' lang='lat' dir='ltr'><strong><em>Iudith,</em></strong></span> <span class='ocrx_word' id='word_1_301' title='bbox 1559 689 1654 724; x_wconf 86' lang='lat' dir='ltr'><strong><em>quanti</em></strong></span> 
     </span>
    </p>
   </div>
   <div class='ocr_carea' id='block_1_42' title="bbox 866 735 1654 764">
    <p class='ocr_par' dir='ltr' id='par_1_42' title="bbox 866 735 1654 764">
     <span class='ocr_line' id='line_1_42' title="bbox 866 735 1654 764; baseline -0.003 0"><span class='ocrx_word' id='word_1_302' title='bbox 866 737 965 764; x_wconf 89' lang='lat' dir='ltr'><strong><em>librum</em></strong></span> <span class='ocrx_word' id='word_1_303' title='bbox 976 735 1105 763; x_wconf 84' lang='lat' dir='ltr'><strong><em>Estheris.</em></strong></span> <span class='ocrx_word' id='word_1_304' title='bbox 1121 735 1219 763; x_wconf 88' lang='lat' dir='ltr'><strong><em>Verum</em></strong></span> <span class='ocrx_word' id='word_1_305' title='bbox 1236 736 1336 763; x_wconf 87' lang='lat' dir='ltr'><strong><em>librum</em></strong></span> <span class='ocrx_word' id='word_1_306' title='bbox 1349 735 1444 762; x_wconf 86' lang='lat' dir='ltr'><strong><em>Esther</em></strong></span> <span class='ocrx_word' id='word_1_307' title='bbox 1456 743 1489 763; x_wconf 79' lang='lat' dir='ltr'><strong><em>ex</em></strong></span> <span class='ocrx_word' id='word_1_308' title='bbox 1501 735 1654 762; x_wconf 85' lang='lat' dir='ltr'><strong><em>divinarum</em></strong></span> 
     </span>
    </p>
   </div>
   <div class='ocr_carea' id='block_1_43' title="bbox 869 779 1656 817">
    <p class='ocr_par' dir='ltr' id='par_1_43' title="bbox 869 779 1656 817">
     <span class='ocr_line' id='line_1_43' title="bbox 869 779 1656 817; baseline -0.004 -8"><span class='ocrx_word' id='word_1_309' title='bbox 869 781 1074 817; x_wconf 89' lang='lat' dir='ltr'><strong><em>Scripturarum</em></strong></span> <span class='ocrx_word' id='word_1_310' title='bbox 1089 781 1152 808; x_wconf 91' lang='lat' dir='ltr'><strong><em>albo</em></strong></span> <span class='ocrx_word' id='word_1_311' title='bbox 1170 781 1317 808; x_wconf 79' lang='lat' dir='ltr'><strong><em>excludere</em></strong></span> <span class='ocrx_word' id='word_1_312' title='bbox 1336 787 1408 807; x_wconf 88' lang='lat' dir='ltr'><strong><em>nunc</em></strong></span> <span class='ocrx_word' id='word_1_313' title='bbox 1430 787 1510 807; x_wconf 84' lang='lat' dir='ltr'><strong><em>nemo</em></strong></span> <span class='ocrx_word' id='word_1_314' title='bbox 1522 779 1656 807; x_wconf 81' lang='lat' dir='ltr'><strong><em>Christia-</em></strong></span> 
     </span>
    </p>
   </div>
   <div class='ocr_carea' id='block_1_44' title="bbox 868 824 1656 862">
    <p class='ocr_par' dir='ltr' id='par_1_44' title="bbox 868 824 1656 862">
     <span class='ocr_line' id='line_1_44' title="bbox 868 824 1656 862; baseline -0.005 -7"><span class='ocrx_word' id='word_1_315' title='bbox 868 835 977 860; x_wconf 91' lang='lat' dir='ltr'><strong><em>norum,</em></strong></span> <span class='ocrx_word' id='word_1_316' title='bbox 994 830 1108 862; x_wconf 83' lang='lat' dir='ltr'><strong><em>excepto</em></strong></span> <span class='ocrx_word' id='word_1_317' title='bbox 1123 827 1182 854; x_wconf 90' lang='lat' dir='ltr'><strong><em>solo</em></strong></span> <span class='ocrx_word' id='word_1_318' title='bbox 1197 826 1379 862; x_wconf 77' lang='lat' dir='ltr'><strong><em>hypercritico</em></strong></span> <span class='ocrx_word' id='word_1_319' title='bbox 1394 824 1516 852; x_wconf 88' lang='lat' dir='ltr'><strong><em>Semlero</em></strong></span> <span class='ocrx_word' id='word_1_320' title='bbox 1529 825 1597 860; x_wconf 84' lang='lat'><strong><em>(87),</em></strong></span> <span class='ocrx_word' id='word_1_321' title='bbox 1607 832 1656 851; x_wconf 90' lang='lat' dir='ltr'><strong><em>au-</em></strong></span> 
     </span>
    </p>
   </div>
   <div class='ocr_carea' id='block_1_45' title="bbox 868 870 1656 908">
    <p class='ocr_par' dir='ltr' id='par_1_45' title="bbox 868 870 1656 908">
     <span class='ocr_line' id='line_1_45' title="bbox 868 870 1656 908; baseline -0.005 -8"><span class='ocrx_word' id='word_1_322' title='bbox 868 873 931 907; x_wconf 85' lang='lat' dir='ltr'><strong><em>det;</em></strong></span> <span class='ocrx_word' id='word_1_323' title='bbox 955 881 1073 908; x_wconf 88' lang='lat' dir='ltr'><strong><em>eumque</em></strong></span> <span class='ocrx_word' id='word_1_324' title='bbox 1091 881 1141 900; x_wconf 93' lang='lat' dir='ltr'><strong><em>ceu</em></strong></span> <span class='ocrx_word' id='word_1_325' title='bbox 1156 872 1277 899; x_wconf 77' lang='lat' dir='ltr'><strong><em>divinum</em></strong></span> <span class='ocrx_word' id='word_1_326' title='bbox 1297 872 1396 898; x_wconf 87' lang='lat' dir='ltr'><strong><em>librum</em></strong></span> <span class='ocrx_word' id='word_1_327' title='bbox 1419 879 1433 897; x_wconf 93' lang='lat' dir='ltr'><strong><em>a</em></strong></span> <span class='ocrx_word' id='word_1_328' title='bbox 1447 874 1577 898; x_wconf 86' lang='lat' dir='ltr'><strong><em>nascente</em></strong></span> <span class='ocrx_word' id='word_1_329' title='bbox 1600 870 1656 904; x_wconf 87' lang='lat' dir='ltr'><strong><em>jam</em></strong></span> 
     </span>
    </p>
   </div>
   <div class='ocr_carea' id='block_1_46' title="bbox 870 916 1658 954">
    <p class='ocr_par' dir='ltr' id='par_1_46' title="bbox 870 916 1658 954">
     <span class='ocr_line' id='line_1_46' title="bbox 870 916 1658 954; baseline -0.006 -8"><span class='ocrx_word' id='word_1_330' title='bbox 870 919 993 946; x_wconf 82' lang='lat' dir='ltr'><strong><em>Ecclesia</em></strong></span> <span class='ocrx_word' id='word_1_331' title='bbox 1013 919 1134 954; x_wconf 79' lang='lat' dir='ltr'><strong><em>agnitum</em></strong></span> <span class='ocrx_word' id='word_1_332' title='bbox 1158 917 1255 949; x_wconf 79' lang='lat' dir='ltr'><strong><em>fuisse,</em></strong></span> <span class='ocrx_word' id='word_1_333' title='bbox 1273 924 1367 944; x_wconf 88' lang='lat' dir='ltr'><strong><em>omnes</em></strong></span> <span class='ocrx_word' id='word_1_334' title='bbox 1384 916 1439 944; x_wconf 83' lang='lat' dir='ltr'><strong><em>fere</em></strong></span> <span class='ocrx_word' id='word_1_335' title='bbox 1455 923 1509 943; x_wconf 92' lang='lat' dir='ltr'><strong><em>uno</em></strong></span> <span class='ocrx_word' id='word_1_336' title='bbox 1526 923 1572 942; x_wconf 90' lang='lat' dir='ltr'><strong><em>ore</em></strong></span> <span class='ocrx_word' id='word_1_337' title='bbox 1594 923 1658 950; x_wconf 92' lang='lat' dir='ltr'><strong><em>pro-</em></strong></span> 
     </span>
    </p>
   </div>
   <div class='ocr_carea' id='block_1_47' title="bbox 871 960 1658 997">
    <p class='ocr_par' dir='ltr' id='par_1_47' title="bbox 871 960 1658 997">
     <span class='ocr_line' id='line_1_47' title="bbox 871 960 1658 997; baseline -0.008 -6"><span class='ocrx_word' id='word_1_338' title='bbox 871 964 980 991; x_wconf 87' lang='lat' dir='ltr'><strong><em>litcntur</em></strong></span> <span class='ocrx_word' id='word_1_339' title='bbox 993 963 1094 991; x_wconf 87' lang='lat' dir='ltr'><strong><em>eruditi</em></strong></span> <span class='ocrx_word' id='word_1_340' title='bbox 1114 973 1119 990; x_wconf 91' lang='lat'><em>:</em></span> <span class='ocrx_word' id='word_1_341' title='bbox 1141 970 1189 991; x_wconf 83' lang='lat' dir='ltr'><strong><em>cur</em></strong></span> <span class='ocrx_word' id='word_1_342' title='bbox 1205 970 1259 989; x_wconf 90' lang='lat' dir='ltr'><strong><em>non</em></strong></span> <span class='ocrx_word' id='word_1_343' title='bbox 1276 969 1386 997; x_wconf 81' lang='lat' dir='ltr'><strong><em>quoque</em></strong></span> <span class='ocrx_word' id='word_1_344' title='bbox 1409 962 1511 988; x_wconf 91' lang='lat' dir='ltr'><strong><em>librum</em></strong></span> <span class='ocrx_word' id='word_1_345' title='bbox 1525 960 1619 987; x_wconf 80' lang='lat' dir='ltr'><strong><em>Iudith</em></strong></span> <span class='ocrx_word' id='word_1_346' title='bbox 1641 967 1658 986; x_wconf 84' lang='lat' dir='ltr'><strong><em>a</em></strong></span> 
     </span>
    </p>
   </div>
   <div class='ocr_carea' id='block_1_48' title="bbox 869 1007 1658 1043">
    <p class='ocr_par' dir='ltr' id='par_1_48' title="bbox 869 1007 1658 1043">
     <span class='ocr_line' id='line_1_48' title="bbox 869 1007 1658 1043; baseline -0.008 -5"><span class='ocrx_word' id='word_1_347' title='bbox 869 1011 932 1038; x_wconf 79' lang='lat' dir='ltr'><strong><em>divo</em></strong></span> <span class='ocrx_word' id='word_1_348' title='bbox 957 1009 1097 1038; x_wconf 87' lang='lat' dir='ltr'><strong><em>Clemente</em></strong></span> <span class='ocrx_word' id='word_1_349' title='bbox 1133 1009 1203 1036; x_wconf 91' lang='lat' dir='ltr'><strong><em>inter</em></strong></span> <span class='ocrx_word' id='word_1_350' title='bbox 1234 1016 1328 1036; x_wconf 85' lang='lat' dir='ltr'><strong><em>sacras</em></strong></span> <span class='ocrx_word' id='word_1_351' title='bbox 1356 1007 1513 1043; x_wconf 85' lang='lat' dir='ltr'><strong><em>Scripturas</em></strong></span> <span class='ocrx_word' id='word_1_352' title='bbox 1543 1007 1658 1034; x_wconf 87' lang='lat' dir='ltr'><strong><em>relatum</em></strong></span> 
     </span>
    </p>
   </div>
   <div class='ocr_carea' id='block_1_49' title="bbox 871 1054 1318 1090">
    <p class='ocr_par' dir='ltr' id='par_1_49' title="bbox 871 1054 1318 1090">
     <span class='ocr_line' id='line_1_49' title="bbox 871 1054 1318 1090; baseline -0.004 -7"><span class='ocrx_word' id='word_1_353' title='bbox 871 1056 955 1084; x_wconf 80' lang='lat' dir='ltr'><strong><em>fuisse</em></strong></span> <span class='ocrx_word' id='word_1_354' title='bbox 978 1054 1143 1082; x_wconf 85' lang='lat' dir='ltr'><strong><em>concludere</em></strong></span> <span class='ocrx_word' id='word_1_355' title='bbox 1159 1054 1318 1090; x_wconf 75' lang='lat' dir='ltr'><strong><em>possimus?</em></strong></span> 
     </span>
    </p>
   </div>
   <div class='ocr_carea' id='block_1_50' title="bbox 905 1099 1659 1136">
    <p class='ocr_par' dir='ltr' id='par_1_50' title="bbox 905 1099 1659 1136">
     <span class='ocr_line' id='line_1_50' title="bbox 905 1099 1659 1136; baseline -0.004 -8"><span class='ocrx_word' id='word_1_356' title='bbox 905 1101 953 1129; x_wconf 85' lang='lat' dir='ltr'><strong><em>Est</em></strong></span> <span class='ocrx_word' id='word_1_357' title='bbox 977 1105 1075 1136; x_wconf 67' lang='lat' dir='ltr'><strong><em>prmter</em></strong></span> <span class='ocrx_word' id='word_1_358' title='bbox 1096 1101 1238 1135; x_wconf 88' lang='lat' dir='ltr'><strong><em>hucusque</em></strong></span> <span class='ocrx_word' id='word_1_359' title='bbox 1261 1099 1390 1127; x_wconf 83' lang='lat' dir='ltr'><strong><em>adnotata</em></strong></span> <span class='ocrx_word' id='word_1_360' title='bbox 1412 1099 1483 1126; x_wconf 86' lang='lat' dir='ltr'><strong><em>alius</em></strong></span> <span class='ocrx_word' id='word_1_361' title='bbox 1499 1102 1659 1126; x_wconf 84' lang='lat' dir='ltr'><strong><em>sanctorum</em></strong></span> 
     </span>
    </p>
   </div>
   <div class='ocr_carea' id='block_1_51' title="bbox 871 1144 1658 1183">
    <p class='ocr_par' dir='ltr' id='par_1_51' title="bbox 871 1144 1658 1183">
     <span class='ocr_line' id='line_1_51' title="bbox 871 1144 1658 1183; baseline -0.004 -9"><span class='ocrx_word' id='word_1_362' title='bbox 871 1147 1006 1183; x_wconf 69' lang='lat' dir='ltr'><strong><em>praecipue</em></strong></span> <span class='ocrx_word' id='word_1_363' title='bbox 1019 1147 1068 1174; x_wconf 60' lang='lat' dir='ltr'><strong><em>arvi</em></strong></span> <span class='ocrx_word' id='word_1_364' title='bbox 1081 1146 1222 1182; x_wconf 86' lang='lat' dir='ltr'><strong><em>apostolici</em></strong></span> <span class='ocrx_word' id='word_1_365' title='bbox 1233 1146 1345 1173; x_wconf 83' lang='lat' dir='ltr'><strong><em>Patrum</em></strong></span> <span class='ocrx_word' id='word_1_366' title='bbox 1360 1153 1426 1173; x_wconf 85' lang='lat' dir='ltr'><strong><em>usus</em></strong></span> <span class='ocrx_word' id='word_1_367' title='bbox 1442 1145 1468 1172; x_wconf 92' lang='lat' dir='ltr'><strong><em>in</em></strong></span> <span class='ocrx_word' id='word_1_368' title='bbox 1483 1144 1658 1175; x_wconf 88' lang='lat' dir='ltr'><strong><em>illustrando,</em></strong></span> 
     </span>
    </p>
   </div>
   <div class='ocr_carea' id='block_1_52' title="bbox 870 1190 1659 1228">
    <p class='ocr_par' dir='ltr' id='par_1_52' title="bbox 870 1190 1659 1228">
     <span class='ocr_line' id='line_1_52' title="bbox 870 1190 1659 1228; baseline -0.005 -8"><span class='ocrx_word' id='word_1_369' title='bbox 870 1192 1113 1228; x_wconf 79' lang='lat' dir='ltr'><strong><em>conﬁrmandoque</em></strong></span> <span class='ocrx_word' id='word_1_370' title='bbox 1130 1196 1207 1220; x_wconf 81' lang='lat' dir='ltr'><strong><em>textu</em></strong></span> <span class='ocrx_word' id='word_1_371' title='bbox 1230 1199 1321 1224; x_wconf 82' lang='lat' dir='ltr'><strong><em>sacro,</em></strong></span> <span class='ocrx_word' id='word_1_372' title='bbox 1343 1191 1423 1225; x_wconf 88' lang='lat' dir='ltr'><strong><em>cujus</em></strong></span> <span class='ocrx_word' id='word_1_373' title='bbox 1439 1191 1477 1217; x_wconf 83' lang='lat' dir='ltr'><strong><em>rei</em></strong></span> <span class='ocrx_word' id='word_1_374' title='bbox 1497 1190 1554 1226; x_wconf 84' lang='lat' dir='ltr'><strong><em>jam</em></strong></span> <span class='ocrx_word' id='word_1_375' title='bbox 1570 1190 1659 1225; x_wconf 87' lang='lat' dir='ltr'><strong><em>speci-</em></strong></span> 
     </span>
    </p>
   </div>
   <div class='ocr_carea' id='block_1_53' title="bbox 871 1235 1660 1275">
    <p class='ocr_par' dir='ltr' id='par_1_53' title="bbox 871 1235 1660 1275">
     <span class='ocr_line' id='line_1_53' title="bbox 871 1235 1660 1275; baseline -0.005 -9"><span class='ocrx_word' id='word_1_376' title='bbox 871 1240 944 1266; x_wconf 92' lang='lat' dir='ltr'><strong><em>mina</em></strong></span> <span class='ocrx_word' id='word_1_377' title='bbox 971 1239 1096 1275; x_wconf 73' lang='lat' dir='ltr'><strong><em>quaedam</em></strong></span> <span class='ocrx_word' id='word_1_378' title='bbox 1119 1238 1227 1266; x_wconf 90' lang='lat' dir='ltr'><strong><em>damus.</em></strong></span> <span class='ocrx_word' id='word_1_379' title='bbox 1252 1237 1348 1265; x_wconf 82' lang='lat' dir='ltr'><strong><em>Modos</em></strong></span> <span class='ocrx_word' id='word_1_380' title='bbox 1371 1236 1501 1272; x_wconf 85' lang='lat' dir='ltr'><strong><em>loquendi</em></strong></span> <span class='ocrx_word' id='word_1_381' title='bbox 1530 1244 1545 1263; x_wconf 90' lang='lat' dir='ltr'><strong><em>e</em></strong></span> <span class='ocrx_word' id='word_1_382' title='bbox 1572 1235 1660 1263; x_wconf 82' lang='lat' dir='ltr'><strong><em>sacris</em></strong></span> 
     </span>
    </p>
   </div>
   <div class='ocr_carea' id='block_1_54' title="bbox 870 1281 1662 1316">
    <p class='ocr_par' dir='ltr' id='par_1_54' title="bbox 870 1281 1662 1316">
     <span class='ocr_line' id='line_1_54' title="bbox 870 1281 1662 1316; baseline -0.008 -3"><span class='ocrx_word' id='word_1_383' title='bbox 870 1285 948 1314; x_wconf 85' lang='lat' dir='ltr'><strong><em>libris</em></strong></span> <span class='ocrx_word' id='word_1_384' title='bbox 981 1286 1078 1313; x_wconf 89' lang='lat' dir='ltr'><strong><em>ductos</em></strong></span> <span class='ocrx_word' id='word_1_385' title='bbox 1113 1284 1192 1311; x_wconf 83' lang='lat' dir='ltr'><strong><em>dirus</em></strong></span> <span class='ocrx_word' id='word_1_386' title='bbox 1227 1283 1366 1316; x_wconf 85' lang='lat' dir='ltr'><strong><em>Clemens,</em></strong></span> <span class='ocrx_word' id='word_1_387' title='bbox 1387 1282 1457 1309; x_wconf 86' lang='lat' dir='ltr'><strong><em>alios</em></strong></span> <span class='ocrx_word' id='word_1_388' title='bbox 1488 1282 1560 1308; x_wconf 90' lang='lat' dir='ltr'><strong><em>inter</em></strong></span> <span class='ocrx_word' id='word_1_389' title='bbox 1599 1281 1662 1316; x_wconf 89' lang='lat' dir='ltr'><strong><em>plu-</em></strong></span> 
     </span>
    </p>
   </div>
   <div class='ocr_carea' id='block_1_55' title="bbox 871 1327 1661 1367">
    <p class='ocr_par' dir='ltr' id='par_1_55' title="bbox 871 1327 1661 1367">
     <span class='ocr_line' id='line_1_55' title="bbox 871 1327 1661 1367; baseline -0.01 -6"><span class='ocrx_word' id='word_1_390' title='bbox 871 1341 926 1364; x_wconf 89' lang='lat' dir='ltr'><strong><em>res,</em></strong></span> <span class='ocrx_word' id='word_1_391' title='bbox 936 1335 1081 1367; x_wconf 86' lang='lat' dir='ltr'><strong><em>sequentes</em></strong></span> <span class='ocrx_word' id='word_1_392' title='bbox 1096 1329 1239 1365; x_wconf 86' lang='lat' dir='ltr'><strong><em>usurpavit</em></strong></span> <span class='ocrx_word' id='word_1_393' title='bbox 1255 1337 1261 1355; x_wconf 88' lang='lat'><strong>:</strong></span> <span class='ocrx_word' id='word_1_394' title='bbox 1276 1330 1364 1364; x_wconf 89' lang='lat' dir='ltr'><strong><em>primo</em></strong></span> <span class='ocrx_word' id='word_1_395' title='bbox 1381 1336 1397 1355; x_wconf 87' lang='lat' dir='ltr'><strong><em>a</em></strong></span> <span class='ocrx_word' id='word_1_396' title='bbox 1412 1327 1551 1355; x_wconf 85' lang='lat' dir='ltr'><strong><em>Clemente</em></strong></span> <span class='ocrx_word' id='word_1_397' title='bbox 1566 1330 1661 1354; x_wconf 88' lang='lat' dir='ltr'><strong><em>nostro</em></strong></span> 
     </span>
    </p>
   </div>
   <div class='ocr_carea' id='block_1_56' title="bbox 871 1371 1660 1412">
    <p class='ocr_par' dir='ltr' id='par_1_56' title="bbox 871 1371 1660 1412">
     <span class='ocr_line' id='line_1_56' title="bbox 871 1371 1660 1412; baseline -0.01 -7"><span class='ocrx_word' id='word_1_398' title='bbox 871 1378 973 1405; x_wconf 81' lang='grc' dir='ltr'>κανόνα</span> <span class='ocrx_word' id='word_1_399' title='bbox 989 1377 1044 1412; x_wconf 85' lang='lat'><strong><em>(88)</em></strong></span> <span class='ocrx_word' id='word_1_400' title='bbox 1061 1376 1096 1404; x_wconf 77' lang='lat' dir='ltr'><strong><em>de</em></strong></span> <span class='ocrx_word' id='word_1_401' title='bbox 1111 1375 1211 1402; x_wconf 78' lang='lat' dir='ltr'><strong><em>ﬁnibus</em></strong></span> <span class='ocrx_word' id='word_1_402' title='bbox 1230 1374 1354 1401; x_wconf 85' lang='lat' dir='ltr'><strong><em>muneris</em></strong></span> <span class='ocrx_word' id='word_1_403' title='bbox 1376 1377 1404 1400; x_wconf 89' lang='lat' dir='ltr'><strong><em>et</em></strong></span> <span class='ocrx_word' id='word_1_404' title='bbox 1422 1371 1570 1408; x_wconf 70' lang='lat' dir='ltr'><strong><em>provinciae</em></strong></span> <span class='ocrx_word' id='word_1_405' title='bbox 1593 1371 1660 1402; x_wconf 80' lang='lat' dir='ltr'><strong><em>dici,</em></strong></span> 
     </span>
    </p>
   </div>
   <div class='ocr_carea' id='block_1_57' title="bbox 871 1417 1660 1458">
    <p class='ocr_par' dir='ltr' id='par_1_57' title="bbox 871 1417 1660 1458">
     <span class='ocr_line' id='line_1_57' title="bbox 871 1417 1660 1458; baseline -0.013 -5"><span class='ocrx_word' id='word_1_406' title='bbox 871 1427 977 1454; x_wconf 87' lang='lat' dir='ltr'><strong><em>clarum</em></strong></span> <span class='ocrx_word' id='word_1_407' title='bbox 992 1429 1034 1451; x_wconf 85' lang='lat' dir='ltr'><strong><em>est</em></strong></span> <span class='ocrx_word' id='word_1_408' title='bbox 1048 1431 1096 1458; x_wconf 90' lang='lat' dir='ltr'><strong><em>per</em></strong></span> <span class='ocrx_word' id='word_1_409' title='bbox 1111 1422 1236 1458; x_wconf 86' lang='lat' dir='ltr'><strong><em>phrasin,</em></strong></span> <span class='ocrx_word' id='word_1_410' title='bbox 1251 1421 1333 1456; x_wconf 88' lang='lat' dir='ltr'><strong><em>idque</em></strong></span> <span class='ocrx_word' id='word_1_411' title='bbox 1349 1420 1432 1447; x_wconf 87' lang='lat' dir='ltr'><strong><em>habet</em></strong></span> <span class='ocrx_word' id='word_1_412' title='bbox 1449 1427 1483 1446; x_wconf 83' lang='lat' dir='ltr'><strong><em>ex</em></strong></span> <span class='ocrx_word' id='word_1_413' title='bbox 1499 1417 1520 1445; x_wconf 93' lang='lat' dir='ltr'><strong><em>ll</em></strong></span> <span class='ocrx_word' id='word_1_414' title='bbox 1535 1417 1660 1445; x_wconf 88' lang='lat' dir='ltr'><strong><em>Corinth.</em></strong></span> 
     </span>
    </p>
   </div>
   <div class='ocr_carea' id='block_1_58' title="bbox 872 1464 1663 1506">
    <p class='ocr_par' dir='ltr' id='par_1_58' title="bbox 872 1464 1663 1506">
     <span class='ocr_line' id='line_1_58' title="bbox 872 1464 1663 1506; baseline -0.014 -6"><span class='ocrx_word' id='word_1_415' title='bbox 872 1480 897 1500; x_wconf 92' lang='lat' dir='ltr'><strong><em>c.</em></strong></span> <span class='ocrx_word' id='word_1_416' title='bbox 911 1480 938 1504; x_wconf 70' lang='grc' dir='ltr'>ι,</span> <span class='ocrx_word' id='word_1_417' title='bbox 953 1469 1096 1506; x_wconf 74' lang='grc' dir='ltr'><strong><em>ν,15;Μὴ</em></strong></span> <span class='ocrx_word' id='word_1_418' title='bbox 1111 1468 1301 1505; x_wconf 75' lang='grc' dir='ltr'>παρεκὸαενων</span> <span class='ocrx_word' id='word_1_419' title='bbox 1315 1466 1466 1503; x_wconf 82' lang='grc' dir='ltr'><strong><em>ὡρισμένον</em></strong></span> <span class='ocrx_word' id='word_1_420' title='bbox 1478 1465 1528 1500; x_wconf 78' lang='grc' dir='ltr'><strong><em>τῆς</em></strong></span> <span class='ocrx_word' id='word_1_421' title='bbox 1543 1464 1663 1500; x_wconf 87' lang='grc' dir='ltr'><strong><em>λειτουρ-</em></strong></span> 
     </span>
    </p>
   </div>
   <div class='ocr_carea' id='block_1_59' title="bbox 872 1511 1662 1553">
    <p class='ocr_par' dir='ltr' id='par_1_59' title="bbox 872 1511 1662 1553">
     <span class='ocr_line' id='line_1_59' title="bbox 872 1511 1662 1553; baseline -0.009 -9"><span class='ocrx_word' id='word_1_422' title='bbox 872 1519 935 1553; x_wconf 82' lang='grc' dir='ltr'>γίας</span> <span class='ocrx_word' id='word_1_423' title='bbox 949 1515 1031 1544; x_wconf 84' lang='grc' dir='ltr'>αὐτοῦ</span> <span class='ocrx_word' id='word_1_424' title='bbox 1047 1515 1156 1543; x_wconf 83' lang='grc' dir='ltr'>κανόνα.</span> <span class='ocrx_word' id='word_1_425' title='bbox 1187 1513 1248 1542; x_wconf 84' lang='grc' dir='ltr'><strong><em>Νοη</em></strong></span> <span class='ocrx_word' id='word_1_426' title='bbox 1272 1513 1467 1549; x_wconf 71' lang='lat' dir='ltr'><strong><em>transgrediens</em></strong></span> <span class='ocrx_word' id='word_1_427' title='bbox 1481 1511 1662 1546; x_wconf 79' lang='lat' dir='ltr'><strong><em>prwscriplam</em></strong></span> 
     </span>
    </p>
   </div>
   <div class='ocr_carea' id='block_1_60' title="bbox 48 1557 820 1597">
    <p class='ocr_par' dir='ltr' id='par_1_60' title="bbox 48 1557 816 1596">
     <span class='ocr_line' id='line_1_60' title="bbox 48 1557 816 1596; baseline -0.001 -9"><span class='ocrx_word' id='word_1_428' title='bbox 48 1561 109 1596; x_wconf 73' lang='lat' dir='ltr'><strong><em>gelio</em></strong></span> <span class='ocrx_word' id='word_1_429' title='bbox 122 1560 287 1596; x_wconf 72' lang='lat' dir='ltr'><strong><em>descriptum</em></strong></span> <span class='ocrx_word' id='word_1_430' title='bbox 317 1559 415 1586; x_wconf 77' lang='lat' dir='ltr'><strong><em>reeitat</em></strong></span> <span class='ocrx_word' id='word_1_431' title='bbox 436 1566 546 1593; x_wconf 88' lang='lat' dir='ltr'><strong><em>quoque</em></strong></span> <span class='ocrx_word' id='word_1_432' title='bbox 571 1557 731 1586; x_wconf 65' lang='grc' dir='ltr'>5.1ιειιαξιιε</span> <span class='ocrx_word' id='word_1_433' title='bbox 748 1559 816 1594; x_wconf 74' lang='grc'>(84),</span> 
     </span>
    </p>
   </div>
   <div class='ocr_carea' id='block_1_61' title="bbox 911 1557 1662 1597">
    <p class='ocr_par' dir='ltr' id='par_1_61' title="bbox 915 1557 1662 1597">
     <span class='ocr_line' id='line_1_61' title="bbox 915 1557 1662 1597; baseline -0.009 -6"><span class='ocrx_word' id='word_1_434' title='bbox 915 1564 983 1591; x_wconf 84' lang='lat' dir='ltr'><strong><em>aeris</em></strong></span> <span class='ocrx_word' id='word_1_435' title='bbox 999 1563 1040 1590; x_wconf 87' lang='lat' dir='ltr'><strong><em>sui</em></strong></span> <span class='ocrx_word' id='word_1_436' title='bbox 1057 1561 1184 1597; x_wconf 85' lang='lat' dir='ltr'><strong><em>regulam.</em></strong></span> <span class='ocrx_word' id='word_1_437' title='bbox 1207 1559 1334 1587; x_wconf 84' lang='lat' dir='ltr'><strong><em>Secundo</em></strong></span> <span class='ocrx_word' id='word_1_438' title='bbox 1348 1559 1465 1594; x_wconf 80' lang='lat' dir='ltr'><strong><em>explicat</em></strong></span> <span class='ocrx_word' id='word_1_439' title='bbox 1483 1557 1662 1592; x_wconf 83' lang='lat' dir='ltr'><strong><em>sequentibus</em></strong></span> 
     </span>
    </p>
   </div>
   <div class='ocr_carea' id='block_1_62' title="bbox 47 1603 824 1640">
    <p class='ocr_par' dir='ltr' id='par_1_62' title="bbox 47 1603 824 1640">
     <span class='ocr_line' id='line_1_62' title="bbox 47 1603 824 1640; baseline -0.003 -6"><span class='ocrx_word' id='word_1_440' title='bbox 47 1608 87 1634; x_wconf 90' lang='lat' dir='ltr'><strong><em>ubi</em></strong></span> <span class='ocrx_word' id='word_1_441' title='bbox 97 1606 208 1634; x_wconf 85' lang='lat' dir='ltr'><strong><em>Grabius</em></strong></span> <span class='ocrx_word' id='word_1_442' title='bbox 224 1605 337 1640; x_wconf 71' lang='lat' dir='ltr'><strong><em>coniicit</em></strong></span> <span class='ocrx_word' id='word_1_443' title='bbox 356 1605 423 1640; x_wconf 85' lang='lat'><strong><em>(85),</em></strong></span> <span class='ocrx_word' id='word_1_444' title='bbox 436 1604 493 1631; x_wconf 68' lang='lat' dir='ltr'><strong><em>hanc</em></strong></span> <span class='ocrx_word' id='word_1_445' title='bbox 509 1612 541 1631; x_wconf 82' lang='lat' dir='ltr'><strong><em>ex</em></strong></span> <span class='ocrx_word' id='word_1_446' title='bbox 557 1603 704 1639; x_wconf 79' lang='lat' dir='ltr'><strong><em>Evangelia</em></strong></span> <span class='ocrx_word' id='word_1_447' title='bbox 725 1613 824 1632; x_wconf 81' lang='lat' dir='ltr'><strong><em>secun-</em></strong></span> 
     </span>
    </p>
   </div>
   <div class='ocr_carea' id='block_1_63' title="bbox 48 1649 825 1688">
    <p class='ocr_par' dir='ltr' id='par_1_63' title="bbox 48 1649 825 1688">
     <span class='ocr_line' id='line_1_63' title="bbox 48 1649 825 1688; baseline -0.004 -7"><span class='ocrx_word' id='word_1_448' title='bbox 48 1653 103 1680; x_wconf 87' lang='lat' dir='ltr'><strong><em>dum</em></strong></span> <span class='ocrx_word' id='word_1_449' title='bbox 114 1653 253 1688; x_wconf 55' lang='lat' dir='ltr'><strong><em>{Egyptios</em></strong></span> <span class='ocrx_word' id='word_1_450' title='bbox 280 1651 367 1678; x_wconf 82' lang='lat' dir='ltr'><strong><em>fuisse</em></strong></span> <span class='ocrx_word' id='word_1_451' title='bbox 381 1650 555 1685; x_wconf 63' lang='lat' dir='ltr'><strong><em>deprompta.</em></strong></span> <span class='ocrx_word' id='word_1_452' title='bbox 579 1649 633 1677; x_wconf 84' lang='lat' dir='ltr'><strong><em>Sed</em></strong></span> <span class='ocrx_word' id='word_1_453' title='bbox 650 1651 729 1678; x_wconf 85' lang='lat' dir='ltr'><strong><em>nobis</em></strong></span> <span class='ocrx_word' id='word_1_454' title='bbox 747 1651 825 1678; x_wconf 81' lang='lat' dir='ltr'><strong><em>vide-</em></strong></span> 
     </span>
    </p>
   </div>
   <div class='ocr_carea' id='block_1_64' title="bbox 49 1695 824 1725">
    <p class='ocr_par' dir='ltr' id='par_1_64' title="bbox 49 1695 824 1725">
     <span class='ocr_line' id='line_1_64' title="bbox 49 1695 824 1725; baseline -0.001 0"><span class='ocrx_word' id='word_1_455' title='bbox 49 1704 86 1725; x_wconf 89' lang='lat' dir='ltr'><strong><em>tur</em></strong></span> <span class='ocrx_word' id='word_1_456' title='bbox 99 1706 148 1725; x_wconf 88' lang='lat' dir='ltr'><strong><em>non</em></strong></span> <span class='ocrx_word' id='word_1_457' title='bbox 164 1698 215 1725; x_wconf 77' lang='lat' dir='ltr'><strong><em>nisi</em></strong></span> <span class='ocrx_word' id='word_1_458' title='bbox 231 1697 334 1724; x_wconf 86' lang='lat' dir='ltr'><strong><em>allusio</em></strong></span> <span class='ocrx_word' id='word_1_459' title='bbox 352 1696 384 1722; x_wconf 92' lang='lat' dir='ltr'><strong><em>ad</em></strong></span> <span class='ocrx_word' id='word_1_460' title='bbox 400 1703 498 1723; x_wconf 85' lang='lat' dir='ltr'><strong><em>versus</em></strong></span> <span class='ocrx_word' id='word_1_461' title='bbox 518 1695 652 1723; x_wconf 87' lang='lat' dir='ltr'><strong><em>decimum</em></strong></span> <span class='ocrx_word' id='word_1_462' title='bbox 669 1700 696 1724; x_wconf 90' lang='lat' dir='ltr'><strong><em>et</em></strong></span> <span class='ocrx_word' id='word_1_463' title='bbox 711 1697 824 1724; x_wconf 85' lang='lat' dir='ltr'><strong><em>undeci-</em></strong></span> 
     </span>
    </p>
   </div>
   <div class='ocr_carea' id='block_1_65' title="bbox 49 1741 824 1779">
    <p class='ocr_par' dir='ltr' id='par_1_65' title="bbox 49 1741 824 1779">
     <span class='ocr_line' id='line_1_65' title="bbox 49 1741 824 1779; baseline 0 -8"><span class='ocrx_word' id='word_1_464' title='bbox 49 1752 112 1771; x_wconf 86' lang='lat' dir='ltr'><strong><em>mum</em></strong></span> <span class='ocrx_word' id='word_1_465' title='bbox 126 1745 220 1779; x_wconf 82' lang='lat' dir='ltr'><strong><em>capitis</em></strong></span> <span class='ocrx_word' id='word_1_466' title='bbox 233 1752 278 1770; x_wconf 79' lang='lat' dir='ltr'><strong><em>xvr</em></strong></span> <span class='ocrx_word' id='word_1_467' title='bbox 297 1742 433 1777; x_wconf 73' lang='lat' dir='ltr'><strong><em>Evangelii</em></strong></span> <span class='ocrx_word' id='word_1_468' title='bbox 453 1742 603 1769; x_wconf 90' lang='lat' dir='ltr'><strong><em>secundum</em></strong></span> <span class='ocrx_word' id='word_1_469' title='bbox 619 1741 731 1770; x_wconf 81' lang='lat' dir='ltr'><strong><em>Lucam.</em></strong></span> <span class='ocrx_word' id='word_1_470' title='bbox 748 1743 824 1771; x_wconf 82' lang='lat' dir='ltr'><strong><em>Alter</em></strong></span> 
     </span>
    </p>
   </div>
   <div class='ocr_carea' id='block_1_66' title="bbox 50 1788 822 1825">
    <p class='ocr_par' dir='ltr' id='par_1_66' title="bbox 50 1788 822 1825">
     <span class='ocr_line' id='line_1_66' title="bbox 50 1788 822 1825; baseline 0 -7"><span class='ocrx_word' id='word_1_471' title='bbox 50 1791 126 1823; x_wconf 79' lang='lat' dir='ltr'><strong><em>lacus,</em></strong></span> <span class='ocrx_word' id='word_1_472' title='bbox 141 1798 218 1825; x_wconf 80' lang='lat' dir='ltr'><strong><em>quem</em></strong></span> <span class='ocrx_word' id='word_1_473' title='bbox 235 1791 320 1817; x_wconf 85' lang='lat' dir='ltr'><strong><em>etiam</em></strong></span> <span class='ocrx_word' id='word_1_474' title='bbox 334 1788 513 1815; x_wconf 86' lang='lat' dir='ltr'><strong><em>doctissimus</em></strong></span> <span class='ocrx_word' id='word_1_475' title='bbox 535 1788 692 1816; x_wconf 89' lang='lat' dir='ltr'><strong><em>Lardnerus</em></strong></span> <span class='ocrx_word' id='word_1_476' title='bbox 712 1790 768 1825; x_wconf 91' lang='lat'><strong><em>(86)</em></strong></span> <span class='ocrx_word' id='word_1_477' title='bbox 790 1799 822 1818; x_wconf 86' lang='lat' dir='ltr'><strong><em>ex</em></strong></span> 
     </span>
    </p>
   </div>
   <div class='ocr_carea' id='block_1_67' title="bbox 50 1833 824 1871">
    <p class='ocr_par' dir='ltr' id='par_1_67' title="bbox 50 1833 824 1871">
     <span class='ocr_line' id='line_1_67' title="bbox 50 1833 824 1871; baseline 0 -9"><span class='ocrx_word' id='word_1_478' title='bbox 50 1835 180 1871; x_wconf 74' lang='lat' dir='ltr'><strong><em>Evangelia</em></strong></span> <span class='ocrx_word' id='word_1_479' title='bbox 191 1834 384 1870; x_wconf 64' lang='lat' dir='ltr'><strong><em>Egyptiorum</em></strong></span> <span class='ocrx_word' id='word_1_480' title='bbox 399 1833 572 1868; x_wconf 85' lang='lat' dir='ltr'><strong><em>desumptum</em></strong></span> <span class='ocrx_word' id='word_1_481' title='bbox 588 1839 692 1865; x_wconf 84' lang='lat' dir='ltr'><strong><em>censet,</em></strong></span> <span class='ocrx_word' id='word_1_482' title='bbox 707 1842 824 1862; x_wconf 86' lang='lat' dir='ltr'><strong><em>consen-</em></strong></span> 
     </span>
    </p>
   </div>
   <div class='ocr_carea' id='block_1_68' title="bbox 49 1878 824 1915">
    <p class='ocr_par' dir='ltr' id='par_1_68' title="bbox 49 1878 824 1915">
     <span class='ocr_line' id='line_1_68' title="bbox 49 1878 824 1915; baseline -0.001 -6"><span class='ocrx_word' id='word_1_483' title='bbox 49 1882 166 1909; x_wconf 82' lang='lat' dir='ltr'><strong><em>tientibus</em></strong></span> <span class='ocrx_word' id='word_1_484' title='bbox 183 1881 239 1908; x_wconf 86' lang='lat' dir='ltr'><strong><em>lere</em></strong></span> <span class='ocrx_word' id='word_1_485' title='bbox 254 1879 385 1907; x_wconf 88' lang='lat' dir='ltr'><strong><em>omnibus</em></strong></span> <span class='ocrx_word' id='word_1_486' title='bbox 405 1878 521 1910; x_wconf 89' lang='lat' dir='ltr'><strong><em>criticis,</em></strong></span> <span class='ocrx_word' id='word_1_487' title='bbox 540 1878 567 1905; x_wconf 92' lang='lat' dir='ltr'><strong><em>in</em></strong></span> <span class='ocrx_word' id='word_1_488' title='bbox 589 1879 642 1906; x_wconf 81' lang='lat' dir='ltr'><strong><em>line</em></strong></span> <span class='ocrx_word' id='word_1_489' title='bbox 661 1880 742 1914; x_wconf 90' lang='lat' dir='ltr'><strong><em>hujus</em></strong></span> <span class='ocrx_word' id='word_1_490' title='bbox 764 1881 824 1915; x_wconf 86' lang='lat' dir='ltr'><strong><em>epi-</em></strong></span> 
     </span>
    </p>
   </div>
   <div class='ocr_carea' id='block_1_69' title="bbox 50 1923 826 1962">
    <p class='ocr_par' dir='ltr' id='par_1_69' title="bbox 50 1923 826 1962">
     <span class='ocr_line' id='line_1_69' title="bbox 50 1923 826 1962; baseline -0.001 -8"><span class='ocrx_word' id='word_1_491' title='bbox 50 1928 116 1954; x_wconf 68' lang='lat' dir='ltr'><strong><em>stolae</em></strong></span> <span class='ocrx_word' id='word_1_492' title='bbox 135 1927 232 1962; x_wconf 80' lang='lat' dir='ltr'><strong><em>legitur</em></strong></span> <span class='ocrx_word' id='word_1_493' title='bbox 262 1925 315 1952; x_wconf 89' lang='lat' dir='ltr'><strong><em>hoc</em></strong></span> <span class='ocrx_word' id='word_1_494' title='bbox 330 1924 411 1951; x_wconf 90' lang='lat' dir='ltr'><strong><em>modo</em></strong></span> <span class='ocrx_word' id='word_1_495' title='bbox 432 1932 441 1953; x_wconf 83' lang='lat'><strong><em>&#39;.</em></strong></span> <span class='ocrx_word' id='word_1_496' title='bbox 465 1923 649 1958; x_wconf 78' lang='lat' dir='ltr'><strong><em>Interrogatus</em></strong></span> <span class='ocrx_word' id='word_1_497' title='bbox 674 1925 742 1952; x_wconf 86' lang='lat' dir='ltr'><strong><em>enim</em></strong></span> <span class='ocrx_word' id='word_1_498' title='bbox 771 1926 826 1960; x_wconf 83' lang='lat' dir='ltr'><strong><em>ipse</em></strong></span> 
     </span>
    </p>
   </div>
   <div class='ocr_carea' id='block_1_70' title="bbox 50 1969 824 2007">
    <p class='ocr_par' dir='ltr' id='par_1_70' title="bbox 50 1969 824 2007">
     <span class='ocr_line' id='line_1_70' title="bbox 50 1969 824 2007; baseline -0.001 -7"><span class='ocrx_word' id='word_1_499' title='bbox 50 1972 164 2002; x_wconf 84' lang='lat' dir='ltr'><strong><em>Dominus</em></strong></span> <span class='ocrx_word' id='word_1_500' title='bbox 185 1981 201 1998; x_wconf 91' lang='lat' dir='ltr'><strong><em>a</em></strong></span> <span class='ocrx_word' id='word_1_501' title='bbox 215 1970 342 2007; x_wconf 86' lang='lat' dir='ltr'><strong><em>quodam,</em></strong></span> <span class='ocrx_word' id='word_1_502' title='bbox 358 1969 463 2005; x_wconf 83' lang='lat' dir='ltr'><strong><em>quando</em></strong></span> <span class='ocrx_word' id='word_1_503' title='bbox 480 1974 617 1997; x_wconf 84' lang='lat' dir='ltr'><strong><em>venturum</em></strong></span> <span class='ocrx_word' id='word_1_504' title='bbox 636 1977 703 1998; x_wconf 86' lang='lat' dir='ltr'><strong><em>esset</em></strong></span> <span class='ocrx_word' id='word_1_505' title='bbox 718 1980 824 2007; x_wconf 85' lang='lat' dir='ltr'><strong><em>regnum</em></strong></span> 
     </span>
    </p>
   </div>
   <div class='ocr_carea' id='block_1_71' title="bbox 87 2049 324 2084">
    <p class='ocr_par' dir='ltr' id='par_1_71' title="bbox 87 2049 324 2084">
     <span class='ocr_line' id='line_1_71' title="bbox 87 2049 324 2084; baseline -0.008 -6"><span class='ocrx_word' id='word_1_506' title='bbox 87 2051 106 2067; x_wconf 83' lang='lat'><strong>&quot;</strong></span> <span class='ocrx_word' id='word_1_507' title='bbox 121 2051 183 2078; x_wconf 88' lang='lat' dir='ltr'><strong><em>Luc.</em></strong></span> <span class='ocrx_word' id='word_1_508' title='bbox 203 2059 259 2084; x_wconf 69' lang='grc' dir='ltr'>ινι,</span> <span class='ocrx_word' id='word_1_509' title='bbox 281 2049 324 2077; x_wconf 78' lang='lat' dir='ltr'><strong><em>l0.</em></strong></span> 
     </span>
    </p>
   </div>
   <div class='ocr_carea' id='block_1_72' title="bbox 52 2137 821 2172">
    <p class='ocr_par' dir='ltr' id='par_1_72' title="bbox 52 2137 821 2172">
     <span class='ocr_line' id='line_1_72' title="bbox 52 2137 821 2172; baseline 0.001 -7"><span class='ocrx_word' id='word_1_510' title='bbox 52 2140 141 2165; x_wconf 70' lang='lat' dir='ltr'><strong><em>amicus</em></strong></span> <span class='ocrx_word' id='word_1_511' title='bbox 155 2143 272 2165; x_wconf 68' lang='lat' dir='ltr'><strong><em>vocatus.</em></strong></span> <span class='ocrx_word' id='word_1_512' title='bbox 288 2137 374 2164; x_wconf 89' lang='lat' dir='ltr'><strong><em>Clem.</em></strong></span> <span class='ocrx_word' id='word_1_513' title='bbox 393 2137 474 2172; x_wconf 87' lang='lat' dir='ltr'><strong><em>epist.</em></strong></span> <span class='ocrx_word' id='word_1_514' title='bbox 487 2137 514 2169; x_wconf 77' lang='grc'>1,</span> <span class='ocrx_word' id='word_1_515' title='bbox 526 2144 587 2171; x_wconf 87' lang='lat' dir='ltr'><strong><em>cap.</em></strong></span> <span class='ocrx_word' id='word_1_516' title='bbox 606 2137 639 2164; x_wconf 68' lang='lat'><strong><em>£0</em></strong></span> <span class='ocrx_word' id='word_1_517' title='bbox 652 2141 678 2164; x_wconf 91' lang='lat' dir='ltr'><strong><em>et</em></strong></span> <span class='ocrx_word' id='word_1_518' title='bbox 694 2138 736 2166; x_wconf 78' lang='lat' dir='ltr'><strong><em>l7.</em></strong></span> <span class='ocrx_word' id='word_1_519' title='bbox 752 2138 821 2166; x_wconf 91' lang='lat' dir='ltr'><strong><em>Coll.</em></strong></span> 
     </span>
    </p>
   </div>
   <div class='ocr_carea' id='block_1_73' title="bbox 51 2172 824 2208">
    <p class='ocr_par' dir='ltr' id='par_1_73' title="bbox 51 2172 824 2208">
     <span class='ocr_line' id='line_1_73' title="bbox 51 2172 824 2208; baseline 0 -8"><span class='ocrx_word' id='word_1_520' title='bbox 51 2182 105 2201; x_wconf 89' lang='lat' dir='ltr'><strong><em>cum</em></strong></span> <span class='ocrx_word' id='word_1_521' title='bbox 118 2173 210 2202; x_wconf 76' lang='lat' dir='ltr'><strong><em>Jacob.</em></strong></span> <span class='ocrx_word' id='word_1_522' title='bbox 224 2173 311 2207; x_wconf 77' lang='lat' dir='ltr'><strong><em>Epist.</em></strong></span> <span class='ocrx_word' id='word_1_523' title='bbox 337 2180 361 2199; x_wconf 87' lang='lat' dir='ltr'><strong><em>c.</em></strong></span> <span class='ocrx_word' id='word_1_524' title='bbox 377 2180 406 2204; x_wconf 84' lang='grc' dir='ltr'>ιι,</span> <span class='ocrx_word' id='word_1_525' title='bbox 417 2180 443 2208; x_wconf 81' lang='lat' dir='ltr'><strong><em>v.</em></strong></span> <span class='ocrx_word' id='word_1_526' title='bbox 463 2172 508 2208; x_wconf 76' lang='grc'><strong><em>25.</em></strong></span> <span class='ocrx_word' id='word_1_527' title='bbox 523 2172 696 2208; x_wconf 82' lang='grc' dir='ltr'><strong><em>Ταλαιπωροί</em></strong></span> <span class='ocrx_word' id='word_1_528' title='bbox 711 2174 788 2205; x_wconf 70' lang='grc' dir='ltr'><strong><em>εἰσιν,</em></strong></span> <span class='ocrx_word' id='word_1_529' title='bbox 800 2175 824 2200; x_wconf 87' lang='grc' dir='ltr'><strong><em>οἱ</em></strong></span> 
     </span>
    </p>
   </div>
   <div class='ocr_carea' id='block_1_74' title="bbox 51 2207 820 2270">
    <p class='ocr_par' dir='ltr' id='par_1_74' title="bbox 51 2207 820 2270">
     <span class='ocr_line' id='line_1_74' title="bbox 51 2207 820 2244; baseline 0 -9"><span class='ocrx_word' id='word_1_530' title='bbox 51 2209 154 2244; x_wconf 65' lang='grc' dir='ltr'><strong><em>δίψυχοι,</em></strong></span> <span class='ocrx_word' id='word_1_531' title='bbox 169 2209 193 2234; x_wconf 91' lang='grc' dir='ltr'><strong><em>οἱ</em></strong></span> <span class='ocrx_word' id='word_1_532' title='bbox 208 2207 379 2240; x_wconf 75' lang='grc' dir='ltr'><strong><em>διστάζοντες</em></strong></span> <span class='ocrx_word' id='word_1_533' title='bbox 397 2207 446 2242; x_wconf 85' lang='grc' dir='ltr'><strong><em>τὴν</em></strong></span> <span class='ocrx_word' id='word_1_534' title='bbox 461 2207 558 2242; x_wconf 77' lang='grc' dir='ltr'><strong><em>ψυχήν.</em></strong></span> <span class='ocrx_word' id='word_1_535' title='bbox 576 2207 668 2234; x_wconf 79' lang='lat' dir='ltr'><strong><em>Miseri</em></strong></span> <span class='ocrx_word' id='word_1_536' title='bbox 685 2214 756 2239; x_wconf 79' lang='lat' dir='ltr'><strong><em>sunt,</em></strong></span> <span class='ocrx_word' id='word_1_537' title='bbox 780 2218 820 2244; x_wconf 71' lang='lat' dir='ltr'><strong><em>qui</em></strong></span> 
     </span>
     <span class='ocr_line' id='line_1_75' title="bbox 53 2242 820 2270; baseline 0 0"><span class='ocrx_word' id='word_1_538' title='bbox 53 2245 130 2270; x_wconf 86' lang='lat' dir='ltr'><strong><em>animo</em></strong></span> <span class='ocrx_word' id='word_1_539' title='bbox 141 2249 199 2270; x_wconf 84' lang='lat' dir='ltr'><strong><em>sunt</em></strong></span> <span class='ocrx_word' id='word_1_540' title='bbox 213 2243 330 2270; x_wconf 73' lang='lat' dir='ltr'><strong><em>duplices</em></strong></span> <span class='ocrx_word' id='word_1_541' title='bbox 340 2247 362 2268; x_wconf 82' lang='lat' dir='ltr'><strong><em>et</em></strong></span> <span class='ocrx_word' id='word_1_542' title='bbox 370 2242 561 2270; x_wconf 80' lang='lat' dir='ltr'><strong><em>iuccrti.Clem.</em></strong></span> <span class='ocrx_word' id='word_1_543' title='bbox 570 2251 613 2270; x_wconf 85' lang='lat' dir='ltr'><strong><em>en.</em></strong></span> <span class='ocrx_word' id='word_1_544' title='bbox 626 2243 652 2270; x_wconf 76' lang='grc' dir='ltr'><strong><em>Ι.</em></strong></span> <span class='ocrx_word' id='word_1_545' title='bbox 663 2251 688 2269; x_wconf 88' lang='lat' dir='ltr'><strong><em>c.</em></strong></span> <span class='ocrx_word' id='word_1_546' title='bbox 703 2243 747 2270; x_wconf 75' lang='grc'><strong><em>23.</em></strong></span> <span class='ocrx_word' id='word_1_547' title='bbox 755 2243 820 2270; x_wconf 57' lang='lat' dir='ltr'><strong><em>Coll.</em></strong></span> 
     </span>
    </p>
   </div>
   <div class='ocr_carea' id='block_1_75' title="bbox 911 2207 1268 2270">
    <p class='ocr_par' dir='ltr' id='par_1_75' title="bbox 911 2207 1268 2270">
     <span class='ocr_line' id='line_1_76' title="bbox 911 2207 1268 2241; baseline -0.006 -5"><span class='ocrx_word' id='word_1_548' title='bbox 911 2211 938 2241; x_wconf 60' lang='grc' dir='ltr'><strong><em>ὓς</em></strong></span> <span class='ocrx_word' id='word_1_549' title='bbox 958 2209 986 2236; x_wconf 76' lang='grc' dir='ltr'><strong><em>δὲ</em></strong></span> <span class='ocrx_word' id='word_1_550' title='bbox 1008 2210 1051 2236; x_wconf 70' lang='grc' dir='ltr'>ἑτε</span> <span class='ocrx_word' id='word_1_551' title='bbox 1071 2209 1185 2240; x_wconf 81' lang='grc' dir='ltr'><strong><em>οκλινείς</em></strong></span> <span class='ocrx_word' id='word_1_552' title='bbox 1212 2207 1268 2234; x_wconf 78' lang='grc' dir='ltr'><strong><em>ὑπά</em></strong></span> 
     </span>
     <span class='ocr_line' id='line_1_77' title="bbox 911 2219 1268 2270; baseline -0.003 0"><span class='ocrx_word' id='word_1_553' title='bbox 911 2245 1006 2270; x_wconf 73' lang='grc' dir='ltr'>χισιιὺν</span> <span class='ocrx_word' id='word_1_554' title='bbox 1020 2219 1120 2270; x_wconf 46' lang='grc' dir='ltr'><strong><em>τίᾶὶησι.</em></strong></span> <span class='ocrx_word' id='word_1_555' title='bbox 1137 2244 1205 2270; x_wconf 91' lang='lat' dir='ltr'><strong><em>Coll.</em></strong></span> <span class='ocrx_word' id='word_1_556' title='bbox 1224 2243 1244 2269; x_wconf 89' lang='lat' dir='ltr'><strong><em>ll</em></strong></span> <span class='ocrx_word' id='word_1_557' title='bbox 1261 2242 1268 2269; x_wconf 88' lang='grc' dir='ltr'><strong>Ι</strong></span> 
     </span>
    </p>
   </div>
   <div class='ocr_carea' id='block_1_76' title="bbox 53 2242 823 2277">
    <p class='ocr_par' dir='ltr' id='par_1_76' title="bbox 53 2242 823 2277">
     <span class='ocr_line' id='line_1_78' title="bbox 53 2242 823 2277; baseline 0.003 -7"><span class='ocrx_word' id='word_1_558' title='bbox 53 2242 130 2270; x_wconf 79' lang='lat' dir='ltr'><strong><em>animo</em></strong></span> <span class='ocrx_word' id='word_1_559' title='bbox 141 2249 199 2270; x_wconf 84' lang='lat' dir='ltr'><strong><em>sunt</em></strong></span> <span class='ocrx_word' id='word_1_560' title='bbox 213 2243 330 2276; x_wconf 79' lang='lat' dir='ltr'><strong><em>duplices</em></strong></span> <span class='ocrx_word' id='word_1_561' title='bbox 340 2242 561 2270; x_wconf 80' lang='lat' dir='ltr'><strong><em>ctiuccrti.Clem.</em></strong></span> <span class='ocrx_word' id='word_1_562' title='bbox 570 2251 613 2277; x_wconf 92' lang='lat' dir='ltr'><strong><em>ep.</em></strong></span> <span class='ocrx_word' id='word_1_563' title='bbox 626 2243 652 2273; x_wconf 76' lang='grc' dir='ltr'><strong><em>Ι.</em></strong></span> <span class='ocrx_word' id='word_1_564' title='bbox 663 2251 688 2269; x_wconf 89' lang='lat' dir='ltr'><strong><em>c.</em></strong></span> <span class='ocrx_word' id='word_1_565' title='bbox 703 2242 823 2272; x_wconf 53' lang='lat'><strong><em>25.0011.</em></strong></span> 
     </span>
    </p>
   </div>
   <div class='ocr_carea' id='block_1_77' title="bbox 53 2276 826 2314">
    <p class='ocr_par' dir='ltr' id='par_1_77' title="bbox 53 2276 826 2314">
     <span class='ocr_line' id='line_1_79' title="bbox 53 2276 826 2314; baseline 0 -9"><span class='ocrx_word' id='word_1_566' title='bbox 53 2287 106 2305; x_wconf 90' lang='lat' dir='ltr'><strong><em>cum</em></strong></span> <span class='ocrx_word' id='word_1_567' title='bbox 119 2278 175 2307; x_wconf 85' lang='lat' dir='ltr'><strong><em>Jac.</em></strong></span> <span class='ocrx_word' id='word_1_568' title='bbox 191 2282 216 2305; x_wconf 86' lang='lat' dir='ltr'><strong><em>c.</em></strong></span> <span class='ocrx_word' id='word_1_569' title='bbox 235 2286 253 2308; x_wconf 83' lang='grc' dir='ltr'>ι,</span> <span class='ocrx_word' id='word_1_570' title='bbox 271 2285 298 2304; x_wconf 89' lang='lat' dir='ltr'><strong><em>v.</em></strong></span> <span class='ocrx_word' id='word_1_571' title='bbox 320 2277 347 2304; x_wconf 90' lang='lat'><strong><em>8.</em></strong></span> <span class='ocrx_word' id='word_1_572' title='bbox 367 2276 521 2314; x_wconf 25' lang='lat' dir='ltr'><strong><em>iGebgjbp,</em></strong></span> <span class='ocrx_word' id='word_1_573' title='bbox 535 2276 627 2314; x_wconf 65' lang='grc' dir='ltr'><strong><em>φηςιέὶν,</em></strong></span> <span class='ocrx_word' id='word_1_574' title='bbox 643 2279 826 2314; x_wconf 51' lang='grc' dir='ltr'><strong><em>ὐςιτερηφάνοις</em></strong></span> 
     </span>
    </p>
   </div>
   <div class='ocr_carea' id='block_1_78' title="bbox 53 2311 826 2348">
    <p class='ocr_par' dir='ltr' id='par_1_78' title="bbox 53 2311 826 2348">
     <span class='ocr_line' id='line_1_80' title="bbox 53 2311 826 2348; baseline -0.001 -8"><span class='ocrx_word' id='word_1_575' title='bbox 53 2315 239 2343; x_wconf 68' lang='grc' dir='ltr'><strong><em>ἀντιτάσσεται..</em></strong></span> <span class='ocrx_word' id='word_1_576' title='bbox 254 2313 392 2348; x_wconf 52' lang='grc' dir='ltr'>ταπειναῖς</span> <span class='ocrx_word' id='word_1_577' title='bbox 406 2311 433 2348; x_wconf 73' lang='grc' dir='ltr'><strong><em>δὲ</em></strong></span> <span class='ocrx_word' id='word_1_578' title='bbox 446 2311 536 2348; x_wconf 51' lang='lat' dir='ltr'><strong><em>aluum</em></strong></span> <span class='ocrx_word' id='word_1_579' title='bbox 551 2311 639 2348; x_wconf 68' lang='grc' dir='ltr'><strong><em>χάριν.</em></strong></span> <span class='ocrx_word' id='word_1_580' title='bbox 652 2311 730 2340; x_wconf 56' lang='grc' dir='ltr'><strong><em>[κὰδ’</em></strong></span> <span class='ocrx_word' id='word_1_581' title='bbox 740 2311 826 2345; x_wconf 66' lang='lat' dir='ltr'><strong><em>enim,</em></strong></span> 
     </span>
    </p>
   </div>
   <div class='ocr_carea' id='block_1_79' title="bbox 54 2346 826 2384">
    <p class='ocr_par' dir='ltr' id='par_1_79' title="bbox 54 2346 826 2384">
     <span class='ocr_line' id='line_1_81' title="bbox 54 2346 826 2384; baseline 0 -9"><span class='ocrx_word' id='word_1_582' title='bbox 54 2349 140 2384; x_wconf 82' lang='lat' dir='ltr'><strong><em>inquit,</em></strong></span> <span class='ocrx_word' id='word_1_583' title='bbox 151 2348 270 2384; x_wconf 81' lang='lat' dir='ltr'><strong><em>superbis</em></strong></span> <span class='ocrx_word' id='word_1_584' title='bbox 278 2346 388 2384; x_wconf 60' lang='lat' dir='ltr'><strong><em>resistit.</em></strong></span> <span class='ocrx_word' id='word_1_585' title='bbox 402 2347 543 2384; x_wconf 71' lang='lat' dir='ltr'><strong><em>humilibus</em></strong></span> <span class='ocrx_word' id='word_1_586' title='bbox 552 2346 694 2384; x_wconf 38' lang='lat' dir='ltr'><strong><em>&#39;autemitat</em></strong></span> <span class='ocrx_word' id='word_1_587' title='bbox 703 2349 826 2383; x_wconf 84' lang='lat' dir='ltr'><strong><em>gratiam.</em></strong></span> 
     </span>
    </p>
   </div>
   <div class='ocr_carea' id='block_1_80' title="bbox 53 2381 826 2418">
    <p class='ocr_par' dir='ltr' id='par_1_80' title="bbox 53 2381 826 2418">
     <span class='ocr_line' id='line_1_82' title="bbox 53 2381 826 2418; baseline -0.001 -8"><span class='ocrx_word' id='word_1_588' title='bbox 53 2381 129 2412; x_wconf 77' lang='lat' dir='ltr'><strong><em>Clem.</em></strong></span> <span class='ocrx_word' id='word_1_589' title='bbox 145 2381 229 2418; x_wconf 84' lang='lat' dir='ltr'><strong><em>Epist.</em></strong></span> <span class='ocrx_word' id='word_1_590' title='bbox 250 2383 282 2413; x_wconf 79' lang='grc'><strong><em>1,</em></strong></span> <span class='ocrx_word' id='word_1_591' title='bbox 301 2390 324 2410; x_wconf 90' lang='lat' dir='ltr'><strong><em>c.</em></strong></span> <span class='ocrx_word' id='word_1_592' title='bbox 339 2381 469 2418; x_wconf 20' lang='lat' dir='ltr'><strong><em>507.7Coll.</em></strong></span> <span class='ocrx_word' id='word_1_593' title='bbox 485 2389 547 2418; x_wconf 81' lang='lat' dir='ltr'><strong><em>cum</em></strong></span> <span class='ocrx_word' id='word_1_594' title='bbox 563 2382 622 2410; x_wconf 85' lang='lat' dir='ltr'><strong><em>Jac.</em></strong></span> <span class='ocrx_word' id='word_1_595' title='bbox 643 2382 692 2417; x_wconf 88' lang='lat' dir='ltr'><strong><em>Ep.</em></strong></span> <span class='ocrx_word' id='word_1_596' title='bbox 703 2381 734 2410; x_wconf 28' lang='lat' dir='ltr'><strong><em>Vc.</em></strong></span> <span class='ocrx_word' id='word_1_597' title='bbox 751 2391 788 2415; x_wconf 81' lang='lat' dir='ltr'><strong><em>iv,</em></strong></span> <span class='ocrx_word' id='word_1_598' title='bbox 801 2392 826 2410; x_wconf 76' lang='grc' dir='ltr'>ν.</span> 
     </span>
    </p>
   </div>
   <div class='ocr_carea' id='block_1_81' title="bbox 53 2417 825 2452">
    <p class='ocr_par' dir='ltr' id='par_1_81' title="bbox 53 2417 825 2452">
     <span class='ocr_line' id='line_1_83' title="bbox 53 2417 825 2452; baseline 0.003 -9"><span class='ocrx_word' id='word_1_599' title='bbox 53 2419 76 2449; x_wconf 81' lang='lat' dir='ltr'><strong><em>li,</em></strong></span> <span class='ocrx_word' id='word_1_600' title='bbox 88 2419 146 2445; x_wconf 86' lang='lat' dir='ltr'><strong><em>item</em></strong></span> <span class='ocrx_word' id='word_1_601' title='bbox 162 2417 268 2445; x_wconf 77' lang='lat' dir='ltr'><strong><em>confer.</em></strong></span> <span class='ocrx_word' id='word_1_602' title='bbox 283 2425 344 2452; x_wconf 89' lang='lat' dir='ltr'><strong><em>cap.</em></strong></span> <span class='ocrx_word' id='word_1_603' title='bbox 365 2417 410 2448; x_wconf 80' lang='grc'><strong><em>50,</em></strong></span> <span class='ocrx_word' id='word_1_604' title='bbox 427 2424 471 2452; x_wconf 86' lang='lat' dir='ltr'><strong><em>ep.</em></strong></span> <span class='ocrx_word' id='word_1_605' title='bbox 482 2417 499 2452; x_wconf 23' lang='lat' dir='ltr'><strong><em>il</em></strong></span> <span class='ocrx_word' id='word_1_606' title='bbox 523 2417 609 2445; x_wconf 84' lang='lat' dir='ltr'><strong><em>Clem.</em></strong></span> <span class='ocrx_word' id='word_1_607' title='bbox 635 2425 696 2444; x_wconf 91' lang='lat' dir='ltr'><strong><em>cum</em></strong></span> <span class='ocrx_word' id='word_1_608' title='bbox 725 2426 785 2452; x_wconf 81' lang='lat' dir='ltr'><strong><em>cap.</em></strong></span> <span class='ocrx_word' id='word_1_609' title='bbox 798 2419 825 2449; x_wconf 72' lang='grc'><strong><em>2,</em></strong></span> 
     </span>
    </p>
   </div>
   <div class='ocr_carea' id='block_1_82' title="bbox 54 2451 828 2488">
    <p class='ocr_par' dir='ltr' id='par_1_82' title="bbox 54 2451 828 2488">
     <span class='ocr_line' id='line_1_84' title="bbox 54 2451 828 2488; baseline 0.001 -9"><span class='ocrx_word' id='word_1_610' title='bbox 54 2461 75 2480; x_wconf 84' lang='grc' dir='ltr'>ι.</span> <span class='ocrx_word' id='word_1_611' title='bbox 88 2453 118 2479; x_wconf 75' lang='grc'><strong><em>21</em></strong></span> <span class='ocrx_word' id='word_1_612' title='bbox 147 2453 195 2488; x_wconf 85' lang='lat' dir='ltr'><strong><em>Ep.</em></strong></span> <span class='ocrx_word' id='word_1_613' title='bbox 216 2451 366 2488; x_wconf 37' lang='lat' dir='ltr'><strong><em>Jacohi’et</em></strong></span> <span class='ocrx_word' id='word_1_614' title='bbox 380 2459 404 2478; x_wconf 89' lang='lat' dir='ltr'><strong><em>c.</em></strong></span> <span class='ocrx_word' id='word_1_615' title='bbox 421 2451 457 2478; x_wconf 67' lang='lat'><strong><em>49</em></strong></span> <span class='ocrx_word' id='word_1_616' title='bbox 474 2451 560 2479; x_wconf 90' lang='lat' dir='ltr'><strong><em>Clem.</em></strong></span> <span class='ocrx_word' id='word_1_617' title='bbox 578 2460 622 2487; x_wconf 88' lang='lat' dir='ltr'><strong><em>ep.</em></strong></span> <span class='ocrx_word' id='word_1_618' title='bbox 648 2460 710 2479; x_wconf 91' lang='lat' dir='ltr'><strong><em>cum</em></strong></span> <span class='ocrx_word' id='word_1_619' title='bbox 722 2451 781 2488; x_wconf 85' lang='lat' dir='ltr'><strong><em>cap.</em></strong></span> <span class='ocrx_word' id='word_1_620' title='bbox 801 2454 828 2485; x_wconf 83' lang='grc'><strong><em>5.</em></strong></span> 
     </span>
    </p>
   </div>
   <div class='ocr_carea' id='block_1_83' title="bbox 53 2487 350 2522">
    <p class='ocr_par' dir='ltr' id='par_1_83' title="bbox 53 2487 350 2522">
     <span class='ocr_line' id='line_1_85' title="bbox 53 2487 350 2522; baseline 0 -8"><span class='ocrx_word' id='word_1_621' title='bbox 53 2496 75 2514; x_wconf 82' lang='lat' dir='ltr'><strong><em>v.</em></strong></span> <span class='ocrx_word' id='word_1_622' title='bbox 88 2488 121 2514; x_wconf 60' lang='grc' dir='ltr'>ιο</span> <span class='ocrx_word' id='word_1_623' title='bbox 137 2487 183 2522; x_wconf 80' lang='lat' dir='ltr'><strong><em>Ep.</em></strong></span> <span class='ocrx_word' id='word_1_624' title='bbox 200 2488 229 2514; x_wconf 88' lang='lat' dir='ltr'><strong><em>S.</em></strong></span> <span class='ocrx_word' id='word_1_625' title='bbox 246 2487 350 2514; x_wconf 79' lang='lat' dir='ltr'><strong><em>Jacobi.</em></strong></span> 
     </span>
    </p>
   </div>
   <div class='ocr_carea' id='block_1_84' title="bbox 84 2521 826 2558">
    <p class='ocr_par' dir='ltr' id='par_1_84' title="bbox 84 2521 826 2558">
     <span class='ocr_line' id='line_1_86' title="bbox 84 2521 826 2558; baseline 0.003 -10"><span class='ocrx_word' id='word_1_626' title='bbox 84 2523 136 2558; x_wconf 77' lang='grc' dir='ltr'>(Π)</span> <span class='ocrx_word' id='word_1_627' title='bbox 157 2521 265 2557; x_wconf 74' lang='grc' dir='ltr'>Ἂγάπη</span> <span class='ocrx_word' id='word_1_628' title='bbox 287 2521 418 2558; x_wconf 42' lang='lat' dir='ltr'><strong><em>ualui-ast</em></strong></span> <span class='ocrx_word' id='word_1_629' title='bbox 433 2521 534 2558; x_wconf 50' lang='grc' dir='ltr'><strong><em>πλῆξ’)ος</em></strong></span> <span class='ocrx_word' id='word_1_630' title='bbox 561 2523 712 2558; x_wconf 77' lang='grc' dir='ltr'><strong><em>ἁμαρτιῶν.</em></strong></span> <span class='ocrx_word' id='word_1_631' title='bbox 740 2523 826 2551; x_wconf 81' lang='lat' dir='ltr'><strong><em>Clem.</em></strong></span> 
     </span>
    </p>
   </div>
   <div class='ocr_carea' id='block_1_85' title="bbox 54 2556 510 2592">
    <p class='ocr_par' dir='ltr' id='par_1_85' title="bbox 54 2556 510 2592">
     <span class='ocr_line' id='line_1_87' title="bbox 54 2556 510 2592; baseline 0 -9"><span class='ocrx_word' id='word_1_632' title='bbox 54 2556 97 2592; x_wconf 74' lang='lat' dir='ltr'><strong><em>Ep.</em></strong></span> <span class='ocrx_word' id='word_1_633' title='bbox 112 2565 130 2587; x_wconf 79' lang='grc' dir='ltr'>ι.</span> <span class='ocrx_word' id='word_1_634' title='bbox 147 2567 171 2585; x_wconf 90' lang='lat' dir='ltr'><strong><em>c.</em></strong></span> <span class='ocrx_word' id='word_1_635' title='bbox 188 2558 234 2585; x_wconf 68' lang='lat'><strong><em>49.</em></strong></span> <span class='ocrx_word' id='word_1_636' title='bbox 249 2558 319 2584; x_wconf 81' lang='lat' dir='ltr'><strong><em>Coll.</em></strong></span> <span class='ocrx_word' id='word_1_637' title='bbox 338 2556 415 2584; x_wconf 81' lang='lat' dir='ltr'><strong><em>lPet.</em></strong></span> <span class='ocrx_word' id='word_1_638' title='bbox 429 2565 466 2587; x_wconf 83' lang='lat' dir='ltr'><strong><em>iV,</em></strong></span> <span class='ocrx_word' id='word_1_639' title='bbox 483 2557 510 2583; x_wconf 92' lang='lat'><strong><em>8.</em></strong></span> 
     </span>
    </p>
   </div>
   <div class='ocr_carea' id='block_1_86' title="bbox 85 2592 829 2629">
    <p class='ocr_par' dir='ltr' id='par_1_86' title="bbox 85 2592 829 2629">
     <span class='ocr_line' id='line_1_88' title="bbox 85 2592 829 2629; baseline 0 -10"><span class='ocrx_word' id='word_1_640' title='bbox 85 2593 275 2629; x_wconf 19' lang='lat' dir='ltr'><strong><em>(78)7ldem,wc.</em></strong></span> <span class='ocrx_word' id='word_1_641' title='bbox 288 2592 344 2629; x_wconf 49' lang='lat' dir='ltr'><strong><em>335i</em></strong></span> <span class='ocrx_word' id='word_1_642' title='bbox 354 2592 562 2629; x_wconf 59' lang='grc' dir='ltr'><strong><em>’Υποταᾳσὲσοω</em></strong></span> <span class='ocrx_word' id='word_1_643' title='bbox 578 2593 692 2624; x_wconf 78' lang='grc' dir='ltr'><strong><em>ἕκαστος</em></strong></span> <span class='ocrx_word' id='word_1_644' title='bbox 706 2594 744 2628; x_wconf 77' lang='grc' dir='ltr'>τῷ</span> <span class='ocrx_word' id='word_1_645' title='bbox 761 2593 829 2629; x_wconf 78' lang='grc' dir='ltr'><strong><em>πλη-</em></strong></span> 
     </span>
    </p>
   </div>
   <div class='ocr_carea' id='block_1_87' title="bbox 55 2626 470 2657">
    <p class='ocr_par' dir='ltr' id='par_1_87' title="bbox 55 2626 470 2657">
     <span class='ocr_line' id='line_1_89' title="bbox 55 2626 470 2657; baseline 0.002 -5"><span class='ocrx_word' id='word_1_646' title='bbox 55 2627 105 2653; x_wconf 69' lang='grc' dir='ltr'>σίον</span> <span class='ocrx_word' id='word_1_647' title='bbox 119 2628 209 2655; x_wconf 70' lang='grc' dir='ltr'><strong><em>αὐτοξ.</em></strong></span> <span class='ocrx_word' id='word_1_648' title='bbox 227 2628 287 2654; x_wconf 88' lang='lat' dir='ltr'><strong><em>Col.</em></strong></span> <span class='ocrx_word' id='word_1_649' title='bbox 305 2627 312 2652; x_wconf 96' lang='lat' dir='ltr'><strong><em>l</em></strong></span> <span class='ocrx_word' id='word_1_650' title='bbox 328 2626 386 2653; x_wconf 76' lang='lat' dir='ltr'><strong><em>Pet.</em></strong></span> <span class='ocrx_word' id='word_1_651' title='bbox 404 2636 430 2657; x_wconf 77' lang='grc' dir='ltr'>ν,</span> <span class='ocrx_word' id='word_1_652' title='bbox 445 2627 470 2653; x_wconf 82' lang='lat'><strong><em>5.</em></strong></span> 
     </span>
    </p>
   </div>
   <div class='ocr_carea' id='block_1_88' title="bbox 85 2662 831 2698">
    <p class='ocr_par' dir='ltr' id='par_1_88' title="bbox 85 2662 831 2698">
     <span class='ocr_line' id='line_1_90' title="bbox 85 2662 831 2698; baseline 0.001 -10"><span class='ocrx_word' id='word_1_653' title='bbox 85 2662 136 2698; x_wconf 70' lang='lat'><strong><em>(79)</em></strong></span> <span class='ocrx_word' id='word_1_654' title='bbox 146 2662 229 2694; x_wconf 75' lang='lat' dir='ltr'><strong><em>lilem,</em></strong></span> <span class='ocrx_word' id='word_1_655' title='bbox 243 2670 269 2690; x_wconf 93' lang='lat' dir='ltr'><strong><em>c.</em></strong></span> <span class='ocrx_word' id='word_1_656' title='bbox 280 2662 312 2688; x_wconf 67' lang='lat'><strong><em>2:</em></strong></span> <span class='ocrx_word' id='word_1_657' title='bbox 324 2662 429 2698; x_wconf 63' lang='lat' dir='ltr'><strong><em>nam;</em></strong></span> <span class='ocrx_word' id='word_1_658' title='bbox 439 2670 469 2687; x_wconf 79' lang='grc' dir='ltr'>τε</span> <span class='ocrx_word' id='word_1_659' title='bbox 483 2662 738 2698; x_wconf 74' lang='grc' dir='ltr'><strong><em>ἐταπεινοφρονεῐτε,</em></strong></span> <span class='ocrx_word' id='word_1_660' title='bbox 751 2663 831 2698; x_wconf 77' lang='grc' dir='ltr'>μηδὲν</span> 
     </span>
    </p>
   </div>
   <div class='ocr_carea' id='block_1_89' title="bbox 55 2696 831 2758">
    <p class='ocr_par' dir='ltr' id='par_1_89' title="bbox 55 2696 831 2758">
     <span class='ocr_line' id='line_1_91' title="bbox 55 2696 831 2758; baseline 0.003 -36"><span class='ocrx_word' id='word_1_661' title='bbox 55 2696 278 2758; x_wconf 52' lang='grc' dir='ltr'><strong><em>ἀὴζῖῖεὕόιΐεέοι,</em></strong></span> <span class='ocrx_word' id='word_1_662' title='bbox 295 2697 508 2758; x_wconf 64' lang='grc' dir='ltr'><strong><em>ὐπὲτασσύμενοι</em></strong></span> <span class='ocrx_word' id='word_1_663' title='bbox 525 2696 653 2733; x_wconf 62' lang='grc' dir='ltr'><strong><em>μᾶλλονῆ</em></strong></span> <span class='ocrx_word' id='word_1_664' title='bbox 665 2696 831 2724; x_wconf 57' lang='lat' dir='ltr'><strong><em>bno-uiaticu-</em></strong></span> 
     </span>
     <span class='ocr_line' id='line_1_92' title="bbox 55 2736 357 2758; baseline 0.003 -1"><span class='ocrx_word' id='word_1_665' title='bbox 55 2739 104 2758; x_wconf 73' lang='grc' dir='ltr'>τες.</span> <span class='ocrx_word' id='word_1_666' title='bbox 139 2740 154 2757; x_wconf 82' lang='lat' dir='ltr'><strong><em>o</em></strong></span> <span class='ocrx_word' id='word_1_667' title='bbox 177 2753 184 2758; x_wconf 89' lang='lat'><strong><em>.</em></strong></span> <span class='ocrx_word' id='word_1_668' title='bbox 241 2736 278 2758; x_wconf 87' lang='lat' dir='ltr'><strong><em>et.</em></strong></span> <span class='ocrx_word' id='word_1_669' title='bbox 291 2740 318 2758; x_wconf 89' lang='lat' dir='ltr'><strong><em>v.</em></strong></span> <span class='ocrx_word' id='word_1_670' title='bbox 351 2753 357 2758; x_wconf 89' lang='lat'><strong><em>.</em></strong></span> 
     </span>
    </p>
   </div>
   <div class='ocr_carea' id='block_1_90' title="bbox 55 2732 357 2763">
    <p class='ocr_par' dir='ltr' id='par_1_90' title="bbox 55 2732 357 2763">
     <span class='ocr_line' id='line_1_93' title="bbox 55 2732 357 2763; baseline 0.003 -6"><span class='ocrx_word' id='word_1_671' title='bbox 55 2739 104 2763; x_wconf 79' lang='grc' dir='ltr'><strong><em>τες.</em></strong></span> <span class='ocrx_word' id='word_1_672' title='bbox 117 2732 184 2759; x_wconf 84' lang='lat' dir='ltr'><strong><em>Coll.</em></strong></span> <span class='ocrx_word' id='word_1_673' title='bbox 197 2733 207 2758; x_wconf 87' lang='grc' dir='ltr'><strong><em>ι</em></strong></span> <span class='ocrx_word' id='word_1_674' title='bbox 220 2732 278 2759; x_wconf 80' lang='lat' dir='ltr'><strong><em>Pet.</em></strong></span> <span class='ocrx_word' id='word_1_675' title='bbox 291 2740 318 2758; x_wconf 89' lang='lat' dir='ltr'><strong><em>v.</em></strong></span> <span class='ocrx_word' id='word_1_676' title='bbox 331 2732 357 2759; x_wconf 83' lang='lat'><strong><em>8.</em></strong></span> 
     </span>
    </p>
   </div>
   <div class='ocr_carea' id='block_1_91' title="bbox 87 2766 833 2808">
    <p class='ocr_par' dir='ltr' id='par_1_91' title="bbox 87 2766 833 2808">
     <span class='ocr_line' id='line_1_94' title="bbox 87 2766 833 2808; baseline 0.001 -15"><span class='ocrx_word' id='word_1_677' title='bbox 87 2767 139 2808; x_wconf 76' lang='grc'>(80)</span> <span class='ocrx_word' id='word_1_678' title='bbox 155 2767 194 2794; x_wconf 88' lang='lat' dir='ltr'><strong><em>ld.</em></strong></span> <span class='ocrx_word' id='word_1_679' title='bbox 209 2775 236 2808; x_wconf 63' lang='grc' dir='ltr'>ρ.</span> <span class='ocrx_word' id='word_1_680' title='bbox 250 2767 284 2808; x_wconf 55' lang='grc' dir='ltr'>λε</span> <span class='ocrx_word' id='word_1_681' title='bbox 302 2767 361 2792; x_wconf 76' lang='grc' dir='ltr'><strong><em>Νῶε</em></strong></span> <span class='ocrx_word' id='word_1_682' title='bbox 377 2766 659 2808; x_wconf 39' lang='grc' dir='ltr'><strong><em>ἔιῄρυῇζμᾳάνοιαν</em></strong></span> <span class='ocrx_word' id='word_1_683' title='bbox 674 2768 720 2794; x_wconf 76' lang='grc' dir='ltr'><strong><em>καὶ</em></strong></span> <span class='ocrx_word' id='word_1_684' title='bbox 731 2768 754 2793; x_wconf 83' lang='grc' dir='ltr'><strong>οἱ</strong></span> <span class='ocrx_word' id='word_1_685' title='bbox 764 2768 833 2794; x_wconf 82' lang='grc' dir='ltr'><strong><em>ὑπα-</em></strong></span> 
     </span>
    </p>
   </div>
   <div class='ocr_carea' id='block_1_92' title="bbox 57 2801 638 2837">
    <p class='ocr_par' dir='ltr' id='par_1_92' title="bbox 57 2801 638 2837">
     <span class='ocr_line' id='line_1_95' title="bbox 57 2801 638 2837; baseline 0.003 -11"><span class='ocrx_word' id='word_1_686' title='bbox 57 2801 194 2837; x_wconf 66' lang='grc' dir='ltr'><strong><em>καόᾳανεςες</em></strong></span> <span class='ocrx_word' id='word_1_687' title='bbox 208 2801 359 2837; x_wconf 68' lang='grc' dir='ltr'><strong><em>ἐσώθησαν.</em></strong></span> <span class='ocrx_word' id='word_1_688' title='bbox 375 2801 445 2837; x_wconf 82' lang='lat' dir='ltr'><strong><em>Coll.</em></strong></span> <span class='ocrx_word' id='word_1_689' title='bbox 465 2802 484 2828; x_wconf 95' lang='lat' dir='ltr'><strong><em>ll</em></strong></span> <span class='ocrx_word' id='word_1_690' title='bbox 498 2801 554 2828; x_wconf 79' lang='lat' dir='ltr'><strong><em>Pet.</em></strong></span> <span class='ocrx_word' id='word_1_691' title='bbox 571 2811 601 2832; x_wconf 90' lang='grc' dir='ltr'>ιι,</span> <span class='ocrx_word' id='word_1_692' title='bbox 613 2802 638 2828; x_wconf 79' lang='lat'><strong><em>5.</em></strong></span> 
     </span>
    </p>
   </div>
   <div class='ocr_carea' id='block_1_93' title="bbox 89 2835 832 2871">
    <p class='ocr_par' dir='ltr' id='par_1_93' title="bbox 89 2835 832 2871">
     <span class='ocr_line' id='line_1_96' title="bbox 89 2835 832 2871; baseline 0 -9"><span class='ocrx_word' id='word_1_693' title='bbox 89 2835 141 2871; x_wconf 75' lang='grc'>(81)</span> <span class='ocrx_word' id='word_1_694' title='bbox 156 2835 195 2863; x_wconf 86' lang='lat' dir='ltr'><strong><em>Id.</em></strong></span> <span class='ocrx_word' id='word_1_695' title='bbox 210 2845 236 2864; x_wconf 89' lang='lat' dir='ltr'><strong><em>c.</em></strong></span> <span class='ocrx_word' id='word_1_696' title='bbox 255 2835 304 2868; x_wconf 67' lang='lat' dir='ltr'><strong><em>il,</em></strong></span> <span class='ocrx_word' id='word_1_697' title='bbox 319 2836 369 2863; x_wconf 77' lang='grc' dir='ltr'><strong><em>Διὰ</em></strong></span> <span class='ocrx_word' id='word_1_698' title='bbox 389 2836 539 2870; x_wconf 63' lang='grc' dir='ltr'><strong><em>φιλῡξενίαν</em></strong></span> <span class='ocrx_word' id='word_1_699' title='bbox 555 2839 600 2864; x_wconf 76' lang='grc' dir='ltr'>καὶ</span> <span class='ocrx_word' id='word_1_700' title='bbox 615 2837 756 2864; x_wconf 69' lang='grc' dir='ltr'><strong><em>εὐσέϐειαν</em></strong></span> <span class='ocrx_word' id='word_1_701' title='bbox 772 2837 832 2863; x_wconf 76' lang='grc' dir='ltr'><strong><em>Λὼτ</em></strong></span> 
     </span>
    </p>
   </div>
   <div class='ocr_carea' id='block_1_94' title="bbox 58 2869 833 2909">
    <p class='ocr_par' dir='ltr' id='par_1_94' title="bbox 58 2869 833 2909">
     <span class='ocr_line' id='line_1_97' title="bbox 58 2869 833 2909; baseline -0.003 -11"><span class='ocrx_word' id='word_1_702' title='bbox 58 2869 140 2906; x_wconf 53' lang='lat' dir='ltr'><strong><em>“dion</em></strong></span> <span class='ocrx_word' id='word_1_703' title='bbox 159 2873 190 2898; x_wconf 77' lang='grc' dir='ltr'><strong><em>ἐκ</em></strong></span> <span class='ocrx_word' id='word_1_704' title='bbox 211 2871 342 2906; x_wconf 48' lang='lat' dir='ltr'><strong><em>anm-rt,</em></strong></span> <span class='ocrx_word' id='word_1_705' title='bbox 360 2869 407 2906; x_wconf 65' lang='grc' dir='ltr'><strong><em>τῆς</em></strong></span> <span class='ocrx_word' id='word_1_706' title='bbox 428 2871 577 2909; x_wconf 71' lang='grc' dir='ltr'><strong><em>πῖριχώρου</em></strong></span> <span class='ocrx_word' id='word_1_707' title='bbox 595 2873 681 2908; x_wconf 64' lang='grc' dir='ltr'><strong>κάπης</strong></span> <span class='ocrx_word' id='word_1_708' title='bbox 695 2873 833 2908; x_wconf 56' lang='grc' dir='ltr'><strong><em>κριθείτῃ</em></strong></span> 
     </span>
    </p>
   </div>
   <div class='ocr_carea' id='block_1_95' title="bbox 873 1603 1663 1640">
    <p class='ocr_par' dir='ltr' id='par_1_95' title="bbox 873 1603 1663 1640">
     <span class='ocr_line' id='line_1_98' title="bbox 873 1603 1663 1640; baseline -0.01 -2"><span class='ocrx_word' id='word_1_709' title='bbox 873 1609 966 1638; x_wconf 86' lang='lat' dir='ltr'><strong><em>verbis</em></strong></span> <span class='ocrx_word' id='word_1_710' title='bbox 981 1609 1146 1636; x_wconf 83' lang='lat' dir='ltr'><strong><em>sententiam</em></strong></span> <span class='ocrx_word' id='word_1_711' title='bbox 1163 1607 1240 1634; x_wconf 87' lang='lat' dir='ltr'><strong><em>Pauli</em></strong></span> <span class='ocrx_word' id='word_1_712' title='bbox 1261 1606 1294 1633; x_wconf 84' lang='lat' dir='ltr'><strong><em>ad</em></strong></span> <span class='ocrx_word' id='word_1_713' title='bbox 1309 1605 1497 1640; x_wconf 84' lang='lat' dir='ltr'><strong><em>Philippenses</em></strong></span> <span class='ocrx_word' id='word_1_714' title='bbox 1515 1612 1539 1631; x_wconf 91' lang='lat' dir='ltr'><strong><em>c.</em></strong></span> <span class='ocrx_word' id='word_1_715' title='bbox 1557 1611 1587 1635; x_wconf 87' lang='grc' dir='ltr'>ιι,</span> <span class='ocrx_word' id='word_1_716' title='bbox 1604 1612 1630 1630; x_wconf 90' lang='lat' dir='ltr'><strong><em>v.</em></strong></span> <span class='ocrx_word' id='word_1_717' title='bbox 1646 1603 1663 1630; x_wconf 81' lang='lat'><strong><em>6</em></strong></span> 
     </span>
    </p>
   </div>
   <div class='ocr_carea' id='block_1_96' title="bbox 873 1648 1663 1690">
    <p class='ocr_par' dir='ltr' id='par_1_96' title="bbox 873 1648 1663 1690">
     <span class='ocr_line' id='line_1_99' title="bbox 873 1648 1663 1690; baseline -0.013 -6"><span class='ocrx_word' id='word_1_718' title='bbox 873 1660 900 1685; x_wconf 84' lang='lat' dir='ltr'><strong><em>et</em></strong></span> <span class='ocrx_word' id='word_1_719' title='bbox 916 1657 932 1684; x_wconf 91' lang='lat'><strong>7</strong></span> <span class='ocrx_word' id='word_1_720' title='bbox 950 1666 956 1683; x_wconf 93' lang='lat'><strong>:</strong></span> <span class='ocrx_word' id='word_1_721' title='bbox 982 1654 1084 1690; x_wconf 77' lang='grc' dir='ltr'><strong><em>Ἰησοῦς</em></strong></span> <span class='ocrx_word' id='word_1_722' title='bbox 1099 1655 1149 1681; x_wconf 82' lang='grc' dir='ltr'><strong><em>οὐκ</em></strong></span> <span class='ocrx_word' id='word_1_723' title='bbox 1167 1652 1246 1689; x_wconf 79' lang='grc' dir='ltr'>ἦλθεν</span> <span class='ocrx_word' id='word_1_724' title='bbox 1260 1653 1290 1679; x_wconf 86' lang='grc' dir='ltr'>ὲν</span> <span class='ocrx_word' id='word_1_725' title='bbox 1304 1652 1401 1687; x_wconf 81' lang='grc' dir='ltr'>κόμπῳ</span> <span class='ocrx_word' id='word_1_726' title='bbox 1416 1649 1583 1682; x_wconf 75' lang='grc' dir='ltr'><strong><em>ἀλαζονείας,</em></strong></span> <span class='ocrx_word' id='word_1_727' title='bbox 1603 1648 1663 1675; x_wconf 57' lang='lat' dir='ltr'><strong><em>obiit</em></strong></span> 
     </span>
    </p>
   </div>
   <div class='ocr_carea' id='block_1_97' title="bbox 874 1696 1664 1739">
    <p class='ocr_par' dir='ltr' id='par_1_97' title="bbox 874 1696 1664 1739">
     <span class='ocr_line' id='line_1_100' title="bbox 874 1696 1664 1739; baseline -0.011 -9"><span class='ocrx_word' id='word_1_728' title='bbox 874 1702 1072 1739; x_wconf 82' lang='grc' dir='ltr'><strong><em>ὑπερηφανίας,</em></strong></span> <span class='ocrx_word' id='word_1_729' title='bbox 1096 1701 1197 1736; x_wconf 79' lang='grc' dir='ltr'>καίπερ</span> <span class='ocrx_word' id='word_1_730' title='bbox 1220 1699 1376 1734; x_wconf 75' lang='grc' dir='ltr'><strong><em>δυνάμενος,</em></strong></span> <span class='ocrx_word' id='word_1_731' title='bbox 1398 1696 1465 1724; x_wconf 84' lang='grc' dir='ltr'><strong><em>ἀλλὰ</em></strong></span> <span class='ocrx_word' id='word_1_732' title='bbox 1485 1703 1664 1730; x_wconf 78' lang='grc' dir='ltr'><strong><em>ταπεινοφρο-</em></strong></span> 
     </span>
    </p>
   </div>
   <div class='ocr_carea' id='block_1_98' title="bbox 874 1741 1662 1785">
    <p class='ocr_par' dir='ltr' id='par_1_98' title="bbox 874 1741 1662 1785">
     <span class='ocr_line' id='line_1_101' title="bbox 874 1741 1662 1785; baseline -0.011 -9"><span class='ocrx_word' id='word_1_733' title='bbox 874 1749 926 1776; x_wconf 82' lang='grc' dir='ltr'>νῶν</span> <span class='ocrx_word' id='word_1_734' title='bbox 942 1748 1011 1785; x_wconf 83' lang='lat'><strong><em>(89).</em></strong></span> <span class='ocrx_word' id='word_1_735' title='bbox 1027 1747 1122 1783; x_wconf 86' lang='lat' dir='ltr'><strong><em>Cyrill.</em></strong></span> <span class='ocrx_word' id='word_1_736' title='bbox 1139 1746 1246 1774; x_wconf 82' lang='lat' dir='ltr'><strong><em>Hiems.</em></strong></span> <span class='ocrx_word' id='word_1_737' title='bbox 1271 1744 1331 1772; x_wconf 80' lang='lat' dir='ltr'><strong><em>Cat.</em></strong></span> <span class='ocrx_word' id='word_1_738' title='bbox 1348 1751 1380 1775; x_wconf 85' lang='grc' dir='ltr'>ιι,</span> <span class='ocrx_word' id='word_1_739' title='bbox 1403 1751 1431 1778; x_wconf 89' lang='lat' dir='ltr'><strong><em>p.</em></strong></span> <span class='ocrx_word' id='word_1_740' title='bbox 1454 1750 1492 1770; x_wconf 91' lang='lat' dir='ltr'><strong><em>m.</em></strong></span> <span class='ocrx_word' id='word_1_741' title='bbox 1511 1741 1564 1769; x_wconf 69' lang='lat'><strong>222</strong></span> <span class='ocrx_word' id='word_1_742' title='bbox 1579 1746 1662 1769; x_wconf 82' lang='lat' dir='ltr'><strong><em>extr.:</em></strong></span> 
     </span>
    </p>
   </div>
   <div class='ocr_carea' id='block_1_99' title="bbox 875 1785 1662 1828">
    <p class='ocr_par' dir='ltr' id='par_1_99' title="bbox 875 1785 1662 1828">
     <span class='ocr_line' id='line_1_102' title="bbox 875 1785 1662 1828; baseline -0.01 -8"><span class='ocrx_word' id='word_1_743' title='bbox 875 1794 907 1820; x_wconf 79' lang='lat' dir='ltr'><strong><em>Ti</em></strong></span> <span class='ocrx_word' id='word_1_744' title='bbox 928 1794 1000 1819; x_wconf 77' lang='grc' dir='ltr'><strong><em>ἐστιν</em></strong></span> <span class='ocrx_word' id='word_1_745' title='bbox 1015 1792 1107 1828; x_wconf 69' lang='grc' dir='ltr'>ἕτερον</span> <span class='ocrx_word' id='word_1_746' title='bbox 1121 1791 1254 1825; x_wconf 79' lang='grc' dir='ltr'><strong><em>γινῶσκον</em></strong></span> <span class='ocrx_word' id='word_1_747' title='bbox 1274 1790 1308 1815; x_wconf 80' lang='grc' dir='ltr'><strong><em>τὰ</em></strong></span> <span class='ocrx_word' id='word_1_748' title='bbox 1324 1788 1392 1823; x_wconf 81' lang='grc' dir='ltr'><strong><em>βάθη</em></strong></span> <span class='ocrx_word' id='word_1_749' title='bbox 1408 1786 1455 1814; x_wconf 83' lang='grc' dir='ltr'><strong><em>τοῦ</em></strong></span> <span class='ocrx_word' id='word_1_750' title='bbox 1469 1786 1536 1814; x_wconf 78' lang='grc' dir='ltr'><strong><em>Θεοῦ</em></strong></span> <span class='ocrx_word' id='word_1_751' title='bbox 1548 1795 1556 1820; x_wconf 83' lang='grc'>;</span> <span class='ocrx_word' id='word_1_752' title='bbox 1569 1785 1580 1812; x_wconf 89' lang='lat' dir='ltr'><strong><em>l</em></strong></span> <span class='ocrx_word' id='word_1_753' title='bbox 1597 1786 1662 1813; x_wconf 89' lang='lat' dir='ltr'><strong><em>Cor.</em></strong></span> 
     </span>
    </p>
   </div>
   <div class='ocr_carea' id='block_1_100' title="bbox 875 1833 1665 1872">
    <p class='ocr_par' dir='ltr' id='par_1_100' title="bbox 875 1833 1665 1872">
     <span class='ocr_line' id='line_1_103' title="bbox 875 1833 1665 1872; baseline -0.01 -6"><span class='ocrx_word' id='word_1_754' title='bbox 875 1848 905 1872; x_wconf 91' lang='grc' dir='ltr'>ιι,</span> <span class='ocrx_word' id='word_1_755' title='bbox 921 1839 968 1872; x_wconf 83' lang='grc'><strong><em>10;</em></strong></span> <span class='ocrx_word' id='word_1_756' title='bbox 996 1837 1068 1865; x_wconf 87' lang='lat' dir='ltr'><strong><em>unde</em></strong></span> <span class='ocrx_word' id='word_1_757' title='bbox 1090 1840 1173 1872; x_wconf 86' lang='lat' dir='ltr'><strong><em>patet,</em></strong></span> <span class='ocrx_word' id='word_1_758' title='bbox 1197 1836 1225 1862; x_wconf 90' lang='lat' dir='ltr'><strong><em>in</em></strong></span> <span class='ocrx_word' id='word_1_759' title='bbox 1249 1835 1331 1862; x_wconf 85' lang='lat' dir='ltr'><strong><em>verbo</em></strong></span> <span class='ocrx_word' id='word_1_760' title='bbox 1352 1834 1464 1870; x_wconf 80' lang='grc' dir='ltr'>ὲρευνᾷν</span> <span class='ocrx_word' id='word_1_761' title='bbox 1480 1833 1584 1861; x_wconf 82' lang='lat' dir='ltr'><strong><em>nullam</em></strong></span> <span class='ocrx_word' id='word_1_762' title='bbox 1607 1840 1665 1859; x_wconf 90' lang='lat' dir='ltr'><strong><em>em-</em></strong></span> 
     </span>
    </p>
   </div>
   <div class='ocr_carea' id='block_1_101' title="bbox 876 1877 1664 1920">
    <p class='ocr_par' dir='ltr' id='par_1_101' title="bbox 876 1877 1664 1920">
     <span class='ocr_line' id='line_1_104' title="bbox 876 1877 1664 1920; baseline -0.013 -8"><span class='ocrx_word' id='word_1_763' title='bbox 876 1883 981 1920; x_wconf 88' lang='lat' dir='ltr'><strong><em>phasim</em></strong></span> <span class='ocrx_word' id='word_1_764' title='bbox 995 1889 1057 1910; x_wconf 89' lang='lat' dir='ltr'><strong><em>esse</em></strong></span> <span class='ocrx_word' id='word_1_765' title='bbox 1075 1882 1109 1909; x_wconf 89' lang='lat' dir='ltr'><strong><em>ab</em></strong></span> <span class='ocrx_word' id='word_1_766' title='bbox 1128 1889 1162 1909; x_wconf 89' lang='lat' dir='ltr'><strong><em>eo</em></strong></span> <span class='ocrx_word' id='word_1_767' title='bbox 1179 1879 1331 1916; x_wconf 70' lang='lat' dir='ltr'><strong><em>quaesitam,</em></strong></span> <span class='ocrx_word' id='word_1_768' title='bbox 1344 1886 1404 1913; x_wconf 70' lang='lat' dir='ltr'><strong><em>quae</em></strong></span> <span class='ocrx_word' id='word_1_769' title='bbox 1419 1885 1470 1904; x_wconf 92' lang='lat' dir='ltr'><strong><em>nec</em></strong></span> <span class='ocrx_word' id='word_1_770' title='bbox 1485 1877 1523 1904; x_wconf 85' lang='lat' dir='ltr'><strong><em>ibi</em></strong></span> <span class='ocrx_word' id='word_1_771' title='bbox 1536 1880 1578 1904; x_wconf 89' lang='lat' dir='ltr'><strong><em>est</em></strong></span> <span class='ocrx_word' id='word_1_772' title='bbox 1591 1886 1597 1903; x_wconf 91' lang='lat'>:</span> <span class='ocrx_word' id='word_1_773' title='bbox 1615 1883 1664 1911; x_wconf 94' lang='lat' dir='ltr'><strong><em>pro</em></strong></span> 
     </span>
    </p>
   </div>
   <div class='ocr_carea' id='block_1_102' title="bbox 875 1922 1665 1966">
    <p class='ocr_par' dir='ltr' id='par_1_102' title="bbox 875 1922 1665 1966">
     <span class='ocr_line' id='line_1_105' title="bbox 875 1922 1665 1966; baseline -0.014 -8"><span class='ocrx_word' id='word_1_774' title='bbox 875 1937 962 1966; x_wconf 83' lang='lat' dir='ltr'><strong><em>eoque</em></strong></span> <span class='ocrx_word' id='word_1_775' title='bbox 976 1928 1102 1957; x_wconf 87' lang='lat' dir='ltr'><strong><em>Clemens</em></strong></span> <span class='ocrx_word' id='word_1_776' title='bbox 1118 1927 1174 1963; x_wconf 86' lang='lat'><strong><em>(90)</em></strong></span> <span class='ocrx_word' id='word_1_777' title='bbox 1195 1934 1201 1953; x_wconf 91' lang='lat'>:</span> <span class='ocrx_word' id='word_1_778' title='bbox 1230 1924 1403 1960; x_wconf 83' lang='grc' dir='ltr'><strong><em>Ἐγκύπτειν,</em></strong></span> <span class='ocrx_word' id='word_1_779' title='bbox 1420 1922 1601 1958; x_wconf 74' lang='grc' dir='ltr'>ἐγκεκυφότες</span> <span class='ocrx_word' id='word_1_780' title='bbox 1625 1923 1665 1953; x_wconf 79' lang='grc' dir='ltr'>εις</span> 
     </span>
    </p>
   </div>
   <div class='ocr_carea' id='block_1_103' title="bbox 876 1966 1665 2010">
    <p class='ocr_par' dir='ltr' id='par_1_103' title="bbox 876 1966 1665 2010">
     <span class='ocr_line' id='line_1_106' title="bbox 876 1966 1665 2010; baseline -0.011 -8"><span class='ocrx_word' id='word_1_781' title='bbox 876 1976 910 2002; x_wconf 80' lang='grc' dir='ltr'><strong><em>τὰ</em></strong></span> <span class='ocrx_word' id='word_1_782' title='bbox 924 1974 993 2010; x_wconf 79' lang='grc' dir='ltr'><strong><em>βάθη</em></strong></span> <span class='ocrx_word' id='word_1_783' title='bbox 1013 1973 1062 2008; x_wconf 81' lang='grc' dir='ltr'><strong><em>τῆς</em></strong></span> <span class='ocrx_word' id='word_1_784' title='bbox 1077 1972 1152 2004; x_wconf 81' lang='grc' dir='ltr'><strong><em>Θείας</em></strong></span> <span class='ocrx_word' id='word_1_785' title='bbox 1165 1971 1215 2007; x_wconf 79' lang='grc' dir='ltr'><strong><em>τῆς</em></strong></span> <span class='ocrx_word' id='word_1_786' title='bbox 1229 1970 1355 2005; x_wconf 78' lang='grc' dir='ltr'><strong><em>γνώσεως</em></strong></span> <span class='ocrx_word' id='word_1_787' title='bbox 1367 1988 1375 2001; x_wconf 83' lang='grc'><em>,</em></span> <span class='ocrx_word' id='word_1_788' title='bbox 1396 1968 1467 1995; x_wconf 87' lang='lat' dir='ltr'><strong><em>unde</em></strong></span> <span class='ocrx_word' id='word_1_789' title='bbox 1486 1971 1514 1995; x_wconf 88' lang='lat' dir='ltr'><strong><em>et</em></strong></span> <span class='ocrx_word' id='word_1_790' title='bbox 1531 1970 1616 2002; x_wconf 87' lang='lat' dir='ltr'><strong><em>patet,</em></strong></span> <span class='ocrx_word' id='word_1_791' title='bbox 1630 1966 1665 1993; x_wconf 73' lang='grc' dir='ltr'><strong><em>τὰ</em></strong></span> 
     </span>
    </p>
   </div>
   <div class='ocr_carea' id='block_1_104' title="bbox 878 2137 1663 2176">
    <p class='ocr_par' dir='ltr' id='par_1_104' title="bbox 878 2137 1663 2176">
     <span class='ocr_line' id='line_1_107' title="bbox 878 2137 1663 2176; baseline -0.004 -10"><span class='ocrx_word' id='word_1_792' title='bbox 878 2140 922 2166; x_wconf 77' lang='grc' dir='ltr'><strong><em>διὰ</em></strong></span> <span class='ocrx_word' id='word_1_793' title='bbox 942 2138 1186 2176; x_wconf 21' lang='grc' dir='ltr'><strong><em>παρδςῌκαὶγθείοψ</em></strong></span> <span class='ocrx_word' id='word_1_794' title='bbox 1203 2137 1336 2176; x_wconf 60' lang='grc' dir='ltr'><strong><em>πρᾴδηλρν</em></strong></span> <span class='ocrx_word' id='word_1_795' title='bbox 1352 2137 1469 2176; x_wconf 65' lang='grc' dir='ltr'><strong><em>ποιήσας</em></strong></span> <span class='ocrx_word' id='word_1_796' title='bbox 1483 2137 1497 2164; x_wconf 80' lang='grc' dir='ltr'><strong><em>ὁ</em></strong></span> <span class='ocrx_word' id='word_1_797' title='bbox 1514 2137 1663 2176; x_wconf 56' lang='grc' dir='ltr'><strong><em>Δεσπότης,</em></strong></span> 
     </span>
    </p>
   </div>
   <div class='ocr_carea' id='block_1_105' title="bbox 878 2172 1663 2206">
    <p class='ocr_par' dir='ltr' id='par_1_105' title="bbox 878 2172 1663 2206">
     <span class='ocr_line' id='line_1_108' title="bbox 878 2172 1663 2206; baseline -0.003 -5"><span class='ocrx_word' id='word_1_798' title='bbox 878 2176 918 2202; x_wconf 82' lang='grc' dir='ltr'><strong><em>ὅτι</em></strong></span> <span class='ocrx_word' id='word_1_799' title='bbox 940 2172 1002 2206; x_wconf 67' lang='grc' dir='ltr'><strong><em>τοῦς</em></strong></span> <span class='ocrx_word' id='word_1_800' title='bbox 1025 2174 1183 2206; x_wconf 67' lang='grc' dir='ltr'><strong><em>ἐλπίζοντας</em></strong></span> <span class='ocrx_word' id='word_1_801' title='bbox 1211 2172 1254 2199; x_wconf 59' lang='grc' dir='ltr'><strong><em>ἕλκ’</em></strong></span> <span class='ocrx_word' id='word_1_802' title='bbox 1276 2172 1358 2199; x_wconf 77' lang='grc' dir='ltr'>αὑτὸν</span> <span class='ocrx_word' id='word_1_803' title='bbox 1385 2173 1435 2198; x_wconf 75' lang='grc' dir='ltr'><strong><em>οὐκ</em></strong></span> <span class='ocrx_word' id='word_1_804' title='bbox 1461 2173 1663 2206; x_wconf 77' lang='grc' dir='ltr'><strong><em>ἐγκαταλείπει,</em></strong></span> 
     </span>
    </p>
   </div>
   <div class='ocr_carea' id='block_1_106' title="bbox 879 2207 1664 2280">
    <p class='ocr_par' dir='ltr' id='par_1_106' title="bbox 879 2207 1664 2280">
     <span class='ocr_line' id='line_1_109' title="bbox 879 2207 1664 2242; baseline -0.001 -6"><span class='ocrx_word' id='word_1_805' title='bbox 879 2211 938 2241; x_wconf 73' lang='grc' dir='ltr'><strong><em>τοὺς</em></strong></span> <span class='ocrx_word' id='word_1_806' title='bbox 958 2209 986 2236; x_wconf 76' lang='grc' dir='ltr'><strong><em>δὲ</em></strong></span> <span class='ocrx_word' id='word_1_807' title='bbox 1008 2210 1051 2236; x_wconf 70' lang='grc' dir='ltr'>ἑτε</span> <span class='ocrx_word' id='word_1_808' title='bbox 1071 2209 1185 2240; x_wconf 81' lang='grc' dir='ltr'><strong><em>οκλινείς</em></strong></span> <span class='ocrx_word' id='word_1_809' title='bbox 1212 2207 1268 2234; x_wconf 78' lang='grc' dir='ltr'><strong><em>ὑπά</em></strong></span> <span class='ocrx_word' id='word_1_810' title='bbox 1287 2216 1383 2242; x_wconf 79' lang='grc' dir='ltr'>χοντας</span> <span class='ocrx_word' id='word_1_811' title='bbox 1405 2208 1445 2238; x_wconf 76' lang='grc' dir='ltr'><strong><em>εἰς</em></strong></span> <span class='ocrx_word' id='word_1_812' title='bbox 1466 2207 1592 2238; x_wconf 76' lang='grc' dir='ltr'><strong><em>κόλασιν,</em></strong></span> <span class='ocrx_word' id='word_1_813' title='bbox 1617 2209 1664 2235; x_wconf 76' lang='grc' dir='ltr'><strong><em>καὶ</em></strong></span> 
     </span>
     <span class='ocr_line' id='line_1_110' title="bbox 879 2216 1609 2280; baseline -0.001 -9"><span class='ocrx_word' id='word_1_814' title='bbox 879 2245 1006 2280; x_wconf 79' lang='grc' dir='ltr'><strong><em>αἱκισμὺν</em></strong></span> <span class='ocrx_word' id='word_1_815' title='bbox 1020 2219 1120 2280; x_wconf 48' lang='grc' dir='ltr'><strong><em>τίᾶὶησι.</em></strong></span> <span class='ocrx_word' id='word_1_816' title='bbox 1134 2243 1244 2280; x_wconf 75' lang='lat' dir='ltr'><strong><em>Cpll._ll</em></strong></span> <span class='ocrx_word' id='word_1_817' title='bbox 1261 2216 1317 2270; x_wconf 58' lang='grc' dir='ltr'><strong><em>ἕξει.</em></strong></span> <span class='ocrx_word' id='word_1_818' title='bbox 1335 2250 1366 2273; x_wconf 84' lang='grc' dir='ltr'>ιι,</span> <span class='ocrx_word' id='word_1_819' title='bbox 1381 2242 1440 2280; x_wconf 78' lang='lat'><strong><em>6,_9</em></strong></span> <span class='ocrx_word' id='word_1_820' title='bbox 1456 2246 1482 2269; x_wconf 89' lang='lat' dir='ltr'><strong><em>et</em></strong></span> <span class='ocrx_word' id='word_1_821' title='bbox 1496 2241 1572 2280; x_wconf 51' lang='lat' dir='ltr'><strong><em>gutta:</em></strong></span> <span class='ocrx_word' id='word_1_822' title='bbox 1584 2243 1609 2270; x_wconf 83' lang='lat'><strong><em>7.</em></strong></span> 
     </span>
    </p>
   </div>
   <div class='ocr_carea' id='block_1_107' title="bbox 916 2277 1558 2314">
    <p class='ocr_par' dir='ltr' id='par_1_107' title="bbox 916 2277 1558 2314">
     <span class='ocr_line' id='line_1_111' title="bbox 916 2277 1558 2314; baseline -0.005 -8"><span class='ocrx_word' id='word_1_823' title='bbox 916 2277 972 2314; x_wconf 55' lang='grc' dir='ltr'>(εἴ)</span> <span class='ocrx_word' id='word_1_824' title='bbox 987 2277 1111 2314; x_wconf 80' lang='lat' dir='ltr'><strong><em>Spicileg.</em></strong></span> <span class='ocrx_word' id='word_1_825' title='bbox 1128 2278 1178 2306; x_wconf 86' lang='lat' dir='ltr'><strong><em>SS.</em></strong></span> <span class='ocrx_word' id='word_1_826' title='bbox 1191 2278 1322 2314; x_wconf 59' lang='lat' dir='ltr'><strong><em>Palmm,</em></strong></span> <span class='ocrx_word' id='word_1_827' title='bbox 1337 2282 1402 2314; x_wconf 63' lang='lat' dir='ltr'><strong><em>toto.</em></strong></span> <span class='ocrx_word' id='word_1_828' title='bbox 1415 2277 1436 2314; x_wconf 61' lang='grc' dir='ltr'>ι.</span> <span class='ocrx_word' id='word_1_829' title='bbox 1456 2286 1481 2314; x_wconf 83' lang='lat' dir='ltr'><strong><em>p.</em></strong></span> <span class='ocrx_word' id='word_1_830' title='bbox 1494 2277 1558 2314; x_wconf 63' lang='lat'><strong><em>268.</em></strong></span> 
     </span>
    </p>
   </div>
   <div class='ocr_carea' id='block_1_108' title="bbox 915 2312 1643 2348">
    <p class='ocr_par' dir='ltr' id='par_1_108' title="bbox 915 2312 1643 2348">
     <span class='ocr_line' id='line_1_112' title="bbox 915 2312 1643 2348; baseline -0.003 -6"><span class='ocrx_word' id='word_1_831' title='bbox 915 2312 972 2348; x_wconf 78' lang='lat'><strong><em>(85)</em></strong></span> <span class='ocrx_word' id='word_1_832' title='bbox 987 2312 1170 2343; x_wconf 50' lang='lat' dir='ltr'><strong><em>B&#39;iblioth.SS.</em></strong></span> <span class='ocrx_word' id='word_1_833' title='bbox 1185 2313 1274 2344; x_wconf 67' lang='lat' dir='ltr'><strong><em>Pam,</em></strong></span> <span class='ocrx_word' id='word_1_834' title='bbox 1291 2318 1360 2348; x_wconf 82' lang='lat' dir='ltr'><strong><em>tom.</em></strong></span> <span class='ocrx_word' id='word_1_835' title='bbox 1372 2312 1398 2348; x_wconf 17' lang='lat' dir='ltr'><strong><em>Vl,</em></strong></span> <span class='ocrx_word' id='word_1_836' title='bbox 1414 2312 1440 2338; x_wconf 87' lang='lat' dir='ltr'><strong><em>in</em></strong></span> <span class='ocrx_word' id='word_1_837' title='bbox 1457 2312 1529 2339; x_wconf 91' lang='lat' dir='ltr'><strong><em>hunc</em></strong></span> <span class='ocrx_word' id='word_1_838' title='bbox 1542 2313 1643 2340; x_wconf 87' lang='lat' dir='ltr'><strong><em>locum.</em></strong></span> 
     </span>
    </p>
   </div>
   <div class='ocr_carea' id='block_1_109' title="bbox 914 2347 1665 2410">
    <p class='ocr_par' dir='ltr' id='par_1_109' title="bbox 914 2347 1665 2410">
     <span class='ocr_line' id='line_1_113' title="bbox 914 2347 1665 2410; baseline -0.003 -34"><span class='ocrx_word' id='word_1_839' title='bbox 914 2347 972 2410; x_wconf 58' lang='lat'><strong><em>(842</em></strong></span> <span class='ocrx_word' id='word_1_840' title='bbox 993 2349 1121 2377; x_wconf 86' lang='lat' dir='ltr'><strong><em>Similiter</em></strong></span> <span class='ocrx_word' id='word_1_841' title='bbox 1133 2349 1261 2375; x_wconf 84' lang='lat' dir='ltr'><strong><em>Dominus</em></strong></span> <span class='ocrx_word' id='word_1_842' title='bbox 1278 2347 1345 2374; x_wconf 69' lang='lat' dir='ltr'><strong><em>dixit</em></strong></span> <span class='ocrx_word' id='word_1_843' title='bbox 1368 2347 1479 2382; x_wconf 83' lang='lat' dir='ltr'><strong><em>ingratis</em></strong></span> <span class='ocrx_word' id='word_1_844' title='bbox 1498 2348 1524 2374; x_wconf 84' lang='lat' dir='ltr'><strong><em>in</em></strong></span> <span class='ocrx_word' id='word_1_845' title='bbox 1539 2356 1596 2374; x_wconf 84' lang='lat' dir='ltr'><strong><em>eum</em></strong></span> <span class='ocrx_word' id='word_1_846' title='bbox 1607 2348 1665 2375; x_wconf 67' lang='lat' dir='ltr'><strong><em>exi-</em></strong></span> 
     </span>
     <span class='ocr_line' id='line_1_114' title="bbox 914 2382 1665 2410; baseline -0.001 0"><span class='ocrx_word' id='word_1_847' title='bbox 914 2385 957 2410; x_wconf 76' lang='lat' dir='ltr'><strong><em>rnti</em></strong></span> <span class='ocrx_word' id='word_1_848' title='bbox 974 2392 1005 2410; x_wconf 83' lang='lat' dir='ltr'><strong><em>us</em></strong></span> <span class='ocrx_word' id='word_1_849' title='bbox 1018 2391 1026 2410; x_wconf 91' lang='lat'><em>:</em></span> <span class='ocrx_word' id='word_1_850' title='bbox 1039 2384 1069 2410; x_wconf 92' lang='lat' dir='ltr'><strong><em>Si</em></strong></span> <span class='ocrx_word' id='word_1_851' title='bbox 1082 2385 1110 2410; x_wconf 88' lang='lat' dir='ltr'><strong><em>in</em></strong></span> <span class='ocrx_word' id='word_1_852' title='bbox 1121 2384 1222 2410; x_wconf 80' lang='lat' dir='ltr'><strong><em>modico</em></strong></span> <span class='ocrx_word' id='word_1_853' title='bbox 1239 2383 1326 2410; x_wconf 82' lang='lat' dir='ltr'><strong><em>ﬁdeles</em></strong></span> <span class='ocrx_word' id='word_1_854' title='bbox 1342 2391 1392 2409; x_wconf 86' lang='lat' dir='ltr'><strong><em>non</em></strong></span> <span class='ocrx_word' id='word_1_855' title='bbox 1407 2382 1507 2410; x_wconf 81' lang='lat' dir='ltr'><strong><em>fuistis.</em></strong></span> <span class='ocrx_word' id='word_1_856' title='bbox 1523 2383 1591 2410; x_wconf 86' lang='lat' dir='ltr'><strong><em>auod</em></strong></span> <span class='ocrx_word' id='word_1_857' title='bbox 1607 2392 1665 2410; x_wconf 76' lang='lat' dir='ltr'><strong><em>ma-</em></strong></span> 
     </span>
    </p>
   </div>
   <div class='ocr_carea' id='block_1_110' title="bbox 879 2382 1665 2418">
    <p class='ocr_par' dir='ltr' id='par_1_110' title="bbox 879 2382 1665 2418">
     <span class='ocr_line' id='line_1_115' title="bbox 879 2382 1665 2418; baseline -0.004 -6"><span class='ocrx_word' id='word_1_858' title='bbox 879 2382 1005 2412; x_wconf 80' lang='lat' dir='ltr'><strong><em>stentibus</em></strong></span> <span class='ocrx_word' id='word_1_859' title='bbox 1018 2391 1026 2410; x_wconf 90' lang='lat'><em>:</em></span> <span class='ocrx_word' id='word_1_860' title='bbox 1039 2384 1069 2412; x_wconf 92' lang='lat' dir='ltr'><strong><em>Si</em></strong></span> <span class='ocrx_word' id='word_1_861' title='bbox 1082 2385 1110 2411; x_wconf 87' lang='lat' dir='ltr'><strong><em>in</em></strong></span> <span class='ocrx_word' id='word_1_862' title='bbox 1121 2384 1222 2410; x_wconf 82' lang='lat' dir='ltr'><strong><em>modico</em></strong></span> <span class='ocrx_word' id='word_1_863' title='bbox 1237 2383 1326 2418; x_wconf 80' lang='lat' dir='ltr'><strong><em>ﬁdeles</em></strong></span> <span class='ocrx_word' id='word_1_864' title='bbox 1342 2391 1392 2409; x_wconf 85' lang='lat' dir='ltr'><strong><em>non</em></strong></span> <span class='ocrx_word' id='word_1_865' title='bbox 1401 2382 1507 2418; x_wconf 80' lang='lat' dir='ltr'><strong><em>fuistis,</em></strong></span> <span class='ocrx_word' id='word_1_866' title='bbox 1523 2383 1591 2418; x_wconf 85' lang='lat' dir='ltr'><strong><em>quod</em></strong></span> <span class='ocrx_word' id='word_1_867' title='bbox 1607 2392 1665 2410; x_wconf 76' lang='lat' dir='ltr'><strong><em>ma-</em></strong></span> 
     </span>
    </p>
   </div>
   <div class='ocr_carea' id='block_1_111' title="bbox 879 2417 1662 2481">
    <p class='ocr_par' dir='ltr' id='par_1_111' title="bbox 879 2417 1662 2481">
     <span class='ocr_line' id='line_1_116' title="bbox 879 2417 1662 2481; baseline -0.003 -35"><span class='ocrx_word' id='word_1_868' title='bbox 879 2424 1022 2481; x_wconf 58' lang='lat' dir='ltr'><strong><em>gnurne‘esl</em></strong></span> <span class='ocrx_word' id='word_1_869' title='bbox 1050 2420 1108 2454; x_wconf 84' lang='lat' dir='ltr'><strong><em>quis</em></strong></span> <span class='ocrx_word' id='word_1_870' title='bbox 1132 2419 1205 2445; x_wconf 89' lang='lat' dir='ltr'><strong><em>dabit</em></strong></span> <span class='ocrx_word' id='word_1_871' title='bbox 1226 2418 1319 2446; x_wconf 81' lang='lat' dir='ltr'><strong><em>vobis?</em></strong></span> <span class='ocrx_word' id='word_1_872' title='bbox 1343 2418 1371 2445; x_wconf 88' lang='lat' dir='ltr'><strong><em>S.</em></strong></span> <span class='ocrx_word' id='word_1_873' title='bbox 1399 2417 1527 2449; x_wconf 69' lang='lat' dir='ltr'><strong><em>lrenatus,</em></strong></span> <span class='ocrx_word' id='word_1_874' title='bbox 1559 2419 1606 2446; x_wconf 89' lang='lat' dir='ltr'><strong><em>lib.</em></strong></span> <span class='ocrx_word' id='word_1_875' title='bbox 1630 2426 1662 2451; x_wconf 79' lang='grc' dir='ltr'>ιι,</span> 
     </span>
     <span class='ocr_line' id='line_1_117' title="bbox 880 2463 998 2481; baseline 0 0"><span class='ocrx_word' id='word_1_876' title='bbox 880 2463 940 2481; x_wconf 84' lang='lat' dir='ltr'><strong><em>can.</em></strong></span> <span class='ocrx_word' id='word_1_877' title='bbox 992 2475 998 2481; x_wconf 96' lang='lat'><strong><em>.</em></strong></span> 
     </span>
    </p>
   </div>
   <div class='ocr_carea' id='block_1_112' title="bbox 890 2463 998 2482">
    <p class='ocr_par' dir='ltr' id='par_1_112' title="bbox 890 2463 998 2482">
     <span class='ocr_line' id='line_1_118' title="bbox 890 2463 998 2482; baseline -0.009 0"><span class='ocrx_word' id='word_1_878' title='bbox 890 2463 940 2482; x_wconf 77' lang='grc' dir='ltr'>τιιυ.</span> <span class='ocrx_word' id='word_1_879' title='bbox 954 2463 998 2481; x_wconf 73' lang='grc'><strong><em>04.</em></strong></span> 
     </span>
    </p>
   </div>
   <div class='ocr_carea' id='block_1_113' title="bbox 880 2464 1662 2552">
    <p class='ocr_par' dir='ltr' id='par_1_113' title="bbox 880 2464 1662 2552">
     <span class='ocr_line' id='line_1_119' title="bbox 880 2464 1662 2552; baseline 0 -36"><span class='ocrx_word' id='word_1_880' title='bbox 880 2464 1120 2552; x_wconf 46' lang='grc' dir='ltr'><strong><em>ζῗῗέῑῖἒηιιιὶιιε,</em></strong></span> <span class='ocrx_word' id='word_1_881' title='bbox 1137 2487 1261 2523; x_wconf 84' lang='lat' dir='ltr'><strong><em>Splcileg.</em></strong></span> <span class='ocrx_word' id='word_1_882' title='bbox 1279 2486 1329 2514; x_wconf 89' lang='lat' dir='ltr'><strong><em>SS.</em></strong></span> <span class='ocrx_word' id='word_1_883' title='bbox 1343 2486 1465 2519; x_wconf 84' lang='lat' dir='ltr'><strong><em>Patrum,</em></strong></span> <span class='ocrx_word' id='word_1_884' title='bbox 1479 2491 1544 2514; x_wconf 91' lang='lat' dir='ltr'><strong><em>tom.</em></strong></span> <span class='ocrx_word' id='word_1_885' title='bbox 1560 2487 1581 2521; x_wconf 87' lang='lat' dir='ltr'><strong><em>l,</em></strong></span> <span class='ocrx_word' id='word_1_886' title='bbox 1600 2495 1662 2523; x_wconf 79' lang='lat' dir='ltr'><strong><em>pag.</em></strong></span> 
     </span>
     <span class='ocr_line' id='line_1_120' title="bbox 899 2535 925 2552; baseline 0 0"><span class='ocrx_word' id='word_1_887' title='bbox 899 2535 925 2552; x_wconf 76' lang='grc' dir='ltr'><strong><em>ε).</em></strong></span> 
     </span>
    </p>
   </div>
   <div class='ocr_carea' id='block_1_114' title="bbox 899 2535 925 2552">
    <p class='ocr_par' dir='ltr' id='par_1_114' title="bbox 899 2535 925 2552">
     <span class='ocr_line' id='line_1_121' title="bbox 899 2535 925 2552; baseline 0 0"><span class='ocrx_word' id='word_1_888' title='bbox 899 2535 925 2552; x_wconf 79' lang='grc' dir='ltr'><strong><em>ἱ).</em></strong></span> 
     </span>
    </p>
   </div>
   <div class='ocr_carea' id='block_1_115' title="bbox 916 2555 1663 2591">
    <p class='ocr_par' dir='ltr' id='par_1_115' title="bbox 916 2555 1663 2591">
     <span class='ocr_line' id='line_1_122' title="bbox 916 2555 1663 2591; baseline -0.007 -4"><span class='ocrx_word' id='word_1_889' title='bbox 916 2560 972 2591; x_wconf 83' lang='grc'>(86)</span> <span class='ocrx_word' id='word_1_890' title='bbox 999 2559 1029 2586; x_wconf 94' lang='lat' dir='ltr'><strong><em>ln</em></strong></span> <span class='ocrx_word' id='word_1_891' title='bbox 1047 2558 1096 2586; x_wconf 86' lang='lat' dir='ltr'><strong><em>der</em></strong></span> <span class='ocrx_word' id='word_1_892' title='bbox 1120 2556 1356 2589; x_wconf 73' lang='lat' dir='ltr'><strong><em>Glaubwurdigkcil</em></strong></span> <span class='ocrx_word' id='word_1_893' title='bbox 1390 2555 1437 2591; x_wconf 84' lang='lat' dir='ltr'><strong><em>der</em></strong></span> <span class='ocrx_word' id='word_1_894' title='bbox 1468 2555 1663 2590; x_wconf 73' lang='lat' dir='ltr'><strong><em>evangelise/wn</em></strong></span> 
     </span>
    </p>
   </div>
   <div class='ocr_carea' id='block_1_116' title="bbox 881 2590 1441 2628">
    <p class='ocr_par' dir='ltr' id='par_1_116' title="bbox 881 2590 1441 2628">
     <span class='ocr_line' id='line_1_123' title="bbox 881 2590 1441 2628; baseline -0.011 -5"><span class='ocrx_word' id='word_1_895' title='bbox 881 2594 1040 2625; x_wconf 76' lang='lat' dir='ltr'><strong><em>Geschichte,</em></strong></span> <span class='ocrx_word' id='word_1_896' title='bbox 1070 2597 1140 2628; x_wconf 86' lang='lat' dir='ltr'><strong><em>part.</em></strong></span> <span class='ocrx_word' id='word_1_897' title='bbox 1158 2600 1188 2623; x_wconf 80' lang='grc' dir='ltr'><strong><em>ιι,</em></strong></span> <span class='ocrx_word' id='word_1_898' title='bbox 1203 2596 1269 2619; x_wconf 85' lang='grc' dir='ltr'>ιοιιι.</span> <span class='ocrx_word' id='word_1_899' title='bbox 1284 2591 1304 2623; x_wconf 88' lang='lat' dir='ltr'><strong><em>l,</em></strong></span> <span class='ocrx_word' id='word_1_900' title='bbox 1320 2598 1380 2625; x_wconf 82' lang='lat' dir='ltr'><strong><em>pag.</em></strong></span> <span class='ocrx_word' id='word_1_901' title='bbox 1398 2590 1441 2617; x_wconf 70' lang='grc'><strong><em>74.</em></strong></span> 
     </span>
    </p>
   </div>
   <div class='ocr_carea' id='block_1_117' title="bbox 917 2626 1660 2665">
    <p class='ocr_par' dir='ltr' id='par_1_117' title="bbox 917 2626 1660 2665">
     <span class='ocr_line' id='line_1_124' title="bbox 917 2626 1660 2665; baseline -0.005 -8"><span class='ocrx_word' id='word_1_902' title='bbox 917 2631 974 2665; x_wconf 77' lang='grc'>(87)</span> <span class='ocrx_word' id='word_1_903' title='bbox 993 2626 1116 2656; x_wconf 58' lang='grc' dir='ltr'><strong><em>Ιιίιινόάε</em></strong></span> <span class='ocrx_word' id='word_1_904' title='bbox 1126 2635 1235 2665; x_wconf 63' lang='grc' dir='ltr'>ςαιιοιιε,</span> <span class='ocrx_word' id='word_1_905' title='bbox 1258 2631 1339 2665; x_wconf 72' lang='lat' dir='ltr'><strong><em>parte</em></strong></span> <span class='ocrx_word' id='word_1_906' title='bbox 1355 2633 1385 2665; x_wconf 70' lang='grc' dir='ltr'>ιι,</span> <span class='ocrx_word' id='word_1_907' title='bbox 1401 2633 1464 2665; x_wconf 62' lang='lat' dir='ltr'><strong><em>pag:</em></strong></span> <span class='ocrx_word' id='word_1_908' title='bbox 1482 2626 1530 2653; x_wconf 80' lang='lat' dir='ltr'><strong><em>56l</em></strong></span> <span class='ocrx_word' id='word_1_909' title='bbox 1556 2631 1584 2654; x_wconf 87' lang='lat' dir='ltr'><strong><em>et</em></strong></span> <span class='ocrx_word' id='word_1_910' title='bbox 1601 2634 1660 2662; x_wconf 87' lang='lat' dir='ltr'><strong><em>seq.</em></strong></span> 
     </span>
    </p>
   </div>
   <div class='ocr_carea' id='block_1_118' title="bbox 916 2660 1474 2698">
    <p class='ocr_par' dir='ltr' id='par_1_118' title="bbox 916 2660 1474 2698">
     <span class='ocr_line' id='line_1_125' title="bbox 916 2660 1474 2698; baseline -0.009 -6"><span class='ocrx_word' id='word_1_911' title='bbox 916 2660 972 2698; x_wconf 55' lang='lat'>(88’;</span> <span class='ocrx_word' id='word_1_912' title='bbox 990 2665 1116 2692; x_wconf 82' lang='lat' dir='ltr'><strong><em>Clemens</em></strong></span> <span class='ocrx_word' id='word_1_913' title='bbox 1131 2660 1336 2697; x_wconf 83' lang='lat' dir='ltr'><strong><em>Rom.,epistola</em></strong></span> <span class='ocrx_word' id='word_1_914' title='bbox 1352 2660 1378 2698; x_wconf 83' lang='lat' dir='ltr'><strong><em>_l.</em></strong></span> <span class='ocrx_word' id='word_1_915' title='bbox 1390 2668 1417 2698; x_wconf 87' lang='lat' dir='ltr'><strong><em>_c.</em></strong></span> <span class='ocrx_word' id='word_1_916' title='bbox 1430 2660 1474 2698; x_wconf 51' lang='lat' dir='ltr'><strong><em>il.</em></strong></span> 
     </span>
    </p>
   </div>
   <div class='ocr_carea' id='block_1_119' title="bbox 918 2695 1665 2736">
    <p class='ocr_par' dir='ltr' id='par_1_119' title="bbox 918 2695 1665 2736">
     <span class='ocr_line' id='line_1_126' title="bbox 918 2695 1665 2736; baseline -0.007 -9"><span class='ocrx_word' id='word_1_917' title='bbox 918 2695 974 2736; x_wconf 83' lang='grc'>(89)</span> <span class='ocrx_word' id='word_1_918' title='bbox 989 2699 1068 2726; x_wconf 80' lang='lat' dir='ltr'><strong><em>Iesus</em></strong></span> <span class='ocrx_word' id='word_1_919' title='bbox 1084 2699 1209 2736; x_wconf 67' lang='lat' dir='ltr'><strong><em>Christus</em></strong></span> <span class='ocrx_word' id='word_1_920' title='bbox 1228 2695 1279 2724; x_wconf 72' lang='grc' dir='ltr'>ηὐιι</span> <span class='ocrx_word' id='word_1_921' title='bbox 1295 2696 1368 2736; x_wconf 61' lang='grc' dir='ltr'><strong><em>ὐειιὶ(</em></strong></span> <span class='ocrx_word' id='word_1_922' title='bbox 1387 2695 1413 2721; x_wconf 77' lang='lat' dir='ltr'><strong><em>in</em></strong></span> <span class='ocrx_word' id='word_1_923' title='bbox 1430 2695 1566 2736; x_wconf 28' lang='lat' dir='ltr'><strong><em>‘jactantia</em></strong></span> <span class='ocrx_word' id='word_1_924' title='bbox 1588 2704 1665 2736; x_wconf 74' lang='lat' dir='ltr'><strong><em>arro-</em></strong></span> 
     </span>
    </p>
   </div>
   <div class='ocr_carea' id='block_1_120' title="bbox 899 2731 1664 2769">
    <p class='ocr_par' dir='ltr' id='par_1_120' title="bbox 899 2731 1664 2769">
     <span class='ocr_line' id='line_1_127' title="bbox 899 2731 1664 2769; baseline -0.005 -7"><span class='ocrx_word' id='word_1_925' title='bbox 899 2731 988 2766; x_wconf 67' lang='lat' dir='ltr'><strong><em>antiat,</em></strong></span> <span class='ocrx_word' id='word_1_926' title='bbox 1005 2743 1085 2769; x_wconf 85' lang='lat' dir='ltr'><strong><em>neque</em></strong></span> <span class='ocrx_word' id='word_1_927' title='bbox 1105 2733 1243 2768; x_wconf 77' lang='lat' dir='ltr'><strong><em>superbia&#39;,</em></strong></span> <span class='ocrx_word' id='word_1_928' title='bbox 1266 2731 1368 2769; x_wconf 80' lang='lat' dir='ltr'><strong><em>etiamsi</em></strong></span> <span class='ocrx_word' id='word_1_929' title='bbox 1391 2734 1481 2764; x_wconf 84' lang='lat' dir='ltr'><strong><em>potens</em></strong></span> <span class='ocrx_word' id='word_1_930' title='bbox 1505 2732 1553 2763; x_wconf 85' lang='lat' dir='ltr'><strong><em>sit;</em></strong></span> <span class='ocrx_word' id='word_1_931' title='bbox 1573 2731 1618 2758; x_wconf 86' lang='lat' dir='ltr'><strong><em>sed</em></strong></span> <span class='ocrx_word' id='word_1_932' title='bbox 1638 2732 1664 2758; x_wconf 89' lang='lat' dir='ltr'><strong><em>in</em></strong></span> 
     </span>
    </p>
   </div>
   <div class='ocr_carea' id='block_1_121' title="bbox 881 2744 1335 2804">
    <p class='ocr_par' dir='ltr' id='par_1_121' title="bbox 881 2744 1335 2804">
     <span class='ocr_line' id='line_1_128' title="bbox 899 2744 1335 2769; baseline -0.011 -7"><span class='ocrx_word' id='word_1_933' title='bbox 899 2744 988 2766; x_wconf 70' lang='lat' dir='ltr'><strong><em>annm,</em></strong></span> <span class='ocrx_word' id='word_1_934' title='bbox 1005 2744 1085 2769; x_wconf 83' lang='lat' dir='ltr'><strong><em>neque</em></strong></span> <span class='ocrx_word' id='word_1_935' title='bbox 1105 2744 1243 2768; x_wconf 71' lang='grc' dir='ltr'><strong><em>ειψενυιιυ,</em></strong></span> <span class='ocrx_word' id='word_1_936' title='bbox 1266 2744 1335 2759; x_wconf 77' lang='lat' dir='ltr'><strong><em>eum:</em></strong></span> 
     </span>
     <span class='ocr_line' id='line_1_129' title="bbox 881 2744 1335 2804; baseline -0.009 -8"><span class='ocrx_word' id='word_1_937' title='bbox 881 2744 1039 2797; x_wconf 47' lang='lat' dir='ltr'><strong><em>humilitate.</em></strong></span> <span class='ocrx_word' id='word_1_938' title='bbox 1052 2770 1138 2796; x_wconf 81' lang='lat' dir='ltr'><strong><em>Clem.</em></strong></span> <span class='ocrx_word' id='word_1_939' title='bbox 1158 2777 1200 2804; x_wconf 91' lang='lat' dir='ltr'><strong><em>ep.</em></strong></span> <span class='ocrx_word' id='word_1_940' title='bbox 1217 2769 1236 2799; x_wconf 84' lang='grc'><strong>1,</strong></span> <span class='ocrx_word' id='word_1_941' title='bbox 1253 2775 1278 2804; x_wconf 79' lang='lat' dir='ltr'><strong><em>c.</em></strong></span> <span class='ocrx_word' id='word_1_942' title='bbox 1292 2767 1335 2793; x_wconf 79' lang='lat' dir='ltr'><strong><em>lli.</em></strong></span> 
     </span>
    </p>
   </div>
   <div class='ocr_carea' id='block_1_122' title="bbox 917 2799 1662 2840">
    <p class='ocr_par' dir='ltr' id='par_1_122' title="bbox 917 2799 1662 2840">
     <span class='ocr_line' id='line_1_130' title="bbox 917 2799 1662 2840; baseline -0.005 -8"><span class='ocrx_word' id='word_1_943' title='bbox 917 2805 973 2840; x_wconf 83' lang='lat'><strong><em>(90)</em></strong></span> <span class='ocrx_word' id='word_1_944' title='bbox 989 2804 1020 2832; x_wconf 83' lang='lat' dir='ltr'><strong><em>In</em></strong></span> <span class='ocrx_word' id='word_1_945' title='bbox 1030 2804 1125 2831; x_wconf 67' lang='lat' dir='ltr'><strong><em>divinat</em></strong></span> <span class='ocrx_word' id='word_1_946' title='bbox 1137 2799 1289 2838; x_wconf 48' lang='lat' dir='ltr'><strong><em>cognitionis</em></strong></span> <span class='ocrx_word' id='word_1_947' title='bbox 1299 2799 1430 2836; x_wconf 76' lang='lat' dir='ltr'><strong><em>profunda</em></strong></span> <span class='ocrx_word' id='word_1_948' title='bbox 1446 2802 1662 2836; x_wconf 79' lang='lat' dir='ltr'><strong><em>introspicleutes.</em></strong></span> 
     </span>
    </p>
   </div>
   <div class='ocr_carea' id='block_1_123' title="bbox 883 2840 1190 2876">
    <p class='ocr_par' dir='ltr' id='par_1_123' title="bbox 883 2840 1190 2876">
     <span class='ocr_line' id='line_1_131' title="bbox 883 2840 1190 2876; baseline -0.007 -8"><span class='ocrx_word' id='word_1_949' title='bbox 883 2840 966 2873; x_wconf 81' lang='lat' dir='ltr'><strong><em>Idem,</em></strong></span> <span class='ocrx_word' id='word_1_950' title='bbox 977 2848 1019 2876; x_wconf 78' lang='lat' dir='ltr'><strong><em>ep.</em></strong></span> <span class='ocrx_word' id='word_1_951' title='bbox 1035 2840 1058 2872; x_wconf 89' lang='lat' dir='ltr'><strong><em>l,</em></strong></span> <span class='ocrx_word' id='word_1_952' title='bbox 1075 2846 1134 2875; x_wconf 79' lang='lat' dir='ltr'><strong><em>cap.</em></strong></span> <span class='ocrx_word' id='word_1_953' title='bbox 1147 2840 1190 2866; x_wconf 75' lang='lat' dir='ltr'><strong><em>to.</em></strong></span> 
     </span>
    </p>
   </div>
  </div>
