1875 3101
200 136 250 164 159

764 137 811 165 AD
831 137 860 167 S.
881 137 1091 166 CLEMENTEM
1112 139 1121 166 l
1139 138 1255 167 PAPAH

1773 142 1821 171 1ῗο

198 193 268 229 βάθη
284 193 333 228 τῆς
347 193 422 225 θείας
441 196 554 229 accepta
575 201 638 222 esse
657 193 691 222 de
704 193 862 230 Evangello,
886 195 915 223 in
929 203 984 231 quo
999 200 1021 227 Λ
1035 196 1175 225 deratlone
1195 197 1284 232 dignas
1303 199 1367 224 sunt
1386 198 1530 226 sententiae
1547 206 1616 234 quas
1631 199 1705 226 circa
1720 199 1822 228 divini-

195 243 238 267 est
256 240 403 275 μυστήριον
419 238 497 271 Θεοῦ,
522 247 623 266 arcana
643 239 709 267 olim
734 241 860 268 voluntas
877 240 925 269 Dei
950 241 984 269 de

197 285 286 312 salute
301 284 459 317 hominum;
476 284 545 311 bene
562 284 632 312 idem
647 289 759 313 sanctus
773 285 891 320 Cyrillus
904 286 984 314 Cate-

196 330 272 357 ehesi
290 337 345 360 xvt,
366 338 428 365 pag.
442 329 505 361 429,
521 330 676 366 συγκρίνειν
695 338 745 366 pro
764 332 934 367 interpretari
950 340 984 361 ex

196 375 344 403 lCorinth.
361 383 423 410 cap.
436 383 467 408 ιι,
482 383 508 403 v.
524 376 567 403 15.
586 376 720 404 Curiosns
739 381 821 412 atque
842 377 983 406 studiosus

197 421 294 454 lector,
315 421 361 453 qui
385 421 463 456 plura
486 421 537 448 hac
558 421 592 449 de
612 422 725 449 materia
749 422 900 455 desiderat,
917 431 983 451 con-

197 467 270 494 sulat
281 475 306 494 ν.
319 467 354 494 cl.
371 467 518 494 Fromanni
530 467 738 496 observationes
761 468 794 496 ad
810 467 915 496 Novum
931 468 983 497 Te-

196 516 362 539 stamentum
385 519 400 539 e
412 511 550 539 Clemente
561 511 694 540 Romano.
899 543 901 545 1

232 557 270 585 De
294 557 446 585 traditione.
462 557 652 585 Controversia:
679 566 730 585 non
760 558 819 585 sola
843 557 983 594 Scriptura

195 603 271 636 duce,
292 603 336 631 sed
354 607 379 630 et
399 611 444 638 per
460 603 628 631 traditionem
646 603 806 634 decidenda;
817 619 853 625 —
864 603 982 634 Sanctus

194 651 322 678 Clemens
346 649 488 677 Romanus
514 650 541 677 in
577 650 666 685 prima
693 658 743 678 sua
769 651 803 679 ad
824 651 981 680 Corinthios

194 696 308 730 epistola
330 695 364 723 ad
379 695 581 723 controversias
606 695 633 723 in
645 695 848 723 Corinthiorum
861 696 982 725 Ecclesia

194 742 328 770 excitatas
344 740 543 776 dijudicandas,
559 739 747 776 ﬁniendasque
760 749 814 769 non
828 741 981 770 divinarum

193 787 283 815 solum
294 787 508 822 Scripturarum,
518 794 611 814 verum
626 786 783 815 traditionis
797 787 879 815 etiam
896 788 982 816 utitur

196 833 370 861 auctoritate.
404 831 468 859 Vult
490 832 563 860 enim
584 831 734 860 Corinthiis
758 832 793 860 ad
813 840 845 860 ea
869 833 927 860 suis
952 833 980 861 in

194 877 440 913 disceptationibus
456 884 517 905 esse
528 876 740 912 respiciendum,
749 885 809 913 qua:
819 877 981 913 postiesum

193 923 335 952 Christum
359 930 447 958 usque
467 922 501 950 ad
522 929 582 950 eam
597 922 670 950 diem
692 923 720 950 in
737 923 860 951 Ecclesia
883 924 982 952 tradita

193 973 221 997 et
243 972 351 997 servata
382 969 501 997 fuerant.
533 967 653 1003 Apostols'
682 969 775 1002 nobis,
801 969 890 1004 inquit
912 969 980 1004 (9i),

193 1015 408 1050 evangelisarunt
432 1023 448 1042 a
461 1014 575 1041 Domino
588 1013 653 1042 Jssu
664 1013 770 1042 Christo
792 1015 885 1047 missi,
901 1014 980 1042 Iesus

194 1058 314 1087 Christus
342 1068 358 1086 a
373 1059 498 1087 Πίσαν..
511 1057 545 1085 Et
560 1059 673 1093 apostoli
701 1059 786 1086 nostri
808 1062 980 1095 cognoverunt

193 1113 239 1140 per
252 1105 286 1134 D.
298 1104 335 1132 N.
348 1104 378 1133 Ι.
392 1104 538 1137 Christum,
558 1104 628 1140 quod
639 1104 732 1139 futura
755 1109 822 1132 esset
850 1104 980 1132 contentio

193 1150 226 1178 de
244 1151 347 1178 nomine
366 1151 551 1185 episcopatus;
576 1149 607 1177 ob
627 1157 685 1176 eam
702 1157 764 1184 ergo
788 1157 896 1176 causam
918 1157 980 1176 con-

194 1197 335 1223 stituerunt
366 1195 535 1230 supradictas
566 1193 684 1230 (scilicet
702 1194 845 1229 episcopos
870 1198 895 1221 et
921 1193 980 1221 dia-

193 1241 289 1276 conos)
304 1246 328 1269 et
340 1241 458 1275 deinceps
474 1240 572 1273 futurae
591 1240 764 1267 successionis
788 1239 905 1275 regulam
924 1244 981 1267 tra-

194 1287 329 1315 diderunt.

230 1345 244 1381 §
259 1343 291 1372 ll.
308 1343 345 1372 Dc
355 1343 711 1381 SS._TrinitalisAmysterio,
727 1340 798 1381 Ij'ilio
814 1341 862 1369 Dei
880 1340 944 1370 hau

405 1378 526 1411 Christo,
546 1377 652 1413 ejusque
670 1377 768 1412 gratia.

229 1425 269 1452 De
284 1424 426 1454 Trinitate.
442 1440 477 1445 -
492 1423 521 1452 In
540 1424 693 1459 fragmento
709 1431 746 1450 vn
761 1423 817 1451 divi
831 1421 979 1452 Clementis

193 1478 227 1498 ex
242 1470 342 1498 Basilio
358 1470 415 1498 Lib.
430 1472 461 1498 de
473 1470 576 1504 Spiritu
590 1473 681 1497 sancto
704 1476 730 1496 c.
745 1468 790 1500 29.
813 1468 885 1503 quod
906 1467 979 1496 Cou-

193 1516 308 1548 tantius,
324 1515 483 1543 Gallandius
499 1523 531 1543 ac
544 1515 662 1543 Grabius
678 1514 802 1549 epistolis
818 1514 906 1542 sancti
927 1514 978 1542 hu-

191 1562 238 1597 Jus
265 1561 400 1597 pontiﬁcis
423 1561 591 1597 adiungunt,
607 1568 739 1596 expressa
757 1560 872 1588 habetur
894 1560 978 1587 trium

194 1608 348 1635 divinarum
362 1607 547 1636 Personarum
572 1615 589 1634 a
603 1612 698 1635 sancto
710 1606 850 1634 Clemente
873 1605 980 1641 profes-

193 1654 236 1680 sio
251 1653 318 1690 (92).
346 1653 475 1681 Nonnulli
501 1653 553 1680 viri
568 1653 668 1681 eruditi
689 1653 800 1687 insuper
815 1651 981 1679 arbitrantur

194 1699 328 1727 referente
340 1699 486 1727 Coutantio
497 1699 555 1736 (93)
578 1707 593 1726 a
608 1703 703 1726 sancto
718 1697 859 1725 Clemente
875 1697 980 1733 specia-

194 1745 245 1773 lem
267 1745 301 1772 de
313 1744 415 1780 Spiritu
436 1750 531 1773 sancto
550 1745 673 1772 habitum
701 1743 787 1771 fuisse
815 1750 981 1776 sermonem,

193 1791 275 1826 idque
303 1790 454 1827 fragmento
479 1798 546 1823 vni,
572 1790 598 1818 in
611 1798 665 1825 quo
689 1790 724 1817 de
750 1788 854 1824 Spiritu
881 1791 978 1817 sancto

193 1836 354 1869 disseritur,
385 1837 564 1870 conﬁrmant;
590 1836 639 1864 sed
663 1844 721 1863 rem
747 1843 803 1863 non
830 1835 975 1869 evincunt;

192 1891 256 1910 cum
285 1884 366 1911 etiam
399 1883 427 1910 in
456 1882 580 1918 epistolis
610 1882 644 1909 de
667 1881 771 1916 Spiritu
796 1885 892 1909 sancto
919 1881 976 1909 haec

192 1928 329 1956 disserere
341 1928 460 1960 licuerit,
484 1935 516 1955 ac
537 1931 643 1956 certum
657 1928 693 1955 sit
707 1927 819 1954 mutilas
836 1934 899 1959 esse
918 1927 977 1961 epl-

192 1975 277 2013 stolas
302 1974 336 2001 ad
359 1972 526 2001 Corinthios.
557 1972 586 2000 in
612 1973 721 2000 laudato
749 1972 801 1999 hoc
827 1971 978 2007 fragmento

193 2028 254 2052 vin,
274 2020 416 2055 perspicue
440 2023 552 2046 sanctus
573 2018 618 2046 hic
640 2025 709 2055 papa
722 2017 805 2045 tradit
824 2016 976 2045 doctrinam

193 2066 227 2094 de
242 2065 344 2100 Spiritu
361 2069 455 2092 sancto
472 2064 540 2099 (94).

228 2112 358 2139 Diuinitas
372 2111 421 2138 Dei
431 2110 497 2137 Filii
505 2109 570 2137 Jesu
583 2109 693 2138 Christi.
707 2124 743 2130 —
756 2109 867 2136 Attenta
882 2108 975 2136 consi-

229 2180 252 2196 ¹⁰
267 2179 326 2206 Act.
347 2187 383 2206 xx
396 2199 404 2212 ,
429 2178 474 2206 ‘28.
515 2177 613 2206 “’Gal.
629 2185 672 2212 ιιι,
691 2178 718 2207 ι.

227 2246 283 2279 (91)
303 2244 388 2272 Clem.
401 2243 492 2276 Rom.,
508 2245 535 2276 i,
550 2252 610 2279 cap.
625 2244 669 2272 M.

228 2277 284 2316 (92)
300 2290 311 2316 ε
324 2280 376 2307 Sed
390 2284 418 2316 et
434 2277 726 2316 antiquiorAClemens:
739 2278 816 2310 Vivit,
826 2277 909 2316 Deus,
923 2278 978 2305 Do-

192 2313 279 2344 minus
291 2314 369 2342 Jesus
382 2313 512 2346 Christus,
528 2320 552 2341 et
568 2314 682 2349 Spiritus
695 2319 812 2341 sanctus.
826 2313 910 2349 Nemo
922 2322 976 2341 non

191 2351 265 2389 videt
277 2350 324 2389 Dei
339 2351 447 2389 nomine
458 2348 603 2389 Personam
620 2350 710 2389 Patris
726 2349 849 2389 intelligi.
860 2348 887 2375 ld
904 2350 976 2389 enini

192 2386 313 2420 antiquis
344 2386 428 2412 moris
453 2394 514 2413 esse
535 2386 626 2412 nullus
652 2385 768 2419 ignorat,
797 2384 851 2420 nisi
875 2384 976 2420 quirin

192 2418 313 2456 ipsorum
329 2420 440 2456 scriptis
456 2421 617 2456 peregrinus
631 2418 685 2456 est,
700 2423 730 2456 ut
745 2426 807 2456 cum
819 2418 904 2456 Deum
913 2419 976 2456 sint:

192 2453 300 2492 pliciter
315 2453 561 2492 sinckadjunctp'in
578 2454 727 2492 Scripturis
748 2453 851 2488 legunt,
866 2454 905 2492 vel
923 2453 973 2488 ipsi

191 2489 346 2522 enuntiant,
373 2489 480 2517 Patrem
502 2491 553 2517 hoc
575 2490 685 2517 nomine
707 2496 867 2524 expressum
891 2489 976 2515 inter-

192 2529 342 2561 pretentur,
357 2529 445 2561 atque
453 2525 502 2559 ipsi
518 2525 681 2561 exprimant.

313 2557 401 2594 Apudi
421 2557 517 2593 Maiisi,
549 2557 570 2586 ί.
595 2558 606 2586 Ι
631 2558 745 2590 Concil.,
770 2558 822 2586 col.
858 2557 923 2591 234,
947 2558 975 2586 in

191 2600 256 2623 nota
270 2600 297 2622 2.

228 2631 284 2666 (9L)
300 2630 398 2657 Beatus
412 2631 451 2658 vir
473 2629 573 2666 (inquit
588 2635 698 2657 sanctus
710 2628 847 2666 Clemens)
869 2628 914 2666 qui
925 2636 975 2666 __co_-

191 2663 290 2702 gnoscit
299 2665 388 2702 Patris
397 2663 494 2692 donum
502 2663 546 2702 per
556 2666 743 2702 pracessionem
753 2663 977 2702 sanctissimnt'Spi-

192 2698 270 2728 ritus.
293 2701 391 2728 Beatus
408 2702 458 2732 vir,
469 2698 514 2735 qni
525 2701 641 2735 agnoscit
655 2705 678 2727 et
692 2699 881 2734 comprehendit
890 2698 977 2732 Spiri—

192 2741 249 2763 tum
267 2741 388 2763 sanctum
405 2744 460 2763 esse
475 2734 574 2762 donum
594 2734 677 2767 illius,
698 2735 729 2762 ab
747 2743 777 2762 co
792 2736 819 2762 in
830 2735 917 2769 ﬁgura
932 2742 977 2760 co-

193 2771 288 2799 lumba:
302 2771 441 2802 traditum,
458 2775 525 2801 etc.,
535 2774 587 2798 etc.

229 2807 285 2841 (95)
302 2806 420 2841 Epistola
434 2807 460 2838 Ι,
470 2814 529 2841 cap.
545 2806 572 2832 2.

228 2837 284 2878 (96)
297 2837 375 2869 llaud
389 2849 430 2869 me
445 2837 511 2868 latri
523 2843 550 2869 in
565 2840 773 2870 eoClemcntino
787 2841 847 2868 loco
864 2839 975 2867 Junium

1033 245 1115 270 tatem
1140 242 1205 271 Jesu
1230 243 1333 270 Christi
1363 243 1390 270 in
1407 247 1524 279 utraque
1549 245 1666 279 epistola
1681 245 1738 272 divi
1759 246 1823 273 Cle-

1032 288 1132 315 mentis
1148 288 1291 316 habemus.
1316 288 1413 316 Omnes
1434 294 1533 321 autem,
1558 290 1597 317 ait
1619 295 1734 319 sanctus
1759 291 1823 319 Cle-

1014 335 1017 338 ‘
1032 340 1110 360 mens
1124 333 1191 368 (95),
1203 333 1297 360 humili
1315 334 1404 361 animo
1423 335 1552 372 eratis....
1570 335 1618 362 Dei
1638 331 1735 364 uiatico
1758 346 1825 364 con-

1033 379 1142 407 tenti....
1156 383 1181 406 et
1201 385 1323 406 accurate
1338 379 1499 407 attendentes
1519 382 1682 410 sermonibus
1700 383 1822 417 ejus.....

1032 422 1174 451 Passiones
1196 424 1269 451 illius
1292 424 1362 460 (Dei)
1384 433 1440 459 prie
1463 425 1546 452 oculis
1561 427 1654 454 vestris
1667 432 1766 454 erant:
1783 429 1824 454 Τὰ

1031 469 1181 505 παθήματα
1189 469 1271 497 αὐτοῦ
1283 469 1370 505 (Θεοῦ)
1382 468 1416 506 ἦν
1430 471 1484 506 πρὸ
1498 471 1645 507 ὀφθαλμῶν
1658 473 1737 507 ὑμῶν
1753 473 1824 508 (96).

1031 513 1090 542 Hoc
1109 515 1137 542 in
1155 515 1215 543 loco
1235 515 1313 543 divus
1326 515 1454 544 Clemens
1473 517 1615 551 passiones
1629 518 1734 545 Christi
1761 527 1825 554 pas-

1032 560 1124 588 siones
1138 560 1186 588 Dei
1208 561 1344 596 appellat,
1358 561 1399 588 sic
1418 569 1515 596 nempe
1538 562 1572 589 ab
1595 563 1720 598 apostolo
1736 563 1825 591 Paulo

1031 605 1270 642 institutus,cujus
1284 610 1343 634 erat
1359 607 1487 643 συνεργός
1504 607 1693 644 (cooperator),
1710 609 1761 644 qui
1777 617 1821 637 co-

1031 650 1092 679 dem
1114 652 1194 687 plane
1218 660 1301 680 sensu
1322 652 1423 679 Christi
1446 651 1596 680 Ecclesiam
1614 653 1766 688 appellavit
1782 655 1824 680 ὀς

1037 697 1198 733 Ἐκκλησίαν
1212 697 1259 724 τοῦ
1273 698 1341 725 Θεοῦ
1358 699 1391 734 ἢν
1406 699 1616 734 περιεποιήσατο
1630 699 1674 725 διὰ
1689 699 1740 726 τοῦ
1758 700 1825 726 ἰδίου

1030 743 1198 779 αῖματος.-
1213 743 1356 771 Ecclesium
1372 743 1431 776 Dei,
1446 752 1525 778 quam
1540 745 1678 779 acquisivit
1691 746 1825 780 sanguine

1030 797 1088 816 suo.
1113 788 1169 816 Nec
1181 788 1288 822 dubito,
1304 788 1370 823 quin
1387 789 1464 816 hisce
1478 789 1568 817 verbis
1588 799 1594 817 :
1610 790 1665 817 Καὶ
1679 790 1715 817 τὰ
1732 791 1824 826 παθή-

1032 843 1105 869 ματα
1124 834 1206 862 αὐτοῦ
1229 833 1262 870 ἢν
1278 834 1331 870 πρὸ
1344 834 1489 870 ὀφθαλμῶν
1504 834 1591 870 ὑμῶν,
1607 835 1748 869 repexerit
1759 844 1825 863 san-

996 865 1019 895 Β
1031 865 1092 908 ctus
1106 879 1188 907 Pater
1201 865 1246 908 ad.
1259 865 1327 907 illtid
1350 865 1473 915 eiusdem
1487 865 1622 914 Apostoli,
1638 865 1762 909 Calatas
1786 881 1823 908 ita

1030 926 1201 962 objurgantis
1213 927 1234 942 "
1247 935 1254 954 :
1272 925 1294 953 0
1307 926 1435 952 insensati
1447 924 1610 953 Galatm.....
1627 930 1690 953 ante
1706 935 1823 961 quorum

1030 971 1119 998 oculos
1134 969 1254 997 Christus
1268 970 1437 1004 praescriptus
1451 975 1501 1001 est,
1522 970 1549 996 in
1569 969 1641 997 vobis
1657 971 1819 1005 cruci/iras.

1029 1016 1163 1044 Nimirum
1178 1016 1314 1048 Clemens,
1330 1019 1361 1042 ut
1375 1015 1486 1047 assolet,
1504 1014 1617 1042 Paulum
1637 1015 1775 1049 imitatus,
1795 1017 1822 1043 in

1029 1062 1189 1089 memoriam
1211 1061 1315 1096 redegit
1329 1061 1490 1093 Corinthiis,
1512 1061 1650 1095 quomodo
1675 1065 1741 1089 ante
1760 1070 1822 1088 mo—

1028 1112 1073 1135 tus
1093 1107 1123 1134 in
1139 1114 1234 1134 eorum
1249 1106 1372 1134 Ecclesia
1393 1114 1480 1141 nuper
1497 1110 1620 1139 exertos,
1636 1107 1714 1134 omni
1732 1109 1821 1134 virtu-

1028 1156 1086 1179 tum
1111 1159 1211 1187 genere
1231 1150 1367 1184 llorerent,
1386 1155 1469 1186 atque
1490 1150 1537 1184 Dei
1552 1151 1698 1186 passiones
1711 1159 1821 1187 semper

1029 1202 1092 1225 ante
1103 1198 1198 1225 oculos
1214 1197 1280 1232 ipsis
1294 1197 1518 1224 obversarentur.

1064 1243 1130 1270 Dum
1149 1244 1177 1271 in
1196 1242 1301 1270 Christo
1321 1247 1439 1274 natum;
1462 1251 1516 1269 una
1537 1242 1639 1274 divina,
1661 1242 1750 1269 altera
1770 1242 1820 1268 Ιιιις

1029 1296 1126 1321 mana;
1143 1293 1167 1316 et
1180 1296 1234 1315 una
1247 1287 1376 1315 Persona.
1386 1287 1523 1314 —Divinze
1536 1287 1619 1322 igitur
1634 1291 1742 1314 natura:
1758 1295 1818 1314 ma-

1026 1333 1153 1369 iestatem
1166 1341 1229 1361 cum
1243 1333 1334 1360 carnis
1349 1333 1513 1364 humilitate,
1529 1333 1677 1368 cruciSque
1696 1333 1818 1368 ignomi-

1028 1380 1073 1408 nia
1093 1380 1145 1407 hoc
1166 1379 1227 1407 loco
1250 1379 1393 1414 eonjungit
1418 1382 1531 1406 sanctus
1544 1377 1642 1411 Pater;
1658 1379 1729 1406 duas
1753 1379 1818 1406 item

1027 1429 1141 1454 naturas
1153 1425 1275 1461 agnoscit
1289 1425 1317 1452 in
1327 1424 1436 1452 Christo
1449 1432 1455 1449 :
1467 1431 1549 1451 unam
1558 1423 1640 1452 Verbi
1652 1423 1817 1455 Personam.

1028 1478 1089 1506 quae
1110 1477 1194 1498 carne
1215 1476 1296 1505 passa
1319 1473 1378 1502 est,
1403 1477 1435 1497 ac
1456 1469 1503 1497 Dei
1528 1470 1665 1504 passiones
1687 1469 1818 1497 Ecclesia!

1028 1516 1211 1545 Corinthiacae
1224 1515 1351 1551 proponit
1362 1515 1436 1543 velut
1451 1515 1530 1551 longe
1545 1515 1696 1543 maximum
1714 1520 1818 1552 myste-

1029 1563 1112 1595 rium,
1132 1562 1205 1590 unde
1224 1561 1286 1588 vita:
1310 1560 1458 1588 sanctioris
1478 1565 1611 1596 praecepta
1636 1561 1818 1596 institutaque

1030 1609 1122 1636 omnia
1141 1608 1322 1636 deducantur.
1349 1606 1388 1634 Ex
1409 1607 1508 1642 quibus
1532 1615 1596 1642 ergo
1612 1607 1717 1642 liquido
1731 1612 1816 1642 patet,

1030 1662 1086 1682 non
1102 1653 1190 1682 solum
1208 1653 1274 1689 quid
1290 1657 1402 1681 sanctus
1417 1653 1544 1680 Clemens
1554 1673 1562 1685 ,
1584 1652 1632 1680 sed
1651 1654 1735 1680 etiam
1750 1653 1817 1688 quid

1031 1699 1158 1732 Romani,
1172 1699 1237 1735 quid
1251 1699 1398 1731 Corinthii,
1414 1698 1480 1734 quid
1495 1698 1604 1725 demutn
1629 1699 1721 1726 caeteri
1736 1698 1818 1726 Chri-

1031 1745 1115 1774 stiani
1136 1745 1237 1773 saeculo
1253 1753 1262 1772 I
1281 1744 1432 1780 apostolico
1452 1744 1486 1772 de
1509 1743 1564 1771 Deo
1582 1744 1611 1771 in
1629 1752 1715 1771 carne
1734 1752 1818 1780 passo

1028 1791 1185 1824 senserint,
1211 1794 1293 1825 atque
1320 1789 1499 1818 crediderint.
1538 1789 1604 1823 Quae
1624 1789 1736 1824 quidem
1762 1798 1817 1819 non

1027 1838 1117 1865 solum
1133 1841 1230 1865 contra
1241 1836 1427 1864 Arianismum
1446 1843 1479 1863 ac
1493 1835 1610 1862 hmresin
1623 1835 1816 1863 Nestorianam

1027 1884 1142 1911 multum
1158 1883 1260 1914 valent,
1278 1882 1326 1910 sed
1339 1882 1422 1910 etiam
1443 1881 1523 1909 valde
1536 1885 1632 1908 contra
1653 1880 1816 1908 Socinianos

1028 1930 1109 1961 urget
1132 1926 1175 1953 vir
1198 1926 1296 1954 doctus
1320 1929 1415 1953 noster
1440 1924 1569 1952 Maranus
1590 1924 1647 1960 (9'1)
1665 1934 1671 1951 :
1689 1925 1816 1960 idemque

1028 1975 1218 2007 argumentum
1228 1972 1285 2007 jam
1299 1971 1404 2006 pridem
1418 1971 1542 2006 pluribus
1553 1970 1641 1997 fuerat
1653 1977 1815 2005 persecutus

1027 2018 1145 2046 Grabius
1157 2017 1214 2052 (98)
1228 2017 1276 2052 qui
1296 2017 1411 2043 aliorum
1427 2017 1515 2043 sancti
1530 2015 1620 2043 Patris
1638 2016 1726 2043 nostri
1742 2016 1816 2043 loco—

1026 2069 1087 2089 rum
1111 2062 1295 2097 parallelismo
1320 2060 1457 2092 instituto,
1484 2060 1557 2087 hunc
1582 2060 1683 2094 ipsum.
1703 2060 1738 2087 de
1762 2068 1815 2095 quo

1026 2109 1142 2144 agimus,
1172 2111 1283 2136 strenue
1305 2106 1465 2140 vindicavit,
1485 2111 1567 2141 atque
1580 2105 1683 2133 Christi
1700 2105 1816 2134 Deitatis

994 2246 1014 2273 ι)
1026 2243 1199 2278 conjectasse
1213 2248 1264 2278 pro
1282 2240 1432 2278 παθήματᾳ
1453 2239 1597 2278 legendum)
1614 2238 1812 2278 _forte__paﬂﬁ-

1031 2273 1113 2314 μαὲσ..
1130 2277 1187 2314 Sed
1195 2273 1273 2314 piane
1289 2273 1471 2314 respuendum
1484 2273 1546 2301 cum
1559 2274 1670 2305 Grabio,
1683 2273 1814 2314 Wottono

1030 2310 1146 2348 aliisque
1165 2310 1231 2348 viris
1249 2311 1337 2338 doctis
1356 2311 1436 2348 inane
1453 2314 1648 2340 commentum,
1665 2310 1740 2348 quod
1756 2314 1814 2337 tex-

1029 2352 1086 2375 tum
1102 2345 1180 2375 'citra
1205 2347 1287 2374 ullam
1307 2346 1520 2375 necessitatem,
1544 2351 1632 2378 neque
1658 2345 1743 2371 ullius
1763 2353 1813 2372 ms.

1029 2383 1134 2411 codicis
1153 2382 1314 2409 auctoritate
1336 2380 1484 2407 sollicitare
1505 2379 1672 2413 comperitnr
1701 2379 1734 2405 Et
1753 2380 1813 2414 jure

1029 2418 1138 2453 quidem
1147 2417 1260 2453 :etenim
1275 2424 1364 2453 nonne
1370 2416 1552 2453 demumaple
1561 2414 1698 2441 cohaerent
1707 2415 1810 2453 omnia.

1029 2449 1052 2481 si
1067 2453 1143 2480 verba
1159 2452 1206 2478 Dei
1225 2451 1325 2478 mentis
1351 2450 1498 2480 attentioni,
1528 2449 1644 2483 ejusque
1674 2450 1812 2482 passiones

1027 2488 1119 2516 cordis
1133 2487 1215 2514 oculis
1234 2485 1442 2521 proponantng?
1458 2484 1530 2521 quod
1546 2484 1592 2521 ubi
1608 2484 1758 2521 diligenter
1777 2489 1813 2521 at-

1027 2523 1121 2553 tendo.
1141 2518 1242 2549 mirari'
1253 2518 1335 2553 subit,
1360 2521 1396 2548 cl.
1410 2518 1548 2546 Fleurium
1569 2519 1596 2545 in
1620 2526 1668 2545 sua
1690 2518 1812 2546 Historia

1027 2558 1216 2588 ecclesiastica,
1238 2561 1303 2583 tom.
1315 2556 1334 2587 l,
1347 2563 1408 2590 pag.
1420 2554 1483 2585 ΞΠ,
1497 2553 1629 2581 edit.Lat.
1646 2553 1720 2580 ili—8"
1735 2555 1813 2581 vitio-

1028 2602 1086 2622 sam
1100 2593 1173 2620 Junii
1188 2591 1373 2626 conjecturam
1396 2590 1633 2626 sequiAmaluisse,
1651 2596 1737 2626 quani
1757 2590 1810 2615 sin-

1028 2637 1117 2656 ceram
1136 2632 1227 2655 textus
1240 2623 1396 2658 lectionem,
1411 2623 1457 2660 qui
1468 2623 1571 2651 Gallice
1592 2632 1647 2651 non
1663 2624 1809 2657 passiones,

1028 2664 1076 2692 sed
1090 2663 1238 2690 doctrinam
1252 2661 1408 2689 reddiderit.

1064 2699 1119 2733 (97)
1135 2698 1266 2726 Divinilus
1287 2696 1319 2724 D.
1337 2695 1374 2723 N.
1387 2694 1414 2723 J.
1431 2692 1531 2722 Christi
1549 2693 1696 2727 manifest,
1710 2694 1758 2721 li‘b.
1773 2702 1807 2725 tv,

1141 2741 1314 2796 institinolat.
1333 2766 1365 2794 ad
1381 2765 1450 2793 Bulli
1472 2763 1577 2792 deiens.
1592 2764 1638 2792 tid.
1656 2762 1731 2796 Nic.,
1749 2771 1805 2799 pag.

1075 2734 1128 2805 is?
1141 2742 1173 2796 ia

1027 2804 1070 2832 60.
