1875 3101
54 169 100 195 i8!

670 166 838 198 ΡΒΟαῖΜΙᾹ
858 166 1051 196 VARIORUM.

1622 168 1673 195 162

52 225 179 254 hostibus
209 224 329 253 ﬁdenter
358 225 458 260 objccit
480 224 546 260 (99).
580 224 608 253 In
637 225 756 252 secunda
783 225 840 260 cpi-
855 228 874 254 Α
889 224 984 251 sentire
992 223 1023 250 de
1037 227 1129 250 nostra
1138 222 1269 254 saluta,“
1280 221 1312 250 de
1325 222 1383 254 illo,
1394 222 1524 257 quihujus
1532 223 1626 250 salutis
1635 230 1673 251 est

51 268 209 304 stolaliOO)
224 273 322 296 auctor
341 269 393 296 iste
408 276 458 295 nos
477 269 568 301 docet,
589 273 619 296 ut
639 270 792 297 sentiamus
806 269 840 296 do

50 314 116 342 Jesu
130 314 245 342 Christo
260 318 390 349 tanquam
405 313 439 341 de
449 313 514 345 Deo,
526 317 553 341 et
565 317 693 349 tanquam
706 314 740 341 de
748 314 840 348 judice

51 362 177 387 vivorum
202 365 230 387 et
254 364 423 386 mortuorum
451 368 457 386 :
477 358 597 390 Fratres,
626 359 664 385 ait
688 359 744 392 ipse
763 359 840 386 initio

53 406 125 432 illius
136 405 273 440 epistolae.
288 405 328 431 ita
342 405 438 431 sentire
449 413 495 431 nos
510 409 609 438 oportet
623 403 724 431 delesu
736 404 839 432 Christo

53 456 181 486 tauquam
195 451 228 478 de
248 451 303 478 Deo
317 451 365 486 (ὡς
378 451 441 486 περὶ
458 450 548 485 Θεοῦ),
570 455 695 485 tanquam
711 450 743 476 de
752 451 839 484 judice

51 497 168 523 virorum
182 501 207 523 et
222 500 384 523 mortuorum
394 499 476 527 ;—ct
491 503 604 522 numero
618 494 662 526 '56,
675 502 718 529 ep.
727 495 739 521 Ι
749 499 839 529 aperte

51 542 118 569 dicit
131 541 229 569 Jesum
244 541 385 568 Christum
400 548 415 567 a
430 540 485 568 Deo
497 548 558 568 esse
567 539 708 567 secundum
722 547 838 567 carnem:

57 587 102 619 Ἐξ
115 586 202 614 αὐτοῦ
216 587 231 613 ὸ
243 586 345 621 Κύριος
365 584 467 620 Ἰησοῦς
479 585 510 610 τὸ
523 585 593 612 κατὰ
611 584 709 620 σάρκα..

85 632 189 660 Nescio
206 639 242 658 an
260 631 362 658 clarius
383 630 469 665 possit
482 629 544 664 quis
564 629 598 656 de
618 630 759 657 divinitate
775 629 838 658 Jesu

51 678 156 705 Christi
184 676 372 704 testimonium
397 675 530 711 proferre.
557 674 692 709 Expresso
706 676 769 703 alibi
792 676 840 703 de—

51 723 151 753 clarat,
165 721 258 750 Jesum
273 721 414 748 Christum
435 720 558 753 spiritum
571 719 666 751 fuisse,
680 720 838 755 priusquam

51 776 117 796 caro
143 768 222 796 ﬁeret
242 777 249 795 :
268 766 348 794 Iesus
375 765 496 794 Christus
519 765 557 801 (ί)
575 765 756 794 ﬂaminum...
780 774 839 793 cum

52 815 170 848 primum
196 817 262 840 esset
290 812 400 846 spiritus
426 819 489 838 caro
513 811 600 845 [actus
614 815 654 838 est
665 811 716 846 (2).
731 803 771 838 Ex
785 818 839 847 quo

52 858 200 885 deducitur
219 856 350 883 adversus
369 853 501 889 quosdam
517 858 673 882 nostrorum
685 858 838 890 temporum

891 276 993 298 auctor.
1009 270 1091 297 Docet
1100 270 1213 304 insuper
1220 276 1270 297 nos
1279 277 1403 304 peccare,
1417 270 1441 296 si
1455 271 1583 297 nescimus
1606 271 1673 298 unde

888 320 914 342 et
926 315 1054 350 quomodo
1065 315 1150 342 vocati
1158 323 1259 346 sumus,
1271 319 1295 341 et
1309 323 1325 341 a
1335 323 1396 349 quo.
1408 319 1432 340 et
1445 315 1472 341 in
1483 323 1556 349 quem
1567 314 1673 348 locum;

888 365 913 388 et
927 365 1025 395 quanta
1039 361 1164 388 sustinuit
1184 359 1263 387 Iesus
1283 359 1406 387 Christus
1423 361 1482 393 pati
1494 365 1599 394 propter
1614 369 1671 388 nos.

888 404 928 432 En
943 406 1059 432 maxima
1076 405 1216 437 beneﬁcia,
1232 413 1292 440 quae
1308 413 1322 431 a
1337 405 1430 432 divino
1447 405 1497 432 hoe
1516 405 1666 437 Salvatorc,

888 454 918 477 ut
930 450 1012 476 tradit
1027 454 1139 478 sanctus
1151 450 1288 482 Clemens,
1301 451 1467 485 recepimus!
1483 450 1577 477 Lucem
1592 451 1666 478 nobis

889 496 999 531 largitus
1009 500 1048 523 est
1059 504 1067 522 :
1081 501 1205 531 tanquam
1219 501 1294 530 pater
1304 497 1373 530 ﬁlios
1384 505 1430 523 nos
1444 497 1598 530 appellavit;
1607 505 1668 531 per-

887 547 976 569 euntes
1003 550 1050 568 nos
1064 542 1185 569 servavit.
1200 540 1343 569 Miseratus
1353 546 1392 569 est
1411 551 1469 574 nos,
1488 548 1512 569 et
1524 543 1664 570 visceribus

888 591 1042 618 commotus,
1060 586 1146 613 salvos
1153 586 1223 620 fecit,
1238 595 1296 613 cum
1306 587 1332 613 in
1343 587 1415 614 nobis
1426 588 1536 614 multum
1550 596 1665 615 errorem

889 640 920 658 ac
934 632 1069 658 interitum
1085 637 1248 667 spectasset;
1261 641 1306 659 nec
1327 632 1422 660 habere
1440 641 1486 659 nos
1500 633 1584 660 ullam
1602 642 1672 668 spem

889 677 996 710 salutis,
1011 677 1063 704 nisi
1078 686 1146 709 eam,
1169 685 1227 712 qua
1249 677 1282 704 ab
1306 678 1372 711 ipso.
1391 677 1499 704 Vocavit
1520 678 1589 705 enim
1613 687 1671 711 nos,

888 722 933 756 qui
959 731 1010 749 non
1033 731 1149 755 eramus,
1173 727 1197 750 et
1222 723 1314 757 voluit,
1340 731 1356 749 a
1374 723 1455 750 nihilo
1471 732 1527 750 esse
1546 732 1602 751 nos.
1618 723 1666 751 llic

889 771 982 802 aperte
990 768 1073 795 tradit
1089 768 1226 800 Clemens,
1242 769 1314 803 quod
1325 769 1493 803 Augustinus
1507 775 1599 804 postea
1612 770 1665 796 ire-

888 820 977 847 quens
990 812 1094 846 docuit,
1115 818 1226 841 vocatos
1238 821 1288 841 nos
1303 821 1318 840 a
1333 813 1397 846 Deo,
1413 822 1475 841 cum
1492 815 1567 842 nulla
1580 816 1606 842 in
1618 823 1667 842 no-

891 857 933 885 bis
949 858 1055 890 merita,
1072 858 1128 885 imo
1145 862 1172 886 et
1187 859 1271 886 multa
1287 859 1418 887 demerita
1433 861 1629 894 conspexisset.

52 903 183 936 Arianos,
201 901 298 928 Filium
312 900 360 928 Dei
375 900 514 928 exstitisse
528 905 590 928 ante
611 907 690 928 suam
712 900 839 928 incarna-
853 895 875 922 Β
924 902 1034 930 Miseria
1042 903 1153 930 hominis
1162 909 1223 931 ante
1232 904 1448 932 incarnationem.
1465 921 1500 925 —
1514 905 1601 933 Verba
1612 907 1669 934 haec

53 950 169 977 tionem.

88 995 226 1029 Beneﬁcia
244 993 319 1021 Verbi
340 993 474 1020 incantati
489 992 562 1019 circa
581 991 707 1019 homines.
719 1005 754 1012 ——
766 991 840 1020 Nihil

53 1039 200 1066 movendis
220 1038 319 1066 animis
344 1037 436 1072 aptius
458 1036 512 1064 dici
528 1040 619 1071 potest
642 1036 687 1068 iis.
705 1045 766 1072 quae
786 1041 841 1064 tra-

54 1084 94 1111 dit
107 1088 221 1112 sanctus
235 1082 361 1110 Clemens
377 1083 404 1109 in
415 1087 531 1116 utraque
540 1081 654 1116 epistola
669 1082 743 1109 circa
754 1082 839 1110 bene-

55 1129 126 1161 ﬁcia,
155 1137 217 1164 quae
240 1137 289 1164 pro
314 1127 470 1156 hominibus
492 1135 526 1154 ex
555 1127 740 1155 incarnatione
757 1126 839 1155 Verbi

54 1179 120 1204 sunt
143 1178 302 1202 consecuta.
317 1173 363 1200 Ait
377 1173 449 1201 enim
474 1172 501 1200 in
523 1172 628 1207 prima,
647 1180 697 1200 nos
722 1173 749 1200 in
774 1172 839 1201 Jesu

53 1222 167 1249 Christo
184 1221 303 1249 salutare
317 1223 440 1247 nostrum
460 1219 648 1252 adinvenisse;
668 1219 758 1254 ipsum
778 1227 839 1248 esse

53 1268 220 1295 oblationum
239 1271 390 1294 nostrarum
414 1273 562 1300 supremum
573 1264 743 1300 Ponti/item;
764 1266 839 1301 inﬁr-

54 1313 157 1341 mitatis
173 1316 474 1346 nostra'essepatronum
488 1317 512 1339 et
526 1311 711 1339 auxiliatorem
723 1311 772 1347 (5).
786 1311 840 1339 Per

54 1361 134 1391 hunc,
151 1359 240 1394 pergit
255 1362 368 1386 sanctus
383 1358 434 1386 iste
452 1357 585 1392 pontifex,
596 1358 624 1385 in
641 1358 765 1385 calorum
780 1358 839 1384 alti-

54 1406 160 1432 tudines
174 1404 263 1444 oculos
274 1403 431 1438 deligamus;
445 1411 492 1438 per
508 1403 576 1430 hunc
598 1403 798 1431 immaculatum
813 1408 839 1431 et

54 1461 207 1488 supremum
229 1453 302 1479 illius
330 1452 432 1479 vultum
462 1451 676 1486 speeulabimur;
698 1460 744 1487 per
770 1451 837 1479 hunc

55 1500 125 1526 oculi
142 1498 231 1526 cordis
244 1498 328 1525 nostri
343 1497 428 1531 aperti
444 1502 520 1529 sunt;
534 1505 581 1532 per
596 1497 664 1524 hunc
676 1498 800 1532 insipiens
813 1502 838 1524 et

55 1546 200 1572 obscurata
217 1552 288 1571 mens
304 1548 395 1570 nostra
420 1543 447 1570 in
470 1543 654 1570 admirabilem
675 1543 732 1577 ejus
754 1543 838 1570 lucem

55 1590 214 1624 repullulat;
230 1597 276 1624 per
289 1589 357 1615 hunc
372 1589 452 1616 voluit
465 1589 604 1621 Dominus,
620 1593 649 1616 ut
664 1589 839 1616 immortalem

55 1636 232 1670 cognitionem
243 1639 419 1669 gustaremus.
431 1633 551 1666 Quicum
566 1634 601 1660 sit
617 1633 703 1669 (addit
717 1633 839 1670 insuper)

56 1681 183 1715 splendor
203 1680 352 1714 majestatis
373 1679 440 1714 ejus,
462 1683 535 1706 tanto
557 1678 644 1714 major
663 1684 702 1706 est
720 1679 839 1714 angelis,

56 1730 155 1760 quanto
171 1724 342 1752 excellentius
361 1732 454 1751 nomen
473 1723 582 1751 sortitus
603 1728 653 1750 est.
669 1722 747 1756 Quod
760 1723 840 1759 quasi

56 1771 90 1799 de
104 1771 191 1798 verbo
203 1769 240 1797 ad
255 1769 367 1797 verbum
383 1777 415 1797 ex
423 1768 543 1804 Epistola
556 1768 591 1796 ad
606 1768 734 1796 Hebraeos
746 1777 841 1796 excer-

56 1823 132 1853 ptum
156 1821 212 1849 est,
243 1817 271 1844 in
286 1823 338 1851 qua
353 1815 501 1851 Apostolus
524 1815 620 1843 iisdem
640 1814 725 1843 ferme
750 1815 841 1843 verbis

56 1863 178 1898 elogium
191 1861 257 1889 Iesu
277 1861 377 1888 Christi
401 1859 535 1888 edormat.
558 1859 627 1887 Hinc
649 1860 782 1888 Eusebius
801 1859 840 1896 (4)

57 1909 188 1941 advertit,
217 1907 245 1935 in
267 1907 355 1943 prima
377 1906 428 1934 hac
449 1906 537 1933 sancti
561 1905 709 1933 Clementis
725 1905 842 1941 epistola

59 1954 150 1981 haberi
174 1953 316 1981 nonnullas
340 1952 481 1980 sententias
497 1951 624 1986 Epistola
644 1951 698 1978 divi
712 1950 792 1978 Pauli
807 1950 842 1978 ad

61 1999 189 2027 Hebraeos
202 2003 229 2026 et
241 1997 395 2034 quandoque
402 1998 481 2025 etiam
496 1997 628 2032 expositas
641 1997 734 2024 iisdem
747 1997 840 2030 verbis,

59 2046 154 2081 quibus
168 2045 254 2072 utitur
267 2044 406 2076 Apostolus
423 2051 432 2070 .'
446 2042 515 2078 quod
530 2041 634 2078 quidem
647 2042 770 2075 ostendit,
781 2050 843 2078 per-

60 2096 99 2128 git
113 2089 416 2125 Eusebius,Epistolam
426 2091 462 2117 ad
478 2089 603 2116 Hebraos
615 2097 778 2124 nequaquam
787 2097 843 2117 esse

60 2146 126 2173 opus
148 2145 248 2168 recens,
262 2141 287 2164 et
303 2137 365 2171 jure
383 2136 525 2171 meritoque
547 2135 608 2162 aliis
632 2135 710 2162 istius
730 2135 843 2170 apostoli

57 2183 181 2219 epistolis
195 2182 315 2217 adjungi.

890 947 1004 976 miriﬁce
1030 949 1178 976 ostendunt
1203 950 1350 977 maximam
1384 951 1504 979 hominis
1531 952 1671 980 miseriam

890 996 953 1020 ante
969 993 1198 1026 incarnationem,
1222 1000 1438 1031 extremamque,
1461 1003 1515 1031 qua
1531 997 1672 1025 detineba-

887 1040 945 1070 tur,
961 1039 1153 1067 necessitatem
1163 1040 1436 1077 medrcinalisgratiae
1452 1043 1604 1071 Salvatoris
1615 1044 1672 1079 (5);

889 1084 972 1111 tradit
986 1085 1068 1112 etiam
1082 1086 1163 1120 paulo
1186 1086 1310 1120 inferius,
1336 1088 1449 1122 gentiles
1461 1092 1524 1116 ante
1545 1089 1673 1117 incarna-

888 1129 990 1156 tionem
1016 1129 1081 1158 Jesu
1105 1130 1208 1158 Christi
1238 1130 1276 1158 ita
1291 1135 1382 1159 mente
1406 1136 1501 1167 captos
1528 1133 1624 1167 fuisse,
1642 1138 1673 1161 ut

889 1174 1034 1203 adorarent
1059 1175 1174 1210 lapides,
1196 1177 1305 1212 lignum,
1329 1185 1434 1211 aurum,
1456 1184 1603 1214 argentum,
1630 1184 1672 1208 at.-

888 1229 937 1256 que
952 1229 998 1252 cos.
1015 1229 1094 1255 opera
1112 1221 1264 1256 hominum;
1282 1223 1394 1259 insuper
1413 1224 1487 1259 quod
1504 1229 1559 1252 tota
1575 1233 1671 1254 eorum

888 1266 942 1292 uita
956 1266 996 1292 nil
1010 1266 1084 1293 aliud
1098 1274 1156 1294 erat
1176 1276 1256 1302 quam
1277 1277 1348 1295 mors
1363 1276 1373 1295 :
1386 1273 1410 1296 et
1427 1269 1550 1302 tenebris,
1563 1274 1588 1297 et
1603 1271 1672 1297 cali-

888 1312 948 1347 gine
963 1313 1179 1345 obvoloebantur;
1193 1314 1266 1348 quod
1284 1314 1406 1342 Ecclesia
1422 1315 1516 1350 paucis
1529 1318 1673 1344 constabat

889 1356 1026 1391 ﬁdelibus,
1042 1365 1073 1385 ac
1089 1359 1189 1393 popqu
1206 1359 1429 1387 circumdabatur
1446 1360 1564 1395 ingrato,
1577 1365 1604 1389 et
1625 1362 1673 1389 he-

888 1403 1046 1431 neﬂciorum
1062 1403 1109 1432 Dei
1125 1405 1289 1433 immemori.
1307 1405 1373 1438 Quae
1396 1407 1506 1441 quidem
1527 1407 1561 1434 de
1585 1408 1673 1435 idolo—

888 1455 948 1477 tum
965 1449 1117 1477 cultoribus
1143 1450 1322 1486 intelligenda
1339 1455 1419 1485 sunt;
1433 1452 1535 1487 quippe
1551 1457 1614 1480 ante
1629 1454 1674 1480 in-

889 1495 1076 1536 carnationem
1111 1495 1145 1522 ad
1174 1495 1324 1524 Ecclesiam
1360 1505 1416 1524 non
1449 1498 1618 1532 spectabant,
1645 1503 1674 1526 et

891 1538 973 1567 Deum
989 1540 1160 1575 ignorabant.
1174 1541 1250 1574 Quod
1262 1541 1329 1569 dixit
1345 1541 1521 1578 (Scriptura),
1538 1543 1575 1570 ait
1594 1543 1674 1571 Pater

891 1586 942 1613 iste
954 1585 1003 1620 (6),
1024 1586 1125 1620 lactare,
1144 1595 1201 1622 qua:
1219 1597 1272 1615 non
1294 1589 1379 1623 paris,
1401 1597 1448 1616 nos
1464 1589 1532 1615 dixit
1547 1596 1556 1615 :
1569 1589 1674 1618 Sterilit

888 1631 981 1667 quippe
995 1636 1052 1659 erat
1064 1632 1185 1660 Ecclesia
1202 1639 1305 1666 nostra,
1321 1638 1459 1669 antequam
1471 1633 1528 1661 dati
1543 1639 1628 1661 essent
1644 1635 1676 1662 li-

890 1676 954 1704 beri.
968 1677 1052 1712 lgitur
1067 1677 1163 1705 inferri
1182 1679 1288 1713 nequit,
1312 1684 1374 1706 ante
1388 1679 1604 1706 incarnationem
1626 1687 1675 1706 ne-

889 1722 990 1750 minem
1006 1723 1111 1758 justum
1139 1723 1273 1752 adfuisse.
1297 1723 1342 1751 Sic
1364 1728 1388 1751 et
1407 1723 1539 1756 Christus,
1566 1725 1675 1759 egregie

889 1769 1029 1796 concludit
1052 1770 1120 1804 ipse,
1143 1770 1226 1796 uoluit
1239 1778 1344 1797 servare
1366 1771 1512 1804 pereuntia,
1532 1775 1557 1797 et
1578 1772 1674 1798 multos

889 1813 1011 1845 servavit,
1029 1813 1093 1840 dum
1116 1814 1196 1848 venit,
1217 1813 1330 1850 dumque
1341 1823 1388 1841 nos
1401 1814 1462 1848 jam
1479 1820 1614 1849 pereuntes
1629 1823 1674 1842 νο-

890 1859 957 1886 cavit
967 1858 1018 1894 (7).

924 1903 1148 1932 Animadvertere
1165 1904 1211 1932 hic
1234 1908 1341 1940 oportet
1363 1911 1426 1932 cum
1443 1907 1540 1932 nostro
1555 1904 1601 1939 pio
1622 1912 1674 1932 au—

890 1955 975 1982 ctore,
996 1951 1095 1979 debere
1111 1958 1162 1979 nos
1176 1959 1266 1983 veros,
1290 1958 1490 1986 germanosque
1510 1951 1580 1986 grati
1589 1951 1674 1979 animi

891 2003 991 2024 sensus
1006 2003 1071 2031 erga
1095 1995 1264 2024 Salvatorem
1280 1997 1412 2024 enutrirc.
1425 1995 1615 2030 Confitebimur
1626 2004 1675 2023 au-

891 2047 943 2069 tem
957 2042 1034 2069 illum
1047 2042 1179 2078 faciendo,
1193 2051 1251 2078 quia
1266 2043 1341 2075 dicit,
1353 2048 1377 2070 et
1390 2043 1516 2070 mandata
1535 2043 1608 2070 illius
1622 2052 1674 2070 non

891 2088 1053 2122 spernendo;
1064 2097 1110 2116 nec
1130 2089 1216 2116 solum
1228 2088 1307 2116 labiis
1321 2096 1380 2116 eum
1397 2088 1562 2120 honorando,
1581 2088 1628 2116 sed
1641 2095 1675 2116 ea:

892 2138 946 2161 toto
960 2133 1048 2166 corde,
1061 2142 1094 2162 ea:
1107 2139 1164 2162 tota
1174 2139 1267 2162 mente.
1282 2133 1343 2161 Non
1360 2133 1437 2161 modo
1453 2134 1545 2169 igitur.
1560 2134 1599 2161 ait
1608 2142 1657 2162 san
1668 2149 1674 2155 ο

892 2185 952 2208 ctus
967 2180 1012 2207 hic
1034 2180 1154 2215 pontifex
1178 2180 1228 2216 (8),
1253 2180 1467 2218 ipsum-vocemus
1479 2180 1632 2214 Dominum,
1647 2181 1674 2208 id

95 2229 126 2257 In
154 2228 274 2257 secunda
293 2227 406 2263 epistola
429 2234 485 2254 non
507 2227 599 2255 minus
617 2230 695 2263 urget
720 2226 842 2262 ingentes
857 2237 879 2265 Β
893 2227 961 2253 enim
976 2234 1027 2253 non
1040 2226 1152 2254 salvabit
1164 2235 1211 2254 nos
1227 2234 1237 2258 ;
1250 2226 1295 2254 sed
1310 2228 1338 2253 in
1352 2226 1474 2261 operibus
1491 2227 1576 2261 ipsum
1588 2228 1673 2261 conﬁ-

62 2275 198 2303 utilitatcs
220 2272 425 2302 incarnationis.
450 2271 530 2300 Vetat
551 2273 640 2308 primo
658 2273 719 2301 loco
732 2272 843 2301 humilia

96 2353 156 2387 (99)
173 2351 328 2380 Notandum
348 2351 393 2379 hic
417 2351 504 2378 obiter
525 2350 686 2386 gravissimo
699 2350 735 2387 Vin
751 2358 844 2387 errore

62 2386 170 2416 versari
191 2387 326 2418 Photium,
346 2387 410 2414 dum
434 2393 556 2413 asserere
579 2393 633 2412 non
648 2386 793 2417 erubescit,
815 2386 843 2412 in

63 2428 162 2451 sancto
169 2423 309 2450 Clemente
316 2422 383 2449 nihil
391 2421 542 2448 adinveniri
548 2421 582 2447 ad
590 2420 738 2448 Salvatoris
746 2420 842 2447 divini-

63 2463 150 2485 tatem
168 2457 407 2492 comprobandam.
434 2456 472 2482 Ita
491 2463 566 2492 sane
576 2463 714 2492 nunquam
736 2456 845 2492 locutus

63 2493 174 2525 fuisset,
189 2493 212 2520 si
228 2490 307 2520 verba
323 2491 490 2521 attendisset,
507 2490 587 2517 modo
600 2498 614 2516 a
626 2491 704 2517 nobis
717 2490 844 2520 allata,in

62 2528 165 2565 quibus
175 2532 287 2565 sanctus
297 2526 421 2565 Poritilos
433 2531 568 2565 tanquam.
581 2528 684 2565 certum
701 2529 844 2565 ratumque

63 2560 221 2593 anstituit,
235 2563 262 2589 in
271 2561 336 2590 Jcsu
354 2561 463 2588 Christo
481 2568 533 2587 una
546 2560 628 2588 simul
641 2567 704 2587 cum
718 2560 845 2587 humani-

63 2602 121 2626 tate
136 2597 304 2624 divinitatem
317 2596 477 2623 inhabitare.

112 2633 177 2666 100)
197 2631 317 2667 Epistola
330 2631 358 2663 2,
368 2638 429 2666 cap.
445 2630 471 2658 1.

113 2668 141 2701 1)
161 2666 241 2697 Ibid}.
254 2675 315 2701 cap.
330 2666 356 2693 9.

99 2699 140 2736 ('2)
160 2703 218 2730 Hoc
228 2699 357 2734 estfcum
370 2704 443 2728 esset
454 2699 535 2736 Deus.
551 2699 668 2734 Spiritus
681 2699 751 2727 enim
763 2707 846 2726 voca-

63 2735 159 2767 bulum
174 2745 246 2772 sepe
257 2736 329 2772 apud
346 2736 473 2772 antiquos
483 2735 601 2772 divinam
609 2740 845 2772 naturam_sqr_i_are

64 2764 227 2809 ﬂagrantia;
238 2764 357 2809 generali
371 2771 398 2797 in
412 2764 713 2809 novissimamyperum
728 2768 757 2797 S.
770 2764 846 2796 Hila-

64 2803 100 2836 rii
113 2807 218 2835 Pictav.
231 2803 378 2834 e'ditionem
392 2813 468 2832 num.
483 2804 517 2832 62
528 2808 556 2832 et
570 2803 605 2830 65
617 2804 740 2838 pluribus
753 2812 846 2832 exem-

85 2844 120 2871 lis
143 2843 361 2870 demonstratum
380 2844 421 2868 est
445 2847 460 2866 a
475 2839 618 2867 Coutanlio
642 2843 753 2871 nostro;
774 2839 846 2867 unde

65 2872 133 2906 illud
140 2877 287 2915 Augustini
299 2876 379 2912 epist.
393 2875 453 2908 140,
470 2883 498 2903 n.
513 2874 557 2909 il,
571 2873 605 2901 ad
615 2872 759 2904 Clementis
769 2881 845 2902 men-

895 2278 1016 2306 teamur;
1033 2274 1061 2300 in
1074 2273 1206 2309 diligendo
1217 2274 1266 2301 alii
1279 2274 1358 2306 alios,
1371 2274 1399 2301 in
1414 2282 1466 2301 non
1487 2274 1673 2307 adulterando,

892 2354 946 2378 tem
955 2350 1041 2385 magis
1047 2350 1277 2377 accommodatum
1284 2351 1371 2377 cxscri
1376 2350 1464 2377 bimus
1473 2359 1477 2376 :
1492 2350 1603 2377 Verbum
1611 2359 1674 2378 caro

893 2386 991 2421 factum
1007 2390 1055 2421 est,
1070 2390 1094 2412 et
1114 2385 1240 2412 habitauit
1261 2386 1287 2411 in
1305 2385 1396 2415 nobis;
1412 2386 1511 2412 reddite
1532 2386 1622 2418 vicem,
1648 2391 1674 2413 et

892 2420 1020 2454 eﬂicimini
1035 2420 1149 2454 Spiritus
1168 2426 1192 2447 et
1205 2421 1321 2446 habitate
1338 2421 1365 2446 in
1378 2421 1442 2447 illo:
1457 2420 1535 2455 quasi
1557 2421 1672 2452 diceret,

900 2455 1009 2482 Verbum
1024 2462 1085 2482 cum
1102 2460 1174 2482 esset
1190 2455 1314 2489 spiritus.
1331 2463 1378 2482 seu
1397 2455 1478 2485 Deus.
1497 2463 1558 2481 caro
1573 2456 1674 2490 [artum

892 2496 942 2522 est,
958 2493 1081 2516 naturam
1102 2491 1276 2524 suscipiendo
1289 2490 1452 2523 humanam;
1469 2490 1567 2517 reddite
1582 2491 1673 2522 vicem,

893 2530 920 2553 et
933 2526 978 2559 qui
995 2532 1058 2551 caro
1074 2525 1151 2556 estis,
1167 2525 1297 2560 cfﬁcintini
1320 2525 1436 2560 quodam
1453 2524 1532 2551 modo
1557 2525 1673 2559 Spiritus

893 2567 926 2587 ac
945 2560 1026 2591 Deus,
1044 2564 1168 2587 naturam
1193 2559 1329 2587 induendo
1355 2560 1489 2592 divinam,
1512 2565 1536 2586 et
1557 2560 1674 2587 habitate

893 2596 921 2622 in
936 2595 1011 2622 Deo.|

930 2631 968 2665 (5)
989 2628 1114 2658 Salutare
1127 2635 1246 2658 nostrum
1260 2630 1403 2656 invenimus
1419 2628 1511 2656 Jesum
1527 2628 1673 2661 Christum,

894 2664 1049 2700 Ponti/idem
1056 2666 1215 2693 oblationum
1225 2670 1385 2700 nostrarum,
1400 2665 1562 2700 inﬁrmitatis
1576 2670 1674 2700 nostris

894 2706 1034 2735 patronum
1045 2705 1069 2727 et
1081 2702 1278 2727 auxiliatorem.
1296 2699 1384 2734 Epist.
1401 2699 1418 2735 li
1433 2699 1531 2732 Clem.,
1549 2707 1609 2735 cap.
1625 2699 1670 2727 56.

929 2736 968 2767 (4)
989 2735 1047 2762 Lib.
1065 2743 1093 2762 ιιι
1113 2735 1183 2762 (list.
1195 2735 1298 2767 eccles.,
1313 2742 1373 2770 cap.
1389 2734 1433 2762 58.

941 2769 968 2803 5)
987 2770 1071 2805 Epist.
1085 2770 1112 2801 2,
1126 2777 1186 2805 cap.
1205 2770 1228 2797 I.

941 2806 968 2840 6)
987 2805 1070 2840 Epist.
1082 2805 1109 2835 2.
1121 2813 1179 2840 cap.
1195 2805 1222 2832 2.

943 2838 970 2874 7)
989 2838 1073 2868 Clem.
1090 2838 1180 2872 Rom}
1197 2847 1238 2874 ep.
1259 2839 1285 2871 2,
1302 2847 1362 2874 cap.
1378 2838 1405 2866 2.

942 2846 970 2912 ἐς
989 2846 1073 2910 $23;
1087 2846 1278 2910 ἕὶῗῖεςὲἓζέ
