1875 3101
226 133 276 160 163

786 133 831 160 ΔΙ)
852 132 882 160 S.
903 131 1112 160 CLEMENTEM
1132 132 1142 158 l
1159 131 1273 160 PAPAM

1775 136 1815 163 164

226 200 305 227 usque
319 191 488 219 obtrectando
503 191 622 222 inuicem,
638 199 718 226 neque
732 190 896 222 a-mulando;
908 189 952 217 sed
965 190 1002 217 υἱ-
1018 193 1039 220 Α
1053 198 1130 225 quam
1146 195 1262 222 cunctas,
1272 190 1316 225 qui
1332 197 1447 225 unquam
1459 190 1526 224 justi
1535 190 1650 224 fuerunt,
1662 191 1814 226 justiﬁensii.

224 238 304 266 uendo
320 239 346 265 in
362 238 534 270 continentia,
553 237 747 269 misericordia,
762 241 787 264 et
808 237 935 268 bonitate,
948 240 1002 264 etc.

227 284 265 319 (θ)
282 283 346 311 Ηατ
374 283 473 319 agendo
493 288 659 316 acceptorum
675 282 857 316 beneﬁciorum
878 289 1002 308 mentem

223 332 321 357 erimus
336 338 402 361 uere,
419 329 496 356 sicuti
510 328 674 356 Christianos
689 328 771 355 deoct.

259 375 336 402 Jesus
360 375 481 402 Christus
498 383 547 401 non
572 375 622 408 fuit
642 374 718 400 homo
741 373 932 407 phantasticus,
957 374 1003 401 sed

224 428 310 452 uerus,
324 421 442 456 quamvis
456 428 507 447 non
516 425 610 454 purus.
622 434 658 440 —
670 420 699 446 ln
716 420 803 454 prima
821 427 870 446 sua
888 421 1002 454 epistola

224 470 336 494 sanctus
349 466 474 493 Clemens
488 465 553 493 Jesu
567 465 677 492 Christo
692 472 813 497 carnem,
827 465 1000 500 sanguinem,

224 516 250 539 et
276 511 393 538 animam
417 511 561 539 manifeste
584 511 719 538 attribuit.
749 510 782 537 In
804 510 941 543 charitate,
957 511 1001 539 in-

223 558 281 592 quit
294 557 360 591 (10).
376 557 517 591 assumpsit
531 565 577 583 nos
593 556 723 583 Dominus
733 555 802 583 Deus
813 561 900 584 noster
913 565 946 584 ea
957 566 1001 585 uo-

224 602 324 629 luntate
339 602 397 634 Dei,
413 602 565 637 sanguinem
579 610 656 629 suum
675 608 721 633 pro
739 601 813 629 nobis
839 602 960 635 tradidit,
976 607 1001 630 et

222 656 328 675 carnem
352 656 398 683 pro
416 656 496 675 carne
518 653 619 681 nostra,
633 653 658 675 et
673 648 789 675 animam
802 655 849 682 pro
864 648 1000 677 animabus

223 694 329 721 nostris.

258 739 379 767 Christus
404 748 452 774 pro
478 739 598 767 omnibus
622 743 752 767 mortuus.
771 755 805 760 —
834 739 999 776 Sanguinem

221 785 321 812 Christi
339 793 388 820 pro
403 785 488 813 totius
504 785 597 812 mundi
612 786 701 813 salute
715 785 831 813 eﬂ'usum
847 794 919 819 esse,
932 787 999 822 quin

222 831 256 857 ab
273 831 322 858 hac
341 831 428 866 gratia
443 831 598 858 mortalium
610 831 682 859 ullus
697 831 860 866 excipiatur,
885 837 998 860 sanctus

221 877 266 903 hic
281 877 402 912 pontifex
423 877 524 904 diserte
543 877 657 904 afﬁrmat
677 878 750 912 (il):
766 877 842 904 Fizis
850 878 942 911 oculis,
958 886 1000 906 re-

220 922 361 956 spiciamus
376 922 403 949 in
418 923 571 957 sanguinem
585 922 694 953 Christi.
711 931 906 958 cernamusqus,
920 932 999 959 quam

220 968 350 1002 pretiosus
364 968 398 994 sit
409 967 465 1002 ejus
478 969 596 1003 sanguis.
611 969 656 1003 qui
671 972 774 1003 propter
790 973 909 996 nostram
923 969 998 996 salu-

220 1018 271 1041 tem
283 1014 381 1048 effusus
396 1015 444 1041 toti
461 1014 558 1041 mundo
572 1015 730 1048 paenitentia
743 1015 858 1050 gratiam
872 1015 972 1042 attulit.

252 1059 331 1086 Jesus
365 1059 485 1087 Christus
508 1060 593 1094 judez
622 1061 737 1088 vivorum
765 1065 791 1088 et
822 1065 996 1089 mortuorum.

220 1104 366 1132 iternitas
381 1106 569 1140 suppliciorum
584 1109 609 1132 et
623 1107 800 1140 prtemiorum.
827 1106 953 1134 Meritum
972 1111 998 1134 et

219 1151 360 1178 necessitas
377 1151 503 1179 bonarum
523 1152 667 1180 actionum.
682 1167 717 1172 —
732 1151 849 1180 Sanctus
872 1152 997 1182 Clemens

218 1195 312 1224 Iesum
331 1196 472 1224 Christum
492 1197 609 1232 appellat
623 1205 731 1232 quoque
741 1197 857 1232 judicem
881 1198 998 1225 vivorum

218 1247 242 1268 et
254 1247 416 1269 mortuorum
427 1242 494 1277 (12),
509 1243 572 1269 item
596 1249 738 1277 poenarum
753 1243 928 1270 aeternitatem
942 1244 997 1271 cla-

219 1287 330 1314 rissimo
353 1287 511 1315 testimonio
542 1288 669 1320 afﬁrmat,
690 1288 754 1315 dum
777 1288 811 1315 ad
839 1288 996 1318 Corinthios

220 1333 316 1361 scribit
329 1333 384 1368 (1'5)
398 1340 405 1358 ε
419 1332 555 1360 Facientes
570 1334 639 1360 enim
655 1333 754 1361 Christi
768 1333 938 1366 voluntatem,
953 1343 996 1361 re-

218 1381 304 1416 quiem
325 1379 491 1406 inueniemus.
506 1380 555 1406 Sin
573 1380 658 1406 minus
674 1379 760 1406 :nihil
773 1387 819 1407 nos
841 1379 873 1406 ab
900 1385 996 1408 interm

218 1425 347 1461 supplicio
360 1424 461 1459 eripiet,
479 1424 502 1451 si
513 1424 642 1451 mandata
657 1425 730 1452 illius
745 1430 940 1453 contemnamus
951 1433 994 1458 ,'...

218 1471 283 1506 quid
299 1470 369 1497 vobis
386 1469 506 1498 videtur?
523 1471 567 1505 qui
582 1471 783 1506 incorruptionis
799 1476 929 1499 certamen
938 1480 997 1500 cor-

1055 234 1171 262 Sanctus
1178 234 1258 262 Pater
1267 234 1349 262 tradit
1357 234 1402 261 hic
1410 234 1576 269 conjunctim
1584 238 1706 270 egregias
1717 240 1768 264 tres
1777 245 1817 265 rc-

1053 281 1161 313 ritates;
1185 281 1272 316 primo
1295 284 1417 308 nostram
1438 280 1611 308 vocationem
1626 281 1660 308 ad
1679 281 1754 309 fidem
1766 291 1818 312 esse

1052 327 1200 362 gratuitam
1219 333 1252 353 ex
1269 330 1347 361 parte
1366 326 1424 358 Dei,
1439 333 1501 353 cum
1513 326 1549 354 sit
1566 326 1678 354 ell‘ectus
1696 327 1769 355 bona:
1777 337 1818 356 vo-

1052 373 1165 400 luntatis
1180 380 1246 404 suae,
1261 379 1293 399 ac
1307 372 1503 400 misericordia:
1513 380 1576 407 erga
1590 380 1641 400 nos
1657 383 1663 400 :
1683 374 1737 400 Καὶ
1749 375 1819 409 ἡμεῖς

1051 417 1097 445 οὖν
1111 419 1154 445 διὰ
1168 418 1317 454 θελήματος
1330 417 1412 444 αὐτοῦ
1427 418 1579 453 κληθέντες.

1086 464 1212 492 Secundo
1229 471 1325 492 omnes
1345 467 1460 491 conatus
1474 464 1620 497 humanos,
1636 469 1663 493 et
1678 465 1735 500 ipsa
1747 466 1817 494 etiam

1051 510 1159 544 pietatis
1178 517 1272 544 opera,
1289 509 1313 536 si
1329 509 1357 536 in
1369 517 1398 536 se
1413 509 1480 543 ipsis
1494 512 1662 544 spectentur,
1669 514 1696 537 et
1707 510 1817 545 sejuncta

1051 563 1066 582 a
1085 556 1146 587 fide,
1158 564 1206 591 per
1216 563 1299 591 quam
1314 555 1498 587 vivificantur,
1518 563 1692 590 nequaquam
1708 556 1818 585 suﬂicere

1050 602 1083 629 ad
1110 601 1331 636 justificationem
1357 601 1588 636 promerendam:
1611 602 1648 628 υὺ
1673 602 1705 628 δι’
1727 602 1817 630 ἑαυτῶν

1048 647 1233 683 δικαιούμεθα,
1247 647 1307 674 οὐδὲ
1320 647 1363 674 διὰ
1376 647 1426 682 τῆς
1441 648 1578 683 ἡμετέρας
1593 648 1699 682 σοφίας,
1726 648 1742 684 ἢ
1766 657 1817 676 συν-

1049 692 1141 724 έσεως,
1161 693 1178 728 ἢ
1197 692 1349 724 εὐσεϐείας,
1369 692 1385 727 ἢ
1416 691 1502 728 ἔργων
1526 689 1563 718 ὧν
1592 692 1815 728 κατειργασάμεθα

1048 739 1077 765 ὲν
1091 739 1207 774 ὁσιότητι
1221 739 1342 775 καρδίας.

1083 782 1175 810 Tertio
1188 791 1237 818 per
1252 783 1330 810 tidem
1345 790 1395 811 nos
1408 783 1498 818 justus
1514 783 1593 816 emci,
1614 788 1642 812 et
1656 784 1735 812 fidem
1756 785 1816 813 hanc

1049 829 1122 855 omni
1151 832 1274 863 tempore
1303 828 1337 856 ad
1366 829 1483 857 salutem
1515 831 1701 858 necessariam
1728 830 1814 864 fuisse;

1049 872 1149 906 quippe
1164 879 1212 907 per
1226 872 1297 899 hanc
1312 871 1384 900 Deus
1399 872 1559 907 justificavit
1579 878 1695 902 cunctos
1717 876 1760 910 qui
1774 884 1815 903 un-

1049 925 1130 953 quam
1142 917 1210 952 justi
1226 917 1335 945 fuerunt
1350 927 1358 945 :
1392 917 1472 944 Ἀλλὰ
1486 918 1530 944 διὰ
1543 919 1592 953 τῆς
1606 919 1733 951 πίστεως,
1746 920 1776 947 δι’
1787 918 1814 956 ἧς

1049 962 1151 994 πάντας
1157 962 1203 989 τοῦ
1211 963 1251 990 ἀπ
1257 962 1359 994 ἀἰῶνος
1366 963 1380 989 ὁ
1387 963 1581 999 παντοκράτωρ
1590 963 1658 996 Θεὸς
1663 965 1813 994 ἐδικαίωσεν.

1084 1016 1232 1045 Fatendum
1248 1017 1425 1045 nihilominus
1439 1021 1492 1050 est,
1509 1018 1538 1045 in
1559 1018 1642 1046 allato
1663 1022 1737 1047 textu
1756 1028 1813 1048 non-

1049 1063 1123 1090 nulla
1135 1063 1217 1091 verba
1232 1062 1337 1094 haberi,
1354 1070 1413 1097 qua)
1427 1067 1538 1097 possent
1560 1063 1691 1091 lectorem
1715 1065 1811 1099 morari,

1048 1109 1101 1137 nisi
1117 1108 1237 1143 perfecte
1249 1109 1346 1136 calleas
1365 1116 1429 1137 vera
1445 1108 1534 1137 sancti
1556 1109 1706 1138 Clementis
1726 1111 1813 1146 princi-

1048 1155 1103 1191 pia.
1121 1154 1184 1184 Haec
1208 1158 1299 1182 autem
1321 1154 1404 1182 verba
1429 1154 1501 1182 haud
1520 1155 1558 1182 ita
1576 1157 1721 1191 perspicua
1742 1161 1811 1190 sunt,

1047 1209 1107 1237 quae
1129 1205 1303 1236 sequuntur:
1321 1199 1417 1234 Opera,
1444 1209 1502 1235 qua:
1526 1201 1554 1228 in
1574 1202 1663 1229 cordis
1688 1204 1812 1230 sanctitate

1048 1245 1088 1280 (ὲν
1098 1245 1399 1284 ὁσίοτητιτῆςκαρδίας)
1412 1246 1514 1279 operati
1527 1246 1634 1272 sumus!
1659 1246 1699 1273 Ex
1727 1247 1810 1282 quibus

1047 1291 1148 1319 inferre
1163 1290 1224 1326 quis
1237 1293 1335 1325 potest,
1351 1293 1474 1317 sanctum
1495 1290 1568 1318 hunc
1591 1292 1745 1325 pontificem
1758 1293 1810 1327 reji-

1047 1345 1109 1365 cere
1130 1336 1256 1363 meritum
1277 1335 1411 1363 bonorum
1434 1343 1557 1370 operum.
1580 1336 1721 1364 Immerito
1734 1342 1809 1365 autem

1046 1383 1117 1411 hanc
1129 1382 1276 1409 illationem
1291 1381 1352 1417 quis
1366 1381 1478 1409 inferret
1491 1390 1498 1414 ;
1514 1386 1540 1409 et
1555 1381 1606 1409 hoc
1614 1387 1689 1410 esset
1703 1384 1810 1411 recedere

1048 1435 1063 1454 a
1078 1430 1168 1454 mente
1182 1426 1269 1454 sancti
1286 1425 1438 1457 Pontiﬁcis,
1455 1427 1501 1461 qui
1525 1434 1581 1454 non
1601 1427 1630 1454 in
1641 1435 1698 1455 uno
1721 1429 1774 1456 loco
1789 1433 1809 1456 et

1047 1471 1174 1498 meritum
1197 1475 1224 1498 et
1237 1471 1427 1498 necessitatem
1441 1471 1572 1499 bonorum
1586 1480 1701 1508 operum
1716 1473 1808 1502 fatetur.

218 1517 328 1552 ruperit,
341 1516 403 1551 quid
425 1517 557 1551 patietur?
572 1517 610 1544 De
623 1517 656 1544 ii;
669 1518 747 1550 enim.
762 1518 806 1553 qui
819 1518 935 1554 ﬁgulum
946 1527 996 1546 no.
1009 1526 1031 1556 α
1049 1514 1118 1547 Quid
1133 1514 1212 1549 igitur
1225 1514 1361 1547 faciemus,
1373 1515 1492 1549 fratres!
1509 1520 1620 1544 sanctus
1642 1517 1682 1544 ait
1702 1518 1744 1546 ille
1760 1523 1809 1553 post

217 1565 393 1592 seruauerunt,
418 1561 483 1588 ait:
514 1560 614 1588 Vermis
641 1569 732 1588 eorum
770 1570 821 1589 non
851 1563 997 1598 exstingue-

219 1611 263 1633 tur
278 1607 310 1634 ".
327 1605 420 1641 Itaque
434 1606 530 1641 fratres
543 1607 603 1638 mei,
620 1607 685 1634 alibi
696 1607 792 1634 scribit
807 1607 873 1644 (id),
889 1608 996 1635 omnino

218 1661 249 1680 ne
262 1653 422 1684 uacillemus,
434 1652 479 1679 sed
493 1657 626 1687 sperantes
638 1654 825 1685 sustineamus,
841 1658 870 1680 ut
886 1659 912 1681 et
926 1662 996 1681 mer-

217 1699 305 1726 cedem
330 1703 504 1733 reponemus.
523 1698 623 1725 Fidelis
647 1699 717 1725 enim
731 1703 779 1731 est,
799 1700 844 1735 qui
863 1700 996 1734 pollicitus

216 1749 265 1777 est,
286 1753 313 1772 se
327 1745 462 1780 unicuique
477 1744 664 1771 retributurum
679 1753 786 1778 operum
801 1746 995 1774 retributiones.

218 1790 248 1818 Si
263 1799 323 1826 ergo
338 1790 474 1825 fecerimus
496 1790 630 1824 justitiam
647 1798 737 1818 coram
760 1790 825 1824 Deo,
840 1792 868 1818 in
888 1800 997 1826 regnum

216 1835 401 1871 inprediemur,
415 1839 439 1862 et
453 1835 608 1869 accipiemus
622 1835 819 1869 promissiones,
845 1844 910 1872 quas
923 1846 933 1862 ‹
948 1845 997 1864 au-

217 1882 254 1908 ris
274 1890 326 1908 non
352 1881 462 1914 audivit,
476 1889 521 1908 nec
533 1881 624 1909 oculus
638 1881 711 1912 cidit.
726 1890 833 1917 qumque
844 1883 871 1910 in
887 1891 932 1911 cor
947 1883 994 1911 ho-

216 1928 294 1954 minis
314 1936 366 1954 non
384 1927 556 1954 ascenderunt
570 1927 603 1955 ¹³.
623 1937 632 1954 ι

252 1973 341 2001 Verba
363 1973 465 2001 faciens
485 1978 597 2002 sanctus
611 1974 737 2003 Clemens
752 1975 786 2003 de
803 1976 898 2011 gratiis
926 1985 996 2012 quas

216 2023 322 2047 veteres
344 2019 506 2054 patriarcha:
526 2020 668 2047 consecuti
693 2024 767 2052 sunt,
792 2025 885 2056 aperte
904 2023 994 2057 docet,

217 2064 267 2091 has
280 2071 376 2092 omnes
390 2063 473 2091 Deum
490 2064 576 2099 gratis
597 2065 723 2099 largitum
736 2065 832 2098 fuisse,
848 2070 875 2094 et
898 2067 996 2095 borum

216 2110 336 2137 virorum
369 2110 484 2142 meritis,
513 2117 545 2137 ac
572 2110 652 2138 bonis
679 2112 809 2146 operibus
831 2112 914 2140 tribui
941 2121 996 2142 non

217 2163 305 2190 posse.
324 2154 349 2182 Ii
362 2163 421 2190 ergo
438 2163 536 2186 omnes,
556 2155 594 2182 ait
605 2155 648 2183 ille
664 2155 728 2192 (15),
741 2157 852 2192 gloriam
867 2163 891 2185 et
902 2160 996 2193 ampli-

1047 1560 1129 1588 allata
1140 1561 1266 1595 superius
1278 1561 1359 1588 verba
1372 1561 1443 1595 (i7);
1457 1561 1616 1589 cessabimus
1645 1571 1664 1590 a
1678 1563 1749 1590 bonis
1762 1571 1809 1598 ope-

1047 1607 1131 1639 ribus,
1143 1611 1167 1634 et
1182 1607 1336 1634 charitatem
1357 1607 1584 1642 derelinquemus?
1599 1608 1756 1644 Neutiquam
1772 1610 1809 1637 hoc

1047 1661 1064 1680 a
1077 1652 1150 1680 nobis
1165 1652 1223 1687 fieri
1234 1653 1368 1687 permittat
1383 1652 1528 1685 Dominus;
1546 1653 1590 1680 sed
1604 1662 1664 1681 cum
1693 1655 1808 1691 diligentia

1046 1703 1071 1725 et
1091 1698 1230 1724 alacritate
1251 1697 1401 1732 festinemus
1417 1706 1492 1725 omne
1511 1706 1575 1733 opus
1587 1699 1809 1735 ’μετῇσαν-σημηί-

1046 1743 1164 1775 deamus,
1180 1743 1248 1778 quod
1258 1743 1287 1769 in
1303 1742 1375 1770 bonis
1388 1743 1509 1778 operibus
1523 1745 1610 1771 ornati
1622 1745 1722 1779 fuerint
1736 1754 1808 1773 omnes

1041 1790 1120 1825 justi.
1131 1789 1165 1816 Et
1176 1790 1230 1824 ipse
1239 1797 1300 1824 ergo
1311 1788 1451 1822 Dominus,
1465 1797 1524 1816 cum
1538 1799 1565 1817 se
1575 1791 1696 1825 operibus
1708 1792 1810 1819 decoras-

1046 1839 1094 1867 set,
1109 1835 1213 1869 gavisus
1234 1839 1283 1862 est.
1303 1834 1435 1862 Habentes
1453 1835 1541 1870 itaque
1555 1836 1602 1863 hoc
1617 1838 1758 1872 exemplar,
1770 1838 1809 1864 im-

1045 1880 1117 1915 pigre
1131 1879 1165 1906 ad
1176 1879 1335 1907 uoluntatem
1347 1874 1405 1913 ejus
1421 1878 1592 1911 accedamus;
1605 1887 1637 1906 ea;
1656 1881 1717 1908 totis
1728 1881 1808 1908 viribus

1046 1925 1143 1952 nostris
1170 1931 1305 1959 operemur
1327 1931 1391 1957 opus
1413 1922 1531 1954 iustitiae.
1557 1923 1590 1951 Et
1604 1926 1700 1960 paucis
1715 1925 1809 1959 interie-

1044 1972 1107 2004 ctis,
1126 1971 1165 1999 sic
1179 1972 1317 1999 concludit
1332 1972 1388 2008 (18)
1402 1981 1408 1999 :
1423 1972 1530 2007 Oportet
1539 1980 1600 2007 ergo
1614 1981 1663 2000 nos
1678 1972 1712 1999 ad
1725 1973 1807 2000 bonum

1045 2017 1197 2046 faciendum
1217 2023 1335 2053 prompto
1349 2019 1437 2045 animo
1448 2025 1503 2045 esse
1516 2025 1525 2045 .'
1541 2025 1573 2045 ea:
1582 2018 1629 2045 hoc
1651 2019 1720 2046 enim
1735 2018 1808 2045 omnia

1045 2068 1175 2091 constant.
1201 2063 1340 2091 Suﬂiciant
1364 2064 1432 2096 haec,
1455 2068 1485 2091 ut
1505 2063 1632 2091 omnibus
1661 2064 1807 2095 innotescat,

1045 2111 1110 2147 quid
1125 2114 1236 2138 sanctus
1252 2109 1377 2139 Clemens
1389 2111 1505 2138 senserit
1522 2111 1557 2138 de
1578 2110 1678 2138 merito
1691 2114 1718 2138 et
1728 2117 1807 2138 neces-

1047 2157 1128 2185 sitate
1146 2156 1280 2184 bonorum
1302 2163 1426 2191 operum.
1450 2156 1586 2184 Caeterum
1610 2157 1722 2192 quando
1742 2156 1806 2188 dicit,

218 2201 333 2228 tudinem
347 2202 478 2228 consecuti
492 2206 563 2234 sunt,
579 2210 630 2228 non
645 2209 692 2236 per
705 2211 733 2229 se
753 2203 834 2237 ipsos,
851 2209 897 2231 aut
918 2213 995 2239 opera
1010 2199 1032 2226 ῐ)
1046 2211 1096 2231 nos
1111 2210 1159 2238 per
1171 2203 1242 2230 bona
1255 2210 1338 2237 opera
1357 2210 1411 2230 non
1434 2203 1528 2230 venire
1541 2203 1575 2230 ad
1586 2203 1805 2238 justiﬁeationem.

216 2255 276 2278 sua,
292 2251 338 2273 aut
347 2247 436 2281 justas
451 2248 575 2279 actiones,
595 2255 660 2282 quas
672 2248 798 2281 fecerunt,
817 2249 861 2276 sed
881 2258 927 2284 per
949 2259 994 2278 oo-

217 2293 343 2319 luntatem
366 2293 433 2327 ejus.
457 2293 498 2320 Ex
522 2293 621 2329 quibus
646 2294 796 2329 praemissis
821 2295 890 2323 hanc
912 2297 995 2325 infert

217 2340 365 2366 illationem
390 2338 446 2375 (ιε)
461 2348 468 2366 :
494 2338 529 2366 Et
544 2347 592 2367 nos
607 2339 689 2375 igitur
707 2347 739 2366 es:
757 2340 888 2369 uoluntate
910 2343 994 2377 illius,

217 2385 277 2412 scil.
295 2384 352 2415 Dei,
362 2385 389 2410 in
399 2384 503 2412 Christo
515 2384 579 2412 .Iesu
592 2386 687 2418 vocati,
704 2394 755 2413 non
768 2393 813 2420 per
823 2388 994 2422 nosmetipsos

213 2430 280 2464 justi
305 2430 445 2464 efficimur;
464 2438 544 2465 neque
558 2438 603 2465 per
615 2431 772 2466 sapientiam
796 2436 923 2465 nostram,
948 2438 994 2460 aut

216 2475 423 2509 intelligentiam,
438 2479 484 2501 aut
497 2476 627 2508 pietatem,
651 2481 698 2503 aut
714 2483 802 2511 opera,
824 2484 882 2512 quia
896 2478 922 2504 in
935 2486 995 2505 cor-

216 2520 257 2548 dis
279 2521 418 2548 sanctitate
439 2521 540 2556 operati
567 2529 672 2554 sumus;
696 2521 741 2549 sed
765 2530 811 2557 per
834 2521 925 2556 ﬁdem,
948 2531 994 2559 per

1046 2249 1073 2276 id
1088 2249 1170 2276 unice
1184 2249 1312 2281 intendit,
1325 2249 1397 2276 bona
1418 2248 1526 2284 pietatis
1544 2256 1627 2284 opera
1650 2250 1678 2277 in
1704 2257 1733 2277 se
1752 2248 1806 2284 ipsis

1045 2299 1168 2330 accepta,
1183 2298 1211 2323 et
1225 2294 1288 2322 ﬁdei
1308 2294 1405 2330 spiritu
1420 2293 1564 2327 destituta,
1588 2296 1672 2323 sicuti
1697 2296 1805 2331 superius

1044 2339 1173 2371 diximus,
1197 2339 1306 2375 operari
1318 2347 1372 2367 non
1396 2347 1477 2375 posse
1500 2346 1621 2368 nostram
1646 2341 1805 2376 iustiﬁcata).

1044 2393 1117 2418 nem,
1136 2389 1163 2413 et
1177 2393 1211 2413 ex
1234 2386 1291 2413 sola
1316 2385 1378 2418 ﬁde.
1393 2393 1448 2420 qua
1469 2393 1552 2421 opera
1573 2390 1668 2414 nostra
1684 2387 1805 2415 viviﬁcan-

1047 2435 1101 2461 tur.
1128 2430 1252 2458 eﬂ‘ectum
1275 2431 1348 2459 hunc
1372 2439 1453 2466 posse
1473 2432 1634 2467 exspectari.
1662 2432 1718 2461 Hoc
1741 2435 1805 2468 pacto

1046 2481 1156 2504 sanctus
1179 2476 1302 2505 Pontifex
1315 2477 1382 2504 satis
1400 2484 1534 2513 superque
1555 2479 1714 2514 comprobat
1731 2477 1806 2506 excel-

1046 2523 1169 2551 lentiam.
1186 2527 1212 2550 et
1226 2522 1372 2550 efﬁcaciam
1385 2522 1447 2550 ﬁdei
1459 2521 1631 2551 Christianae.

251 2597 273 2612 "
290 2595 352 2624 lsai.
378 2605 451 2625 uri.
475 2597 521 2624 24.
559 2598 582 2614 ’³
597 2597 658 2625 lsai.
675 2606 749 2633 thv,
776 2599 804 2634 ις
819 2603 846 2628 et
863 2599 873 2627 Ι
889 2600 952 2629 Cor.
963 2601 1006 2636 In,
1029 2601 1058 2630 9.

253 2685 302 2723 ,ξολ
326 2685 411 2723 Clem.
426 2686 517 2719 Rom.,
531 2687 611 2722 epist.
627 2687 655 2720 2,
672 2695 731 2723 cap.
743 2689 768 2716 t.

252 2721 307 2756 (l0)
327 2721 411 2753 Idem,
422 2729 465 2756 ep.
482 2723 508 2754 l,
523 2721 582 2756 cap.
594 2723 639 2751 49.

252 2756 307 2791 (ll)
328 2756 410 2792 idem,
424 2756 500 2787 ibid.,
513 2765 573 2792 cap.
587 2758 613 2785 7.

252 2791 306 2825 (l2)
329 2791 412 2826 Epist.
428 2792 456 2822 2,
470 2800 529 2826 cap.
548 2791 573 2819 ⁷1.

253 2826 307 2857 (l3)
327 2826 406 2859 lbid.,
421 2835 480 2861 cap.
500 2827 516 2854 6
529 2831 554 2855 et
571 2828 596 2855 7.

1080 2692 1135 2727 (Η)
1155 2691 1240 2727 Epist.
1251 2693 1278 2722 2.
1294 2700 1354 2727 cap.
1368 2694 1408 2721 li.

1080 2727 1137 2763 (15)
1154 2727 1240 2763 Epist.
1253 2728 1279 2759 l,
1291 2735 1351 2763 cap.
1364 2728 1408 2756 52.

1080 2762 1136 2796 (is)
1155 2762 1221 2789 Ibid.

1080 2796 1136 2832 (t'i)
1155 2796 1234 2832 lbid.,
1248 2804 1309 2832 cap.
1321 2798 1365 2824 53.

1080 2831 1135 2867 (l8)
1155 2831 1235 2860 lbid..
1250 2831 1310 2868 cap.
1326 2833 1369 2860 54.
