1875 3101
52 168 91 197 163
632 163 802 192 ινιιοαῖΜιΑ
821 162 1011 193 νΑιιιοιιυΜ.

233 221 310 258 ςῐιι.
333 221 369 249 De
392 222 590 249 resurrectione.

77 271 218 298 Resurmtio
232 271 329 298 carnis.
344 285 379 289 —
390 268 428 297 De
440 269 642 297 resurrectione
658 277 804 305 corporum

51 318 166 352 expressis
186 317 306 345 terminis
331 315 455 351 loquitur
477 312 589 342 sanctus
608 314 746 343 Clemens.
770 314 805 341 Ut

51 365 166 397 possimus
183 363 257 390 facile
275 361 383 389 veritati
399 360 463 387 huic
473 360 553 388 fidem
566 364 706 395 praestare,
719 360 806 387 utitur

51 414 141 437 nuctus
165 409 205 435 hic
231 407 354 443 pontifex
373 408 401 434 in
422 407 537 441 epistola
560 407 647 442 prima
665 405 805 441 aliquibus

52 456 259 488 similitudinibus,
279 463 341 490 qua:
365 454 484 482 humiles
498 457 572 486 sunt,
586 458 613 480 et
629 453 720 480 minus
736 453 807 487 peri-

50 507 122 540 torum
135 505 235 536 captum
256 508 312 528 non
335 503 476 534 superant.
496 498 590 526 Primo
605 498 633 525 id
655 497 752 532 probat
771 506 805 524 ex

50 549 95 583 ipsa
104 547 290 576 resurrectione
303 546 464 577 Salvatoris,
479 552 510 572 ac
521 545 588 572 dicit
601 543 696 572 Iesum
721 544 805 571 Chri-

50 597 107 621 stum
113 593 254 622 ostendisse
269 593 349 620 nobis
362 593 388 620 in
398 600 447 620 sua
459 591 661 620 resurrectione
672 591 806 626 primitias

49 640 232 668 resurrectionis
254 643 367 667 nostrae.
387 638 515 665 Secundo
539 637 638 672 probat
652 637 704 664 hoc
723 637 805 664 ducta

49 688 143 722 paritate
155 695 169 714 a
185 689 265 714 nocte
280 689 309 713 et
322 684 367 712 die
382 684 434 713 sibi
454 684 571 711 invicem
591 683 806 712 succedentibus

49 733 106 767 (l9);
119 732 191 760 tertio
203 740 233 760 ex
250 731 412 767 quotidiana
426 730 605 766 experientia,
625 737 679 765 qua
694 730 806 765 conspi-

48 779 119 805 cimus
132 778 210 809 arida,
226 782 252 804 et
268 776 342 804 nuda
360 776 465 804 semina
479 776 507 802 in
522 779 624 803 terram
639 775 724 810 jacta,
747 783 806 802 ma-

47 832 88 859 gna
98 824 261 859 providentia
276 822 385 850 Domini
398 822 499 849 virtute
513 829 673 856 exsurgere,
696 827 728 848 ac
747 819 806 848 fru-

46 873 105 895 ctum
117 868 237 904 proferre.

74 912 191 940 Fabulam
205 913 318 940 historia
334 911 612 945 phaenicis.—Quarto
623 918 655 938 ex
679 910 803 939 fabulosa

47 958 140 985 historia
155 958 287 992 phcenicis
302 956 369 992 (20).
379 957 408 983 ln
416 956 684 988 orientalibuslocis,
699 956 804 984 scilicet

47 1004 67 1031 in
76 1004 263 1036 Arabia,tradit
273 1007 386 1032 sanctus
402 1003 539 1036 Clemens,
548 1007 591 1031 est
600 1003 658 1032 avis
670 1004 733 1035 ista,
744 1010 805 1038 quae

45 1053 137 1076 vocatur
145 1049 264 1084 phtrnix,
281 1057 341 1084 qua:
352 1049 500 1084 singularis
514 1053 541 1076 et
555 1049 673 1084 unigena
683 1049 804 1077 existens

44 1103 114 1123 annos
121 1096 180 1122 vivit
192 1096 367 1131 quingentos.
379 1095 448 1123 Cum
459 1095 515 1131 jam
530 1099 617 1122 morte
632 1095 804 1124 dissolvenda

43 1145 84 1173 est,
98 1142 205 1169 loculum
228 1142 281 1170 sibi
297 1141 407 1169 conficit
428 1150 444 1169 e
458 1142 548 1174 thure,
572 1142 683 1177 myrrha
698 1146 725 1169 et
740 1142 805 1170 reli-

42 1187 92 1221 quis
102 1187 270 1217 aromatibus.
285 1196 366 1223 quem
384 1188 503 1216 loculum
527 1189 662 1223 completo
682 1192 805 1223 tempore

43 1233 170 1268 ingreditur
184 1237 211 1261 et
221 1233 292 1261 obit.
307 1232 345 1260 Ex
361 1241 445 1261 carne
466 1234 526 1268 ejus
537 1234 689 1268 putrefacta
703 1234 803 1261 vermis

42 1280 144 1307 nascitur
154 1280 278 1315 quidam,
293 1279 340 1314 qui
355 1279 483 1307 animalis
495 1279 618 1307 defuncti
630 1279 745 1307 humore
756 1288 805 1307 nu-

40 1327 108 1353 tritus
118 1326 269 1361 plumescit,
285 1330 311 1353 et
322 1326 374 1353 alia
387 1325 500 1362 phoenix
516 1326 637 1353 omnium
656 1326 743 1354 oculis
753 1334 803 1362 ap-

41 1377 112 1407 paret.
138 1372 289 1399 Nonnullas
310 1372 377 1399 alias
393 1372 478 1399 miras
492 1371 715 1400 circumstantias
732 1372 804 1399 reci-

41 1421 72 1443 tat
83 1417 112 1444 de
125 1417 244 1452 phoenice
265 1420 378 1444 sanctus
388 1415 524 1448 Clemens,
537 1423 598 1451 quae
616 1415 698 1443 sicuti
723 1415 804 1443 modo

40 1464 114 1491 allatae
135 1463 324 1491 commentitiae
354 1466 428 1490 sunt.
460 1462 566 1489 Erravit
579 1470 645 1497 ergo
666 1461 802 1494 Pontifex,

39 1510 92 1537 dum
117 1510 266 1545 huiusmodi
289 1509 411 1536 historia:
432 1510 539 1544 plenam
562 1509 642 1536 iidem
662 1508 800 1541 adhibuit;

38 1560 150 1583 ceterum
164 1557 263 1584 erravit
278 1563 341 1583 cum
362 1556 502 1590 plerisque
529 1554 738 1589 spectatissimis
753 1562 804 1581 au-

38 1600 144 1629 ctoribus
152 1601 273 1632 vetustis,
283 1600 447 1628 Christianis
453 1608 529 1635 aeque
538 1608 569 1627 ac
583 1599 729 1634 gentilibus
737 1599 803 1636 (21).

66 1645 156 1678 Quinto
176 1646 286 1673 tandem
307 1649 418 1673 sanctus
435 1644 559 1672 Pontifex
572 1644 668 1679 probat
683 1651 806 1671 resurre-

37 1693 137 1720 ctionem
152 1697 321 1720 mortuorum
340 1692 374 1719 iis
393 1691 540 1726 Scripturaa
564 1691 642 1722 locis,
659 1691 686 1717 in
706 1689 805 1725 quibus

38 1745 114 1765 sermo
124 1741 163 1766 est
176 1739 209 1766 de
224 1738 276 1766 hac
288 1738 410 1769 veritate,
427 1738 515 1772 iisque
526 1737 612 1763 utitur
623 1736 762 1771 aptissime
771 1735 805 1762 ad

37 1784 103 1812 ﬁdem
115 1789 140 1812 et
153 1792 226 1820 spem
240 1792 324 1819 super
342 1784 416 1810 hunc
433 1783 577 1810 articulum
593 1783 620 1809 in
639 1782 717 1809 nobis
731 1781 806 1808 exci-

37 1830 143 1858 tandum.
152 1831 229 1863 Deus,
240 1830 287 1866 qui
300 1838 330 1856 ne
338 1830 494 1856 ntentiamur
503 1829 635 1863 prwcepit,
647 1828 754 1863 egregie
765 1829 804 1854 ait

37 1876 74 1904 ille
85 1876 146 1912 (22),
158 1877 237 1904 multo
252 1876 339 1911 magis
350 1883 402 1902 non
415 1875 548 1902 mentitur.
560 1874 635 1901 Nihil
649 1875 741 1909 quippe
752 1874 805 1901 Deo

37 1923 187 1955 impossibile,
201 1928 378 1958 prmterquam
395 1921 509 1948 mentiri.
526 1920 708 1948 Exsuscitetur
719 1921 806 1955 itaque

36 1966 59 1992 in
71 1967 136 1994 nobis
147 1967 210 2002 ﬁdes
221 1967 292 2002 ejus,
306 1966 444 1994 concludit
455 1966 524 2001 ipse,
539 1970 562 1992 et
578 1967 718 2001 cogitemus
738 1966 806 2000 quod

35 2014 110 2039 omnia
123 2014 168 2047 ipsi
191 2014 337 2048 propinqua
361 2016 423 2040 sint.
448 2011 481 2039 In
505 2011 580 2039 verbo
607 2012 807 2047 magniﬁcentiae

35 2065 81 2083 me
91 2059 218 2084 constituit
235 2058 336 2089 omnia,
353 2061 378 2084 et
395 2058 421 2084 in
438 2057 513 2084 verbo
524 2061 607 2091 potest
622 2058 670 2084 illa
684 2062 804 2084 evertere.

34 2102 91 2129 Cum
102 2104 190 2135 uoluit,
209 2109 289 2138 atque
311 2107 340 2129 ut
364 2103 456 2133 voluit,
476 2103 564 2129 omnia
587 2102 702 2129 condidit
726 2102 804 2137 (2'5):

35 2155 102 2181 neque
114 2149 252 2184 quidquam
274 2148 306 2175 ab
319 2157 348 2176 eo
361 2148 490 2175 decretum
505 2149 646 2182 praeteribit
660 2156 670 2175 :
686 2149 806 2175 universa

34 2201 110 2220 coram
126 2195 179 2228 ipso
197 2199 271 2226 sunt,
293 2194 407 2229 nihilque
427 2194 564 2221 consilium
587 2194 643 2228 ejus
662 2194 733 2222 latet.
750 2193 806 2221 Hac

1597 169 1648 197 Ιεῦ

817 225 839 253 Α
853 224 936 251 altera
953 232 1017 252 vero
1032 226 1204 260 omnipotens
1219 229 1271 258 est,
1284 229 1312 254 ut
1327 234 1388 263 qua!
1411 228 1546 263 promisit,
1559 229 1649 258 adim-

854 270 948 304 pleat:
965 279 1031 307 ergo
1043 271 1146 307 absque
1172 272 1226 299 ulla
1248 276 1435 302 controversia
1457 283 1573 310 corpora
1597 284 1649 304 uo-

855 320 912 344 stra
933 322 1086 353 resurgent.
1112 319 1311 355 Argumentum
1336 320 1398 352 hoc,
1421 321 1510 348 dicam
1536 322 1648 357 iterum,

855 363 988 398 cujusque
1000 365 1133 392 increduli
1151 367 1333 400 pervicaciam
1347 371 1495 402 expugnat.

891 409 924 437 In
929 411 1036 445 propria
1043 416 1120 438 carne
1127 413 1223 438 mortui
1231 412 1442 448 resurgent.—ln
1450 414 1570 441 secunda
1578 423 1647 443 vero

855 456 911 492 (Ἡ)
926 456 1039 491 epistola
1052 464 1180 491 expresse
1192 458 1300 489 asserit,
1317 457 1389 492 quod
1405 458 1432 484 in
1444 459 1553 494 propria
1565 467 1649 488 carne

857 506 950 529 nostra
963 510 1148 538 resurgemus,
1157 504 1268 538 proprio
1280 508 1374 531 nostro
1384 511 1499 539 corpore
1513 505 1647 533 bonorum

855 555 970 582 operum
984 549 1136 576 mercedem
1149 549 1321 583 recipiemus.
1336 548 1392 576 Nos
1409 550 1436 576 in
1450 550 1499 577 hac
1513 559 1602 583 carne,
1618 553 1648 579 ὲν

854 592 940 628 ταύτῃ
962 594 994 628 τῇ
1017 593 1113 628 σαρκί.
1129 593 1271 620 mercedem
1296 594 1459 628 recipiemus.
1488 594 1598 622 Summa
1619 595 1648 623 in

855 646 939 674 parvo
954 638 1005 665 hoc
1025 642 1099 666 textu
1115 639 1239 673 praecisio
1255 639 1400 673 reperitur,
1421 643 1448 666 et
1473 640 1539 667 nulli
1561 641 1644 677 tergi-

856 683 1004 711 versationi
1021 683 1098 711 locus
1118 687 1251 712 remanet.

1009 728 1023 763 §
1042 727 1087 755 ιν.
1103 728 1142 755 De
1157 728 1304 756 hierarchia
1317 729 1505 756 ecclesiastica.

890 773 1011 801 Plurima
1021 773 1093 801 haud
1107 774 1175 802 levis
1185 775 1315 801 momenti
1323 774 1405 801 tradit
1412 779 1537 803 vetustus
1545 775 1589 803 hic
1595 775 1648 803 Pa—

855 825 897 848 ter
903 821 975 848 circa
985 821 1201 848 ecclesiasticum
1215 821 1349 848 ordinem.
1379 820 1470 848 Primo
1484 822 1542 848 vult
1555 822 1647 851 omnia

857 866 884 893 in
899 866 1020 894 Ecclesia
1046 866 1171 893 ordinate
1195 866 1264 893 ﬁeri.
1281 865 1394 898 Cuncta,
1414 867 1503 902 inquit
1519 867 1564 895 ille
1578 867 1647 902 (25),

855 912 946 940 ordine
963 912 1085 939 debemus
1097 912 1194 947 facere,
1211 920 1269 946 quae
1285 920 1332 939 nos
1350 911 1479 939 Dominus
1490 912 1573 947 jussit
1587 922 1648 948 per-

854 966 951 994 agere:
967 959 1074 985 atatutis
1095 958 1255 992 temporibus
1270 958 1415 985 oblationes
1436 962 1461 985 et
1483 959 1566 993 oﬂicia
1589 967 1646 993 per-

855 1005 909 1038 fici,
933 1012 1012 1039 neque
1037 1009 1130 1031 temere
1145 1004 1183 1031 vel
1200 1003 1350 1031 inordinate
1374 1004 1433 1038 ﬁeri
1458 1006 1590 1040 pra’cepit,
1601 1005 1648 1033 sed

854 1051 993 1085 prta/initis
1007 1050 1167 1084 temporibus
1181 1054 1206 1077 et
1219 1049 1290 1076 horis
1302 1058 1311 1076 :
1322 1049 1367 1076 ubi
1379 1050 1459 1077 etiam
1476 1055 1501 1077 et
1523 1059 1539 1077 a
1554 1051 1648 1086 quibus

854 1096 981 1123 celebrari
994 1096 1059 1128 outt,
1076 1097 1130 1130 ipse
1151 1103 1200 1123 sua
1214 1095 1435 1122 excellentissima
1450 1096 1585 1124 voluntate
1602 1096 1650 1124 de-

855 1143 950 1177 ﬁnivit,
964 1148 993 1170 ut
1008 1151 1072 1178 pure
1086 1147 1111 1170 et
1132 1147 1220 1170 sancte
1243 1150 1332 1168 omnia
1346 1141 1418 1176 facta
1433 1143 1461 1170 in
1475 1143 1646 1177 beneplacito,

855 1193 961 1223 accepta
981 1194 1067 1216 essent
1087 1189 1216 1216 uoluntati
1237 1189 1305 1224 ejus.
1329 1189 1442 1224 Semper
1455 1189 1538 1224 igitur
1553 1189 1580 1216 in
1596 1189 1649 1216 an

854 1234 936 1262 clesia
963 1242 1013 1269 pro
1037 1235 1221 1262 celebratione
1247 1235 1333 1262 divini
1355 1234 1484 1262 sacrificii
1511 1236 1648 1270 assignat:

854 1279 966 1307 fuerunt
982 1280 1052 1311 loca,
1066 1284 1188 1315 tempora
1205 1288 1236 1308 ac
1251 1289 1384 1316 personae.

890 1325 975 1361 Magis
991 1330 1081 1353 autem
1101 1327 1197 1360 instat,
1216 1327 1305 1362 quoad
1321 1326 1533 1354 ecclesiasticam
1550 1325 1650 1353 subor-

853 1370 1020 1398 dinationem
1033 1379 1040 1397 :
1057 1370 1166 1397 Summo
1181 1371 1280 1406 quippe
1294 1370 1435 1401 sacerdoti,
1457 1372 1494 1397 ait
1518 1371 1562 1398 ille
1577 1371 1647 1406 (26),

853 1425 903 1444 sua
917 1418 1008 1443 munia
1032 1416 1132 1443 tributa
1155 1421 1227 1450 sunt,
1252 1422 1276 1444 et
1300 1416 1478 1444 sacerdotibus
1495 1417 1566 1443 locus
1585 1424 1649 1450 pro-

852 1463 926 1497 prius
940 1463 1091 1497 assignatus
1105 1467 1154 1494 est,
1171 1467 1194 1489 et
1212 1463 1295 1490 lenitis
1320 1472 1369 1490 sua
1385 1463 1531 1489 ministeria
1546 1464 1646 1489 incum-

854 1511 935 1540 bunt;
948 1508 1024 1535 homo
1040 1509 1134 1542 laicus,
1145 1508 1236 1541 λαϊκὺς
1252 1509 1404 1544 ἄνθρωπος,
1421 1509 1556 1542 νηιτεριὶι
1572 1508 1647 1536 laicis

856 1555 1053 1590 constringitur.
1069 1554 1107 1581 Εἰ
1123 1555 1223 1589 quibus
1247 1555 1384 1582 concludit
1404 1554 1460 1590 (27)
1474 1563 1481 1581 :
1501 1553 1648 1589 Unusquis-

855 1608 904 1635 que
918 1604 1042 1631 vestrum,
1057 1600 1165 1634 fratres,
1178 1601 1205 1626 in
1217 1605 1288 1627 statu
1301 1609 1348 1627 suo
1361 1601 1462 1635 gratias
1475 1599 1528 1626 Deo
1540 1599 1646 1632 habeat,

855 1646 883 1672 in
899 1645 966 1673 bona
982 1647 1141 1674 conscientia
1160 1646 1265 1681 degens,
1282 1654 1333 1673 non
1358 1645 1552 1681 transgrediens
1578 1653 1647 1678 pra:-

856 1691 980 1726 scriptam
998 1692 1113 1718 muneris
1126 1693 1167 1718 sui
1179 1691 1306 1726 regulam,
1322 1692 1348 1718 in
1364 1691 1506 1718 honestate.
1520 1690 1647 1718 Conside-

856 1746 941 1764 remus
963 1745 1018 1768 eos,
1043 1737 1122 1764 habet
1146 1735 1203 1770 ipse
1226 1735 1291 1762 alibi
1312 1735 1379 1770 (28),
1395 1735 1440 1770 qui
1472 1734 1518 1761 sub
1537 1734 1647 1761 ducibus

856 1784 953 1811 nostris
976 1787 1084 1814 merent,
1101 1790 1180 1817 quam
1200 1781 1330 1813 ordinate,
1342 1789 1421 1816 quam
1437 1786 1551 1810 strenue.
1567 1788 1646 1815 quant

855 1830 984 1858 submisse
995 1829 1125 1863 imperata
1137 1831 1321 1862 exsequantur.
1335 1826 1396 1853 Non
1406 1834 1494 1852 omnes
1504 1831 1563 1852 sunt
1577 1834 1648 1860 prce-

856 1876 927 1910 fecti,
940 1883 1020 1910 neque
1044 1874 1152 1905 tribuni,
1177 1881 1257 1908 neque
1278 1872 1452 1904 centuriones,
1465 1879 1545 1906 neque
1568 1872 1646 1906 quin-

855 1923 981 1958 quaginta
996 1921 1109 1948 militum
1120 1920 1247 1955 pra'fecti,
1267 1927 1347 1954 neque
1361 1919 1570 1953 consequentium
1583 1926 1646 1952 gra-

856 1969 954 2000 duum;
971 1967 1015 1995 sed
1031 1967 1206 2001 unusquisque
1228 1966 1254 1992 in
1272 1973 1319 1992 suo
1337 1964 1427 1991 ordine
1445 1963 1477 1990 ab
1490 1964 1646 1997 imperatore

856 2020 880 2042 et
891 2013 1001 2040 ducibus
1015 2011 1144 2040 mandata
1160 2012 1271 2046 peragit.
1292 2010 1362 2037 Ilinc
1379 2010 1541 2044 conjicimus
1556 2009 1645 2044 qualis

856 2064 928 2088 esset
943 2059 1038 2094 primis
1061 2057 1189 2086 Ecclesiae
1207 2057 1376 2092 temporibus
1394 2055 1593 2087 subordinatio,
1615 2056 1642 2083 in

857 2105 1009 2133 ministerio
1035 2107 1061 2131 et
1089 2103 1284 2131 ecclesiasticis
1305 2102 1499 2137 dignitatibus;
1521 2101 1644 2136 episcopi

856 2152 960 2180 scilicet
975 2151 1130 2179 eminebant
1148 2158 1230 2184 super
1254 2149 1391 2183 simplices
1414 2147 1580 2179 sacerdotes,
1595 2155 1643 2175 sa-

857 2197 980 2223 cerdotes
995 2203 1059 2222 vero
1082 2203 1164 2230 super
1177 2195 1318 2227 diaconos,
1338 2198 1364 2221 et
1383 2194 1531 2229 generatim
1547 2193 1642 2221 clerici

35 2238 258 2273 doctrina,veritas
286 2241 320 2268 de
333 2248 387 2275 qua
398 2240 514 2275 agimus,
528 2248 586 2267 mea
605 2240 732 2275 opinione
748 2241 806 2268 evi-
823 2254 844 2281 Ι)
857 2248 938 2275 super
953 2240 1049 2268 laicos.

34 2285 177 2314 dentissime
195 2287 373 2322 comprobata
395 2290 447 2314 est.
473 2286 642 2322 lmpossibile
664 2292 706 2314 est
725 2287 806 2322 hujus

34 2334 171 2366 argumenti
184 2333 240 2360 vim
253 2340 308 2360 non
322 2333 439 2365 sentire;
455 2332 526 2360 Deus
540 2333 568 2359 in
581 2331 730 2367 Scripturis
749 2335 807 2362 suis

33 2385 163 2412 corporum
180 2379 411 2406 resurrectionem
425 2378 556 2412 spondet;
573 2378 620 2406 sed
641 2378 712 2406 Deus
731 2387 807 2407 men-

33 2422 71 2450 tiri
84 2425 184 2460 nequit,
199 2425 266 2460 quia
284 2425 342 2459 ipse
356 2424 463 2452 Veritas
481 2427 524 2452 est
542 2432 574 2451 ex
590 2431 642 2452 una
656 2428 753 2460 parte;
773 2433 807 2453 ex

63 2520 113 2556 (l9)
133 2521 193 2548 Dies
207 2525 233 2548 et
244 2529 298 2548 nos:
315 2521 389 2547 nobis
413 2521 627 2547 resurrectionem
643 2519 780 2548 declarant
794 2529 804 2549 :

31 2555 98 2583 cubat
111 2558 183 2584 nox?
199 2557 319 2591 exsurgit
333 2556 406 2586 dies:
420 2555 475 2582 dies
487 2556 563 2582 abit?
575 2563 627 2591 nos:
637 2555 753 2591 advenit;
760 2556 804 2582 Vi-

31 2591 128 2618 deamus
141 2591 229 2627 fruges
241 2599 251 2617 :
265 2590 404 2618 seminatio
417 2590 494 2627 grani
510 2590 637 2627 quomodo
650 2591 707 2627 ﬁat.
730 2590 804 2617 Exiit

31 2626 172 2659 seminator,
187 2625 221 2654 'et
238 2626 303 2661 jecit
324 2634 410 2653 semen
429 2625 455 2652 in
483 2631 590 2656 terram,
609 2625 741 2660 jactisque
764 2634 805 2653 se-

32 2661 144 2697 minibus,
161 2670 221 2697 qua:
239 2660 326 2697 arida
343 2667 368 2688 et
391 2660 463 2697 nuda
483 2660 629 2687 ceciderunt
648 2660 673 2686 in
695 2666 802 2697 terram,

30 2695 216 2728 dissolvuntur;
234 2695 328 2723 deinde
339 2705 370 2723 ea
388 2703 420 2722 ea:
430 2696 614 2726 dissolutione,
631 2704 727 2730 magna
749 2695 804 2722 Do-

32 2731 88 2757 mini
100 2732 271 2766 prooidentire
284 2737 398 2766 potestas
423 2732 580 2766 resuscitat;
606 2735 682 2764 atque
701 2738 733 2757 ex
752 2739 804 2757 uno

31 2765 135 2798 fructum
149 2767 273 2801 pluribus
289 2772 396 2793 auctum
409 2766 518 2800 profert.
535 2765 620 2801 Epist.
635 2765 661 2798 i,
676 2773 737 2801 cap.
757 2766 803 2794 ει.

61 2801 349 2844 έὲρέἓίέηθθῑὶλβ·
397 2836 419 2844 ..
544 2836 550 2841 .
614 2843 618 2844 ν
746 2836 752 2842 .
792 2836 800 2844 .

49 2836 112 2898 A?”
124 2835 294 2878 'Tillemont,
318 2840 384 2864 tom.
397 2836 429 2868 ll,
454 2835 590 2863 Mémoires
604 2843 670 2870 pour
685 2836 767 2878 serpir
787 2836 804 2862 ὰ

30 2871 45 2897 l‘
72 2877 158 2901 tuom
176 2872 262 2900 uelle
279 2892 286 2906 ,
306 2880 366 2908 pag.
391 2872 452 2904 H7,
474 2871 612 2903 observat,
627 2871 656 2898 S.
673 2871 802 2907 Lyrillum

892 2286 986 2314 Missio
1001 2287 1178 2320 apostolorum
1194 2291 1218 2313 et
1229 2286 1418 2321 episcoporum,
1434 2286 1478 2321 qui
1492 2286 1518 2312 in
1527 2286 1644 2319 (illorum

857 2333 943 2359 locum
954 2333 1057 2367 suffecti
1070 2337 1140 2360 sunt.
1155 2348 1189 2352 —
1202 2331 1334 2366 Quoniam
1349 2332 1382 2358 de
1399 2332 1584 2359 ecclesiastico
1596 2340 1643 2359 or-

856 2377 919 2404 dine
942 2378 1088 2412 loquimur,
1116 2377 1142 2404 id
1167 2377 1193 2404 in
1219 2378 1336 2405 medium
1359 2377 1455 2404 aﬂ‘erre
1479 2385 1640 2412 possumus,

856 2422 929 2458 quod
943 2423 1021 2450 docet
1044 2426 1158 2450 sanctus
1171 2423 1297 2450 Clemens
1311 2423 1385 2449 circa
1401 2422 1557 2450 missionem
1573 2430 1640 2457 apo-

856 2521 1132 2557 liierosolymitanum
1157 2522 1228 2549 inter
1249 2526 1362 2550 caeteros
1382 2522 1434 2549 hoc
1458 2529 1538 2548 nsum
1555 2520 1641 2548 fuisse

856 2557 911 2584 divi
921 2558 1069 2586 Clementis
1086 2558 1163 2590 loco;
1179 2558 1282 2593 absque
1296 2565 1340 2588 eo,
1357 2558 1429 2593 quod
1447 2557 1528 2593 illum
1536 2557 1641 2593 erroris

856 2593 995 2620 insimulet
1009 2601 1016 2619 :
1029 2593 1101 2627 quod
1120 2593 1230 2627 quidem
1239 2591 1350 2627 peregit
1364 2592 1389 2618 in
1407 2600 1457 2620 sua
1470 2591 1580 2619 Cathes.
1595 2592 1640 2620 18.

901 2628 947 2660 22)
964 2627 1050 2662 Epist.
1068 2628 1081 2655 1
1100 2627 1297 2662 Clement.cap.
1312 2627 1356 2655 27.

901 2663 946 2693 25)
961 2663 1072 2695 Quando
1088 2663 1141 2689 uult
1155 2667 1179 2689 et
1191 2663 1317 2694 quomodo
1331 2663 1395 2695 vult,
1410 2662 1499 2689 omnia
1513 2662 1601 2696 faciet.

902 2698 946 2730 24)
965 2698 1049 2732 Epist.
1063 2698 1090 2729 2,
1104 2705 1164 2732 cap.
1180 2697 1207 2725 9.

902 2731 947 2766 25)
963 2731 1048 2767 Epist.
1065 2734 1091 2764 1,
1104 2731 1165 2767 cap.
1178 2733 1222 2760 40.

901 2768 947 2802 es)
963 2768 1029 2795 Ibid.

900 2803 946 2836 27)
961 2803 1041 2834 lbid-.,
1054 2810 1114 2836 cap.
1125 2802 1156 2829 4i
1165 2823 1171 2829 .

890 2834 946 2875 (es)
963 2838 1044 2871 lbid.,
1057 2834 1117 2873 ca‘p.
1136 2837 1180 2865 s7.
