1875 3101
195 147 246 175 187

760 141 806 169 AD
826 140 856 168 S.
875 138 1088 168 CLEMENTI.“
1108 138 1118 165 Ι
1134 138 1249 167 ΡΛΡΔΜ

1776 136 1833 165 I68

193 204 326 233 stolarum
339 207 367 232 et
380 203 581 239 episcoporum,
595 201 643 237 qui
658 200 732 237 ipsos
749 203 814 228 sunt
828 197 979 228 subsecuti.
994 199 1019 228 Α
1031 197 1166 232 proprium
1181 205 1276 231 corpus
1300 197 1453 225 seditionem
1479 196 1602 231 facimus,
1621 204 1703 233 eoque
1717 198 1834 224 κωπίω

194 249 265 278 Dicit
287 257 351 285 ergo
377 248 447 284 quod
468 247 583 283 apostoli
603 246 677 274 nobis
700 245 943 280 eoangellzaoerant
969 251 986 271 a

194 296 307 324 Domino
320 295 385 323 Iesu
400 294 507 322 Christo
525 294 611 326 missi,
625 297 651 320 et
667 291 745 319 Iesus
761 290 882 318 Christus
899 298 917 316 a
931 289 986 316 Deo

194 345 308 376 missus;
326 343 433 379 ideoque
447 345 490 370 ‘est
512 342 608 370 missus
623 340 700 368 Iesus
721 339 842 367 Christus
854 347 870 366 a
884 337 949 371 Deo,
961 341 987 365 et

193 389 308 424 apostoli
331 397 348 415 a
369 387 492 420 Christo;
515 391 626 422 utraque
643 389 732 413 autem
754 384 846 412 missio
859 384 932 419 facta
947 387 987 411 est

193 434 338 461 ordinatim
365 441 398 460 es;
417 433 550 460 voluntate
572 430 632 458 Dei.
647 430 762 465 Insuper
778 429 852 464 quod
874 427 988 464 apostoli

194 479 307 514 acceptis
320 478 463 512 mandatis,
479 483 504 505 et
525 482 597 505 certo
619 477 740 512 persuasi
759 483 804 510 per
816 475 987 503 resurrectio-

194 534 252 553 nem
264 525 371 553 Domini
384 525 468 552 nostri
483 524 549 552 Iesu
563 523 674 556 Christi,
689 528 714 550 et
731 523 758 550 in
774 522 826 558 ﬁde
836 519 988 556 conﬁrmati

193 579 240 606 per
251 570 356 598 verbum
373 569 432 602 Dei,
450 577 509 596 cum
529 569 615 596 sancti
638 568 755 603 Spiritus
773 567 935 602 plenitudine
956 573 988 593 ac

194 616 335 644 securitate
344 616 443 651 egressi
455 619 527 647 sunt,
543 615 731 642 annuntiantes
748 613 922 641 adventurum
932 620 989 639 esse

195 670 304 697 regnum
319 661 368 688 Dei
382 669 392 688 :
407 661 580 695 praedicantes
597 660 690 695 igitur,
706 658 814 686 tandem
837 657 987 690 concludit,

195 715 242 742 per
259 707 376 742 regiones
395 711 420 734 et
439 706 527 739 urbes,
550 706 684 741 primitias
703 713 795 733 earum
815 704 909 739 spiritu
929 712 988 731 cum

194 753 360 788 probassent,
376 753 403 779 in
416 753 549 786 episcopos
563 756 588 779 et
599 751 724 778 diaconos
739 759 830 778 eorum
844 750 889 785 qui
901 750 988 778 credi-

197 799 252 826 turi
277 803 363 831 erant,
391 798 594 825 constituerunt.
618 796 709 832 Neque
729 797 777 824 hoc
791 805 899 829 nouum,
913 795 989 823 addit

196 848 309 873 sanctus
330 844 451 880 pontifex
465 853 471 872 :
488 853 504 871 a
519 843 610 871 multis
630 844 700 870 enim
711 842 872 878 temporibus
886 842 918 870 de
931 841 989 875 epi-

196 891 282 924 scopis
296 895 322 918 et
343 890 464 918 diaconis
486 890 613 924 scriptum
623 889 780 923 [uerat;sic
794 889 864 916 enim
887 887 988 916 alicubi

195 937 260 964 dicit
275 936 412 972 Scriptura
424 944 433 963 :
443 936 610 964 Constituam
621 936 754 970 episcopos
765 943 856 963 eorum
866 935 896 962 in
905 935 990 970 justi-

197 983 235 1010 tia
247 988 273 1010 et
287 982 413 1010 diaconos
427 990 516 1010 eorum
531 982 560 1009 in
573 980 625 1016 ﬁde
639 981 707 1017 (9.9).
721 980 761 1008 Ex
775 981 853 1009 Isaia
869 988 930 1016 cap.
942 988 988 1013 ιι,

195 1037 278 1057 versu
293 1029 338 1060 l7,
349 1028 457 1056 videtur
471 1032 562 1056 textus
576 1028 628 1056 iste
639 1032 796 1063 excerptas,
810 1027 857 1055 ubi
868 1026 934 1062 quid
950 1027 989 1054 si-

196 1075 262 1102 mile
279 1075 396 1110 legitur;
412 1074 458 1102 alii
473 1078 565 1102 autem
579 1073 657 1101 illum
670 1081 705 1102 ex
723 1073 816 1109 aliquo
833 1072 990 1109 apocrypha

197 1120 271 1148 libro
285 1120 454 1156 exscriptum
466 1123 573 1155 putant.

229 1164 328 1193 Paucis
343 1166 495 1201 interiectis
515 1166 549 1194 de
569 1165 680 1202 iniustis
697 1165 832 1194 bonorum
846 1168 990 1200 pastorum

196 1211 413 1247 depositionibus
429 1211 504 1239 addit
526 1216 638 1240 sanctus
648 1211 783 1244 Pontifex,
795 1211 864 1247 quod
878 1211 991 1246 apostoli

196 1262 379 1292 cognoscentes
392 1265 438 1292 per
450 1257 593 1285 Dominum
606 1263 726 1285 nostrum
736 1257 829 1285 Iesum
843 1256 990 1289 Christum,

195 1302 266 1339 quod
283 1303 405 1338 temporis
420 1302 532 1330 decursu
547 1308 614 1331 esset
634 1303 764 1331 contentio
775 1302 807 1330 de
821 1303 926 1330 nomine
937 1303 992 1338 epi-

197 1353 338 1384 scopatus;
351 1349 382 1376 ob
393 1357 452 1377 eam
465 1357 575 1377 causam
595 1354 701 1385 accepta
717 1349 832 1384 perfecta
846 1349 992 1384 cognitione

196 1403 360 1422 successores
374 1395 425 1422 sibi
437 1396 638 1429 constituerunt,
651 1401 676 1424 et
685 1396 804 1431 deinceps
820 1395 916 1431 futuras
932 1403 992 1422 suc-

197 1441 325 1468 cessionis
343 1441 461 1477 regulam
475 1441 642 1470 tradiderunt
654 1442 710 1478 (50)
725 1447 755 1469 ut
772 1450 831 1469 cum
849 1441 891 1469 illi
903 1441 993 1468 deces-

197 1488 306 1519 sissent,
321 1488 498 1515 ministerium
509 1496 600 1515 eorunt
611 1497 643 1516 ac
658 1497 753 1516 munus
765 1488 813 1515 alii
826 1488 875 1515 viri
887 1487 992 1522 probati

197 1533 342 1567 exciperent
358 1532 424 1579 (3]).
439 1532 605 1579 Constitutos
619 1534 709 1570 itaque
723 1533 756 1561 ab
767 1534 822 1561 illis
836 1532 991 1569 (prosequi-
1004 1547 1026 1579 ε

197 1582 243 1606 tur
256 1582 368 1606 sanctus
382 1577 519 1615 Pontifex)
533 1579 572 1606 vel
591 1579 711 1614 deinceps
725 1579 757 1607 ab
777 1579 839 1607 aliis
853 1580 916 1607 viris
933 1581 990 1608 exi—

198 1625 272 1656 miis,
284 1625 459 1652 consentiente
472 1633 503 1652 ac
515 1625 702 1660 comprobante
714 1628 838 1654 universa
855 1627 990 1661 Ecclesia;

197 1671 244 1706 qui
258 1670 391 1705 inculpate
402 1671 465 1698 ovili
481 1671 582 1699 Christi
597 1673 814 1701 ministraverunt
827 1682 887 1701 cum
902 1675 991 1703 humi.

197 1717 283 1749 litate,
300 1717 395 1752 quiete,
409 1725 456 1744 nec
472 1717 648 1751 illiberaliter,
672 1720 765 1755 quique
780 1720 856 1756 longo
877 1725 991 1756 tempore

197 1761 231 1789 ab
245 1761 365 1789 omnibus
382 1763 559 1790 testimonium
573 1765 731 1799 praeclarum
752 1770 929 1800 reportarunt,
943 1767 990 1795 hos

197 1810 321 1840 putamus
337 1807 419 1842 ofﬁcio
441 1807 540 1842 injuste
561 1807 640 1843 dejici
654 1816 663 1836 :
677 1817 757 1845 neque
779 1810 848 1837 enim
872 1811 924 1838 leue
940 1812 990 1839 erit

196 1856 342 1886 peccatum,
357 1852 380 1879 si
392 1860 436 1880 eos
448 1854 493 1888 qui
507 1854 576 1881 citra
586 1855 719 1890 querelam
732 1861 758 1883 et
769 1861 858 1884 sancte
877 1857 990 1892 offerunt

197 1897 278 1930 dona,
293 1899 442 1934 episcopatu
463 1900 662 1934 privaverimus.
679 1901 769 1930 Habes
790 1903 872 1930 modo
886 1911 947 1939 quas
961 1904 990 1932 in

198 1947 295 1972 sancto
308 1944 447 1973 Clemente
459 1950 609 1974 memoratu
620 1947 688 1975 mihi
699 1947 758 1975 visa
771 1947 882 1976 fuerunt
895 1950 988 1985 digna,

196 1989 288 2026 quoad
297 1990 421 2018 ordinem
436 1991 494 2018 sive
508 1992 722 2020 ecclesiasticam
739 1992 932 2022 hierarchiam.

235 2035 380 2063 lnstructio
395 2035 520 2063 adversus
533 2036 726 2065 schismaticos.
738 2052 775 2058 —-
787 2037 940 2074 Antequam
956 2039 991 2068 ad

199 2089 307 2109 morum
335 2081 483 2115 veritates,
512 2089 581 2117 quas
606 2082 690 2110 tradit
715 2087 828 2112 sanctus
852 2084 989 2118 Clemens,

199 2126 313 2162 gradum
323 2126 464 2159 faciamus,
475 2128 618 2160 nonnulla,
629 2136 690 2164 quae
698 2129 820 2157 schisma
829 2130 990 2165 respiciunt,

200 2176 265 2199 sunt
286 2172 331 2200 hic
347 2173 504 2201 asserenda.
529 2173 639 2209 thuid,
659 2175 755 2202 scribit
774 2175 820 2203 ille
839 2176 873 2203 ad
891 2175 990 2204 Corin-

200 2218 272 2246 thios
284 2218 318 2251 ",
330 2218 398 2246 inter
409 2227 456 2246 nos
467 2225 527 2246 sunt
542 2221 728 2254 contentiones,
742 2221 988 2256 irte,dissensianes,
1003 2216 1027 2244 ι)

200 2265 344 2292 schismata
368 2271 393 2292 et
404 2264 500 2292 bellum
509 2267 522 2294 .’
534 2274 619 2294 nonne
633 2275 715 2294 unum
727 2267 812 2295 Deum
830 2267 955 2296 habemus
966 2273 991 2297 et

200 2319 281 2338 unum
296 2310 430 2339 Christum
439 2313 452 2340 ?
465 2316 541 2348 atque
563 2321 631 2341 unus
644 2317 684 2340 est
695 2312 810 2348 Spiritus
825 2315 930 2350 qratite,
946 2315 991 2351 qui

199 2356 299 2390 effusus
323 2361 361 2384 est
385 2365 463 2392 super
486 2367 533 2385 nos
557 2357 602 2394 (cn
627 2359 755 2394 explicita
777 2360 915 2389 confessio
938 2360 989 2389 SS.

200 2401 353 2435 Trinitatis,
366 2408 393 2431 et
405 2405 488 2432 trium
504 2405 531 2432 in
546 2413 601 2433 una
616 2410 713 2433 natura
724 2406 914 2435 distinctamm
926 2407 992 2436 Per-

200 2456 329 2476 sonarum
343 2450 420 2486 lides)
447 2456 472 2479 et
501 2460 554 2480 una
581 2453 681 2480 vacatio
695 2453 723 2480 in
737 2452 863 2482 Christo?
891 2463 939 2482 cur
948 2454 990 2482 di-

199 2494 320 2522 ducimus
343 2500 369 2523 et
389 2496 563 2525 distrahimus
585 2498 702 2525 membra
725 2498 838 2532 Christi,
856 2504 882 2527 et
896 2505 991 2528 contra

1035 243 1194 275 devenimus,
1210 248 1239 270 ut
1251 243 1318 270 alios
1337 243 1451 271 aliorum
1471 242 1588 270 membra
1607 250 1664 270 esse
1686 242 1836 270 oblivisca-

1036 290 1115 318 mur?
1134 288 1317 317 Recordamini
1342 288 1478 316 uerborum
1503 288 1610 316 Domini
1633 290 1719 316 nostri
1745 288 1837 322 Iesu;

1037 334 1106 362 dicit
1120 335 1189 362 enim
1204 342 1214 362 .'
1231 344 1241 361 ς
1251 334 1297 362 Vw
1312 334 1412 362 homini
1424 334 1465 362 illi
1477 335 1776 370 perquemscandaluns
1791 343 1838 362 oe—

1038 382 1078 409 nit
1093 381 1115 397 "
1130 380 1137 408 l
1155 380 1250 408 bonum
1264 385 1322 408 erat
1338 381 1373 413 ei,
1392 381 1418 408 si
1431 385 1510 408 natus
1525 389 1576 408 non
1596 380 1690 415 fuisset
1702 381 1738 413 “,
1751 389 1838 416 quam

1038 431 1067 454 stt
1081 434 1163 454 unum
1172 434 1206 454 ea:
1223 426 1312 455 electis
1328 427 1391 454 meis
1401 427 1593 454 scandalizat-et
1603 434 1612 454 ι
1623 427 1717 454 melius
1729 431 1789 454 erat
1807 431 1838 452 ut

1037 473 1062 500 ei
1085 473 1155 500 mola
1188 474 1427 508 circumponeretur
1445 478 1470 500 et
1487 474 1514 500 in
1534 481 1607 500 mare
1625 473 1838 508 demergaretur,

1037 527 1118 554 quam
1143 523 1172 546 ut
1196 527 1277 546 unum
1297 519 1329 547 de
1347 519 1451 554 pusillis
1470 520 1534 547 meis
1554 519 1753 547 scandalizaret
1767 519 1804 546 ³⁷.
1825 528 1836 545 s

1038 563 1162 592 Schisma
1176 570 1292 593 vestrum
1314 565 1412 593 multos
1427 565 1567 600 pervertit;
1589 565 1688 592 multos
1704 566 1734 592 in
1749 564 1838 592 animi

1038 611 1219 646 dejectionem,
1235 614 1335 638 “omnes
1363 620 1410 639 nos
1435 612 1462 639 in
1479 611 1617 639 tristitiam
1631 611 1745 646 conjecit
1762 611 1837 646 (3‘2).

1041 656 1140 692 Turpia
1162 661 1234 689 sunt,
1251 656 1350 689 dilecti,
1366 657 1541 692 prosequitur
1564 661 1678 685 sanctus
1691 655 1837 687 Clemens,

1039 711 1071 730 ac
1100 703 1176 731 ualde
1197 703 1297 738 turpia,
1318 707 1343 730 et
1358 702 1513 730 Christiana
1543 702 1742 730 conversatione
1765 702 1840 728 indi-

1039 758 1102 784 gna,
1127 749 1217 776 audiri
1234 749 1415 784 ﬁrmissimam
1439 753 1464 776 et
1485 749 1620 784 antiquam
1631 747 1838 776 Corinthiorum

1039 795 1186 823 Ecclesium
1198 799 1304 830 propter
1316 803 1400 822 unum
1409 799 1456 822 aut
1467 795 1579 822 alterum
1590 794 1721 822 hominem
1740 799 1839 822 contra

1038 842 1201 877 presbyteros
1216 841 1369 869 seditionem
1387 849 1497 870 movere.
1517 841 1602 877 Atque
1625 842 1648 869 is
1670 850 1765 869 rumor
1785 850 1839 869 tum

1040 892 1142 914 tantum
1156 887 1191 914 ad
1201 895 1250 914 nos
1263 887 1387 922 pervenit,
1402 886 1448 915 sed
1459 887 1494 914 ad
1505 895 1549 915 eos
1559 896 1660 924 quoque
1669 889 1716 924 qui
1729 897 1746 915 a
1758 888 1838 916 nobis

1039 933 1120 961 alieni
1131 938 1192 961 sunt
1205 934 1294 961 animo
1304 938 1329 961 et
1340 935 1480 966 sententia,
1492 934 1558 961 adeo
1568 941 1598 961 ut
1604 939 1711 969 propter
1719 940 1837 962 uestram

1038 980 1305 1014 insipientiametiam
1317 979 1486 1013 blasphemia:
1499 985 1524 1007 et
1536 981 1653 1008 convicia
1664 982 1769 1008 nomini
1781 981 1838 1008 Do-

1042 1027 1110 1054 mini
1120 1026 1280 1061 infcrantur.
1292 1035 1301 1052 ι
1316 1026 1396 1054 Vobis
1407 1030 1493 1054 autem
1500 1027 1644 1062 periculum
1654 1032 1775 1059 creatur,
1793 1037 1838 1055 oc-

1041 1072 1176 1100 casionem
1182 1072 1253 1099 hisce
1267 1071 1435 1108 blasphemiis
1440 1073 1589 1107 praebendo.
1600 1083 1609 1100 s
1619 1072 1683 1101 Haec
1689 1078 1732 1102 est
1744 1074 1837 1110 imago

1039 1126 1122 1154 quam
1134 1118 1168 1146 de
1178 1118 1404 1153 schismate,etde
1416 1119 1495 1147 malis
1515 1127 1576 1155 quas
1583 1119 1647 1147 inde
1657 1128 1838 1156 consequun-

1041 1167 1096 1196 tur,
1109 1170 1221 1193 sanctus
1238 1165 1290 1193 iste
1309 1165 1429 1201 pontifex
1441 1165 1572 1201 depingit.
1588 1165 1740 1195 Videamus
1753 1167 1838 1195 modo

1040 1217 1165 1245 quasnam
1178 1210 1298 1239 remedia
1316 1211 1467 1239 Corinthiis
1481 1211 1641 1246 praescribat
1662 1215 1693 1240 ut
1712 1220 1728 1240 a
1751 1213 1838 1248 spiri~

1041 1256 1109 1283 tuali
1130 1256 1182 1283 hac
1197 1257 1360 1292 contagione
1370 1257 1530 1285 liberentur.

1076 1300 1200 1329 Remedia
1215 1307 1307 1330 contra
1317 1303 1442 1331 schisma.
1455 1302 1585 1331 Hortatur
1595 1303 1668 1337 illos,
1677 1308 1710 1331 ut
1720 1303 1836 1331 Domino

1041 1347 1163 1375 accidant
1173 1353 1198 1375 et
1211 1348 1349 1384 plangant,
1368 1353 1473 1376 orantes
1485 1349 1592 1382 eum,'ut
1602 1350 1734 1384 propitius
1746 1350 1835 1385 factus

1040 1393 1222 1421 reconcilietur
1234 1394 1301 1427 illis,
1321 1399 1399 1430 atque
1419 1395 1447 1422 in
1467 1395 1590 1422 decoram
1610 1399 1635 1422 et
1655 1400 1762 1422 castam
1777 1396 1833 1431 fra-

1042 1440 1110 1467 terni
1126 1441 1225 1468 amoris
1244 1441 1312 1468 niam
1335 1441 1395 1468 illos
1413 1441 1523 1469 reducat
1544 1441 1611 1477 (55).
1631 1441 1696 1469 Vult
1711 1442 1799 1478 igitur
1809 1448 1836 1469 ut

1041 1484 1153 1513 humiles
1164 1494 1192 1514 se
1203 1486 1272 1521 ipsos
1285 1486 1419 1521 praebeant
1440 1496 1491 1514 non
1511 1488 1597 1514 solum
1609 1487 1675 1519 Deo,
1685 1489 1733 1515 sed
1747 1493 1775 1516 et
1790 1489 1836 1516 toti

1042 1536 1174 1559 terrarum
1193 1533 1269 1565 orbi,
1289 1537 1319 1560 ut
1341 1533 1473 1568 publicam
1494 1533 1637 1561 utilitatem
1656 1534 1836 1569 peculiaribus

1041 1586 1131 1605 eorum
1156 1579 1300 1606 commodis
1315 1579 1468 1614 prmferant,
1484 1586 1515 1606 ac
1530 1580 1685 1608 eharitatem
1707 1580 1834 1617 diligant,

1041 1624 1161 1652 divinam
1183 1625 1288 1653 scilicet
1308 1625 1434 1653 virtutem
1456 1626 1540 1658 illam,
1560 1635 1622 1662 quae
1648 1628 1835 1656 essentialiter

1040 1674 1083 1699 est
1106 1670 1216 1698 inimica
1238 1670 1391 1699 scliismati.
1417 1670 1468 1698 Vos
1497 1672 1587 1707 igitur,
1611 1672 1678 1706 dicit
1708 1673 1832 1709 insuper.

1040 1715 1086 1751 qui
1099 1715 1234 1742 seditionis
1245 1715 1418 1750 fundamenta
1431 1715 1543 1751 jecistis,
1555 1716 1655 1744 subditi
1675 1723 1760 1745 estote
1778 1727 1834 1753 pre-

1040 1760 1193 1796 sbyteris,et
1205 1762 1232 1788 in
1240 1761 1418 1796 paenitentiam
1425 1763 1597 1797 corrigimini,
1605 1763 1740 1797 ﬂectentes
1751 1773 1833 1800 genus

1040 1807 1128 1835 cordis
1141 1808 1236 1840 vestri;
1256 1807 1351 1836 discite
1369 1808 1475 1844 subjici,
1486 1809 1642 1844 deponen'tcs
1664 1817 1834 1846 arrogantem

1040 1859 1066 1882 et
1084 1853 1222 1889 superbam
1237 1854 1334 1890 lingua:
1348 1854 1624 1889 vestrtcjactantiam;
1645 1857 1742 1884 melius
1754 1858 1835 1892 siqui-

1039 1900 1099 1928 dem
1113 1900 1185 1928 uobis
1196 1905 1246 1933 est,
1261 1901 1290 1928 in
1303 1900 1365 1928 ooili
1378 1900 1477 1929 Christi
1490 1909 1599 1936 parvos,
1611 1907 1636 1929 et
1651 1903 1779 1937 probatos
1795 1905 1834 1931 in-

1040 1946 1132 1978 ueniri,
1145 1954 1224 1981 quam
1249 1946 1334 1973 altum
1353 1946 1484 1981 sapientes
1497 1955 1510 1974 e
1524 1954 1568 1981 spe
1580 1947 1654 1975 illius
1668 1948 1759 1983 dejici.
1777 1948 1834 1976 Uti-

1040 1999 1104 2020 nam
1116 1993 1206 2027 gravis
1221 1991 1279 2020 haec
1296 1992 1397 2020 veritas
1415 1994 1471 2020 vim
1487 1993 1598 2021 haberet
1616 2001 1701 2028 super
1724 1995 1831 2023 illomm

1041 2039 1171 2072 animum,
1185 2038 1232 2073 qui
1246 2045 1276 2066 se
1293 2039 1327 2066 ab
1340 2038 1626 2074 Ecclesiarseparantl
1640 2039 1779 2068 Caeterum
1801 2049 1831 2069 es

1041 2084 1117 2112 hisce
1129 2084 1246 2117 eruitur,
1258 2083 1447 2112 schismaticos
1457 2085 1491 2113 ab
1502 2085 1631 2114 Ecclesiae
1642 2094 1762 2122 corpore
1773 2095 1832 2115 esse

1041 2130 1156 2163 divisos,
1171 2130 1246 2157 omni
1262 2130 1388 2165 adempta
1405 2131 1502 2160 salutis
1517 2133 1746 2168 spe,quandiuin
1758 2133 1831 2162 dam-

1041 2176 1125 2204 nabili
1140 2176 1191 2204 hac
1206 2176 1342 2204 divisione
1353 2177 1534 2212 perstiterint.

1043 2229 1105 2266 ξίν.
1121 2230 1160 2257 De
1175 2231 1325 2265 paenitentia
1343 2236 1421 2266 atque
1439 2232 1617 2260 observatione
1632 2234 1829 2263 mandatorum.

1055 2265 1095 2293 De
1101 2267 1263 2301 confessione
1269 2265 1435 2301 peccatorum
1443 2275 1475 2294 ac
1485 2268 1636 2296 eorumdem
1648 2270 1815 2299 remissione.

1076 2317 1246 2345 Pasnitentisc
1264 2317 1375 2352 agendae
1398 2321 1426 2346 et
1447 2318 1628 2347 confessionis
1656 2326 1828 2355 peccatorum

1041 2362 1172 2391 faciendas
1186 2371 1294 2400 quoque
1305 2364 1469 2392 mentionem
1481 2364 1562 2393 habet
1575 2365 1607 2394 ι).
1619 2366 1763 2401 Clemens,
1778 2376 1827 2395 non

1041 2416 1097 2436 uno
1112 2409 1232 2444 quidem,
1248 2409 1295 2438 sed
1309 2410 1433 2446 pluribus
1452 2411 1532 2445 locis,
1548 2411 1726 2447 potissimum
1742 2418 1826 2442 autem

1041 2455 1199 2483 numeris5l
1209 2461 1235 2484 et
1240 2456 1274 2484 52
1282 2464 1327 2492 ep.
1339 2457 1352 2484 l
1362 2457 1429 2493 (54),
1437 2457 1564 2493 hancque
1572 2459 1778 2489 confessionem
1785 2460 1827 2488 Do-

1043 2502 1149 2528 minum
1164 2501 1248 2530 Deum
1267 2503 1375 2537 exigere
1397 2503 1495 2539 probat
1515 2511 1551 2532 ex
1567 2504 1696 2535 adductis
1715 2507 1826 2543 quibus-

232 2552 255 2567 "
271 2550 280 2577 l
295 2551 359 2579 Cor.
374 2559 424 2584 xu,
441 2551 487 2580 20.
526 2552 549 2569 "
562 2551 657 2581 Matth.
672 2561 752 2588 xvm,
769 2553 795 2583 7.
833 2555 856 2571 ’⁸
871 2554 967 2584 Matth.
986 2556 1117 2589 xxvt,9J.
1155 2558 1178 2574 ⁸⁷
1193 2557 1260 2586 Luc.
1275 2565 1342 2593 xvu,
1352 2560 1381 2589 2.

236 2607 293 2642 (29)
308 2607 389 2640 lbid.,
403 2615 465 2642 cap.
485 2607 532 2635 42.

236 2643 293 2674 (50)
309 2643 390 2673 lbid.,
402 2650 463 2674 cap.
478 2643 523 2670 44.

237 2677 294 2716 (Si)
308 2677 431 2716 γῇςιειιιι·Δ
441 2677 485 2716 hic
497 2678 525 2706 S.
541 2677 668 2707 Clemens
681 2679 795 2709 innuere
808 2680 843 2708 ab
856 2681 987 2716 apostolis

202 2713 270 2749 ipsis
281 2713 407 2740 traditam
420 2713 582 2751 fuissedeam
596 2715 779 2751 successionis
794 2716 821 2743 in
832 2713 988 2751 episcopatu

202 2756 338 2780 normam,
352 2755 414 2784 quae
427 2749 564 2784 prioribus
586 2750 692 2777 saeculis
708 2749 876 2784 servabatur,
891 2749 989 2779 ut'sci-

203 2785 327 2821 licetper
339 2783 442 2821 clerum
468 2783 543 2821 fieret
556 2784 653 2821 electio
672 2787 851 2820 praesentibus
865 2786 986 2821 ejusdem

203 2819 349 2855 provincia
363 2819 509 2854 episcopis,
521 2819 578 2854 qui,
596 2819 696 2855 populo
705 2819 903 2853 consentiente,
914 2822 987 2849 illam

202 2854 406 2888 conﬁrmarent,
421 2858 448 2882 et
458 2854 573 2883 electum
593 2854 818 2892 inetropolitanus
841 2864 987 2885 consecra-

1040 2618 1091 2657 ret.
1107 2612 1137 2657 Id
1150 2618 1242 2657 tamen
1259 2622 1314 2642 non
1329 2614 1422 2649 ofﬁcit,
1436 2619 1502 2651 quo'
1512 2616 1603 2657 minus
1628 2619 1709 2654 lapsu
1725 2624 1824 2657 tempo-

1040 2655 1106 2691 rum
1116 2649 1294 2691 mutarijaac
1312 2649 1557 2691 normapotuerit:
1571 2660 1638 2691 cum
1653 2649 1687 2691 ea
1711 2649 1823 2690 quae'ml

1039 2683 1352 2725 disciplinamﬁcclesiae
1360 2683 1506 2725 pertinent,
1521 2687 1588 2714 citra
1604 2688 1665 2717 ﬁdei
1675 2683 1822 2725 periculum

1040 2719 1183 2746 mutationi
1198 2720 1316 2747 obnoxia
1331 2719 1391 2748 esse
1406 2722 1473 2749 satis
1488 2726 1606 2750 constet.

1076 2753 1132 2792 (ἓξ)
1144 2754 1229 2792 Clem.
1242 2754 1334 2792 Rom.,
1346 2763 1393 2792 ep:
1405 2756 1432 2789 l,
1447 2764 1509 2792 cap.
1522 2757 1568 2785 45.

1075 2788 1133 2831 ii?)
1147 2789 1234 2831 ἓρίει-
1247 2791 1345 2831 laesa
1360 2788 1404 2818 37-

1076 2824 1132 2858 (54)
1145 2825 1277 2862 Quotquot
1289 2824 1370 2861 igitur
1380 2833 1427 2860 per
1435 2827 1573 2862 quemdam
1593 2828 1744 2857 aduersarii
1765 2832 1821 2858 illo-

1039 2866 1116 2894 psum
1133 2858 1415 2895 deliquimusfceniam
1435 2858 1614 2896 postulemus,‘
1635 2865 1679 2892 illi
1700 2874 1760 2894 oero
1782 2866 1820 2901 qui
