1875 3101
67 154 122 184 169

687 150 858 180 ΡΕΟΈΜΙΑ
877 149 1069 178 νΑΜοιὶυΜ.

1649 149 1701 176 470

63 209 130 237 dam
149 215 239 237 sacrae
259 207 411 244 Scriptum
432 207 500 236 locis
515 217 521 235 :
539 207 738 243 correptionem
753 214 863 242 quoque
877 207 900 237 Δ
914 206 985 233 stolo
1000 206 1123 238 fundata,
1138 206 1171 233 ad
1187 213 1268 241 quam
1289 206 1341 234 rite
1355 206 1551 234 instituendam
1578 206 1648 233 idem
1666 208 1697 233 I').

64 258 113 282 aut
127 254 222 290 potius
236 253 438 281 correctionem
463 252 611 280 fraternam
629 259 645 278 a
662 252 796 279 ministris
811 251 862 279 Ec-

63 300 158 328 clesiae
172 299 375 334 suscipiendam
394 298 485 326 docet.
504 298 554 327 Ast
575 305 668 325 nonne
689 297 760 325 idem
779 298 862 326 etiam

64 345 145 373 docet
158 344 309 372 concilium
323 343 516 372 Tridentinum
537 343 662 371 sessione
673 342 717 375 M,
729 350 790 378 cap.
806 343 823 370 5
835 346 862 370 et

64 398 174 418 canone
186 390 204 417 6
210 390 223 416 ?

99 434 312 464 Confessionem
326 437 418 462 autem
435 432 588 461 faciendam
608 441 670 461 esse
694 431 861 468 presbyteris

63 488 97 508 ex
111 481 264 509 Clementis
285 479 409 516 epistolae
433 479 524 514 capite
536 479 570 506 57
591 482 711 510 constat.
731 479 778 506 ubi
800 478 858 505 ait:

65 527 175 556 Substiti
195 532 279 555 estote
291 527 464 562 presbyteris,
475 530 502 553 et
525 526 715 560 correptionem
738 524 862 559 suscipite

65 573 93 600 in
105 573 306 605 penitentiam;
319 572 450 607 ﬂectentes
464 578 550 606 genua
563 570 650 597 cordis
665 569 754 601 uestri,
768 568 861 595 discite

64 618 175 650 subiici,
187 618 345 652 depensum
364 621 537 652 arrogantem
556 621 581 644 et
603 615 743 651 superbam
765 615 861 650 lingua:

65 668 159 691 uestra
166 663 376 698 iactantiam...

100 708 200 736 Tradit
222 716 332 744 quoque
352 706 535 736 universaicm
549 714 612 735 esse
629 709 803 741 peccatorum
818 711 861 731 re-

64 754 241 787 missionem,
253 758 281 782 et
293 754 399 782 nullum
410 761 473 781 esse
484 756 638 788 peccatum,
654 750 726 786 quod
742 753 803 785 post
818 757 861 778 sc-

64 801 134 828 riam
151 800 342 836 paenitentiam
360 807 409 836 per
423 799 526 827 Christi
550 798 677 826 meritum
694 804 749 824 non
764 796 859 824 remit-

62 849 140 874 tatur
155 846 226 882 (35).

914 251 1015 280 Paulus
1027 252 1106 280 binas
1125 252 1237 280 dederat
1253 252 1390 287 Epistolas
1411 251 1519 280 afflante
1541 252 1643 288 Spiritu
1658 254 1700 280 di-

913 298 978 325 vino
989 299 1117 332 scriptas,
1129 305 1190 332 qua:
1196 297 1291 324 eodem
1306 297 1362 325 fere
1373 301 1494 332 tempore
1507 297 1586 325 fidem
1597 298 1700 326 Christi

914 343 948 370 ab
961 343 1092 378 apostolis
1109 342 1206 370 edocta
1224 342 1329 374 fuerat,
1349 349 1405 377 quo
1419 341 1543 371 Ecclesia
1559 342 1700 376 Romana;

913 392 961 416 aut
970 396 1032 423 quae
1046 388 1144 423 majori
1165 388 1234 416 forte
1255 388 1366 423 gloriari
1390 392 1496 423 poterat
1520 388 1700 424 antiquitate;

912 434 941 461 in
947 441 1001 469 qua
1008 434 1076 462 adeo
1084 434 1183 462 divites
1194 438 1221 462 et
1230 434 1336 462 nobiles
1345 434 1528 462 versabantur
1538 434 1700 468 Christiani,

913 484 943 507 ut
954 487 1018 508 suas
1033 481 1220 516 eleemosynas
1229 480 1329 508 exteris
1344 488 1452 516 quoque
1466 479 1596 509 Ecclesiis
1609 485 1702 508 trans-

914 526 1071 559 mitterem;
1086 524 1220 558 EccleSIa,
1236 526 1359 560 inquam,
1374 524 1529 558 Corinthia,
1558 530 1619 553 orta
1633 533 1701 561 qua-

913 572 975 599 dam
991 572 1135 604 seditione,
1149 572 1182 599 ad
1198 571 1347 599 Ecclesiam
1358 570 1511 599 Romanam
1526 572 1659 608 confugit,
1674 576 1702 600 et

912 617 947 644 ab
961 624 994 643 ea
1008 617 1138 644 auxilium
1155 618 1231 652 petit.

950 669 961 686 ‹
981 660 1164 690 Advertamus
1188 662 1289 697 pariter
1311 662 1344 689 ad
1370 666 1498 698 tempus,
1522 670 1578 698 quo
1602 663 1701 690 seditio

913 706 970 733 haec
985 707 1012 734 in
1027 706 1148 736 Ecclesia
1163 707 1304 735 Corinthia
1318 712 1378 735 orta
1393 713 1445 740 est,
1462 717 1569 744 nempe,
1581 717 1635 745 quo
1649 709 1703 737 Ec-

911 752 994 780 clesia
1017 752 1138 781 Romana
1160 759 1203 781 sat
1225 763 1334 789 gravent
1360 755 1518 783 exantlabat
1531 757 1697 790 persecutio-

913 805 973 826 nem
986 808 993 832 ;
1008 807 1063 833 quo
1077 800 1188 835 quidem
1212 801 1301 828 adhuc
1317 801 1444 829 vivebant
1458 801 1593 837 apostoli;
1616 802 1701 829 disci-

913 843 968 877 puli
983 852 1049 871 vero
1065 844 1167 872 Christi
1179 849 1207 872 ct
1229 846 1415 881 apostolorum
1431 847 1636 882 quamplurimi,
1649 847 1700 874 viri

99 892 175 919 Alibi
187 892 270 919 etiam
284 891 365 919 docet
379 889 437 926 (36)
453 889 487 917 ad
499 888 723 925 iustificationem
738 891 860 914 nostram
876 887 898 914 Β
913 894 1002 917 autem
1019 891 1171 925 apostolico
1187 892 1286 926 spiritu
1307 893 1380 920 ducti
1396 900 1460 920 vere
1476 893 1629 926 innumeri;
1646 901 1701 927 quo

62 945 98 965 ac
112 938 306 966 remissionem
327 941 503 973 peccatorum
520 939 678 964 nostrorum
703 941 757 961 non
782 933 861 960 fidem

62 989 185 1016 tantum,
198 983 246 1012 sed
261 987 289 1012 et
301 983 463 1011 charitatem
475 982 589 1018 requiri.

103 1029 200 1058 Multis
208 1029 321 1064 insuper
331 1032 444 1057 sanctus
457 1028 583 1057 Clemens
594 1027 715 1055 declarat
728 1029 862 1061 praecepta

64 1073 116 1102 Dei
128 1075 223 1102 omnia
235 1078 264 1102 et
278 1081 330 1102 nos
344 1081 426 1109 posse
438 1080 559 1105 servare,
574 1078 601 1100 et
610 1080 627 1100 a
642 1072 723 1100 nobis
737 1078 863 1099 necessa-

62 1122 109 1150 rio
122 1120 261 1150 servanda
274 1128 346 1149 esse.
368 1120 436 1148 Cum
459 1120 598 1156 diligentia
611 1124 636 1146 et
652 1118 803 1149 alacritate,
822 1116 863 1144 ait

62 1169 127 1204 ipse
142 1167 211 1203 (37),
227 1167 382 1202 festinemus
396 1174 472 1194 omne
485 1175 551 1201 opus
569 1166 665 1193 bonum
679 1165 859 1201 νεῖμεν-επ...

63 1213 111 1242 Ex
125 1214 190 1241 totis
203 1213 301 1241 viribus
319 1221 455 1249 operemur
467 1221 533 1248 opus
543 1212 670 1247 iustitia.

163 1258 178 1296 ς
194 1258 239 1287 Vl.
259 1259 299 1286 De
313 1259 474 1287 auctoritate
491 1257 619 1285 Ecclesiae
630 1256 768 1284 Romanae.

103 1304 143 1333 De
151 1304 280 1341 dogmate
290 1305 402 1340 quidem
413 1304 559 1335 catholico.
569 1303 642 1339 quod
656 1311 691 1330 ex
700 1302 860 1338 praescripto

63 1349 180 1378 concilii
194 1348 347 1377 Tridentini
364 1349 445 1376 etiam
461 1348 570 1384 publice
594 1347 756 1383 proﬁtemur
772 1356 779 1374 :
795 1353 861 1373 san-

63 1399 141 1422 ctam
157 1394 287 1422 nimirum
298 1393 462 1422 catholicam
473 1397 502 1422 et
515 1393 694 1429 apostolicam
709 1391 860 1419 Ecclesiam

63 1438 220 1468 Romanam
242 1447 304 1467 esse
330 1440 452 1467 omnium
478 1438 661 1467 Ecclesiarum
689 1443 805 1465 matrem
833 1441 861 1464 et

66 1485 248 1522 magistram,
265 1485 294 1513 in
308 1486 425 1521 epistola
435 1492 485 1513 sua
499 1484 596 1512 nullibi
610 1483 767 1519 explicitam
783 1490 860 1510 men.

63 1532 173 1560 tionem
187 1531 255 1559 facit
267 1531 347 1560 divus
365 1531 503 1559 Clemens.
520 1530 622 1558 Verum
638 1529 662 1558 si
682 1528 858 1565 potissimum

67 1585 194 1614 scopum,
209 1578 319 1613 aliaque
333 1577 418 1613 hujus
431 1577 554 1612 epistolae
567 1575 720 1603 accidentia
734 1575 786 1602 rite
796 1582 860 1609 per-

63 1623 232 1658 pendamus,
249 1627 292 1650 sat
306 1623 380 1650 clare
392 1621 537 1657 praefatum
554 1621 653 1656 dogma
671 1620 735 1648 inde
752 1619 860 1654 colligi-

64 1674 129 1701 tur,
156 1668 326 1703 deduxitque
351 1667 394 1695 vir
418 1668 591 1696 clarissimus
612 1668 692 1695 Pater
717 1666 861 1694 Conradus

66 1715 150 1742 Ehert
159 1714 355 1742 Benedictinus
366 1719 551 1741 sacrosanctae
562 1712 706 1748 theologia!
720 1711 861 1748 professor

63 1760 216 1788 Fuldensis
229 1760 257 1787 in
273 1759 347 1787 hunc
361 1759 418 1787 fere
432 1759 554 1787 modum.
580 1758 620 1786 En
642 1758 731 1794 ipsius
751 1758 834 1785 verba
851 1768 858 1785 :

61 1815 77 1832 4
97 1805 247 1833 Enimvero
267 1805 292 1833 si
314 1809 538 1841 perscrutemur,
559 1804 672 1840 quinam
689 1803 728 1831 illi
742 1802 859 1834 fuerint,

64 1850 112 1885 qui
125 1849 171 1878 vel
188 1849 289 1877 litteris
303 1853 366 1876 ante
380 1849 464 1882 datis,
479 1849 522 1877 vel
538 1854 567 1876 ut
584 1849 680 1877 saltem
696 1848 861 1884 probabilis-

64 1895 168 1923 simnm
183 1893 306 1927 videtur,
321 1894 456 1930 legatione
470 1895 554 1922 missa
568 1901 584 1921 a
598 1893 722 1922 Romana
738 1893 860 1921 Ecclesia

64 1946 129 1976 post
144 1944 223 1968 ortas
238 1940 348 1968 interse
361 1940 545 1968 contentionis
560 1940 656 1968 turbas
668 1940 800 1967 auxilium
810 1947 861 1975 pe-

61 1987 183 2019 tierunt,
200 1986 224 2014 si
239 1989 359 2022 tempus,
371 1994 426 2022 quo
435 2005 443 2019 ,
456 1986 498 2019 si,
512 1986 546 2014 ad
558 1994 628 2021 quos
641 1985 795 2021 confugerit
810 1985 861 2012 Ec-

63 2033 152 2061 clesia
170 2032 386 2065 Corinthiorum,
400 2031 425 2060 si
439 2039 482 2064 ea,
498 2039 559 2067 qua-
569 2035 634 2067 post
647 2032 776 2066 scriptam
789 2031 861 2059 hanc

63 2078 214 2114 epistolam
229 2078 387 2110 evenerint,
402 2078 454 2105 rite
471 2077 659 2105 examinemus
669 2097 677 2110 ,
690 2078 772 2113 plura
787 2083 860 2105 certe

63 2128 233 2156 occurrent,
252 2132 313 2160 quae
328 2123 536 2151 celeberrimum
556 2123 609 2151 hoc
622 2123 751 2152 Ecclesiae
766 2124 861 2150 catho-

64 2171 128 2199 lica:
156 2170 256 2206 dogma
283 2178 367 2206 quam
391 2170 511 2198 maxime
539 2170 677 2199 illustrem
704 2174 732 2198 et
759 2172 859 2199 conﬁr—

107 2272 118 2289 ι
136 2262 261 2291 Ecclesia
274 2261 415 2290 Corinthia
427 2270 442 2290 a
457 2261 637 2290 celeberrimo
649 2262 770 2300 gentium
785 2263 856 2298 Apo-

64 2330 206 2358 seditionis
221 2338 254 2357 ac
265 2329 436 2357 dissensionis
448 2329 529 2357 duces
551 2322 575 2356 el
590 2330 718 2365 principes
727 2329 855 2365 fuerunt,

65 2366 160 2394 debent
174 2373 337 2392 communem
351 2373 422 2399 spem
441 2365 680 2399 contemplari......
705 2364 802 2392 Melius
818 2369 857 2391 est

64 2401 170 2434 homini
188 2400 309 2435 conﬁteri
329 2400 361 2427 de
381 2400 497 2434 lapsibus
512 2405 536 2427 et
553 2400 665 2435 peccatis
679 2399 857 2435 (ἐξομολογεῖ-

67 2435 132 2463 σθαι
151 2436 216 2471 περὶ
237 2435 292 2462 τῶν
312 2435 554 2471 παραπτωμάτων)
572 2443 651 2470 quam
671 2435 798 2462 indurare
809 2442 858 2471 cor

64 2479 161 2502 mil,
177 2469 258 2505 prout
270 2469 423 2505 induratum
434 2469 473 2497 est
486 2478 532 2497 cur
544 2469 634 2498 eorum
645 2470 689 2504 qui
703 2474 796 2496 contra
810 2469 857 2502 fa-

65 2502 235 2534 mulurn'Det'
249 2504 358 2540 loysen
378 2505 531 2533 seditionem
545 2502 706 2540 fecerant....
720 2505 856 2540 Clemens,

65 2542 152 2577 epist.
165 2541 265 2577 chap.
278 2539 310 2568 51
324 2544 351 2577 et
370 2541 460 2575 capite
476 2539 577 2577 5am:
591 2550 597 2568 :
615 2539 723 2577 Nullius
737 2539 786 2571 rei,
802 2540 858 2577 {ra-

63 2574 134 2617 triu-s,
265 2581 308 2617 est
321 2574 448 2617 Dominus
463 2576 590 2617 omnium,
602 2583 648 2617 nec
659 2574 799 2617 quidquam

67 2611 181 2644 rideret,
203 2615 378 2647 praterquam
397 2615 426 2637 ut
446 2612 471 2638 ei
491 2612 540 2645 fiat
563 2611 703 2645 confessio.
723 2611 768 2636 Ait
789 2611 858 2637 enim

62 2647 167 2676 electus
173 2645 294 2674 Daoidn
305 2645 455 2681 Conﬁtebor
468 2645 590 2677 Domino,
606 2650 630 2672 et
648 2645 760 2680 placebit
774 2646 798 2672 ei
810 2653 858 2672 su-

64 2681 234 2719 pel'vt'tllunt
247 2681 388 2713 novellum,
400 2689 498 2708 cornua
508 2681 690 2716 producentem
700 2686 724 2707 et
734 2683 857 2714 ungulas.

73 2717 189 2743 Videant
197 2724 324 2743 pauperes
334 2721 361 2743 et
375 2717 506 2743 limantur.
520 2727 529 2742 ι
538 2716 573 2743 Et
592 2717 687 2743 iterant
699 2723 708 2743 :
723 2727 731 2741 ‹
744 2715 857 2743 lmmola

65 2717 189 2745 Videant
197 2724 324 2752 pauperes
334 2721 361 2744 et
375 2717 506 2744 la’tentur.
520 2727 529 2742 ι
538 2717 573 2743 Et
592 2717 687 2743 iterant
699 2723 708 2743 ε
723 2727 731 2741 ι
744 2717 860 2743 lmmala

65 2752 126 2781 Deo
139 2752 303 2794 sacriﬁci-unt
318 2751 416 2779 laudis.
437 2751 509 2779 Nam
531 2752 691 2786 sacri/icium
707 2751 760 2778 Deo
779 2752 859 2787 spiri-

65 2793 111 2816 tus
126 2786 333 2815 contributatus.
353 2796 363 2813 ι

101 2822 162 2859 (35)
179 2822 307 2853 Animam
332 2821 498 2859 intendamus
510 2822 545 2859 in
567 2821 723 2859 sanguinem
747 2820 858 2859 Clu-isti,

65 2857 258 2894 maluqu
270 2865 352 2894 quam
364 2857 493 2892 pretiosus
505 2858 557 2885 De)
568 2858 602 2885 sit
615 2857 672 2892 ejus
686 2858 804 2893 sanguis,
815 2857 859 2891 qui

232 2905 370 2935 Panos.
399 2903 458 2934 Gn.
487 2904 510 2934 Ι.

911 935 939 962 in
953 935 1017 962 Asia
1033 937 1119 963 mu'to
1134 937 1231 972 magis,
1249 942 1278 965 ut
1293 938 1390 965 saltem
1405 938 1522 965 ominari
1537 938 1611 970 licet,
1627 939 1702 973 vige-

911 981 958 1008 bat
971 981 1129 1009 Christiana
1143 983 1250 1018 religio,
1267 990 1298 1010 ac
1311 984 1338 1010 in
1354 984 1413 1018 ipsa
1425 983 1493 1011 urbe
1506 983 1641 1016 Romana,
1654 984 1701 1011 ubi

912 1027 1071 1061 superstitio
1093 1028 1202 1063 gentilis
1227 1028 1284 1056 fere
1305 1029 1396 1057 omnis
1421 1037 1472 1057 sua
1497 1029 1615 1064 templa,
1635 1038 1702 1057 suos

911 1072 1032 1100 cultores
1064 1072 1201 1107 habebat;
1226 1081 1282 1109 quo
1314 1073 1444 1101 Ecclesia:
1465 1074 1620 1106 columnae,
1646 1074 1701 1102 divi

911 1125 1009 1153 nempe
1023 1119 1138 1154 apostoli
1151 1119 1247 1147 Petrus
1257 1124 1285 1147 et
1298 1119 1401 1148 Paulus
1411 1120 1468 1155 jam
1478 1120 1600 1148 defuncti
1610 1125 1700 1154 erant,

911 1171 965 1198 quo
979 1167 1070 1191 autem
1086 1165 1193 1193 vivebat
1208 1165 1297 1193 adhuc
1307 1186 1315 1198 ,
1331 1169 1361 1193 ut
1375 1174 1409 1193 ex
1426 1165 1543 1194 Eusebio
1555 1167 1700 1199 discimus,

910 1210 1027 1237 dilectus
1041 1209 1143 1238 Christi
1165 1210 1317 1246 discipulus
1329 1211 1409 1239 divus
1424 1213 1566 1247 apostolus
1580 1217 1607 1240 et
1618 1221 1702 1240 evan-

909 1255 1007 1290 gelista
1017 1254 1148 1289 Joannes,
1163 1257 1206 1283 vel
1219 1257 1246 1284 in
1260 1257 1348 1285 insula
1362 1256 1484 1290 Patmos,
1494 1258 1536 1286 vel
1544 1258 1644 1293 Ephesi
1657 1259 1702 1287 de-

909 1307 988 1335 gens.

946 1346 985 1374 De
1000 1345 1120 1374 Ecclesia
1136 1346 1317 1376 Romana.—t
1328 1348 1445 1382 Quinam
1455 1357 1539 1385 porro
1553 1354 1632 1377 erant
1647 1349 1702 1376 R0-

910 1393 997 1425 mani,
1011 1393 1044 1421 ad
1058 1401 1129 1429 quos
1153 1393 1274 1422 Ecclesia
1293 1393 1436 1422 Corinthia
1452 1395 1591 1431 confugit?
1605 1395 1702 1424 Nonne

911 1439 938 1466 in
955 1439 1015 1475 ipsa
1029 1440 1152 1469 Ecclesia
1165 1439 1289 1468 Romana
1300 1441 1457 1469 viventibus
1468 1442 1558 1469 adhuc
1569 1444 1702 1478 apostolis

911 1484 991 1513 Petro
1006 1489 1032 1513 et
1047 1485 1131 1514 Paulo
1147 1486 1336 1514 contentiones
1358 1491 1425 1514 ortae
1441 1491 1520 1515 erant
1539 1488 1612 1516 inter
1633 1496 1681 1516 eos
1692 1509 1700 1519 .

910 1531 958 1565 qui
973 1539 1009 1559 ex
1024 1531 1178 1568 Synagoga,
1193 1537 1220 1560 et
1238 1533 1310 1560 inter
1322 1541 1381 1564 eos,
1399 1534 1447 1569 qui
1463 1541 1497 1561 ex
1518 1534 1646 1568 gentibus
1665 1535 1702 1562 ad

911 1576 975 1604 Jesu
991 1577 1094 1606 Christi
1119 1578 1199 1606 fidem
1225 1580 1314 1607 vocati
1342 1584 1439 1613 erant,
1465 1585 1495 1607 ut
1508 1579 1628 1616 Epistola
1644 1581 1701 1608 divi

910 1621 988 1650 Pauli
1003 1623 1037 1650 ad
1052 1622 1190 1651 Romanos
1206 1627 1248 1651 sat
1262 1624 1335 1651 clare
1352 1623 1441 1652 docet.
1457 1623 1552 1652 Nonne
1562 1624 1620 1659 jam
1636 1625 1702 1652 bina

911 1669 972 1697 vice
995 1677 1105 1704 gravem
1126 1670 1345 1705 persecutionem
1366 1677 1495 1705 perpessa
1518 1670 1621 1703 fuerat,
1653 1675 1702 1698 aut

910 1714 1001 1742 adhuc
1012 1718 1077 1742 tunc
1090 1714 1247 1742 exantlabat
1264 1715 1386 1743 Ecclesia
1404 1715 1623 1742 Christianorum
1642 1714 1699 1742 Bo-

912 1761 1013 1788 mana?
1027 1769 1118 1789 nonne
1133 1762 1207 1789 nulla
1223 1762 1249 1790 ei
1267 1761 1301 1789 ab
1316 1761 1527 1796 imperatoribus
1543 1762 1629 1790 totius
1644 1761 1701 1789 fere

910 1807 987 1834 orbis
1001 1806 1118 1834 dominis
1131 1807 1216 1839 salus.
1232 1808 1339 1835 nullum
1352 1807 1440 1836 eidem
1454 1815 1471 1834 a
1486 1811 1593 1840 senatu,
1609 1815 1699 1843 popu-

908 1853 992 1888 loque
1005 1852 1128 1880 Romano
1142 1853 1294 1881 auxilium?
1310 1861 1401 1881 nonne
1415 1853 1457 1881 vel
1476 1854 1528 1889 ipsi
1544 1855 1695 1882 nobiliares

911 1899 1040 1927 Ecclesiae
1054 1899 1194 1933 Romanae,
1208 1900 1252 1928 vel
1262 1901 1290 1928 in
1304 1900 1432 1928 exsilium
1445 1900 1523 1928 missi
1534 1905 1613 1928 erant
1623 1901 1701 1929 Chri-

911 1946 1003 1978 stiani,
1020 1946 1107 1973 autin
1120 1946 1228 1982 angulis
1243 1945 1456 1974 delitescebant?
1473 1946 1507 1973 ad
1528 1946 1599 1974 hanc
1615 1947 1700 1982 igitur

910 1991 1061 2020 Ecclesiam
1079 1992 1257 2020 celeberrima
1271 1991 1479 2020 Corinthiorum
1497 1992 1618 2020 Ecclesia
1632 2001 1699 2021 con-

911 2037 989 2073 fugit.

948 2092 958 2109 ‹
977 2083 1010 2110 Et
1024 2091 1087 2119 qum
1100 2083 1209 2112 demum
1223 2084 1354 2111 eveniunt
1375 2089 1437 2119 post
1450 2085 1591 2113 obtentam
1605 2091 1620 2112 a
1636 2085 1699 2112 divo

909 2129 1062 2161 Clemente,
1079 2130 1191 2157 nomine
1207 2129 1335 2158 Ecclesiae.
1355 2129 1497 2165 Romanae,
1513 2132 1655 2167 epistolam
1670 2133 1698 2160 in

911 2174 1032 2203 Ecclesia
1046 2174 1271 2203 Corinthiorum?
1281 2181 1375 2204 cessat
1389 2177 1499 2209 seditio,
1516 2177 1586 2205 redit
1595 2179 1699 2206 sereni-

873 2227 896 2253 n
909 2224 953 2248 tas
972 2221 1069 2255 pacis,
1091 2224 1122 2247 ut
1145 2228 1180 2249 ex
1201 2220 1304 2249 Irenaeo
1329 2221 1471 2250 discimus.
1496 2222 1618 2258 Epistola
1640 2224 1699 2252 haec

907 2271 985 2293 tanto
995 2267 1129 2302 applausn
1142 2267 1241 2295 ibidem
1254 2268 1413 2303 suscipitur.
1428 2273 1458 2296 ut
1470 2277 1552 2305 porro
1562 2278 1610 2306 per
1620 2271 1700 2306 plura

907 2336 1012 2371 propter
1022 2336 1140 2371 nostram
1146 2333 1266 2371 salutem
1275 2334 1387 2368 effusus,
1402 2336 1449 2371 toti
1464 2336 1562 2363 mundo
1571 2338 1699 2371 poeniten—

908 2367 952 2394 tiae
965 2368 1066 2407 gratias
1080 2367 1184 2396 obtulit.
1198 2367 1373 2407 Recurramus
1392 2370 1433 2407 ad,
1446 2379 1534 2398 omnes
1552 2367 1699 2407 generatio-

908 2401 1162 2441 ηεενξάίεορπιριεᾳιιε
1181 2404 1254 2441 guodr
1271 2405 1300 2432 in
1317 2406 1485 2441 generatione
1496 2411 1521 2433 et
1532 2401 1700 2441 gcneratione

906 2437 1064 2478 paenitentia
1076 2438 1166 2478 locu":
1177 2437 1304 2478 Dominus
1318 2437 1394 2478 dedit
1400 2437 1553 2478 nolentibus
1565 2443 1599 2469 ad
1612 2444 1699 2478 ipsum

908 2473 1134 2514 conuerti-capite
1150 2473 1166 2500 7
1178 2477 1206 2501 et
1217 2475 1305 2514 capite
1319 2476 1346 2503 8.
1365 2475 1487 2514 Finistri
1498 2477 1593 2514 divina
1603 2473 1700 2514 gratia:

907 2515 953 2541 per
968 2507 1098 2549 ._Spirit.um
1114 2514 1237 2549 sanctum
1250 2507 1292 2549 He
1305 2512 1456 2549 pwnitentia
1478 2512 1558 2539 locuti
1574 2507 1700 2549 :ipsequ

909 2543 1026 2569 omnium
1042 2542 1213 2583 qominusae
1224 2542 1376 2583 paenitentia
1388 2546 1489 2583 locutus
1500 2552 1539 2574 est
1552 2542 1611 2576 cuni
1622 2542 1700 2583 iura-

909 2582 1015 2605 mento:
1031 2586 1040 2602 ι
1059 2577 1122 2606 Vico
1139 2579 1209 2615 enim
1224 2577 1285 2614 ego,
1307 2580 1372 2608 dicit
1387 2581 1530 2615 Dominus,
1550 2585 1611 2611 nolo
1622 2577 1700 2612 'mor-

910 2618 961 2641 tem
973 2614 1128 2647 peccatoris,
1140 2614 1185 2641 sed
1197 2619 1226 2642 ut
1239 2621 1414 2645 convertatur.
1431 2627 1441 2643 ι

946 2648 1090 2687 (ﬁnienti
1107 2658 1208 2687 sumus,
1222 2650 1323 2687 dilecti,
1343 2652 1367 2679 si
1390 2657 1519 2687 praceptu
1540 2653 1650 2682 Domini
1671 2657 1698 2683 in

906 2683 1046 2721 .cliaritatis
1061 2684 1200 2721 concordia
1221 2685 1369 2720 fecerimus,
1384 2683 1412 2713 ut
1425 2683 1642 2721 per'charitatcm
1657 2700 1698 2718 re-

909 2719 1050 2746 mittantur
1059 2719 1133 2760 nobis
1150 2722 1406 2760 peccata,_sqrip_tum
1416 2719 1508 2758 quippe
1522 2729 1561 2751 est
1572 2732 1582 2752 :
1596 2734 1606 2750 ε
1620 2726 1697 2753 Beati

909 2763 1020 2789 quorum
1043 2757 1164 2794 remissa:
1185 2761 1245 2783 sunt
1268 2757 1435 2794 iniquitates,
1452 2764 1476 2785 et
1500 2767 1610 2794 quarunt
1630 2766 1698 2788 tecta

910 2794 1098 2829 suntpeqata.
1113 2800 1123 2816 ι
1135 2790 1271 2829 Clemens,
1287 2790 1402 2829 epistola
1419 2793 1445 2823 Ι.
1461 2790 1551 2829 capite
1562 2795 1606 2822 50.

945 2825 1001 2860 (37)
1017 2824 1153 2858 Clemens.
1166 2827 1280 2861 epistola
1296 2824 1322 2859 ἱ,
1339 2829 1428 2863 capite
1439 2829 1483 2857 54.

1544 2908 1564 2937 6
