1875 3101
213 139 260 168 171

767 141 812 169 AD
833 142 861 171 S.
881 141 1092 171 CLEMENTEM
1112 143 1121 170 Ι
1140 143 1256 172 PAPAM

1772 153 1810 181 l7!

211 201 312 227 smcula
328 203 405 227 certo
416 203 537 235 tempore
552 199 580 227 in
595 199 710 235 publicis
725 202 904 230 conventibus
919 202 999 229 Chri-
1013 205 1036 233 Α
1049 201 1168 231 Joannes
1187 204 1328 238 apostolus
1343 208 1371 231 et
1381 205 1549 240 evangelista
1559 225 1568 238 .
1591 206 1710 234 dilectus
1728 207 1810 238 Christi

211 247 365 274 stianorum
378 246 449 273 lecta
463 246 554 278 fuerit,
573 249 654 281 prout
667 254 699 273 ex
714 245 843 282 Dionysio
854 247 999 275 Corinthio

211 295 325 319 enarrat
351 291 505 325 Eusebius,
524 295 551 319 et
566 299 617 319 suo
639 292 728 320 adhuc
748 296 871 328 tempore
897 293 998 321 factum

210 346 274 366 esse
288 338 370 365 divus
383 337 566 373 Hieronymus
580 341 697 366 testatur
709 348 716 366 :
734 339 894 374 spectabant
903 347 999 375 nempe

210 384 346 412 Corinthii
363 383 434 411 hanc
453 384 596 419 epistolam
613 389 742 419 tanquam
757 384 936 412 fortissimum
949 393 999 413 an-

207 431 329 458 tidotum
351 430 482 458 adversus
505 429 612 456 futuras
635 430 798 464 seditiones;
812 431 998 465 deprehende-

209 479 277 506 bant
291 478 369 514 plura
383 478 411 505 in
430 486 462 506 ea
482 486 567 506 sacra;
587 478 737 513 Scriptura:
756 479 816 506 loca
832 479 934 506 clarius
947 487 996 507 ex-

209 526 312 562 posita,
328 529 356 553 et
370 526 493 554 moribus
514 526 693 553 emendandis
715 525 831 554 feliciter
850 526 970 554 adhibita
987 536 993 554 :

209 572 385 600 inveniebant
411 572 577 607 apostolicas
599 572 760 599 traditiones
780 580 795 599 a
816 572 995 600 celeberrimo

207 618 394 654 apostolorum
406 618 541 653 discipulo
553 618 605 645 sibi
620 619 807 653 conscriptas;
823 619 948 653 legebant
967 619 994 646 in

206 664 303 693 eadem
318 665 392 700 leges
406 664 559 700 disciplima
577 665 634 699 jam
656 664 690 691 ab
711 672 768 692 aevo
789 664 939 699 apostolico
952 664 995 691 in-

205 711 366 745 troductas;
391 716 472 747 atque
491 715 534 739 sat
552 711 625 739 clare
640 719 674 739 ex
688 711 782 739 eadem
798 710 929 738 Romana:
943 710 995 738 Ec-

205 758 298 786 clesia:
324 766 407 794 supra
431 762 544 786 caeteras
565 758 729 793 colligebant
753 757 992 793 principalitatem.

204 804 261 832 Cur
274 804 347 832 enim
364 804 484 832 Ecclesia
499 804 641 832 Corinthia
655 804 690 831 ad
704 803 854 831 Romanam
869 803 992 839 confugit

204 850 370 885 Ecclesiam;
385 851 437 878 nisi
455 850 481 877 in
496 850 546 877 hac
561 850 620 885 ipsa
633 850 761 886 superius
777 848 915 884 quoddam
931 856 991 876 ma-

203 897 354 932 gisterium,
367 900 414 923 aut
428 896 634 924 eminentiorem
645 896 790 931 quamdam
802 895 991 922 auctoritatem

202 942 377 977 agnovisset?
398 942 494 970 Nonne
515 942 629 970 aderant
643 942 799 977 complures
823 942 902 977 longe
923 941 991 968 vici~

202 988 297 1016 niores
319 988 450 1016 Ecclesia:
471 989 573 1024 pariter
593 988 628 1016 ab
642 988 774 1023 apostolis
795 987 913 1015 fundata:
926 1007 934 1019 .
956 987 990 1014 ad

201 1042 271 1070 quas
287 1034 434 1071 confugere
448 1035 526 1070 longe
542 1035 650 1062 facilius
662 1035 805 1070 potuisset,
822 1035 845 1062 si
863 1034 991 1069 agnovis~

201 1085 243 1108 set
256 1082 282 1108 in
298 1081 338 1109 eis
352 1081 483 1116 aequalem
497 1082 609 1108 omnino
628 1088 690 1109 cum
701 1080 824 1108 Romana
843 1080 991 1108 auctorita-

195 1127 276 1154 tem?
298 1126 394 1154 Nonne
414 1127 461 1154 illo
477 1131 616 1162 tempore,
632 1135 688 1162 quo
703 1126 825 1154 Ecclesia
846 1126 989 1154 Corinthia

195 1173 237 1200 ad
252 1173 402 1200 Romanam
421 1171 554 1208 confugit,
576 1171 609 1199 ad
624 1172 732 1207 imperii
754 1171 861 1199 clavum
878 1172 990 1199 sedebat

199 1218 385 1251 Domitianus,
399 1226 571 1254 persequens
585 1218 736 1246 crudeliter
749 1218 922 1246 Christianos
932 1238 939 1250 ,
960 1219 987 1246 in

199 1266 269 1293 urbe
283 1265 407 1292 Romana
422 1265 596 1300 potissimum
615 1264 761 1292 dominans
774 1267 801 1292 et
815 1263 987 1291 Christianos

200 1312 301 1339 ibidem
312 1312 466 1346 exagitans,
482 1316 511 1339 ut
521 1319 555 1339 ex
571 1311 688 1338 Eusebio
702 1311 851 1338 discimus?
862 1310 918 1337 Cur
925 1317 987 1337 cum

198 1362 276 1385 tanto
300 1358 422 1394 periculo
443 1358 509 1385 illuc
528 1357 632 1393 legatos
656 1360 702 1384 aut
723 1357 819 1384 saltem
844 1356 987 1392 epistolam

198 1404 295 1436 mittit,
314 1403 367 1431 nisi
379 1403 526 1432 Ecclesium
543 1402 704 1435 Romanam,
721 1402 887 1438 reliquarum
901 1402 987 1437 magi-

198 1454 285 1478 stram
306 1449 404 1478 fuisset
429 1448 686 1478 venerata?Nonne
710 1448 763 1475 hoc
785 1448 845 1482 ipso
865 1451 987 1482 tempore

197 1496 333 1524 florebant
355 1496 425 1524 varii
451 1495 541 1523 adhuc
565 1495 710 1530 apostolici
741 1494 810 1525 viri,
840 1497 867 1522 et
893 1493 986 1529 plures

1049 249 1202 284 discipulus
1214 269 1221 281 ,
1238 250 1284 284 qui
1300 250 1341 285 (ut
1354 251 1449 285 phrasi
1464 251 1595 279 Ecclesia:
1610 253 1717 289 loquar)
1732 254 1811 288 ﬂuenta

1050 294 1186 330 Evangelii
1199 295 1232 322 de
1245 296 1301 329 ipso
1314 304 1391 323 sacro
1410 296 1542 325 Dominici
1553 300 1666 333 pectoris
1681 299 1747 333 [ante
1755 306 1812 335 pata-

1048 341 1103 373 m't,
1124 341 1171 376 qui
1194 349 1277 376 porro
1291 345 1411 369 testante
1422 343 1485 370 divo
1500 336 1668 380 ilieronymo
1687 345 1739 379 (58)
1756 349 1813 374 totas

1047 385 1119 414 Asiae
1139 386 1281 420 fundavit,
1305 389 1432 424 rexitquc
1446 387 1588 417 Ecclesias
1604 399 1611 417 :
1628 389 1721 417 Roma
1740 395 1813 420 autem

1045 431 1103 467 jam
1118 433 1248 468 martyrio
1266 433 1384 461 affectos
1398 441 1460 462 esse
1473 434 1552 462 divos
1568 436 1709 470 apostolos
1722 435 1814 465 Petrum

1047 483 1075 506 et
1089 477 1203 506 Paulum
1214 499 1221 512 ,
1238 480 1265 507 id
1283 484 1357 507 certe
1372 480 1524 508 Ecclesiam
1539 481 1708 509 Corinthiam
1722 483 1815 511 minime

1046 524 1157 552 latebat.
1180 524 1213 552 Et
1232 525 1411 553 nihilominus
1431 533 1485 553 non
1505 526 1669 562 legationem
1688 527 1721 554 ad
1738 528 1815 556 divum

1044 568 1190 603 Joannem,
1205 572 1252 599 sed
1265 571 1299 598 ad
1310 571 1461 600 Ecclesiam
1470 572 1622 600 Romanam
1631 577 1658 600 et
1669 573 1703 600 ad
1710 573 1815 607 ejusdem

1045 615 1193 645 Praesulem
1206 617 1346 645 destinant
1356 618 1500 645 Corinthii.
1515 618 1583 652 Quis
1598 627 1632 646 ex
1646 619 1699 646 hoc
1712 626 1761 652 non
1771 620 1817 647 col-

1045 661 1122 696 ligat,
1137 661 1296 690 Corinthios
1316 663 1410 690 divum
1430 663 1601 692 Clementem
1618 672 1670 691 ceu
1682 665 1763 692 totius
1774 665 1816 693 Ec-

1045 707 1137 735 clesiae
1150 712 1243 743 caput.
1256 712 1283 736 et
1301 709 1423 736 omnium
1437 709 1658 738 Christianorum
1687 714 1783 745 patrem
1795 716 1818 738 et

1044 753 1186 782 doctorem
1200 754 1287 782 fuisse
1303 756 1469 783 veneratus?
1479 760 1507 783 et
1517 764 1566 792 per
1581 757 1652 784 hanc
1663 759 1747 792 ipsam
1761 758 1785 785 in
1792 766 1817 785 re

1045 801 1130 828 ardua
1145 801 1300 828 cessionem
1318 809 1349 828 ac
1363 802 1558 835 obedientiam,
1575 803 1620 830 ubi
1633 804 1711 831 zelus
1724 804 1817 832 invidiae

1041 845 1098 881 jam
1120 851 1264 874 exarserat
1280 851 1354 877 ante.
1377 848 1464 875 fuisse
1490 848 1652 881 confessos,
1684 849 1755 884 quod
1774 850 1817 885 ipsi

1009 881 1029 908 Β
1044 893 1107 920 divo
1122 892 1250 920 Clementi
1263 894 1290 920 in
1304 894 1379 921 beato
1406 893 1484 921 Petro
1508 895 1652 929 pascendi,
1678 881 1713 922 εξ·
1727 881 1817 930 regendi

1044 938 1127 974 (quod
1144 939 1297 973 spiritualia
1313 939 1421 974 attinet)
1436 945 1461 967 et
1475 940 1639 975 gubernandi
1657 941 1817 968 uniuersalem

1043 984 1190 1012 Ecclesium
1201 985 1278 1020 plena
1291 990 1406 1019 potestas
1421 987 1456 1013 sit
1469 986 1589 1014 tradita?
1604 997 1612 1013 I
1625 986 1763 1015 Hactenus
1772 987 1818 1014 cla.

1042 1031 1170 1059 rissimus
1185 1031 1329 1059 Fuldeusis
1355 1032 1506 1067 theologus.

1318 1087 1518 1115 ARTICULUS
1537 1087 1570 1115 ll.

1249 1141 1466 1162 OBSERVATIONES
1486 1142 1618 1162 IORALES.

1042 1179 1056 1216 ς
1075 1179 1096 1208 1.
1114 1179 1153 1208 De
1163 1180 1328 1218 humilitate,
1338 1186 1363 1208 et
1375 1181 1515 1218 charitate,
1534 1181 1647 1217 vitioque
1657 1182 1742 1209 eidem
1754 1190 1819 1218 oppe-

1304 1216 1366 1249 sito,
1382 1217 1560 1244 mulatione.

1077 1261 1234 1289 Humilitas.
1248 1261 1405 1297 Exemplum
1424 1262 1584 1290 humilitatis
1609 1263 1637 1290 in
1655 1268 1751 1290 sancta
1765 1263 1820 1291 Per-

1039 1315 1105 1334 sona
1117 1307 1276 1337 Saluatoris.
1291 1323 1326 1328 —-
1342 1308 1438 1342 Quoad
1454 1309 1586 1337 moralem
1600 1311 1693 1337 sancti
1707 1310 1820 1338 Clemen-

1039 1353 1076 1381 tis
1092 1354 1262 1386 doctrinam.
1278 1363 1312 1382 en
1331 1355 1488 1390 pulchriora
1503 1356 1580 1387 ioca.
1596 1364 1659 1392 quae
1677 1364 1710 1384 ex
1726 1357 1820 1384 duabus

1039 1401 1164 1436 epistolis
1172 1405 1300 1436 excerpta
1311 1409 1371 1429 eam
1380 1402 1540 1437 respiciunt.
1550 1401 1688 1438 Loquitur
1702 1404 1788 1438 primo
1794 1404 1822 1431 dc

1037 1446 1194 1474 humilitate
1208 1446 1366 1474 Christiana
1376 1467 1383 1480 ,
1401 1448 1516 1483 ejusque
1534 1449 1641 1483 praxim
1658 1454 1771 1477 sanctus
1785 1450 1822 1476 hic

1041 1491 1164 1525 pontifex
1189 1491 1314 1519 fidelibus
1336 1493 1526 1525 commendat;
1545 1494 1657 1522 exhibet
1676 1496 1822 1531 exemplum

197 1542 304 1570 Christi
318 1547 346 1569 et
356 1541 542 1576 apostolorum
556 1540 684 1576 discipuli
696 1541 707 1568 ?
722 1541 754 1567 ad
770 1547 840 1575 quos
854 1540 935 1574 longe
945 1538 985 1566 fa-
999 1546 1023 1578 α
1037 1536 1180 1571 ipsiusmet
1193 1536 1258 1565 Jesu
1270 1537 1372 1565 Christi
1383 1558 1391 1570 .
1405 1539 1439 1566 de
1452 1546 1506 1574 quo
1519 1539 1576 1568 haec
1588 1541 1672 1568 habet
1684 1542 1743 1576 (59)
1754 1541 1822 1569 τεα-

196 1587 278 1616 cilius
298 1587 432 1623 potuisset
446 1587 596 1615 accedere?
610 1594 659 1614 cur
672 1587 707 1614 ab
723 1586 798 1613 hisce
822 1593 876 1613 non
897 1585 987 1620 potius

195 1633 331 1662 auxilium
345 1632 432 1668 petit?
453 1632 507 1660 nisi
530 1632 571 1659 vel
584 1631 611 1658 lii
627 1632 681 1667 ipsi
694 1639 710 1658 a
724 1630 849 1658 Romana
864 1630 986 1657 Ecclesia

196 1678 344 1715 quamdam
362 1677 572 1713 dependentiam
598 1677 714 1705 fuissent
736 1677 872 1713 professi;
895 1683 986 1704 nonne

198 1726 246 1754 ille
260 1725 329 1761 ipse.
342 1725 370 1751 in
385 1732 466 1760 quem
489 1723 649 1752 fundaverat
661 1732 739 1752 suam
758 1723 908 1751 Ecclesium
925 1722 986 1750 Sal-

193 1775 275 1799 vator
290 1774 384 1798 noster
396 1769 477 1798 Jesus
492 1770 630 1802 Christus,
650 1769 740 1805 quoad
748 1776 896 1804 personam
905 1776 984 1796 suam

191 1817 250 1853 jam
274 1816 420 1845 defunctus
444 1820 503 1843 erat
530 1823 592 1843 cum
617 1816 680 1844 divo
702 1815 788 1843 Paulo
814 1816 985 1844 reiosissimo

192 1863 313 1898 gentium
339 1863 461 1898 apostolo
471 1863 483 1890 ?
493 1866 520 1890 et
536 1862 714 1890 nihilominus
728 1862 763 1890 ab
777 1862 871 1890 eadem
887 1861 984 1890 Eccle-

193 1909 246 1942 sia,
271 1909 300 1936 in
316 1916 370 1944 qua
386 1907 489 1936 crudeli
512 1908 702 1942 persecutione
723 1908 806 1935 vitam
832 1911 983 1943 posuerant

191 1955 274 1982 ambo
290 1954 418 1990 apostoli,
434 1953 586 1982 subsidium
597 1958 625 1982 et
641 1954 847 1982 instructionem
860 1958 984 1990 tempore

193 2000 339 2028 seditionis
350 2003 378 2027 et
398 2000 582 2027 contentionis
617 2000 687 2027 inter
713 2000 787 2035 ipsos
808 1999 982 2029 Christianos

192 2050 297 2074 exorta
308 2048 376 2081 petit
390 2045 513 2074 Ecclesia
533 2045 692 2074 Corinthia!
710 2051 737 2074 et
755 2054 805 2074 cur
821 2046 887 2073 illud
899 2066 906 2078 ,
927 2047 982 2075 nisi

193 2091 223 2120 in
235 2091 294 2128 ipsa
303 2091 425 2120 Ecclesia
439 2091 563 2120 Romana
583 2096 747 2127 potestatem
767 2092 823 2120 divi
846 2092 919 2120 Petri
934 2093 982 2120 ad-

192 2139 248 2167 huc
268 2143 326 2166 tum
340 2139 433 2174 vigere
447 2139 589 2167 novisset?
599 2142 626 2166 et
641 2138 761 2171 demum,
779 2139 864 2171 unde,
876 2146 979 2174 quaeso,

192 2189 288 2214 tantus
312 2185 377 2213 huic
397 2185 520 2221 epistolae
540 2184 706 2219 Clementis,
727 2189 774 2213 aut
795 2185 980 2213 Romanorum

1028 1587 1128 1621 pirum
1139 1584 1288 1619 majestatis
1298 1584 1357 1616 Dei,
1371 1585 1499 1613 Dominus
1507 1591 1596 1614 noster
1605 1587 1688 1615 Iesus
1698 1587 1823 1618 Christus.

1039 1637 1091 1656 non
1108 1631 1176 1657 venit
1197 1631 1224 1657 in
1239 1631 1373 1665 jactantia
1389 1633 1550 1668 arrogantiw
1561 1653 1569 1665 ,
1593 1642 1675 1669 neque
1691 1635 1823 1669 superbia.

1037 1683 1098 1702 cum
1108 1680 1200 1710 potens
1212 1677 1248 1703 sit
1268 1678 1336 1708 :sed
1363 1677 1390 1704 in
1416 1678 1580 1712 humilitate,
1604 1681 1823 1715 quemadmodum

1037 1720 1155 1756 Spiritus
1171 1727 1280 1749 sanctus
1296 1723 1329 1750 de
1341 1724 1398 1758 ipso
1420 1723 1522 1751 locutus
1542 1729 1592 1753 est.
1609 1725 1750 1762 Deinceps
1770 1731 1823 1762 post

1037 1767 1154 1794 adducta
1170 1767 1215 1795 illa
1230 1768 1370 1804 prophetae
1384 1768 1461 1796 Isaia:
1474 1770 1533 1797 loca
1544 1791 1551 1802 ,
1568 1771 1595 1798 in
1607 1773 1715 1807 quibus
1728 1773 1763 1801 de
1775 1777 1824 1800 tor-

1036 1813 1137 1841 mentis
1152 1817 1180 1841 ct
1195 1815 1396 1849 abjectionibus
1418 1815 1569 1845 Salvatoris
1590 1822 1632 1845 est
1653 1826 1770 1850 sermo.
1792 1819 1824 1845 ita

1036 1860 1192 1890 concludit.
1213 1862 1247 1888 ad
1266 1861 1423 1890 Corinthios
1450 1870 1606 1891 sermonem
1636 1870 1822 1893 convertens:

1034 1905 1160 1939 Cernitis,
1173 1908 1224 1934 viri
1239 1908 1323 1941 chari,
1340 1909 1409 1945 quod
1424 1911 1558 1945 exemplar
1572 1911 1647 1939 nobis
1662 1912 1763 1939 datum
1776 1913 1826 1941 sit?

1033 1960 1096 1979 nam
1115 1953 1139 1980 si
1154 1953 1284 1982 Dominus
1306 1955 1371 1983 adeo
1384 1956 1519 1984 humiliter
1537 1966 1566 1984 se
1581 1958 1663 1992 gessit
1678 1979 1686 1991 ,
1716 1959 1780 1995 quid
1792 1959 1826 1994 {a—

1033 1998 1131 2025 ciemus
1146 2007 1204 2032 nos,
1221 2000 1266 2034 qui
1275 2001 1322 2027 sub
1331 2002 1426 2036 jugum
1437 2002 1534 2037 gratia:
1548 2003 1605 2037 ejus
1622 2011 1672 2038 per
1690 2004 1779 2039 ipsum
1790 2012 1825 2031 u-

1032 2044 1119 2071 nimus
1128 2046 1141 2073 1’

1067 2089 1130 2116 Alia
1140 2091 1260 2126 exempla
1271 2090 1432 2119 humilitatis
1449 2093 1476 2120 in
1491 2094 1655 2127 patriarchis
1672 2100 1701 2123 et
1719 2097 1827 2130 propiu-

1031 2136 1076 2163 tis.
1090 2151 1124 2156 —
1135 2135 1200 2164 Post
1214 2137 1336 2164 divinum
1348 2138 1400 2166 hoc
1415 2138 1587 2172 humilitatis,
1604 2140 1825 2176 abjectionisque

1031 2182 1185 2218 exemplar,
1207 2188 1319 2211 sanctus
1343 2183 1467 2212 Pontifex
1486 2185 1566 2213 nobis
1581 2187 1616 2215 ob
1629 2188 1735 2215 oculos
1757 2189 1826 2224 ponit

192 2230 316 2263 effectus,
331 2235 362 2259 ut
378 2231 405 2259 in
420 2231 542 2259 Ecclesia
555 2231 700 2259 Corinthia
713 2232 904 2260 contentiones
919 2239 981 2260 ces-

1048 2227 1182 2256 >crfectam
1213 2229 1395 2257 humilitatem
1432 2235 1590 2259 sanctorum
1625 2234 1824 2267 prophetarum

192 2281 264 2310 sent,
279 2278 423 2306 seditionis
435 2278 506 2313 ignis
520 2277 719 2313 exstinguatur,
736 2285 788 2313 pax
802 2278 920 2306 redeat?
932 2286 982 2306 cur

191 2322 248 2351 divi
258 2323 405 2351 Clementis
414 2323 528 2358 epistola
543 2327 619 2350 tanta
634 2324 809 2351 veneratione
820 2324 979 2359 suscipitur,

191 2373 224 2398 ut
236 2370 400 2405 quantocius
411 2370 503 2397 cuncti
518 2369 606 2398 eidem
621 2370 770 2397 obediant?
787 2377 838 2398 cur
851 2373 926 2397 tanta
940 2370 981 2398 ei-

190 2415 252 2443 dem
267 2414 398 2442 tribuitur
409 2415 570 2446 reverentia,
590 2418 621 2441 ut
636 2418 697 2449 post
710 2415 788 2450 plura
804 2414 903 2442 szecula
916 2421 977 2441 eam

190 2461 220 2488 in
231 2460 410 2488 conventibus
422 2461 539 2496 publicis
555 2460 656 2496 legant,
670 2461 724 2488 nisi
738 2460 831 2487 divum
850 2459 978 2488 Clemen-

189 2511 245 2535 tem
262 2514 312 2534 ceu
322 2506 411 2534 sancti
424 2506 497 2534 Petri
513 2507 699 2542 apostolorum
717 2506 853 2541 Principis
866 2514 977 2534 succes-

189 2560 281 2580 sorem
302 2552 421 2580 fuissent
440 2554 581 2585 venerati,
607 2553 661 2580 nisi
680 2560 736 2588 pm
757 2553 871 2588 reliquis
894 2553 977 2579 etiam

189 2598 374 2627 sanctissimis
387 2599 455 2626 viris
469 2599 602 2634 majorem
624 2599 769 2634 quamdam
786 2599 975 2627 auctoritatem

189 2646 278 2673 eidem
298 2645 480 2673 tribuissent?
500 2645 556 2673 Hoc
578 2646 638 2680 ipso
660 2653 726 2673 sane
742 2649 882 2680 tempore,
898 2649 928 2672 ut
942 2653 977 2673 ex

189 2689 308 2721 Eusebio
332 2691 482 2724 discimus,
510 2692 618 2719 vivebat
651 2691 741 2719 adhuc
770 2691 871 2727 Ephesi
896 2691 976 2720 divus

226 2772 250 2789 "
264 2771 333 2800 Gen.
359 2780 438 2801 xvnl.
454 2772 499 2800 27.
538 2773 560 2789 ¹⁹
575 2772 626 2800 Job
638 2781 693 2805 xiv,
709 2773 737 2801 4.
775 2772 798 2793 -“
811 2772 896 2801 Exod.
909 2772 1002 2806 "1,".

226 2840 282 2875 (58)
304 2840 336 2877 ρ.
354 2840 511 2877 Hieronym.
526 2840 565 2868 De
578 2841 670 2876 script.
685 2841 778 2870 eccles.
794 2841 822 2869 in
837 2841 974 2876 Catalogo.

227 2877 282 2912 (δυ)
304 2876 390 2912 Epist.
408 2877 435 2910 t,
451 2883 512 2912 cap.
530 2877 575 2906 us.

1033 2273 1107 2306 Elim,
1117 2274 1237 2303 Eliszeiet
1247 2274 1408 2303 Ezechielis.
1424 2275 1539 2304 Abrahm
1547 2277 1740 2306 humilitatem
1757 2287 1827 2307 com-

1032 2321 1142 2348 mendat
1164 2321 1221 2357 (‘0)
1247 2321 1275 2348 in
1299 2322 1361 2350 istis
1382 2322 1508 2357 ejusdem
1522 2323 1692 2358 patriarcha:
1708 2326 1825 2353 verbis:

1031 2367 1087 2403 Ego
1103 2372 1191 2395 autem
1215 2376 1274 2396 sum
1295 2373 1366 2396 terra
1382 2374 1410 2396 et
1434 2370 1500 2397 cinis
1516 2371 1555 2405 ’5;
1571 2371 1763 2400 humilitatem
1779 2372 1827 2400 Job

1031 2415 1060 2442 in
1081 2415 1224 2442 verissima
1251 2415 1313 2449 hac,
1339 2424 1423 2451 quam
1442 2417 1541 2450 tradit,
1562 2419 1684 2446 veritate
1711 2430 1719 2447 :
1746 2419 1826 2446 Nemo

1030 2459 1143 2488 mundus
1158 2469 1174 2488 a
1190 2461 1266 2488 sorde
1276 2482 1283 2494 ,
1298 2467 1323 2489 et
1335 2462 1359 2489 si
1374 2463 1452 2490 unius
1465 2462 1517 2490 diei
1531 2464 1565 2490 sit
1577 2465 1633 2491 vita
1648 2465 1712 2500 ejus
1728 2467 1768 2500 ";
1782 2467 1828 2493 liu-

1029 2507 1174 2534 militatem
1189 2506 1290 2543 Moysis
1309 2508 1337 2535 in
1359 2509 1501 2536 aversione
1512 2529 1519 2541 ,
1533 2517 1615 2544 quam
1630 2509 1691 2538 Deo
1709 2516 1826 2539 testatus

1030 2557 1084 2584 est,
1102 2561 1118 2580 a
1133 2554 1267 2581 sumendo
1282 2555 1414 2590 regimine
1434 2556 1528 2590 populi
1548 2555 1700 2585 lsraclitici
1720 2558 1745 2574 ³⁸
1757 2568 1766 2586 :
1782 2559 1828 2585 liu~

1031 2600 1174 2627 utilitatem
1191 2600 1303 2628 Davidis
1313 2621 1321 2633 ,
1337 2609 1398 2636 qua:
1413 2603 1531 2629 maxime
1546 2602 1572 2629 in
1586 2604 1698 2638 psalmo
1717 2612 1735 2631 ι
1751 2612 1826 2639 rep-:-

1029 2646 1110 2680 ritur,
1124 2647 1171 2674 ubi
1188 2655 1270 2675 verus
1286 2648 1330 2675 hic
1356 2649 1494 2684 paenitens
1516 2648 1707 2678 humilitatem
1739 2651 1827 2679 cordis

1030 2693 1073 2720 sui
1088 2692 1242 2720 manifestat
1256 2693 1322 2728 (41).

1068 2838 1124 2875 (40)
1143 2838 1223 2875 ibid,
1239 2846 1300 2874 cap.
1321 2839 1365 2866 Π.

1065 2875 1122 2908 (41)
1142 2874 1191 2907 Ep.
1209 2875 1234 2907 l,
1250 2882 1310 2906 cap.
1329 2875 1372 2903 18.
