1875 3101
42 181 89 209 173

660 173 831 204 ιηιοαῖδιιᾼ
849 173 1041 202 νΑιιιοιιυΜ.

1612 177 1663 204 ιιι

73 237 196 265 Pulchrtz
212 236 350 264 sententia
366 236 399 264 de
411 235 569 263 humilitate.
581 250 616 256 —-
631 234 827 270 Splendidissi-

915 231 1028 259 hismata
1048 240 1143 260 eorum
1166 240 1250 260 causa
1269 233 1385 262 excitari
1409 234 1661 270 deprehenderunt.

39 284 89 309 mis
101 282 179 309 hisce
193 281 360 309 humilitatis
369 280 534 308 Christianae
550 280 684 314 exemplis
704 279 827 314 adiungit

40 333 148 356 sanctus
162 327 294 355 Clemens
307 327 455 354 nonnullas
469 327 566 355 breves
588 326 740 354 sententias
753 326 827 352 circa

40 373 106 400 hanc
118 372 247 400 eamdem
258 373 399 400 virtutem.
414 371 487 399 Laus
502 376 606 403 nostra,
620 371 718 406 inquit,
730 371 757 397 in
774 369 827 396 Deo

40 420 81 449 sit.
93 424 119 446 et
141 427 196 446 non
211 427 230 446 ι
251 419 328 446 nobis
348 419 413 454 ipsis
425 418 493 455 (42).
517 418 637 450 Etenim,
661 417 736 444 addit
751 417 826 452 ipse,

44 465 108 492 Deus
116 465 174 492 odit
183 473 228 492 eos
251 466 296 500 qui
304 465 454 499 semetipsos
465 464 621 499 praedicant.
639 463 828 491 Testimonium

42 512 97 538 boni
110 511 200 546 operis
214 511 301 539 nostri
318 510 350 538 ab
363 511 425 538 aliis
436 509 570 537 tribuatur
584 509 673 542 nobis,
684 509 764 536 sicuti
781 516 829 535 e1;-

41 557 150 584 hibitum
162 561 204 584 est
219 556 347 584 Patribus
371 556 480 584 nostris.
498 555 658 586 Temeritas,
674 554 828 589 arrogantia

40 609 63 631 et
80 604 210 637 audacia,
231 604 379 631 maledictis
399 612 416 630 a
441 603 510 636 Deo;
533 603 679 630 moderatio
697 607 784 629 autem
803 607 828 629 et

42 650 180 676 humilitas
192 654 217 676 et
230 648 402 676 mansuetudo
410 648 480 682 apud
495 648 568 680 illos,
587 649 632 683 qui
649 656 667 674 a
683 647 736 674 Deo
753 647 828 674 bene-

39 696 104 722 dicti
118 699 183 722 sunt
205 716 211 722 .
234 715 242 721 .
265 715 271 721 .
295 693 493 729 Unusquisque,
507 693 588 721 habet
604 693 670 720 alibi
683 693 755 728 (45),
768 701 830 727 pro-

41 740 112 766 :rimo
122 747 171 766 suo
186 738 346 773 subjiciatur
367 758 373 765 .
395 757 404 765 .
424 757 432 764 .
453 737 562 764 humilis
573 745 625 764 non
638 737 689 764 sibi
709 738 829 764 testimo-

41 786 115 812 nium
128 785 210 820 ferat,
221 783 267 811 sed
281 784 363 816 sinat,
376 788 405 810 ut
420 782 488 810 alter
502 783 553 817 ipsi
562 782 695 817 per/libeat
711 783 830 810 testimo-

41 832 114 858 nium
131 838 142 857 :
151 831 197 866 qui
205 838 284 857 carne
292 834 381 857 castus
394 833 443 861 est,
454 837 485 856 ne
495 829 646 862 insolescat,
655 830 738 857 sciens
746 829 830 856 alium

39 885 106 907 esse.
123 877 170 912 qui
182 877 207 904 ei
219 876 406 903 continentiam
416 874 510 902 donat.
524 874 681 910 Reputemus
690 883 761 910 ergo,
774 875 830 910 fra-

41 929 104 954 tres,
121 930 155 950 ea:
173 930 227 958 qua
240 922 354 948 materia
364 921 446 948 creati
457 921 560 953 simus;
571 921 635 956 qui,
660 926 684 948 et
695 921 785 956 quales
801 922 828 948 in

40 969 170 996 mundum
186 968 298 1004 ingressi
310 968 404 999 simus,
419 972 545 1003 tanquam
557 975 571 994 e
582 967 701 1002 sepulcro
711 972 736 995 et
756 972 828 994 tene-

39 1015 111 1047 bris;
137 1020 232 1042 auctor
242 1019 267 1042 et
279 1014 367 1049 opifex
386 1018 474 1041 noster
490 1014 518 1040 in
539 1013 667 1040 mundum
685 1021 762 1041 suum
782 1022 829 1040 nos

39 1061 202 1093 introduxit,
218 1061 387 1095 purpuratis,
404 1064 545 1095 antequam
561 1067 738 1091 nasceremur,
751 1059 828 1086 bene-

40 1107 121 1141 factis
137 1107 205 1134 suis.
219 1105 261 1134 Sit
278 1106 374 1141 aliquis
389 1105 486 1140 ﬁdelis,
498 1106 532 1132 sit
543 1109 634 1140 potens
644 1105 672 1132 in
679 1105 830 1132 enarranda

37 1152 192 1187 cognitione
211 1172 218 1179 .
239 1173 246 1179 .
269 1173 276 1179 .
298 1156 371 1178 tanto
382 1151 507 1178 humilior
517 1158 573 1178 esse
581 1149 666 1182 debet,
681 1158 732 1185 quo
743 1150 830 1185 major

38 1206 94 1225 esse
113 1198 218 1225 videtur
232 1197 306 1233 (ﬂ);
320 1197 383 1233 quia
392 1217 400 1229 ,
416 1201 445 1224 ut
460 1197 514 1224 alio
527 1197 587 1224 loco
598 1196 665 1223 dicit
692 1195 748 1231 (45)
758 1216 766 1227 ,
779 1204 829 1230 quo

38 1244 140 1278 majori
164 1244 312 1279 cognitione
333 1243 406 1278 digni
426 1250 516 1270 sumus
537 1242 640 1274 habiti,
663 1250 693 1270 eo
713 1242 829 1276 periculo

38 1290 157 1324 graviori
169 1289 277 1317 obnoxii
288 1297 389 1317 sumus.

74 1336 117 1363 De
127 1336 271 1364 charitate.
282 1335 456 1363 Characteres
483 1335 633 1363 charitatis.
651 1350 686 1355 —
700 1334 778 1368 Quod
795 1335 830 1362 de

36 1381 178 1408 charitate
192 1380 272 1408 docet
287 1384 400 1409 sanctus
411 1380 548 1413 Pontifex,
563 1385 590 1408 et
602 1381 636 1408 ad
649 1381 775 1415 pietatem
790 1380 830 1407 al-

35 1427 114 1457 licit,
129 1431 159 1454 et
175 1434 286 1454 omnem
306 1430 428 1454 nostram
445 1430 617 1462 promeretur
639 1426 827 1454 attentionem.

38 1473 146 1501 Divina:
165 1473 250 1508 hujus
260 1473 372 1500 virtutis
389 1473 562 1501 characteres
574 1477 640 1500 sunt
654 1477 803 1508 sequentes
820 1483 827 1502 :

35 1519 171 1546 Charitas
185 1527 233 1546 nos
246 1518 300 1546 Deo
313 1518 473 1554 agglutinat,
497 1528 507 1545 ι
525 1519 643 1546 charitas
663 1519 745 1553 operit
759 1520 829 1546 mul-

879 277 1007 306 Dicamus
1022 279 1102 305 etiam
1114 298 1122 310 ,
1147 286 1243 306 omnes
1259 279 1400 307 ministros
1421 279 1527 306 Domini
1546 279 1663 314 idipsutn

878 324 906 350 in
921 323 1018 350 iisdem
1031 324 1248 352 circumstantiis
1264 332 1394 361 peragere
1405 326 1522 359 debere;
1539 326 1664 354 ﬁdelibus

877 369 949 395 enim
965 369 1085 404 praebere
1095 374 1224 397 tenentur
1236 371 1359 406 exempla
1373 371 1527 403 charitatis,
1545 380 1606 405 qua:
1615 380 1665 408 pu-

878 415 989 442 rissima
1005 416 1051 447 sit,
1067 419 1094 443 et
1106 417 1250 444 commoda
1268 424 1323 444 non
1338 422 1452 453 quaerat.
1473 417 1514 445 Ne
1528 424 1666 446 vereantur

878 462 959 496 igitur
973 461 1000 487 id
1013 461 1114 496 agendo
1128 463 1279 490 necessaria
1295 464 1417 490 amittere
1432 471 1441 489 :
1461 464 1513 496 Qui
1532 464 1602 491 enim
1617 464 1665 491 hoc

880 507 1006 539 fecerit...
1024 508 1175 542 peroptime
1188 508 1226 536 ait
1237 513 1350 537 sanctus
1362 509 1486 538 Pontifex
1495 510 1563 546 (48),
1579 511 1666 538 omnis

879 553 951 581 locus
961 562 1020 581 eum
1034 555 1156 589 suscipiet
1171 562 1181 582 :
1196 555 1303 583 Domini
1315 556 1384 583 enim
1399 562 1438 583 est
1449 562 1530 589 terra,
1543 562 1568 584 et
1579 558 1666 592 pleni-

879 601 942 627 tudo
952 601 1019 634 ejus.

916 646 950 674 Ut
961 647 1089 675 ostendat
1102 652 1215 675 sanctus
1227 648 1369 682 Clemens,
1393 649 1565 685 impossibile
1581 651 1668 678 haud-

879 699 1016 726 quaquam
1031 699 1105 725 esse,
1121 693 1193 727 quod
1208 693 1337 728 superius
1351 694 1456 726 docuit,
1467 695 1591 729 exempla
1604 703 1667 730 νιος

880 737 932 765 fert
949 737 1083 771 gentium,
1099 745 1132 766 ac
1152 743 1257 771 itarrat,
1273 739 1375 767 multos
1388 747 1466 775 reges
1479 747 1511 767 ac
1528 741 1667 776 principes

879 782 1019 811 exstitisse
1029 791 1062 811 ex
1084 784 1226 817 gentibus.
1243 785 1290 820 qui
1305 793 1335 813 se
1352 786 1428 820 ipsos
1449 787 1530 813 morti
1546 786 1667 814 tradide-

880 831 962 860 runt,
978 833 1008 856 ut
1028 828 1102 856 cives
1116 836 1167 856 suo
1181 830 1316 865 sanguine
1338 830 1498 858 liberarent.
1520 831 1564 858 Ait
1590 831 1668 858 insu-

880 881 928 908 per
944 874 1001 910 (49)
1016 884 1022 901 :
1037 874 1138 902 Multos
1153 875 1222 903 inter
1239 884 1285 903 nos
1299 876 1466 911 cognovimus
1476 896 1484 909 ,
1506 877 1551 912 qui
1566 877 1667 911 seipsos

879 921 909 947 in
925 920 1029 948 vincula
1039 920 1222 956 conjecerunt,
1239 927 1268 949 ut
1281 923 1348 949 alios
1361 922 1528 951 redimerem.
1544 921 1625 949 Multi
1639 931 1668 950 se

880 967 949 1001 ipsos
962 967 989 994 in
1000 967 1151 994 servitutem
1165 967 1293 995 dederunt
1306 988 1314 1000 ,
1337 973 1362 995 et
1383 973 1489 1003 accepto
1502 969 1585 1003 pretio
1605 971 1666 1001 sui,

880 1012 948 1039 alios
957 1012 1088 1041 cibarunt.
1098 1012 1211 1048 Egregia
1225 1012 1282 1040 hmo
1293 1013 1419 1048 perlecta:
1429 1014 1571 1042 charitatis
1579 1023 1668 1042 exem-

880 1058 923 1092 pla
938 1066 993 1093 prae
1003 1058 1091 1086 oculis
1106 1057 1224 1085 habeant
1237 1057 1367 1086 Ecclesiae
1379 1059 1510 1092 ministri,
1522 1067 1554 1088 ac
1566 1065 1668 1089 attente

879 1103 1061 1132 considerent.

915 1149 954 1177 De
964 1150 1146 1178 cemulatione.
1168 1149 1286 1184 Eﬂectus
1302 1150 1491 1178 temulationis.
1507 1167 1542 1172 —
1557 1151 1668 1180 Tertius

880 1196 1012 1224 articulus
1030 1195 1121 1231 quoad
1139 1203 1248 1228 mores,
1262 1203 1344 1230 quem
1366 1196 1394 1224 in
1417 1202 1514 1225 sancto
1527 1197 1669 1226 Clemente

880 1242 1009 1269 observat
1026 1242 1062 1270 cl.
1076 1241 1213 1270 Marecbal
1225 1241 1258 1270 0.
1271 1242 1299 1270 S.
1313 1242 1356 1275 8.,
1369 1246 1411 1270 est
1426 1243 1501 1270 circa
1515 1243 1645 1271 invidiam
1659 1264 1668 1277 ,

881 1293 929 1314 seu
945 1286 1157 1315 temulationem.
1184 1286 1359 1316 Demonstrat
1381 1287 1552 1320 Corinthiis.
1575 1290 1667 1324 quod,

881 1336 1027 1368 postquam
1045 1333 1110 1361 huic
1122 1334 1244 1368 passioni
1262 1342 1292 1362 se
1307 1338 1364 1362 toto
1384 1335 1477 1362 animo
1486 1335 1649 1363 dediderunt
1660 1357 1668 1367 ,

880 1378 976 1413 procul
998 1378 1070 1406 absit
1081 1378 1190 1414 justitia
1202 1382 1229 1407 et
1246 1387 1299 1414 pax
1318 1388 1326 1407 :
1343 1378 1527 1415 Unusquisque
1548 1381 1669 1407 timorem

880 1424 930 1452 Dei
941 1425 1049 1458 deserit,
1065 1430 1090 1452 et
1102 1425 1130 1452 in
1144 1425 1197 1460 fide
1211 1426 1284 1453 illius
1298 1427 1424 1460 ctecutit,
1442 1435 1488 1454 nec
1500 1427 1528 1454 in
1539 1427 1669 1454 institutis

879 1476 1069 1507 praeceptorum
1079 1472 1138 1508 ejus
1149 1472 1284 1506 ambulat,
1297 1481 1343 1500 nec
1359 1472 1466 1501 Christo
1475 1473 1595 1501 decenter
1607 1467 1671 1500 con?

879 1523 1015 1551 versatur;
1029 1519 1075 1546 sed
1089 1520 1266 1554 unusquisque
1280 1519 1422 1547 secundum
1431 1527 1528 1554 pravas
1539 1520 1670 1555 cupidita—

37 1564 185 1592 titudinem
199 1570 365 1599 peccatorum
377 1565 398 1580 ³¹
411 1565 548 1592 :charitas
559 1566 648 1592 omnia
662 1565 758 1592 tolerat
770 1565 804 1597 ",
817 1575 827 1592 ν
843 1574 864 1604 c
882 1569 919 1592 tes
939 1573 1003 1592 suas
1031 1566 1140 1593 incedit.
1170 1564 1274 1593 Deinde
1303 1566 1435 1593 nonnulla
1461 1574 1495 1594 ex
1518 1565 1670 1602 Scripturis

36 1612 130 1638 omnia
144 1619 221 1646 sequo
234 1611 285 1646 fert
296 1611 383 1638 animo
395 1619 404 1642 ,'
417 1612 444 1638 in
456 1611 585 1639 charitats
594 1611 660 1639 nihil
681 1611 829 1645 sordidum,

39 1656 110 1684 nihil
122 1656 267 1690 superbum
277 1676 285 1688 ,
306 1656 423 1684 videlicet
440 1656 644 1684 moderationem
666 1657 693 1683 in
708 1657 829 1684 omnibus

36 1707 139 1734 sensu,
155 1702 275 1729 charitas
290 1702 405 1729 schisma
420 1711 472 1730 non
487 1702 579 1736 habet,
594 1703 714 1730 charitas
725 1703 831 1731 seditio-

35 1756 98 1775 nem
111 1756 168 1775 non
183 1747 308 1780 concitat,
322 1748 439 1775 charitas
454 1749 543 1775 omnia
553 1748 617 1783 facit
632 1749 659 1775 in
667 1749 808 1777 concordia
819 1757 830 1777 :

35 1796 64 1822 in
79 1795 216 1822 charitate
227 1803 316 1822 omnes
332 1794 380 1822 Dei
390 1795 465 1822 electi
481 1795 590 1830 perfecti
601 1800 673 1823 sunt.
691 1796 755 1824 Sine
767 1797 830 1824 clm-

35 1841 121 1868 ritate
133 1840 203 1868 nihil
217 1845 351 1875 acceptum
363 1845 403 1868 est
418 1840 472 1868 Deo
486 1840 554 1876 (46).

74 1886 270 1914 Pulcherrimo
285 1887 350 1914 huic
363 1887 509 1914 charitatis
522 1887 621 1923 elogio.
635 1888 760 1923 ejusdem
775 1890 830 1916 vir-

34 1932 109 1960 tutis
127 1932 286 1968 exemplum
308 1932 384 1960 addit
407 1936 519 1961 sanctus
541 1932 686 1967 Pontifex,
709 1935 830 1970 illudque

32 1978 276 2007 considerandum
294 1979 421 2014 proponit
436 1979 464 2006 in
482 1979 592 2016 Moyse,
615 1981 663 2016 qui
686 1982 750 2010 olim
765 1991 830 2011 suas

35 2025 72 2052 ad
92 2024 184 2051 Deum
202 2022 272 2050 fudit
284 2031 398 2059 preces,
417 2027 448 2052 ut
462 2031 508 2052 aut
523 2025 674 2054 dimitteret
687 2032 829 2063 peccatum

35 2070 135 2106 populi
152 2069 212 2102 sui,
225 2073 273 2096 aut
292 2069 394 2097 deleret
410 2077 472 2098 eum
491 2070 525 2098 de
545 2071 616 2100 libro
631 2073 780 2101 viventium
796 2075 828 2103 ".

36 2116 108 2149 Quis
129 2123 193 2150 ergo
213 2115 281 2141 inter
301 2123 346 2142 vos
367 2116 529 2150 generosus?
556 2117 696 2145 concludit
717 2123 830 2148 sanctus

33 2162 172 2189 Clemens
185 2160 253 2196 (Π),
260 2162 318 2196 quis
330 2161 501 2189 misericors?
511 2163 569 2197 quis
578 2163 707 2191 charitate
716 2165 808 2200 plenus
817 2168 830 2194 Ρ

32 2207 113 2234 dicat
129 2214 141 2232 .'
159 2206 190 2233 Si
206 2212 312 2242 propter
330 2215 370 2234 me
383 2207 478 2235 seditio
495 2213 555 2235 orta
567 2214 658 2242 est,et
678 2210 826 2244 discordia,

881 1612 1003 1647 exempla
1018 1611 1111 1643 aﬂert,
1126 1611 1226 1647 quibus
1238 1619 1346 1639 morum
1359 1611 1580 1647 depravationem
1594 1613 1670 1640 omni

881 1662 1005 1693 tempore
1020 1658 1047 1685 in
1063 1657 1221 1686 hominibus
1229 1658 1370 1686 inductam
1382 1658 1505 1686 ostendit
1519 1666 1553 1686 ex
1569 1658 1621 1686 hoc
1633 1659 1671 1686 vi-

881 1705 920 1732 tio
934 1715 940 1732 :
957 1705 1034 1738 Quod
1044 1709 1150 1739 propter
1161 1705 1368 1737 temulatt'onem,
1385 1705 1423 1732 ait
1439 1705 1483 1732 hic
1494 1708 1606 1732 sanctus
1617 1704 1670 1732 Pa-

881 1756 922 1778 ter
937 1750 1006 1786 (50),
1019 1750 1227 1785 fratricidium”
1237 1751 1406 1778 commissum
1414 1751 1449 1778 sit
1461 1756 1569 1786 propter
1583 1759 1669 1778 temu-

881 1796 1006 1822 lationem
1015 1794 1097 1822 Pater
1107 1801 1195 1823 noster
1204 1795 1288 1823 Iacob
1310 1804 1326 1822 a
1345 1795 1413 1829 facie
1424 1795 1518 1830 fratris
1534 1795 1606 1822 Esau
1619 1804 1668 1822 att-—

883 1842 950 1877 fugit
959 1842 994 1873 ",'
1007 1841 1143 1870 (emutatio
1156 1842 1252 1876 effecit.
1267 1847 1296 1869 ut
1306 1841 1405 1876 Ioseph
1419 1843 1454 1870 ad
1465 1847 1575 1870 mortem
1588 1851 1670 1878 usque

879 1889 1085 1922 persecutionem
1095 1889 1235 1916 sustineret
1251 1889 1273 1904 ³⁸
1284 1893 1308 1916 et
1326 1888 1353 1915 in
1369 1889 1520 1916 seruitutem
1534 1889 1671 1916 addicere-

883 1941 935 1963 tur.
962 1934 1114 1962 zEmulatio
1141 1934 1258 1970 Moysem
1283 1943 1300 1961 a
1328 1935 1396 1969 facie
1421 1934 1570 1962 Pharaonis
1599 1936 1669 1970 regis

886 1980 997 2016 Egypti
1012 1980 1100 2016 fugere
1115 1980 1240 2015 compulit
1274 1988 1333 2008 cum
1367 1981 1520 2016 popularem
1534 1989 1611 2009 suum
1624 1982 1670 2008 di-

881 2032 981 2054 centem
991 2027 1096 2054 audiret
1108 2034 1117 2053 :
1134 2027 1199 2060 Quis
1217 2032 1242 2054 te
1256 2027 1394 2054 constituit
1408 2027 1551 2062 principem
1562 2027 1670 2062 etjudi~

881 2082 936 2101 cem
949 2081 1027 2108 super
1037 2074 1104 2101 nos?
1116 2073 1233 2108 nunquid
1249 2077 1277 2099 tu
1287 2073 1325 2100 vis
1343 2081 1384 2100 me
1397 2074 1528 2106 occidere,
1543 2073 1670 2108 quemad-

885 2117 993 2144 modum
1007 2117 1127 2144 occidisti
1138 2115 1359 2151 neri/Egyptium
1369 2116 1413 2143 "‘l
1428 2115 1541 2150 Propter
1558 2114 1669 2142 aemula-

884 2163 980 2190 tionem
990 2163 1080 2190 Aaron
1091 2166 1116 2189 et
1134 2161 1223 2189 Maria
1237 2162 1257 2177 ³⁸
1267 2167 1343 2189 extra
1354 2167 1443 2189 castra
1452 2161 1580 2197 segregati
1593 2161 1670 2187 habi-

881 2211 985 2234 tarunt.
1002 2205 1154 2233 Emulatio
1164 2206 1272 2234 Dathan
1287 2211 1312 2234 et
1329 2207 1430 2234 Abiron
1445 2207 1468 2222 "
1486 2207 1556 2234 vivos
1575 2207 1610 2234 ad
1628 2205 1681 2234 in-l

32 2258 60 2279 et
87 2251 249 2284 schismata,
264 2251 379 2285 discedo,
400 2253 464 2280 abeo
500 2262 652 2289 quocunque
673 2255 829 2290 volueritis;
845 2247 868 2275 Ῑ)
882 2253 952 2288 feros
967 2254 1091 2285 detrusit,
1103 2252 1172 2288 quod
1186 2261 1246 2280 cum
1261 2252 1353 2288 Moyse
1364 2252 1413 2280 Dei
1429 2253 1531 2288 famulo
1543 2252 1672 2280 seditione

33 2302 61 2323 et
81 2297 158 2331 facio
182 2305 242 2332 qua
252 2305 268 2324 a
279 2296 351 2331 plebe
362 2297 543 2331 mandantur;
556 2299 643 2326 solum
653 2301 719 2329 ovile
731 2302 832 2331 Christi

35 2345 65 2370 in
77 2351 148 2378 pace
160 2343 249 2378 degat,
264 2351 324 2370 cum
335 2345 486 2372 constitutis
499 2345 670 2381 presbyteris.
685 2347 748 2376 Haec
764 2357 830 2378 sane

33 2394 80 2416 est
95 2388 224 2424 perlecta
237 2389 375 2423 charitas,
389 2397 451 2425 quae
476 2391 552 2419 nullo
569 2392 683 2427 privatae
704 2394 831 2424 utilitatis

31 2435 138 2463 studio
162 2435 290 2470 ducitur;
305 2435 420 2471 ejusque
438 2435 551 2464 ductum
565 2439 652 2466 secuti
676 2444 741 2467 sunt
761 2448 831 2468 non-

33 2481 110 2509 nulli
143 2480 233 2508 sancti
259 2481 401 2517 episcopi,
426 2482 538 2517 quando
562 2483 768 2518 dissensiones,
798 2494 830 2514 ac

880 2302 1075 2332 contenderent.
1105 2299 1144 2328 0b
1165 2300 1362 2328 amulationem
1384 2300 1471 2328 David
1494 2309 1546 2328 non
1567 2305 1670 2335 tantum

880 2350 1033 2386 alienigenis
1048 2349 1160 2380 inuisus,
1176 2347 1222 2375 sed
1238 2348 1319 2375 etiam
1337 2356 1353 2374 a
1370 2347 1439 2376 Saul
1460 2356 1518 2383 rege
1543 2348 1631 2376 Israel
1646 2349 1669 2366 ⁸⁸

880 2398 932 2432 fuit
954 2401 1073 2424 vexatus.
1101 2394 1153 2421 Sed
1177 2399 1205 2421 ut
1226 2399 1314 2422 vetera
1336 2393 1456 2428 exempla
1474 2394 1668 2429 relinquamus,

880 2442 1057 2479 prosequitur
1065 2444 1178 2469 sanctus
1185 2439 1310 2468 Pontifex
1318 2439 1386 2475 (si),
1394 2440 1528 2467 veniamus
1536 2441 1570 2468 ad
1576 2442 1668 2475 proxi-

874 2498 939 2517 mas
956 2488 1080 2520 athletas,
1092 2492 1117 2514 et
1132 2487 1223 2515 stecult'
1238 2487 1323 2514 nostri
1336 2494 1462 2522 generosa
1474 2487 1593 2521 exempla
1607 2496 1669 2522 pro-

73 2583 99 2622 ξ
113 2581 175 2610 Jac.
190 2590 217 2615 v,
236 2581 282 2616 20;
294 2581 387 2622 l_l_’e_t_r.
406 2590 445 2622 I_v,
457 2583 483 2611 8.
511 2583 546 2622 _'_'
560 2583 647 2622 ligor.
658 2592 718 2618 χιιι,
734 2586 776 2613 4:
801 2587 824 2604 ⁸³
839 2587 925 2616 Exod.
947 2595 1039 2620 xxxn,
1051 2587 1096 2615 32.
1136 2586 1159 2602 “
1170 2585 1240 2614 Gen.
1252 2585 1358 2617 lv.3-8.
1396 2586 1420 2603 ³³
1434 2585 1503 2615 Gen.
1519 2595 1606 2622 xxvu,
1621 2589 1667 2617 ιι.

32 2619 60 2635 ⁸⁸
73 2618 150 2646 Gen.
165 2625 275 2646 xxxvn.
311 2618 334 2633 "
350 2617 437 2646 Exod.
461 2626 493 2652 tt,
507 2619 552 2648 lt.
590 2619 613 2636 ³⁸
624 2617 775 2658 Νιιωζιιι,
795 2624 821 2651 4.

73 2729 136 2771 an
154 2729 213 2771 ἐμ.
224 2729 251 2761 ιν
266 2730 388 2771 περ-,ξο-

72 2764 124 2801 (ss
154 2764 371 2800 lbid.,cop.58.

72 2766 136 2836 (ibi
153 2799 236 2836 tm.
251 2807 305 2836 cap
329 2801 371 2836 48-

71 2800 134 2837 (ιι)
153 2800 236 2832 lbid.,
251 2807 305 2836 cap
329 2801 374 2828 48.

72 2835 134 2870 (85)
155 2835 308 2870 lbid.,cap.
320 2835 365 2863 Μ.

85 2839 134 2870 65)
155 2839 308 2870 lbid.,cap.
320 2839 365 2863 Μ.

72 2839 135 2908 ἕω)
150 2870 232 2904 lbid.,
248 2878 311 2906 cap.
325 2871 370 2899 l9.

872 2623 896 2639 ”
910 2622 993 2650 Num.
1007 2629 1062 2655 xvl,
1072 2623 1117 2651 53.

1155 2625 1177 2639 δυ
1195 2623 1281 2660 lites.
1297 2632 1376 2658 xvm,
1388 2627 1416 2653 ὅ.

918 2731 975 2766 (47)
991 2729 1127 2766 Epistui,
1139 2735 1200 2764 cap.
1213 2728 1259 2756 5b.

919 2763 974 2802 (ts)
989 2763 1043 2802 toi,
1057 2763 1122 2792 ibid.

916 2798 975 2833 U9)
990 2800 1069 2831 lbid.,
1080 2807 1142 2834 cap.
1158 2798 1203 2826 55.

918 2837 974 2871 (50)
993 2836 1073 2867 lbi.l.,
1088 2842 1149 2871 cap.
1165 2834 1193 2871 ι.

920 2870 976 2907 (51)
993 2870 1078 2906 Epist.
1092 2870 1118 2901 l,
1131 2877 1156 2896 c.
1170 2870 1196 2896 5.
