1875 3101
226 153 279 182 I75

780 152 826 180 AD
847 152 878 184 S.
897 152 1111 182 CLEMENTEM
1131 154 1142 181 ι
1160 154 1278 183 PAPAM
1795 161 1831 190 lli

222 218 362 247 ponamus.
379 208 491 244 Propter
502 209 698 236 temulationem
711 213 735 236 et
750 209 889 242 invidiam,
902 211 946 245 qui
964 210 1014 237 Ec.
1029 214 1052 242 Α
1067 212 1193 246 thalium,
1210 213 1311 249 quibus
1328 221 1388 241 eam
1412 215 1630 243 maculavimusi
1652 215 1721 249 Nos,
1743 218 1788 245 nisi
1798 219 1831 247 ls-

222 257 311 285 clesiw
320 260 396 284 erant
411 255 502 291 ﬁdeles
517 260 543 283 et
554 255 714 290 justissimw
733 255 863 283 columna:
873 277 880 287 ,
894 258 929 283 ad
943 264 1014 283 mor-

223 309 274 331 tem
289 310 370 338 usque
384 302 506 330 acerbam
516 302 722 336 persecutionem
741 302 816 337 passi
835 307 907 330 sunt.
924 301 1014 329 Pona-

221 357 282 376 mus
302 347 377 375 nobis
401 351 461 374 ante
485 347 575 374 oculos
603 351 708 374 sanctos
731 347 877 382 apostolos.
900 347 1014 382 Propter

223 394 418 423 cmulationem
430 394 549 429 iniquam
560 393 656 420 Petrus
670 401 722 420 non
737 402 820 421 unum
831 399 877 421 aut
888 394 1011 427 alterum,

222 441 267 468 sed
282 440 369 475 plures
382 439 484 467 labores
495 439 615 470 sustulit,
631 442 709 474 atque
724 439 763 465 ita
775 439 935 474 martyrium
949 447 1012 474 pas-

219 495 267 514 sus
280 488 308 514 in
320 486 438 514 debitum
448 485 542 521 gloria
556 485 642 512 locum
659 485 788 512 ascendit.
805 484 917 519 Propter
932 493 1012 512 temu-

220 533 345 560 lationem
367 531 473 559 Paulus
494 532 628 566 patientiae
651 531 789 565 praemium
808 531 936 562 obtinuit,
950 540 1010 558 cum

218 585 326 607 catenas
340 579 434 613 septies
445 581 589 613 portasset,
605 579 767 611 vapulasset,
778 577 914 611 lapidatus
928 582 1010 605 esset:

218 633 306 660 prato
321 624 408 659 factus
420 623 449 650 in
460 622 566 650 Oriente
588 643 595 650 .
619 643 626 650 .
648 643 655 650 .
678 626 760 649 totum
777 622 903 649 mundum
914 623 1010 651 docens

213 671 362 706 justitiam,
381 674 406 697 et
421 669 456 696 ad
474 669 622 697 Occidentis
639 670 780 695 terminum
794 669 907 700 veniens,
921 674 945 696 et
961 669 1009 696 sub

214 717 379 754 principibus
394 717 554 752 martyrium
565 723 670 750 passus,
682 715 722 742 ita
737 723 751 742 e
762 715 858 742 mundo
873 716 1007 750 migravit,

215 769 294 800 atque
305 764 332 791 in
339 763 424 790 locum
431 767 552 790 sanctum
562 761 638 790 abiit.
645 761 780 796 patientia:
788 769 1007 797 magnuntezem-

212 811 276 847 plar
291 810 390 845 factus.
416 809 507 837 Locus
526 809 578 836 iste
600 811 705 835 attenta
727 807 948 836 consideratione
966 808 1008 835 di-

214 865 285 894 gnus
298 860 357 890 est;
368 856 456 891 primo
466 855 538 883 enim
547 861 719 890 expressum,
728 857 755 881 et
764 854 837 881 omni
848 855 1007 890 exceptione

213 891 304 938 majus
318 902 441 931 continet
453 901 641 929 testimonium
660 900 785 936 martyrii
799 900 915 928 duorum
929 901 1005 936 priu-
1020 891 1042 921 Β

211 949 304 985 cipum
318 948 515 984 apostolorum,
530 945 581 974 SS.
597 953 636 973 sc.
651 945 723 973 Petri
735 949 763 973 et
778 945 866 974 Pauli.
878 946 1005 974 Secundo

211 994 316 1027 tradit,
333 999 501 1030 postremum
518 992 592 1020 hunc
613 992 768 1026 apostolum
785 991 819 1019 ad
835 991 903 1020 ﬁnes
917 999 1005 1027 usque

210 1040 370 1069 Occidentis
383 1040 538 1075 migrasse;
554 1038 654 1074 quibus
668 1038 774 1069 verbis,
791 1042 821 1065 ut
832 1038 1006 1066 animadver-

208 1087 245 1114 tit
257 1086 342 1114 abbas
358 1085 468 1121 Fleury,
480 1088 508 1113 et
519 1088 581 1120 post
596 1091 658 1112 eum
672 1083 920 1112 reverendissimus
932 1084 1004 1112 Ceil-

211 1133 273 1166 lier,
285 1132 424 1168 designari
442 1135 536 1167 posset
549 1132 638 1158 sancti
659 1130 742 1165 hujus
764 1130 879 1165 apostoli
902 1130 954 1157 iter
975 1131 1003 1158 in

211 1179 382 1215 Hispaniam.
401 1178 438 1206 De
453 1178 506 1205 hoc
527 1180 618 1204 autem
638 1176 774 1212 judicium
795 1176 867 1211 apud
891 1176 1003 1204 critieos

207 1231 286 1256 esto:
307 1226 334 1253 id
351 1225 425 1253 enim
448 1224 616 1260 perpendere
643 1224 672 1251 in
692 1224 775 1251 ﬁnem
797 1223 878 1251 nobis
903 1224 957 1251 isto
974 1224 1002 1251 in

207 1280 292 1308 opere
308 1271 479 1308 propositum
496 1277 551 1297 non
566 1269 665 1297 tendit.

336 1317 350 1354 ᾗ
365 1316 398 1346 ll.
416 1316 455 1344 De
469 1316 559 1350 ofﬁciis
575 1314 798 1348 Christianorum,
822 1318 876 1344 etc.

246 1364 284 1392 De
308 1363 404 1391 stcculo
420 1362 544 1398 pru’senti
560 1366 585 1389 et
611 1361 712 1396 futuro.
733 1361 902 1396 Contemptus
924 1361 1001 1397 hujus

208 1410 312 1442 siccati,
328 1414 352 1437 et
367 1417 442 1436 amor
458 1409 554 1443 futuri.
570 1407 633 1435 Non
642 1416 780 1442 possumus
796 1407 934 1435 amborum
945 1416 1001 1435 esse

209 1457 299 1484 amici.
310 1471 346 1477 —
358 1456 398 1482 En
410 1455 502 1490 aliqua
519 1457 577 1482 loca
590 1455 617 1482 in
634 1454 754 1482 secunda
771 1454 884 1489 epistola
899 1454 932 1481 ad
945 1453 1000 1481 Co-

207 1503 337 1534 rinthios,
353 1509 414 1537 qua:
429 1501 463 1528 ad
479 1508 570 1528 mores
587 1500 735 1535 pertinent.
751 1499 854 1527 Auctor
866 1500 912 1528 hic
931 1500 999 1528 hor-

206 1553 282 1578 tatur
296 1547 465 1579 Corinthios,
490 1550 520 1574 ut
541 1550 652 1574 terrena
672 1547 764 1573 omnia
783 1546 946 1581 despiciant,
972 1550 1000 1574 et

207 1595 329 1623 ccelestia
337 1592 509 1622 solummodo
516 1592 712 1627 concupiscant
721 1600 728 1624 ;
737 1592 1000 1627 validissima,quam

206 1642 296 1672 all'crt,
309 1640 391 1671 ratio,
408 1643 437 1666 ut
449 1639 511 1666 illos
523 1638 557 1665 ad
569 1638 597 1665 id
611 1638 795 1673 peragendum
811 1641 929 1670 moveat,
938 1643 997 1666 est:

204 1688 269 1723 quia
284 1687 348 1713 dum
361 1686 411 1713 illa
429 1684 561 1720 possidere
575 1685 790 1718 concupiscimus
807 1684 929 1720 (terrena
944 1685 999 1712 sei-

205 1732 444 1769 licet),ea:cidimus
457 1740 474 1758 τι
492 1731 534 1758 via
548 1730 626 1765 justa
645 1730 717 1766 (52);
737 1730 800 1757 inde
816 1737 881 1758 vero
903 1729 996 1762 infert,

205 1779 280 1815 quod
295 1785 411 1813 prtesens
426 1776 553 1804 stPculnm
562 1780 588 1803 et
602 1775 722 1810 futurum
739 1779 801 1802 sunt
815 1774 868 1802 duo
880 1775 996 1808 inimici;

204 1824 268 1860 quia
282 1822 407 1850 swculum
431 1829 548 1856 praesens
566 1820 696 1856 pra-dicat
711 1820 883 1853 adulterium,
903 1829 997 1848 corru-

203 1870 312 1906 ptelam,
340 1869 481 1896 avaritiam
496 1872 522 1894 et
543 1867 685 1902 fraudem;
707 1866 827 1900 futurum
849 1875 914 1895 vero
935 1867 995 1894 istis

211 1915 357 1943 renuntiat.
378 1913 464 1942 Porro
480 1913 528 1941 hoc
546 1913 673 1941 swculum
690 1917 714 1940 et
728 1912 848 1948 futurum
866 1917 928 1940 sunt
941 1913 994 1940 duo

202 1961 338 1990 inimici...
353 1960 414 1988 Non
428 1968 488 1995 ergo
500 1967 651 1992 possumus,
667 1959 805 1986 concludit
816 1959 884 1994 ipse.
902 1959 994 1986 ambo-

202 2017 262 2035 rum
276 2007 356 2034 amici
376 2015 442 2034 esse.
462 2006 571 2040 Oportet
586 2010 686 2037 autem,
700 2009 731 2031 ut
745 2005 917 2032 oaledicentes
940 2006 991 2040 illi,

201 2054 250 2081 hoc
264 2059 373 2081 utamur
388 2052 455 2089 (55).
472 2051 583 2079 Veritas
607 2051 666 2078 haec
695 2051 763 2078 satis
791 2051 869 2078 ﬁrma
893 2056 935 2079 est
960 2060 992 2079 ac

201 2099 378 2136 gravissima;
404 2101 431 2126 et
457 2098 481 2126 si
503 2096 712 2132 probationibus
736 2096 881 2131 indigeret,
906 2105 991 2125 unum

201 2145 337 2173 sufﬁceret
365 2144 393 2171 in
414 2142 533 2171 medium
549 2141 646 2169 afferre
662 2140 812 2169 Salvatoris
829 2142 990 2170 oraculum:

202 2191 288 2219 Nemo
304 2194 389 2225 potest
402 2188 505 2216 duobus
519 2187 634 2215 dominis
648 2188 745 2215 servire
756 2187 789 2216 δι.
805 2187 900 2220 Quoad
915 2188 987 2216 futu-

1063 259 1162 293 ptisma
1186 267 1281 294 purum
1300 265 1325 287 et
1349 261 1552 288 immaculatum
1573 263 1777 298 seruat-erimus,
1795 275 1833 301 qua

1065 305 1225 339 confidentia
1236 306 1395 333 intrahimus
1408 307 1436 333 in
1449 308 1549 342 regiam
1562 307 1611 335 Dei
1641 309 1715 344 (54)?

1099 350 1122 377 Α
1138 351 1255 378 terribili
1285 351 1336 378 hac
1360 351 1484 386 veritate,
1512 360 1573 388 quae
1595 353 1738 382 evidenter
1759 358 1836 390 probi:

1063 395 1255 423 necessitatem
1284 397 1478 431 perseverandi
1507 397 1536 424 in
1558 397 1717 426 Christiana
1736 400 1834 435 justitia.

1062 445 1173 478 sumpta
1184 442 1331 470 occasione
1344 443 1472 471 stimulos
1486 444 1567 472 nobis
1581 444 1666 478 addit,
1676 449 1707 472 ut.
1717 450 1836 475 certamen

1062 488 1187 516 ineamus
1209 496 1271 516 cum
1293 489 1420 516 hostibus
1441 493 1544 517 nostrae
1568 491 1677 519 salutis.
1694 491 1754 519 Nos
1771 494 1836 528 igitur

1061 539 1202 566 certemus,
1219 534 1257 561 ait
1280 535 1326 563 ille
1340 535 1408 571 (55),
1424 539 1453 562 ut
1475 544 1565 563 omnes
1585 545 1713 565 coronam
1735 530 1835 574 reporte-

1060 589 1154 609 mus...
1169 586 1194 608 et
1210 582 1234 608 si
1248 590 1301 608 non
1322 590 1462 616 possumus
1485 590 1576 610 omnes
1597 585 1733 616 coronari.
1759 586 1835 614 saltem

1059 634 1139 661 prope
1149 634 1274 653 coronam
1287 627 1381 654 simus.
1393 627 1533 655 Postrema
1547 629 1604 656 haec
1611 629 1695 657 verba
1707 631 1836 659 maximam

1060 673 1157 701 afferre
1177 673 1277 700 debent
1298 674 1515 702 consolationem
1532 675 1565 702 iis
1580 675 1654 703 haud
1678 677 1748 704 satis
1767 677 1836 706 ﬁrmis

1059 719 1235 750 Christianis,
1248 719 1295 754 qui
1310 720 1458 754 perfectam
1473 725 1614 756 nequeunt
1629 722 1664 749 de
1682 723 1836 751 vehementi-

1059 765 1111 792 bus
1123 765 1300 800 passionibus
1314 766 1455 794 victoriam
1470 770 1622 802 reportare,
1638 767 1704 795 licet
1719 769 1836 796 omnico-

1058 815 1125 838 natu
1138 811 1165 838 in
1178 810 1204 837 id
1215 810 1339 839 tendant.

1095 857 1160 884 Post
1173 857 1240 884 hanc
1258 858 1340 884 vitam
1355 857 1459 885 nullum
1471 859 1630 893 paenitentia:
1645 863 1757 894 tempus.
1767 859 1836 887 ——L't

1056 907 1148 930 autem
1166 902 1304 930 efﬁcacius
1319 903 1352 930 ad
1367 903 1419 931 hoc
1437 908 1575 932 certamen
1593 911 1645 932 nos
1657 910 1775 936 m0veat.
1789 909 1835 932 tra-

1055 949 1106 981 dit,
1121 949 1194 984 quod
1209 949 1280 977 Deus
1295 949 1428 977 concedat
1437 950 1518 977 nobis
1532 950 1693 985 temporalis
1707 950 1790 985 hujus
1801 952 1835 978 vi-

1055 997 1089 1022 ta:
1104 998 1222 1030 tempus,
1249 997 1280 1021 ut
1299 995 1459 1029 paenitentia
1482 994 1627 1022 ducamur.
1649 994 1758 1030 Quippe
1779 1001 1836 1030 post-

1053 1048 1133 1076 quam
1147 1040 1269 1068 emundo
1280 1041 1420 1074 eripimus,
1437 1040 1475 1068 ait
1496 1041 1554 1076 ipse
1567 1040 1636 1076 (56),
1658 1049 1712 1068 non
1735 1042 1836 1076 amplius

1053 1094 1194 1122 possumus
1206 1086 1244 1114 ibi
1253 1087 1384 1122 conﬁteri,
1397 1090 1443 1113 aut
1457 1087 1638 1122 panitentiam
1653 1086 1747 1114 adhuc
1761 1096 1834 1122 agere.

1054 1130 1119 1158 Vult
1132 1139 1209 1167 ergo,
1226 1135 1256 1158 ut
1274 1130 1396 1166 quandiu
1409 1131 1435 1158 id
1449 1131 1529 1158 nobis
1540 1130 1613 1158 Deus
1627 1131 1768 1164 tribuerit,
1782 1133 1836 1160 totis

1053 1176 1159 1204 viribus
1187 1184 1319 1205 conemur
1337 1176 1426 1204 nostri
1451 1177 1579 1212 baptismi
1601 1177 1766 1205 munditiem
1787 1186 1836 1205 ser-

1052 1229 1132 1256 vare,
1157 1227 1205 1250 aut
1234 1223 1357 1251 maculas
1384 1230 1432 1258 per
1459 1227 1573 1259 peccata
1598 1223 1732 1252 inductas
1757 1225 1836 1252 deter-

1051 1275 1125 1305 gere.

1075 1313 1309 1343 'Christianorum
1338 1314 1426 1343 ofﬁcia
1455 1318 1568 1343 sanctus
1592 1313 1723 1342 Pontifex
1753 1315 1837 1351 paucis

1051 1362 1212 1397 complexus
1225 1365 1267 1390 est
1279 1361 1383 1393 omnia,
1393 1361 1458 1388 dum
1471 1361 1509 1388 ait
1522 1360 1742 1397 Corinthiosque
1756 1362 1835 1389 adlim-

1050 1412 1098 1436 net
1114 1408 1183 1444 (57),
1193 1412 1223 1434 ut
1243 1407 1388 1434 Dominum
1416 1406 1508 1434 Iesum
1528 1406 1663 1435 Christum
1678 1414 1835 1440 venerentur,

1050 1456 1205 1490 propositos
1230 1460 1407 1486 reoereantur,
1433 1454 1548 1481 seniores
1569 1453 1710 1487 honorent,
1737 1455 1835 1490 juvenes

1053 1500 1167 1528 doceant
1182 1500 1354 1535 disciplinam
1368 1500 1471 1527 timoris
1486 1499 1534 1527 Dei
1547 1506 1555 1529 :
1569 1507 1665 1527 uxores
1681 1509 1749 1527 suas
1763 1501 1796 1527 ad
1813 1499 1835 1526 id

1014 1565 1035 1596 ϐ
1051 1546 1120 1582 quod
1135 1545 1232 1573 bonum
1250 1550 1290 1572 est
1302 1545 1448 1578 inducant;
1463 1544 1589 1572 amabiles
1603 1546 1743 1573 castitatis
1761 1554 1836 1573 mores

1051 1591 1203 1624 ostendant,
1219 1591 1364 1626 simplicem
1378 1599 1408 1618 ac
1418 1591 1548 1618 sinceram
1559 1591 1775 1619 mansuetudinis
1789 1599 1836 1618 sua

1050 1637 1210 1665 uoluntatem
1233 1637 1421 1668 demonstrent,
1446 1636 1653 1664 moderationem
1672 1637 1775 1674 lingua:
1789 1646 1838 1664 sua

1050 1685 1155 1712 silentio
1172 1684 1342 1718 manifestam
1360 1684 1478 1718 faciant;
1501 1683 1657 1711 charitatem
1678 1692 1762 1712 suam
1792 1693 1837 1711 nos

1049 1731 1191 1758 secundum
1215 1730 1298 1757 animi
1319 1730 1515 1764 propensiones,
1538 1729 1584 1756 sed
1609 1730 1736 1758 omnibus
1759 1730 1836 1757 Deum

1048 1782 1139 1804 sancte
1160 1775 1311 1804 timentibus
1329 1775 1457 1811 aqualem
1477 1775 1622 1809 praebeant.
1640 1775 1733 1804 Liberi
1759 1777 1837 1804 nostri

1046 1824 1196 1859 disciplina:
1219 1822 1320 1851 Christi
1335 1823 1475 1857 participes
1497 1823 1566 1856 sint,
1581 1822 1688 1850 discant
1715 1824 1783 1858 quid
1795 1825 1838 1850 hs-

1046 1870 1148 1897 militas
1162 1869 1232 1904 apud
1248 1869 1331 1896 Deum
1347 1868 1444 1899 valeat.
1461 1867 1524 1904 quid
1536 1873 1613 1895 casta
1632 1869 1758 1897 Charitas
1773 1870 1836 1905 apud

1045 1917 1130 1945 Deum
1140 1917 1233 1952 possit,
1247 1916 1376 1952 quomodo
1394 1915 1474 1942 timor
1482 1916 1539 1950 ejus
1553 1915 1686 1951 (Domini)
1700 1916 1791 1945 bonus
1804 1923 1838 1944 est

1045 1972 1076 1991 ac
1095 1971 1207 1998 magnus
1219 1967 1243 1990 et
1254 1970 1360 1989 smnus
1380 1969 1468 1988 omnes
1491 1962 1536 1997 qui
1548 1962 1576 1989 in
1587 1961 1644 1996 ipso
1655 1968 1801 1990 versantur
1814 1964 1838 1990 is

1042 2019 1111 2046 pm
1124 2014 1217 2037 mem’
1308 2041 1506 2070 ARTICULUS
1521 2041 1566 2071 ιιι.

1113 2100 1146 2119 ΒΕ
1160 2098 1277 2119 ειιιιλτιε
1288 2097 1368 2118 νειιδ
1381 2097 1431 2117 νει.
1446 2097 1539 2117 FALSIS
1554 2097 1579 2118 S.
1595 2098 1772 2121 CLEIENTIS.

1078 2138 1149 2172 Quid
1173 2137 1284 2164 Photius
1306 2136 1334 2162 in
1350 2135 1409 2162 divo
1432 2134 1566 2162 Clemente
1591 2136 1790 2171 reprehendat.
1808 2152 1839 2157 ——

1042 2184 1106 2212 Tria
1122 2184 1149 2211 in
1170 2183 1254 2219 priori
1276 2182 1310 2210 ad
1327 2181 1486 2209 Corinthios
1500 2181 1616 2217 epistola
1631 2181 1757 2211 Photius
1786 2183 1840 2219 (58)

200 2244 262 2265 rum
276 2235 405 2264 saeculum
422 2238 518 2261 auctor
531 2233 584 2261 iste
601 2232 684 2260 tradit
697 2233 735 2264 id,
751 2240 806 2268 quo
826 2232 989 2261 deberemus
1005 2240 1026 2268 ο
1041 2229 1225 2267 reprehendit.
1248 2228 1382 2260 Primum,
1408 2227 1482 2263 quod
1502 2232 1599 2255 auctor
1622 2229 1751 2258 mundos
1773 2230 1839 2257 alios

199 2281 437 2310 vehementissime
448 2279 632 2311 commoveri,
657 2279 772 2312 scilicet,
793 2279 866 2314 quod
882 2288 934 2306 non
947 2280 989 2306 in-

200 2328 328 2355 trabimus
345 2327 372 2354 in
382 2334 488 2362 regnum
499 2325 560 2358 Dei,
574 2325 627 2352 nisi
641 2333 735 2359 purum
749 2329 773 2351 et
788 2325 988 2352 immaculatum

198 2374 387 2403 curaverimus
411 2377 530 2400 nostrum
550 2371 699 2404 baptisma,
722 2371 775 2398 hoc
795 2371 914 2403 est,nisi
935 2379 988 2399 no-

199 2423 284 2448 stram
302 2418 430 2454 baptismi
448 2417 633 2445 innocentiam
645 2416 857 2448 servaverimus,
873 2420 921 2443 aut
934 2415 987 2443 nisi

198 2470 247 2501 per
265 2463 454 2500 paenitentiam
477 2462 713 2498 impetraverimus
736 2461 928 2489 remissionem
949 2462 989 2490 le-

234 2533 257 2550 “
274 2531 372 2560 Matth.
383 2538 422 2563 vt,
440 2530 487 2558 24.

233 2599 290 2635 (52)
304 2598 392 2635 Epist.
409 2597 438 2630 2,
445 2603 507 2632 cap.
515 2596 542 2623 5.

245 2633 289 2668 55)
306 2633 385 2668 lbid.,
406 2641 467 2668 cap.
484 2635 511 2659 ti.

245 2667 290 2698 5i)
306 2667 373 2696 Ibid.

245 2702 291 2740 5;»)
306 2705 386 2734 lbtd..
398 2702 502 2740 cap._7.

235 2734 290 2777 (56)
308 2741 336 2768 ὃ.
353 2734 441 2777 Clem:
459 2737 551 2777 Ιξυξιι..
565 2744 607 2777 _ep.
621 2736 638 2763 2
654 2736 687 2764 ad
700 2735 837 2777 Corinth.
854 2742 934 2775 num.
956 2734 983 2762 8.

196 2770 266 2804 llius
277 2770 448 2812 praevertitur
462 2770 589 2812 Origenis
601 2780 688 2803 error,
700 2771 815 2812 ejusque
827 2770 984 2812 sequacium

197 2806 388 2839 model-norum
418 2806 588 2837 the-istarum,
598 2815 663 2842 quo,
679 2810 708 2833 ut
724 2807 843 2841 loquitur
854 2806 983 2833 Iustinia-

197 2855 260 2879 nus,
277 2846 345 2874 tom.
364 2844 381 2872 ν
405 2844 505 2872 Concil.
521 2841 678 2879 (Labfiiliti,
694 2844 815 2879 omnium
834 2843 979 2879 impiorum

197 2876 335 2911 hominum
342 2887 366 2909 ct
375 2884 505 2916 praue-rea
511 2878 662 2906 dientouum
669 2884 777 2914 pmuam
785 2878 864 2904 tinent
872 2876 980 2903 habitu-

1041 2277 1113 2304 ultra
1139 2282 1273 2304 oceanum
1296 2281 1358 2302 esse
1381 2274 1538 2301 existimare
1562 2273 1701 2302 videatur.
1736 2274 1841 2304 Deinde

1040 2321 1112 2357 quod
1128 2320 1162 2346 ad
1173 2326 1317 2354 corporum
1325 2319 1553 2346 resurrectionem
1569 2319 1748 2354 probandam
1764 2321 1840 2356 plne-

1040 2367 1111 2395 nicis
1127 2365 1331 2400 comparatione
1355 2368 1458 2396 utatur,
1483 2367 1563 2400 quasi
1587 2365 1646 2393 avis
1667 2366 1721 2394 illa
1745 2374 1841 2395 revera

1040 2414 1179 2444 existeret,
1201 2415 1230 2439 et
1243 2419 1286 2442 ea,
1299 2418 1360 2446 quae
1374 2410 1409 2438 de
1423 2411 1469 2438 illa
1488 2411 1623 2445 feruntur,
1635 2420 1706 2440 vera
1723 2414 1841 2441 omnino

1042 2459 1141 2486 forent.
1156 2457 1309 2490 Postremo,
1331 2455 1417 2492 quod,
1431 2456 1477 2484 ubi
1491 2456 1525 2484 de
1541 2456 1607 2485 Jesu
1628 2457 1754 2487 Christo
1775 2460 1839 2495 agit,

1035 2601 1092 2620 ram
1119 2600 1190 2624 esse,
1216 2593 1429 2627 restitutumque
1449 2592 1482 2620 iri
1508 2596 1566 2620 tum
1587 2592 1689 2628 impios
1707 2593 1839 2623 homines

1034 2634 1091 2656 tum
1107 2628 1243 2655 daemones
1261 2631 1288 2655 in
1303 2629 1450 2662 pristinum
1462 2628 1586 2655 ordinem
1604 2636 1688 2655 suum
1712 2632 1836 2658 censuit.

1035 2664 1098 2701 l_lzec
1109 2664 1182 2691 enim
1197 2664 1255 2701 sine
1268 2663 1368 2699 praevia
1382 2665 1545 2701 poenitentia
1553 2663 1659 2701 admitti
1673 2672 1837 2701 nequeunt.

1033 2699 1209 2733 Rursumque
1223 2698 1287 2725 dum
1296 2706 1410 2726 nutuero
1423 2699 1548 2734 sequenti
1562 2698 1711 2732 docemur.
1728 2698 1836 2728 inuitum

1034 2739 1096 2770 post
1112 2735 1181 2761 hanc
1203 2734 1286 2770 vitam
1310 2741 1454 2770 superesse
1473 2739 1592 2769 tempus,
1614 2734 1642 2761 in
1658 2742 1724 2770 quo
1744 2736 1835 2765 sanati

1035 2768 1184 2801 valeamus,
1203 2769 1249 2795 illa
1269 2768 1296 2795 in
1323 2769 1467 2803 pristinum
1490 2768 1615 2797 ordinem
1631 2768 1722 2798 suum
1746 2780 1837 2799 reru-

1036 2804 1109 2832 lcndi
1125 2812 1188 2839 spes
1204 2803 1294 2838 impiis
1307 2811 1419 2839 prorsus
1438 2805 1572 2832 aufertur.

1071 2841 1126 2875 (57)
1142 2838 1171 2866 S.
1189 2839 1316 2866 Clemens
1332 2838 1423 2869 llom..
1439 2847 1482 2874 ep.
1502 2840 1515 2867 1
1531 2840 1566 2868 ad
1586 2839 1663 2873 Con,
1686 2849 1776 2872 num.
1791 2842 1834 2871 3|.

1070 2876 1125 2911 (58)
1140 2875 1263 2906 Photius,
1279 2875 1373 2902 co..ice
1385 2882 1476 2902 cxxvn.
