1875 3101
66 188 109 214 l'l'l
660 182 832 212 PROGSHIA
852 181 1044 211 VARIORUM.

1617 181 1668 211 l7.

62 253 131 275 voces
149 244 205 279 eius
219 246 323 270 tantum
341 243 539 270 humanitatem
563 242 740 277 designantes
750 241 829 268 adhi-
844 241 867 269 A
881 241 1043 268 Cotelerius.
1062 240 1194 276 Superius
1206 242 1305 277 quippe
1322 247 1436 268 numero
1450 241 1495 273 ιο,
1513 247 1609 276 preter
1622 249 1664 270 sui

63 289 123 323 beat,
137 298 195 318 eum
214 296 350 317 summum
373 287 532 315 Pontiﬁcem
548 291 575 315 et
600 291 682 322 caput
705 291 829 314 nostrum

62 337 199 373 appellans;
221 334 288 362 nihil
303 342 367 362 vero
392 334 523 361 eximium
539 337 622 368 atque
642 333 758 360 sublime
781 332 830 359 ha-

62 384 130 414 beat.
142 390 192 417 quo
212 381 271 416 ejus
290 380 422 408 divinitas
439 379 619 415 signiﬁcetur.
631 379 666 405 At
680 378 829 406 secundam

62 438 87 457 Ic
111 429 209 456 tertiam
237 426 478 461 reprehensionem
508 426 564 460 jam
590 425 717 459 superius
745 424 829 451 dilui-

61 483 112 503 mus
124 474 192 510 (59);
206 473 239 501 ad
255 473 372 508 primam
393 480 457 500 vero
473 471 619 506 respondet
639 470 680 498 Cl.
702 469 734 498 V.
749 469 827 497 Remi

60 521 152 549 Ceillier
167 520 232 556 (60).
249 519 368 547 mundos
381 518 454 549 illos.
480 526 550 553 quos
573 521 685 545 sanctus
702 516 828 544 Clemens

60 568 119 594 ultra
135 574 259 594 oceanum
274 574 337 594 esse
355 566 403 596 ait,
420 564 564 600 antipodas
577 571 648 596 esse,
664 571 734 598 quos
748 570 826 590 reve-

59 622 83 642 ra
93 613 198 641 existere
211 621 308 640 omnes
324 612 404 640 hodie
420 611 559 644 fatentur;
575 619 628 646 qua
645 610 678 638 de
694 618 723 637 re
736 609 827 637 Photii

58 663 125 687 atate
137 658 257 686 fortassis
282 666 338 685 non
363 658 484 693 liquebat
500 657 567 693 (61).
587 656 657 689 Quia
671 660 763 683 tamen
782 663 827 682 re-

58 709 132 732 motas
144 711 173 731 ac
184 703 259 740 prius
275 698 433 738 incognitas
451 701 546 729 mundi
567 705 670 737 partes,
686 705 751 736 puta
766 699 828 728 Bri<

57 751 165 777 tannicas
178 749 295 782 Insulas,
309 748 383 776 Julio
399 748 512 777 Cmsari.
527 747 653 784 Virgilio.
675 748 792 782 aliisque
810 754 826 774 a

56 796 174 823 Cotelerio
193 795 299 825 relatis.
320 803 398 822 nouos
425 794 500 821 orbes
525 801 684 828 nuncupare
705 793 826 820 solemne

55 845 99 874 est,
107 840 235 876 ambigere
249 841 315 868 licet
336 848 399 867 num
408 840 535 867 Clemens
548 838 689 866 Romanus
700 837 826 865 Pontifex

55 887 83 914 de
94 887 196 914 remotis
210 886 306 914 mundi
325 886 448 921 partibus
461 885 532 912 ultra
554 892 698 917 oceanum,
715 892 768 911 non
783 888 824 910 ta-

880 283 1005 312 cerdotes
1029 288 1057 311 et
1081 285 1176 313 levitas
1207 293 1344 312 summuin
1373 285 1542 313 sacerdotem
1573 287 1665 321 praedi.

880 335 925 358 cat
939 331 1040 367 (66),et
1055 332 1170 360 inferius
1184 340 1299 360 numero
1312 333 1358 364 ιι.
1373 341 1435 361 cum
1448 333 1597 361 Corinthiis
1617 341 1664 361 ex-

879 378 1011 412 postulat,
1027 379 1099 413 quod
1122 378 1219 413 deiecti
1241 379 1276 406 ab
1291 379 1324 407 iis
1344 380 1399 406 sint
1417 379 1579 415 presbyteri,
1595 388 1664 415 quos

879 424 996 456 apostoli
1024 424 1103 451 aliive
1122 424 1215 451 eximii
1240 425 1292 451 viri
1315 425 1490 452 ordinassent
1502 424 1570 460 (67),
1595 425 1666 453 forte

879 468 960 495 etiam
977 469 1121 503 episcopos
1135 472 1240 495 tantum
1262 476 1294 495 ac
1317 469 1448 496 diaconos
1464 469 1508 496 liic
1528 473 1663 501 recenset,

877 520 989 549 propter
998 514 1075 542 Isaia:
1087 515 1175 542 locum
1187 523 1249 542 mox
1265 515 1299 541 ab
1312 523 1345 542 eo
1359 515 1484 547 citatum,
1497 515 1525 542 in
1541 523 1595 549 quo
1610 515 1667 550 epi-

878 560 953 595 scopi
968 564 995 587 et
1008 560 1115 587 diaconi
1130 561 1289 587 nominatim
1302 560 1563 597 memorantur(68).
1579 561 1666 590 Acce-

878 606 917 633 dit
926 605 997 639 quod
1016 605 1167 632 numeroﬁl
1177 605 1432 640 epistoltel,aperte
1445 605 1619 641 presbyteros
1630 607 1666 634 ab

877 650 1014 685 episcopis
1028 650 1182 683 discernat;
1199 650 1239 677 ait
1256 651 1346 677 enim:
1369 650 1542 685 Presbytero:
1559 656 1665 679 nostros

877 704 1059 728 reuereamur;
1085 697 1201 724 seniores
1231 701 1335 723 nostros
1358 696 1525 724 honoremui.
1554 697 1662 726 Graece:

876 743 946 775 Τοὺς
960 743 1179 778 προηγουμένους
1197 743 1274 778 ἡμῶν
1284 742 1532 778 αἰδεσθῶμεν,τοὺς
1545 743 1665 779 πρεσϐυ-

875 788 970 824 τέρους
984 788 1062 824 ἡμῶν
1082 789 1251 824 τιμήσωμεν,
1268 788 1335 821 Quis
1356 792 1447 816 autem
1471 789 1590 824 ignorat,
1606 790 1666 825 epi-

877 841 975 868 scopos
990 834 1146 868 frequenter
1163 835 1313 869 appellatos
1327 834 1412 862 fuisse
1425 835 1665 870 προηγουμένουςῖ

877 879 945 907 Vide
962 879 1003 907 Cl.
1029 879 1221 916 Binghainuin.
1237 880 1374 915 Originum
1390 880 1482 909 eccles.
1504 885 1525 908 t.
1551 881 1572 914 l,
1592 889 1618 909 c.
1635 881 1664 915 2,

54 939 105 958 men
119 931 144 958 in
158 931 272 958 adversa
288 909 368 957 nobis
386 929 544 965 parte-sitis
566 929 702 963 loquatur.
719 927 826 956 Viderit
841 909 862 937 Β
879 925 892 961 §
909 926 936 953 5.

53 976 121 1002 etiam
148 975 274 1010 quisque,
298 983 364 1002 num
385 974 612 1002 subscribendum
632 976 708 1008 putet
731 971 828 1008 Orige-

54 1022 77 1048 ni
92 1021 141 1057 (62)
153 1028 230 1056 atque
240 1022 306 1049 divo
323 1020 487 1056 Hieronymo
503 1019 560 1056 (63)
579 1020 626 1055 qui
641 1019 734 1054 plures
746 1027 825 1046 mun-

51 1068 93 1095 dos
114 1076 128 1094 a
147 1068 207 1096 divo
221 1068 364 1095 Clemente
379 1067 424 1094 hic
439 1067 527 1094 asseri
550 1066 730 1093 arbitrantur.
759 1065 824 1092 Mihi

51 1122 105 1142 vero
117 1114 191 1149 longe
205 1113 458 1149 probabilissimuin
474 1112 594 1144 videtur,
608 1111 733 1147 cognitas
748 1111 825 1139 orbis

51 1163 202 1194 partes,qu:e
216 1159 296 1194 prius
308 1159 439 1190 latebant,
459 1161 537 1185 extra
558 1165 693 1185 oceanum
711 1156 822 1185 mundos

49 1206 114 1234 abeo
125 1206 265 1242 appellari,
281 1213 396 1240 eamque
415 1205 582 1232 locutionem
600 1205 722 1240 antiquis
735 1205 823 1233 usita-

49 1255 94 1278 tam
109 1251 187 1279 fuisse
200 1251 267 1279 Julii
295 1251 423 1284 Caesaris,
435 1250 552 1287 Virgilii,
567 1250 679 1279 Senecae
691 1252 823 1279 aliorum-

48 1306 74 1327 ve
87 1298 235 1326 testimonia
244 1306 260 1325 a
275 1298 334 1325 viro
346 1297 507 1325 doctissimo
519 1296 625 1325 Joanne
635 1297 757 1333 Baptista
768 1297 822 1326 Co-

46 1344 129 1371 telerio
143 1343 196 1379 (64)
210 1344 298 1371 relata
313 1343 438 1378 probant.

77 1389 142 1417 Nam
157 1389 185 1418 S.
206 1389 329 1418 Clemens
352 1389 528 1416 liierarcliiam
547 1397 580 1417 ea:
597 1390 736 1422 episcopis,
761 1398 821 1424 pre-

45 1436 154 1470 sbyteris,
169 1444 200 1462 ac
215 1435 346 1462 ministris
362 1440 525 1462 constantem
537 1435 677 1462 crediderit
687 1437 742 1464 ?—
750 1435 820 1463 Fue-

46 1488 71 1507 re
88 1481 204 1508 nonnulli
230 1481 333 1512 critici,
359 1481 405 1516 qui
421 1488 455 1508 ex
478 1481 594 1515 epistola
617 1481 702 1516 priori
731 1482 818 1509 sancti

44 1525 169 1554 Pontiﬁcis
193 1527 282 1554 nostri
297 1525 433 1553 conficere
454 1529 559 1561 putant,
583 1525 653 1554 duos
668 1529 773 1552 tantum
790 1527 818 1554 in

911 972 978 999 lllud
988 977 1062 999 certo
1073 976 1192 1004 constat,
1205 977 1331 1000 sanctum
1345 971 1511 1000 Clementem
1526 972 1585 999 loca
1593 979 1665 1008 qua)-

875 1018 940 1046 dain
956 1018 1078 1050 laudare,
1094 1026 1155 1054 qua:
1179 1019 1206 1045 in
1222 1018 1363 1053 Scriptura
1379 1019 1475 1046 iis-lein
1495 1019 1587 1046 verbis
1609 1027 1665 1046 non

874 1068 1001 1096 exstant;
1018 1073 1112 1092 eorum
1121 1068 1212 1092 tamen
1227 1065 1318 1100 aliqua
1331 1065 1421 1099 quoad
1436 1065 1598 1092 sententiam
1611 1065 1665 1092 ibi-

873 1111 934 1138 dem
951 1111 1088 1146 leguntur.
1112 1110 1158 1138 Sic
1182 1112 1264 1139 verba
1277 1112 1333 1139 haec
1361 1111 1444 1139 refert
1468 1112 1524 1148 (69)
1535 1112 1614 1149 quasi
1635 1112 1666 1140 iii

875 1156 1025 1193 Scripturis
1038 1162 1145 1185 essent:
1166 1156 1260 1184 Miseri
1278 1163 1350 1189 sunt.
1367 1159 1412 1193 qui
1434 1158 1521 1185 animo
1536 1162 1598 1186 sunt
1611 1157 1664 1185 du-

871 1203 951 1237 plices
963 1208 987 1230 et
1007 1203 1110 1235 incerti.
1123 1204 1167 1239 qui
1182 1204 1292 1231 dicunt:
1306 1204 1372 1231 licet:
1386 1205 1534 1232 audivimus
1547 1205 1628 1232 etiam
1645 1213 1668 1232 tr

871 1247 995 1282 patribus
1014 1249 1122 1280 nostris,
1143 1253 1167 1276 et
1181 1257 1238 1276 ecce
1252 1250 1435 1277 consenuimus
1448 1254 1473 1277 et
1489 1250 1554 1276 nihil
1569 1250 1664 1278 homin

871 1295 946 1322 nobis
960 1295 1065 1323 accidit.
1080 1295 1211 1323 Eumdem
1227 1296 1316 1324 locum
1332 1297 1417 1323 altera
1428 1304 1536 1331 quoque
1547 1297 1663 1332 epistola

870 1341 969 1368 recitat
980 1340 1052 1377 (70);
1068 1341 1132 1369 licet
1143 1342 1239 1369 nullibi
1252 1342 1278 1368 in
1292 1342 1386 1369 Bibliis
1401 1342 1439 1369 ita
1453 1343 1567 1378 legatur.
1583 1342 1666 1376 Quod

870 1387 894 1414 si
914 1387 973 1414 loca
988 1387 1077 1422 'plura
1092 1388 1176 1415 variis
1199 1387 1348 1423 Scriptum
1362 1388 1440 1416 libris
1461 1388 1516 1424 (71)
1538 1389 1664 1424 dispersa

869 1434 1042 1468 colligamus,
1070 1435 1234 1462 sententiam
1263 1434 1387 1462 eamdem
1415 1435 1660 1470 deprehendemus.

869 1479 960 1506 Alium
973 1480 1056 1507 etiam
1068 1481 1157 1508 locum
1175 1484 1289 1509 sanctus
1308 1481 1434 1510 Clemens
1450 1482 1533 1509 altera
1546 1482 1662 1517 epistola

868 1526 976 1558 reeitat,
995 1535 1074 1562 quem
1098 1527 1223 1555 Clemens
1242 1527 1442 1556 Alexandrinus
1457 1527 1514 1564 (72)
1524 1536 1556 1556 ex
1573 1527 1663 1555 Evan-

44 1571 108 1598 clero
117 1571 235 1603 ordines.
248 1572 396 1606 episcopos
412 1571 516 1598 scilicet
532 1574 559 1597 et
575 1571 706 1599 diaconos
721 1579 736 1598 a
751 1571 815 1599 Cle-
829 1583 857 1616 οη
867 1573 940 1608 gelio
959 1574 1110 1601 secundum
1132 1573 1276 1609 mgyptios
1292 1578 1434 1609 acceptum
1454 1582 1525 1606 esse,
1548 1574 1596 1601 ait.
1611 1573 1662 1602 Est

43 1621 121 1643 mente
133 1617 261 1652 agnosci;
273 1616 339 1651 quia
354 1616 391 1643 ait
413 1616 447 1643 ab
467 1616 597 1650 apostolis
618 1616 763 1651 episcopos
787 1619 815 1644 et
866 1624 955 1647 autem
968 1619 1141 1653 huiusmodi:
1154 1619 1221 1648 Cum
1232 1620 1285 1647 duo
1304 1625 1380 1647 erunt
1391 1628 1483 1652 unum,
1499 1624 1524 1647 et
1536 1620 1604 1655 quod
1618 1620 1661 1655 fo-

43 1662 159 1690 diaconos
174 1662 318 1690 ordinatos
333 1661 429 1693 fuisse,
446 1662 520 1688 nulla
532 1661 566 1688 de
583 1661 749 1696 presbyteris
767 1661 816 1689 ad-
865 1665 903 1692 ris
923 1670 951 1692 ut
973 1665 1042 1700 quod
1064 1666 1145 1699 intus,
1164 1671 1188 1693 et
1202 1666 1351 1694 masculum
1374 1674 1434 1693 cum
1452 1665 1561 1701 femina.
1579 1674 1664 1702 neque

40 1708 102 1742 jccta
115 1709 250 1736 mentione
262 1708 330 1744 (65).
342 1708 394 1736 Sed
407 1709 531 1743 pluribus
543 1708 658 1736 revincit
673 1716 721 1737 eos
734 1716 761 1736 v.
775 1708 814 1737 cl.

72 1796 120 1833 (59)
131 1795 195 1833 Viti.
205 1804 269 1831 cap.
281 1795 313 1833 f2,
328 1795 423 1833 an).
431 1803 507 1824 num.
517 1795 599 1833 _l_l,et
613 1795 640 1822 in
648 1796 820 1833 analysijio-

42 1825 87 1858 tam
102 1825 210 1859 inferius
228 1825 357 1866 p'ositam.
376 1831 481 1864 Quibus
491 1825 571 1862 adde,
584 1830 656 1865 quod
673 1831 695 1858 si
713 1825 741 1858 S.
754 1831 817 1858 Cle-

40 1875 107 1894 mens
116 1867 147 1894 de
160 1866 264 1894 Christi
279 1866 449 1894 humanitate
459 1866 629 1901 lrequentius
643 1866 769 1899 disserat,
788 1867 817 1894 in

39 1912 67 1928 co
79 1903 260 1935 apostolorum
281 1905 403 1928 sectatur
422 1901 591 1932 methodum,
607 1901 665 1935 qui,
688 1905 719 1928 ut
742 1906 784 1929 est
799 1910 815 1929 a

40 1937 64 1963 S.
76 1936 217 1964 Athanasio
224 1937 370 1972 (Albanas.
381 1937 419 1963 De
428 1937 573 1972 Dionysiis,
585 1943 646 1972 pag.
658 1936 721 1972 555)
729 1937 817 1963 anim-

39 1973 181 2005 ailversum,
205 1971 309 2006 sacpius
323 1971 357 1999 de
380 1971 533 1999 Servatoris
549 1971 717 2007 humanitate
735 1979 817 2007 quam

38 2008 168 2035 divinitate
197 2009 327 2043 agebant,
353 2007 434 2043 idque
455 2011 566 2043 propter
592 2006 751 2043 haereticos;
770 2007 817 2042 qui

39 2043 123 2076 primis
135 2043 188 2070 illis
203 2042 377 2078 temporibus
393 2042 476 2070 Dcuui
492 2042 628 2069 hominem
642 2042 743 2069 factum
757 2050 818 2070 esse

38 2079 170 2110 negabant.

67 2113 118 2149 (ϐυ)
136 2113 254 2140 Histoire
270 2112 392 2148 générale
410 2112 455 2140 des
473 2116 581 2139 aitteurs
602 2113 680 2145 eccl.,
703 2117 770 2141 tom.
795 2112 816 2146 l,

37 2148 113 2191 ειπερ.
129 2149 171 2190 l0,
187 2153 242 2189 art.
255 2149 284 2189 ᾖ.
301 2149 357 2210 4,
372 2156 400 2175 n.
413 2151 441 2176 ‘2.

66 2185 116 2210 ιω)
130 2184 238 2210 Plinius
261 2192 290 2210 in
318 2184 376 2210 ibro
405 2191 441 2210 se:

66 2185 116 2219 (6|)
130 2184 238 2211 Plinius
261 2184 290 2210 in
307 2183 376 2211 libro
405 2187 494 2214 sexto,
510 2191 571 2218 cap.
587 2183 622 2210 65
644 2187 771 2216 testatur,
785 2192 818 2211 ea

36 2219 64 2244 de
77 2227 103 2246 ie
117 2220 251 2253 insignem
269 2219 334 2246 oliui
353 2219 449 2254 vulgus
465 2220 536 2246 inter
547 2226 579 2245 ac
596 2219 729 2247 litteratus
741 2219 816 2247 vii-os

36 2262 140 2287 pugnam
157 2254 254 2281 luisse.

66 2289 116 2321 (62)
128 2289 275 2323 Origenes,
291 2290 338 2317 lib.
350 2297 370 2316 ii
382 2289 565 2323 Periure/tom,
574 2296 634 2323 cap.
648 2289 675 2316 5.

65 2324 116 2355 [65)
131 2324 160 2360 l).
176 2324 351 2360 Hieronym.,
366 2325 393 2351 in
405 2324 501 2358 Eplies.
515 2322 565 2358 Ep.
577 2322 637 2359 cap.
655 2332 686 2360 ii,
701 2325 728 2351 2.

63 2359 248 2421 lutBConsule
266 2359 396 2400 Cotelerii
413 2365 491 2387 notas
509 2359 539 2401 in
559 2363 641 2394 caput
659 2359 694 2386 20
712 2359 815 2395 episto-

76 2395 84 2420 l
129 2417 134 2421 .
151 2395 303 2421 Clementis
318 2394 328 2421 l
343 2395 423 2421 Rom.
443 2394 539 2421 pontif.

35 2394 61 2420 1έὲ
76 2395 84 2420 l
106 2394 134 2422 Ι).
151 2395 303 2422 Clementis
318 2394 328 2421 l
343 2395 423 2423 Rom.
443 2394 539 2429 pontif.

64 2430 116 2465 (65)
136 2429 321 2457 Prwdicantes
336 2430 474 2466 (apostoli)
494 2430 577 2465 igitur
594 2437 640 2464 per
652 2432 768 2466 regiones
788 2435 814 2458 et

33 2464 110 2497 nrbes,
134 2466 270 2500 primitias
287 2464 379 2492 curant
396 2466 493 2500 spiritu
506 2464 572 2493 ’cum
597 2464 761 2500 probassent,
787 2467 815 2493 in

32 2501 151 2533 episcopos
168 2505 193 2527 et
208 2500 337 2527 diaconos
352 2509 452 2533 eorum,
467 2502 511 2534 qui
522 2501 648 2530 credituri
661 2506 814 2534 erant,con-

32 2509 151 2533 episcopos
168 2509 193 2527 et
208 2509 337 2527 ataconos
352 2509 452 2533 eorum,
484 2510 492 2527 ι

32 2535 172 2564 stituerunt.
185 2535 290 2568 Clem.,
304 2544 348 2570 ep.
365 2537 390 2567 l,
405 2545 433 2563 n.
448 2509 492 2564 4g.

62 2571 114 2606 (δῦ)
135 2571 248 2598 Summo
270 2571 363 2606 quippe
384 2571 516 2599 sacerdoti
538 2582 587 2600 sua
603 2573 692 2600 munia
715 2571 814 2599 tributa

31 2605 137 2642 tuncet
149 2605 338 2633 sacerdotibus
351 2607 423 2633 locus
441 2608 562 2640 proprius
578 2608 741 2642 praestitutus
753 2613 791 2634 est
803 2615 812 2634 :

31 2640 106 2668 [eritis
122 2649 223 2677 quoque
244 2650 296 2668 sua
312 2642 459 2668 ministeria
474 2640 644 2670 incumbunt:
666 2643 742 2668 Itonia
761 2643 813 2669 lai-

30 2676 216 2712 cusipra'ceptis
233 2676 311 2703 luitis
327 2678 527 2712 constringitur.
546 2678 629 2708 Ideni.
647 2687 675 2705 n.
694 2678 741 2705 ἆυ.

61 2711 114 2745 (6Ὶ)
129 2711 189 2739 Non
200 2712 274 2739 enim
287 2711 339 2739 lere
349 2713 398 2739 erit
419 2711 563 2747 peccatum.
576 2715 599 2741 si
613 2722 668 2744 eos,
682 2713 726 2746 qui
743 2713 813 2739 citra

28 2747 160 2784 querelam.
180 2753 206 2774 et
215 2753 311 2784 {aucte
325 2748 439 2784 offerunt
454 2747 536 2782 dona,
551 2749 584 2776 ab
604 2749 755 2784 episcopatu
771 2756 812 2775 re-

31 2783 188 2819 meavimus.
210 2783 459 2819 Beatipresbyteri,
473 2785 518 2818 qui
531 2785 599 2811 viam
613 2783 686 2819 prius
702 2784 810 2815 emensi,

30 2815 183 2851 [rues-osum
195 2826 226 2845 ac
236 2815 521 2851 perfectam'consec'uti
531 2825 590 2846 sunt
598 2815 809 2846 dissolutionem.

30 2850 104 2883 Itluui.
117 2861 145 2880 ii.
159 2854 206 2881 μ.
232 2850 316 2880 Natat
335 2853 362 2880 in
379 2853 451 2880 hunc
461 2850 609 2882 Clementis
629 2856 716 2881 locum
734 2863 757 2881 v.
773 2855 810 2880 cl.

31 2886 89 2921 Epp.
102 2887 176 2916 Itoni.
199 2888 297 2925 pontif.
309 2888 488 2917 Coustantius
500 2899 506 2918 :
520 2890 588 2918 Dum
605 2890 684 2926 paulo
697 2890 810 2916 inferius

865 1719 923 1739 nias
934 1720 1014 1748 neque
1029 1711 1128 1747 femina
1142 1712 1209 1748 (75).

867 1800 1007 1836 praemittit
1017 1799 1154 1832 Clemens,
1165 1801 1189 1827 si
1199 1809 1242 1828 eos
1255 1801 1287 1827 ab
1299 1801 1450 1834 episcopatu
1460 1802 1658 1836 removerimus.

867 1843 900 1863 ac
922 1835 1021 1863 deinde
1045 1836 1169 1870 proxime
1191 1836 1313 1870 subjicit,
1332 1836 1408 1862 Beati
1422 1836 1584 1871 presbyteri.
1602 1841 1661 1866 etc.

868 1871 921 1898 sibi
935 1879 989 1908 non
1002 1877 1093 1908 secus,
1111 1875 1193 1905 atque
1208 1871 1320 1902 Irenaeo,
1337 1871 1490 1906 presbyteri
1502 1875 1588 1908 atque
1600 1872 1660 1908 epi-

867 1906 944 1940 scopi
967 1906 1085 1941 nominar
1106 1913 1257 1941 synonyma
1275 1913 1347 1941 esse,
1371 1905 1457 1940 eaque
1476 1905 1510 1932 ad
1535 1905 1658 1935 eamdem

867 1949 925 2002 reip
939 1940 1145 1974 enuntiandam,
1158 1940 1313 1976 premiscue
1328 1940 1379 1968 hoc
1393 1941 1454 1968 loco
1469 1949 1603 1978 usurpare
1616 1951 1657 1976 se,

868 1983 906 2002 ini
918 1980 981 2002 icat.

868 1976 981 2003 indicat.

903 2011 959 2047 (68)
972 2011 1062 2046 Neque
1081 2011 1129 2038 hoc
1146 2020 1224 2043 nove;
1241 2020 1257 2038 a
1273 2011 1362 2039 multis
1374 2013 1443 2039 enim
1456 2012 1613 2046 temporibus
1627 2013 1659 2041 de

869 2047 995 2082 episcopis
1010 2053 1034 2074 et
1045 2047 1164 2074 diaconis
1176 2047 1303 2081 scriptum
1323 2047 1421 2080 fuerat.
1434 2048 1479 2075 Sic
1495 2048 1564 2075 enim
1580 2049 1657 2076 Scri-

867 2086 948 2116 ptura
967 2083 1066 2109 alicubi
1085 2082 1166 2109 lsaite
1177 2090 1220 2113 Lx.
1235 2082 1277 2113 17,
1293 2082 1378 2109 dicit:
1395 2093 1404 2108 ι
1422 2083 1590 2111 Constituam
1603 2085 1658 2118 epi-

868 2125 959 2154 scopos
974 2126 1064 2144 eorum
1078 2118 1232 2152 injustitia,
1245 2122 1269 2144 et
1277 2117 1406 2154 diaconos
1425 2127 1514 2154 eorum
1527 2120 1554 2146 in
1566 2117 1627 2154 ﬁde.
1644 2130 1655 2146 ι

870 2151 973 2188 Similis
995 2157 1038 2180 est
1062 2151 1250 2188 Chrysostoini
1276 2153 1346 2179 libro
1368 2153 1443 2186 Quod
1471 2151 1595 2182 Christus
1622 2156 1662 2182 sit

869 2187 951 2223 ρεαδ,
969 2194 1035 2215 ιοιιι.
1049 2188 1082 2219 V.
1099 2187 1125 2215 c.
1141 2188 1166 2220 7,
1185 2196 1211 2222 p.
1229 2188 1458 2223 757,bujusniodi
1480 2189 1655 2218 observatio:

871 2222 905 2249 Et
917 2231 997 2258 neque
1010 2223 1096 2257 ipsum
1111 2224 1278 2250 sacerdotum
1290 2232 1393 2256 nomen,
1411 2231 1591 2258 episcoporum
1608 2234 1657 2252 no-

828 2257 852 2285 D
865 2258 998 2289 mendico,
1011 2259 1120 2285 obticuit
1134 2262 1223 2292 (vetus
1235 2259 1301 2293 lex);
1311 2268 1320 2284 t
1332 2257 1500 2287 Constituaui
1507 2260 1575 2286 enim
1582 2261 1657 2294 prin.-

865 2294 933 2327 cipes
950 2299 1006 2321 tuos
1014 2295 1040 2320 in
1048 2302 1110 2327 pace
1121 2293 1214 2325 idicit,
1224 2303 1233 2319 ε
1243 2298 1268 2320 et
1279 2295 1409 2329 episcopos
1417 2300 1475 2322 tuos
1483 2293 1630 2329 injustitia.
1643 2306 1663 2322 »η

864 2328 999 2366 Nimirum
1027 2328 1122 2366 Graece
1136 2329 1208 2366 apud
1233 2329 1329 2366 Isaiam
1345 2330 1445 2366 legerat
1460 2340 1466 2356 :
1483 2330 1657 2366 Καταστήσω

865 2337 999 2356 mmiruni
1027 2337 1122 2356 ωηερε
1137 2337 1208 2363 apuu
1234 2337 1329 2356 isaiam
1346 2337 1445 2364 legerat.
1460 2340 1466 2356 :
1483 2337 1657 2366 λαταστησω

865 2364 920 2399 γὰρ
941 2365 1004 2396 τοὺς
1028 2364 1160 2399 ἄρχοντάς
1186 2373 1231 2400 σου
1259 2365 1288 2391 ἐν
1303 2365 1411 2400 εἰρήνῃ,
1431 2366 1478 2392 καὶ
1501 2366 1566 2397 τοὺς
1593 2367 1657 2393 ἐπι-

866 2399 982 2431 σκόπους
1004 2399 1279 2436 σουῗὲχῗᾷικαιοσρνῃ.
1302 2399 1355 2426 Pro
1372 2399 1456 2427 verbo
1473 2402 1655 2436 κατμστήσω,

865 2439 955 2461 exstat
967 2435 1037 2468 apud
1053 2435 1121 2462 LXX
1133 2435 1179 2461 καὶ
1194 2434 1272 2461 δώσὼ
1285 2443 1292 2466 ;
1307 2443 1377 2469 quos
1391 2439 1503 2463 secutus
1523 2434 1653 2469 [renti-iis,

865 2469 914 2506 lib.
929 2478 965 2501 iv,
981 2477 1005 2506 ρ.
1022 2471 1067 2500 tu.
1086 2470 1184 2498 scribit
1199 2480 1204 2497 :
1226 2470 1303 2506 Tales
1314 2470 1577 2506 presbylgrosrnulrit
1602 2471 1656 2498 Ec.

865 2504 956 2536 clesiu,
970 2504 1001 2531 de
1016 2505 1109 2540 quibus
1125 2511 1148 2532 et
1165 2505 1291 2539 propheta
1303 2506 1340 2532 ait
1353 2516 1362 2532 .-
1380 2504 1400 2530 (⁷
1412 2505 1447 2532 Et
1472 2505 1540 2532 dabo
1555 2507 1655 2540 princi.

865 2548 908 2574 pes
924 2546 982 2566 tuos
998 2541 1024 2567 in
1034 2549 1107 2575 pace,
1118 2546 1142 2568 et
1157 2541 1290 2574 episcopos
1307 2548 1365 2567 tuos
1381 2541 1408 2567 in
1422 2540 1541 2575 justitia.
1563 2551 1573 2567 ι
1593 2542 1655 2575 Quo

865 2576 893 2601 in
925 2577 986 2602 loco
1007 2576 1126 2604 lrenzeus
1148 2576 1298 2611 presbyteri
1322 2576 1499 2611 episcopique
1520 2577 1665 2605 vocabula--

865 2611 1019 2647 promiscue
1033 2612 1142 2647 accipit,
1157 2619 1189 2638 ac
1203 2618 1354 2647 synonyma
1371 2611 1461 2639 habet.

900 2646 956 2680 (69)
971 2645 1057 2674 Clem.
1074 2646 1164 2678 Rom.,
1181 2645 1225 2681 ep;
1240 2647 1266 2677 1,
1279 2645 1307 2673 ἡ.
1323 2645 1368 2674 25.

912 2682 954 2714 ’10)
970 2681 1051 2713 Ιάειιι,
1068 2689 1112 2716 ep.
1129 2681 1156 2713 2,
1176 2689 1204 2709 ii.
1220 2682 1263 2709 11.

912 2717 954 2752 71)
971 2717 1089 2754 Consule
1106 2716 1237 2754 Alsaiaiv,
1252 2717 1427 2754 rl9;Eccles.
1449 2725 1477 2749 v,
1499 2717 1511 2744 l
1531 2721 1558 2745 et
1573 2726 1653 2754 seq.;

862 2751 920 2778 Jac.
935 2761 954 2782 i,
971 2752 997 2781 8.
1010 2757 1037 2780 et
1051 2761 1088 2784 iv,
1104 2752 1134 2784 8;
1151 2751 1172 2778 ll
1187 2752 1260 2780 Petri
1271 2759 1312 2783 Ill,
1327 2753 1354 2784 5,
1373 2754 1401 2780 ι.

863 2823 876 2850 Γ
899 2788 953 2821 (72)
969 2788 1095 2815 Clemens
1124 2787 1315 2820 Alcsatnlriln,
1340 2788 1386 2817 lib.
1411 2797 1442 2816 ιιι
1466 2790 1577 2821 Strom..
1599 2791 1653 2820 sub

872 2831 954 2849 mem.

872 2831 954 2849 IIIPIII.

897 2859 952 2893 (75)
969 2858 996 2886 S.
1013 2858 1098 2885 Clem.
1116 2858 1208 2890 Rom.,
1225 2865 1268 2892 cp.
1286 2857 1314 2890 2,
1331 2867 1359 2886 η.
1378 2859 1421 2892 l2,
1438 2860 1465 2887 in
1482 2860 1544 2888 line.
