1875 3101
217 179 269 206 179

769 178 814 205 Al)
834 178 863 207 S.
884 179 1097 207 CLEMENTEM
1118 179 1260 207 lPAPAM
1783 188 1823 216 l80

255 235 324 263 Usus
335 236 386 270 fuit
410 237 527 264 versione
548 236 624 264 LXX
645 237 825 269 interpretum.
840 253 875 258 —
889 237 1011 265 Sanctus
1022 242 1044 269 Α
1060 238 1161 266 fatetur
1174 239 1201 266 'rn
1220 238 1391 274 praefatione.
1407 243 1435 267 et
1447 240 1555 269 litteras
1567 244 1705 269 vetustate
1728 249 1824 278 exesas,

216 281 346 309 Clemens
361 282 539 317 Septuaginta
564 282 744 318 lnterpretum
762 284 888 311 versione
907 284 935 311 in
951 284 1004 318 epi-

218 327 298 354 stolis
320 327 379 355 suis
406 328 505 361 utitur;
533 336 627 355 verum
655 329 817 363 plerumque
845 329 1008 356 sententiam

218 374 321 408 potius,
333 381 416 408 quam
431 375 511 402 verba
528 375 587 409 ipsa
601 379 788 409 repraesentat.
803 375 933 402 Invidiam
946 383 1010 402 vero

218 426 441 448 commemorans
457 420 485 447 in
500 420 635 447 Aaronem
642 420 678 447 ob
689 420 872 447 sacerdotium
888 420 1010 447 concita-

219 467 288 495 tam,
304 465 445 499 complura
458 464 551 496 refert,
566 472 627 499 qua:
641 464 670 491 in
682 464 862 491 Numerorum
878 464 948 491 libro
956 471 1010 491 non

219 511 359 545 leguntur.
375 509 469 545 Itaque
483 518 499 537 e
512 510 666 538 Iudaeorum
686 510 832 538 traditione
848 510 883 537 ab
893 517 926 537 eo
936 517 1012 536 acce-

220 562 266 591 pta
280 556 366 584 fuisse
380 556 587 589 existimamus;
601 556 832 591 quemadmodum
847 559 874 582 et
888 555 962 590 quod
978 555 1011 583 de

221 603 424 635 llahabliabet,
441 610 501 631 eam
517 603 551 631 de
569 603 773 638 exploratorum
797 602 841 630 via
853 601 909 638 (74)
925 602 1012 629 inter-

221 654 359 683 rogatam,
376 650 455 684 longe
480 649 562 676 aliam
578 649 784 677 demonstrasse
798 649 833 676 ab
846 656 891 681 ea,
905 656 959 683 qua
973 647 1012 675 illi

222 695 337 723 redituri
356 700 448 728 erant;
471 695 545 731 quod
569 696 598 723 in
622 695 693 723 libro
717 694 811 727 Iosue,
830 694 878 721 ubi
897 694 1014 722 historia

223 742 280 768 hate
297 741 472 773 describitur,
491 742 604 769 minime
627 741 759 769 occurrit.
782 740 921 768 Hactenus
935 748 961 768 v.
976 740 1012 768 cl.

223 787 301 815 Remi
316 787 436 816 Ceillier.
456 787 558 815 Verum
570 787 642 823 quod
657 787 691 815 de
705 787 749 814 via
764 786 904 814 contraria
919 785 1014 820 explo-

222 835 362 862 ratoribus
381 842 396 861 a
416 834 513 862 Rabab
526 834 724 865 demonstrata,
747 841 781 861 ex
803 840 918 861 erronea
939 831 1014 859 Junii

223 882 341 914 lectione
356 881 439 916 hujus
454 880 617 908 Clementini
634 880 687 908 loci
703 878 892 915 deprompsit;
914 877 1014 905 Junius

222 927 295 954 enim
311 926 385 961 quod
405 926 450 954 hic
470 926 498 952 in
523 925 672 961 archetypo
685 924 868 955 desideratur,
900 924 1015 951 studens

223 972 493 1007 supplere.ediderat
503 971 582 1008 (ὁδὸν)
591 971 802 998 ὑποδεικνύουσα.
815 970 908 1001 αὐτοῖς
922 969 1016 1003 ὲ(ναν-

223 1019 305 1053 τίαν),
313 1023 340 1046 et
353 1018 450 1046 Latine
463 1028 470 1045 :
484 1018 554 1045 viam
566 1017 703 1045 ostendens
709 1017 747 1044 eis
755 1017 928 1044 contrariam.
938 1014 1017 1048 Quod

223 1072 286 1091 cum
305 1063 458 1091 Cotelerius
472 1063 703 1090 animadverteret
717 1068 870 1097 repugnare
890 1060 1018 1088 Historia:

223 1117 320 1141 sacrae,
340 1116 401 1144 quae
416 1108 605 1143 exploratores
620 1115 635 1135 e
655 1107 738 1134 domo
760 1106 856 1134 Rabab
871 1111 929 1134 tum
946 1114 1016 1133 non-

223 1157 289 1182 dum
307 1155 417 1186 exiisse,
428 1154 478 1182 sed
492 1154 519 1181 in
534 1162 565 1180 ea
576 1153 666 1181 adhuc
680 1153 788 1180 latitare
802 1152 896 1186 docet;
911 1152 961 1188 οὐχ
969 1159 1018 1187 pro

222 1203 293 1233 ὁδὸν,
313 1201 455 1237 ὲ(κεινους)
479 1208 528 1236 pro
547 1200 693 1236 ὲ(να.ντίαν)
717 1199 868 1227 substituit.
894 1199 949 1226 Nec
967 1199 1019 1226 du—

224 1249 312 1279 bium,
335 1247 401 1282 quin
423 1247 484 1281 ejus
505 1245 640 1274 correctio
654 1245 779 1273 .lunianm
794 1245 831 1272 sit
849 1243 1019 1279 praeferenda

225 1294 352 1322 lectioni:
371 1294 489 1320 maxime
509 1300 572 1320 cum
587 1293 659 1320 hanc
673 1292 707 1319 ad
719 1292 908 1327 exploratores
924 1290 1018 1322 Iosue,

225 1341 326 1375 quibus
342 1340 404 1367 unis
417 1339 512 1366 Babab
527 1339 598 1365 viam
613 1338 781 1366 contrariam
796 1338 950 1366 ostendisse
964 1345 1020 1364 me-

226 1390 365 1418 moratur,
387 1385 484 1413 referri
504 1385 641 1413 orationis
659 1385 746 1413 series
762 1392 816 1412 non
833 1384 916 1411 sinat.
933 1383 1020 1411 Antea

224 1433 308 1459 etiam
323 1431 394 1459 forte
407 1431 550 1467 legendum
574 1432 621 1458 χαὶ
635 1430 686 1457 ποῦ
698 1430 868 1466 πορεύονται,
886 1429 937 1456 οὐκ
950 1427 1019 1460 οἶδα,

224 1483 250 1505 et
263 1486 315 1513 quo
328 1483 437 1513 pergant
452 1478 550 1509 nescio,
564 1476 700 1512 coniectat
717 1484 743 1504 ν.
757 1476 792 1504 cl.
805 1476 979 1508 Coutantius,
993 1478 1022 1501 at

227 1531 386 1560 perperam;
409 1531 472 1550 nam
489 1523 575 1558 hujus
593 1522 776 1558 supplementi
797 1528 883 1557 capax
900 1529 955 1549 non
979 1526 1022 1549 est

227 1570 407 1605 manuscripti
415 1570 523 1596 lacuna.

496 1624 696 1653 ARTICULUS
708 1624 752 1652 ιν.

244 1681 333 1701 ἾΔἎΙΕ
349 1679 494 1701 EDITIONES
513 1680 702 1700 EPIBTOLARUI
720 1680 744 1699 5.
761 1678 914 1699 CLEIEN’I’IS
933 1678 1000 1698 BOI.

536 1716 698 1736 Ροκτιῖιυιετ

263 1756 413 1784 Clementis
425 1755 542 1782 Romani
556 1754 591 1781 ad
601 1754 761 1781 Corinthios
771 1754 904 1789 epistola.
917 1757 1021 1789 quanto

229 1803 345 1838 reliquis
357 1803 410 1830 sub
425 1802 486 1836 ejus
501 1801 613 1828 nomine
626 1800 747 1835 vulgatis
760 1800 929 1828 sinceriores
944 1803 1020 1830 sunt,

228 1853 257 1877 et
269 1858 283 1877 a
295 1849 424 1884 primaeva
438 1848 620 1883 simplicitate
636 1847 729 1874 minus
744 1847 851 1880 aliente,
867 1850 945 1874 tanto
960 1847 1022 1882 plus

229 1904 320 1931 operae
330 1896 427 1923 iisdem
434 1894 559 1927 edendis,
572 1894 601 1921 in
613 1893 682 1922 alias
691 1893 799 1928 linguas
811 1892 1021 1925 transferendis,

230 1947 258 1968 ul.
275 1941 446 1969 illustrandis
462 1940 654 1975 impenderunt
667 1940 718 1966 viri
733 1940 911 1974 antiquitatis
931 1938 1023 1975 eccle-

229 1990 350 2018 siastica!
360 1986 486 2015 studiosi.
501 1973 641 2011 Laudatur
657 1981 709 2007 hoc
723 1973 833 2006 nomine
850 1976 876 2002 in
891 1973 1016 2003 Gallandi

230 2033 435 2071 Prolegomenis
447 2030 577 2059 Patritius
589 2027 687 2055 Junius
704 2025 802 2071 Scottis
824 2022 893 2071 t75),
908 2022 1017 2049 hetero-

231 2069 324 2110 doxus
341 2080 464 2115 quidem.
482 2082 525 2104 ast
541 2075 676 2104 eruditus,
691 2076 718 2100 et
729 2069 920 2105 antiquitatum
937 2074 1016 2115 scru-

232 2136 306 2158 tator
318 2113 470 2156 indefessus
483 2133 491 2156 ;
507 2123 554 2159 qui
572 2121 678 2155 insigne
692 2119 744 2146 hoc
758 2115 846 2145 aetatis
858 2113 1016 2149 apostolica:

233 2177 439 2203 monumentum
464 2170 509 2197 diu
531 2165 651 2195 tenebris
670 2161 858 2198 consepultum
870 2179 878 2192 ,
903 2167 919 2186 e
936 2163 1015 2185 vetu-

230 2222 353 2249 stissimo
368 2227 420 2246 ms.
436 2216 530 2245 codice
543 2210 736 2243 Alexandrino,
754 2214 834 2244 quem
848 2213 928 2233 manu
945 2203 1017 2232 The-

231 2266 281 2293 cla:
296 2264 395 2291 nobilis
409 2261 517 2289 femiuze
534 2257 668 2293 [Egyptian
681 2255 755 2281 circa
773 2251 881 2279 concilii
893 2249 993 2277 Niczeni
1008 2257 1015 2276 l

230 2316 351 2346 tempora
371 2312 524 2338 exaratum,
548 2303 668 2339 Cyrillus
688 2298 821 2330 Luearis,
845 2304 878 2323 ex
899 2296 1017 2346 Alc-tant-

230 2339 311 2383 driiio
334 2349 654 2385 Constantinopolitanus
681 2343 851 2380 patriarcha,
878 2348 926 2376 per
947 2339 1017 2366 Tho-

231 2409 304 2430 mam
321 2401 459 2427 ltowaauin
475 2405 509 2424 ex
523 2395 633 2424 Oriente
648 2392 773 2420 reducem
787 2408 794 2421 ,
811 2387 910 2415 Carolo
925 2387 945 2417 Ι,
960 2386 1016 2412 An-

230 2449 291 2483 glia:
304 2446 359 2482 regi
375 2446 449 2473 dono
462 2444 582 2472 miserat.
603 2447 675 2467 anno
692 2438 775 2469 1633,
799 2434 896 2483 onnii
913 2433 1017 2483 primus

230 2479 317 2522 edidit
336 2479 413 2520 in-t"
439 2490 533 2518 Grzece
560 2495 593 2515 ac
624 2485 741 2513 Latine:
769 2482 884 2518 priorem
906 2479 1015 2514 quidem

231 2540 376 2576 epistolam
402 2537 493 2565 addita
519 2534 617 2562 Latina
639 2531 780 2560 versione,
805 2528 931 2576 notisque
955 2525 1017 2552 illu-

230 2572 363 2614 stratam:
390 2580 552 2618 posterioris
582 2586 647 2605 vero
667 2575 795 2610 reliquias
826 2572 919 2600 Gra‘ee
952 2575 1014 2598 tan—

243 2640 287 2660 um
309 2631 342 2658 ad
361 2630 462 2657 calcem
485 2626 610 2660 reiectas.
632 2622 692 2655 Quo
719 2627 784 2648 vero
798 2625 878 2645 suum
901 2623 1016 2651 pensum

231 2681 281 2707 rite
293 2677 449 2705 absolveret
467 2673 566 2703 editor,
587 2677 667 2697 voces
679 2667 843 2703 deperditus.
858 2668 887 2692 ut
902 2664 1017 2698 ipsemet

266 2756 324 2794 (Et)
340 2754 370 2794 ἓ·
384 2751 676 2794 οιεειιιξεεξβτλπξιηηαιξ·
694 2750 725 2794 ἰ
738 2756 812 2794 "1'1":
829 2746 872 2794 εἳ-

266 2782 324 2828 ἒτδὶ
340 2789 445 2828 '1‘an
463 2787 533 2828 lubt.
550 2786 600 2828 s_s.
616 2782 873 2828 Ι)1ίιιίηιμ,·ς.ίμῑέ.11»Ἴ

340 2815 677 2862 {Naiton._,__i?rolegom.“
690 2820 723 2862 ald
737 2815 832 2862 ’ΒὶιιιέεΔ
851 2815 1019 2862 ρεέγιεὶίξξλι

231 2846 645 2893 satiavit;sua}?'iiiiiiiié'h'iuin
660 2855 767 2893 nunt-1.,
780 2846 858 2893 cani
867 2846 928 2893 ριιῖ
948 2858 1014 2893 apo:

353 2884 383 2929 ιδ,
393 2884 467 2930 part.
478 2884 518 2927 in,
532 2884 675 2928 pag.'256;
693 2890 780 2917 Grabc
791 2909 798 2922 ,
814 2887 964 2922 ιἰὐιεκοιηη
979 2884 1019 2912 ad.

1061 284 1159 318 spatiis
1178 289 1207 312 et
1233 285 1389 313 interstitiis
1404 286 1614 315 accuratissime
1634 287 1760 317 dimensis
1773 298 1825 326 sup-

1061 329 1156 363 plevit,
1171 333 1199 358 et
1219 331 1305 358 minio
1321 331 1405 358 rubro
1422 331 1544 365 notavit;
1558 339 1596 360 eo:
1611 332 1739 360 nimirum
1752 337 1827 363 consi-

1063 376 1099 402 lio
1111 395 1118 407 ,
1136 380 1165 402 ut
1179 384 1240 411 quae
1256 377 1284 404 in
1300 377 1403 405 laceris
1411 378 1581 406 membranis
1594 379 1727 414 temporis
1745 380 1827 416 injuria

1062 427 1226 457 consumpta
1239 423 1481 455 desiderabantur,
1493 424 1529 451 ab
1543 423 1589 456 iis,
1607 431 1668 459 qua:
1685 425 1779 458 addita,
1796 429 1829 454 vel

1063 468 1186 502 suppleta
1198 468 1310 500 fuerint,
1325 469 1441 497 lectores
1457 469 1567 498 facilius
1580 475 1762 500 secernerent.
1777 472 1830 504 Qua:

1062 512 1172 545 quidem
1187 514 1375 548 supplementa
1391 512 1510 542 Juniana
1528 515 1697 550 posteriores
1717 516 1830 550 editores,

1064 563 1094 585 ut
1108 559 1246 587 uncinulis
1264 559 1358 587 clausa
1377 561 1449 595 typis
1475 560 1711 596 imprimerentur,
1733 561 1830 597 diligen-

1063 607 1106 631 ter
1122 609 1266 632 curarunt.
1284 605 1381 640 Magna
1408 607 1560 639 enimvero,
1583 610 1610 634 et
1631 607 1761 634 laudanda
1772 606 1830 635 Junii

1064 652 1188 684 solertia,
1204 652 1227 680 si
1245 652 1312 680 fides
1325 654 1376 688 ipsi
1392 653 1558 682 adhibenda.
1577 654 1677 682 Verum
1693 662 1769 682 secus
1786 662 1832 683 sen-

1065 698 1138 725 tiunt
1150 699 1184 726 de
1198 706 1241 731 eo,
1257 698 1345 734 deque
1360 699 1421 734 ejus
1437 700 1531 728 labore
1553 700 1581 727 in
1595 700 1772 728 describenda
1788 708 1830 728 ms.

1064 744 1250 772 Alexandrino
1263 745 1315 772 viri
1331 745 1411 780 longe
1425 745 1579 772 doctissimi
1592 745 1738 773 Wottonus
1752 745 1777 772 in
1789 745 1833 780 pri-

1065 791 1128 822 mis,
1143 790 1245 819 Millius
1257 795 1285 819 et
1293 790 1412 818 Grabius
1424 790 1492 826 (76),
1504 795 1534 818 ut
1547 791 1664 826 proinde
1678 790 1766 818 minus
1776 796 1833 818 recte

1065 837 1203 864 censuerit
1218 836 1308 864 Fellus
1323 836 1379 871 (77)
1399 845 1405 863 :
1425 846 1434 862 ι
1446 837 1555 867 Actum.
1576 836 1696 868 scilicet,
1715 836 1786 863 irrito
1802 844 1835 864 co-

1066 888 1132 910 natu
1166 887 1292 910 acturum
1321 882 1408 910 fuisse
1435 883 1521 914 illum,
1535 882 1582 917 qui
1599 887 1659 917 post
1687 881 1789 913 Iunium
1808 882 1833 908 ad

1066 927 1206 962 exemplar
1225 927 1440 954 Alexandrinum
1461 927 1552 954 omnia
1569 928 1690 962 denique
1703 928 1832 963 exegisset:

1068 975 1212 1010 siquidem,
1221 976 1325 1007 subdit,
1335 983 1366 1003 ea
1378 976 1493 1003 habetur
1502 977 1535 1004 de
1547 976 1715 1009 eruditione,
1723 976 1833 1004 industria

1068 1026 1095 1049 et
1111 1021 1164 1049 fide
1176 1020 1207 1049 D.
1225 1021 1299 1049 Junii
1313 1023 1384 1058 apud
1402 1030 1498 1050 omnes
1514 1022 1598 1054 fama,
1616 1026 1646 1049 ut
1659 1023 1780 1050 eamdem
1799 1031 1834 1050 su-

1069 1067 1192 1102 spicione
1204 1067 1295 1103 aliqua
1312 1067 1478 1096 labefactare
1493 1076 1548 1096 non
1560 1068 1671 1096 incivile
1684 1068 1763 1096 modo
1773 1089 1780 1101 ,
1800 1069 1835 1096 sed

1070 1113 1193 1147 iniquum
1209 1121 1323 1148 prorsus
1339 1114 1474 1142 videatur.
1496 1125 1505 1140 ι

1106 1157 1140 1184 At
1156 1159 1275 1193 pretium
1289 1158 1371 1186 fuerit
1381 1168 1471 1194 opera:
1488 1159 1532 1187 hic
1546 1159 1573 1186 in
1591 1160 1712 1187 medium
1725 1160 1827 1195 proferre

1069 1212 1131 1239 qua:
1143 1205 1169 1231 in
1181 1203 1298 1232 Juniana
1310 1204 1543 1232 Clenientinarum
1552 1206 1731 1241 epistolarum
1741 1206 1836 1234 editione

1070 1249 1147 1277 fuere
1164 1249 1198 1276 ab
1207 1249 1268 1284 ipso
1281 1248 1516 1285 Grabio(78-100)
1523 1249 1652 1277 adnotata
1661 1250 1717 1279 :sic
1728 1255 1805 1278 autent
1815 1259 1837 1278 se

1070 1295 1172 1322 habent
1183 1305 1191 1322 -.
1202 1305 1210 1320 ι
1221 1296 1289 1328 Qua:
1305 1303 1338 1322 ex
1354 1295 1501 1323 collatione
1513 1303 1566 1323 ms.
1582 1295 1689 1324 codicis
1700 1296 1837 1324 Alexandri-

1071 1341 1100 1368 ni
1113 1340 1333 1368 emcndationem
1348 1340 1482 1375 praebent,
1498 1340 1533 1368 ad
1555 1341 1613 1368 haec
1633 1340 1694 1368 fere
1713 1342 1793 1377 capita
1806 1350 1836 1369 re-

1071 1386 1219 1413 ducuntur.
1234 1385 1326 1412 Primo
1337 1386 1468 1412 nonnulla
1481 1385 1506 1412 in
1522 1385 1604 1413 editis
1612 1385 1784 1417 omittuntur,
1793 1392 1838 1420 qua

1071 1431 1100 1458 in
1116 1434 1262 1466 prototypo
1277 1434 1399 1462 exstant,
1416 1435 1445 1457 ut
1460 1439 1493 1458 ex
1512 1431 1645 1458 versione
1672 1430 1768 1459 Latina
1788 1439 1837 1458 con-

1072 1481 1142 1510 stat;
1159 1477 1282 1504 secundo
1298 1477 1372 1504 haud
1386 1484 1472 1512 pauca
1490 1477 1624 1504 vocabula
1646 1477 1748 1505 litteris
1761 1477 1836 1503 minia-

1073 1523 1109 1551 tis
1120 1523 1252 1555 eduntur,
1277 1530 1339 1558 qua:
1354 1523 1381 1550 in
1397 1523 1491 1551 codice
1509 1527 1641 1556 exstant,
1666 1523 1740 1558 quod
1760 1522 1838 1549 factum

1072 1577 1134 1597 esse
1156 1577 1172 1596 a
1199 1570 1347 1605 typothetis
1369 1570 1516 1597 verisimile
1538 1575 1597 1603 est;
1611 1571 1697 1598 tertio
1718 1574 1776 1598 sunt
1785 1569 1838 1596 haud

1073 1623 1169 1651 pauca,
1185 1623 1246 1651 qua:
1268 1623 1322 1643 non
1352 1620 1428 1644 recte
1454 1616 1602 1652 exscripsit
1624 1617 1735 1650 editor;
1763 1621 1840 1652 quarto

1072 1662 1204 1690 nonnulla
1216 1662 1295 1690 aliter
1310 1662 1413 1698 scripta
1426 1667 1594 1698 sunt,quam
1606 1663 1699 1690 editor
1711 1669 1840 1698 represen-

1072 1708 1141 1735 tavit
1154 1716 1187 1736 ex
1205 1709 1338 1745 singulari
1352 1709 1471 1744 quadam
1485 1709 1546 1745 ejus
1559 1710 1714 1745 opinione;
1740 1717 1788 1745 qua
1806 1708 1840 1735 ad-

1072 1753 1136 1781 duci
1169 1761 1225 1781 non
1254 1755 1358 1790 potuit,
1373 1759 1404 1782 ut
1433 1755 1611 1791 scriptionem
1637 1760 1758 1783 veterem
1781 1755 1840 1781 aliter

1072 1800 1224 1834 exhiberet,
1236 1809 1317 1836 quam
1330 1801 1482 1829 secundum
1496 1802 1636 1837 vulgarem
1647 1801 1782 1830 scribendi
1797 1808 1839 1827 mo-

1073 1855 1144 1879 rem;
1160 1849 1257 1883 quinto
1266 1856 1338 1883 saepe
1349 1856 1413 1875 cum
1429 1849 1487 1883 ipse
1502 1848 1573 1875 male
1587 1849 1776 1884 exscripserit,
1790 1856 1836 1875 cor-

1074 1893 1226 1922 rectionem
1245 1901 1278 1921 ex
1294 1894 1455 1929 conjectura
1468 1892 1544 1921 addit
1558 1892 1593 1920 ad
1608 1895 1775 1929 marginem;
1798 1899 1841 1927 quae

1074 1940 1210 1967 correctio
1224 1939 1252 1966 in
1267 1939 1327 1974 ipso
1340 1939 1435 1967 codice
1450 1940 1597 1975 reperitur.
1615 1949 1624 1965 ι
1640 1939 1778 1967 Hactenus
1791 1938 1841 1966 Gra-

1074 1986 1147 2014 bius.
1162 1985 1268 2019 Quibus
1276 1993 1342 2021 ergo
1358 1985 1433 2013 vitiis
1449 1986 1575 2013 laborant
1584 1986 1725 2014 editiones
1737 1985 1788 2013 fere
1798 1992 1842 2012 om-

1076 2040 1137 2064 nes,
1159 2036 1253 2068 utpote
1264 2039 1325 2067 qua:
1340 2031 1418 2058 fuere
1436 2031 1470 2059 ad
1485 2031 1633 2058 Junianam
1649 2037 1763 2060 exactaz.
1784 2030 1843 2057 Eam-

1075 2078 1136 2106 dem
1144 2077 1289 2105 Junianam
1301 2077 1448 2105 editionem
1459 2076 1732 2105 Helmstadiensibus
1740 2077 1802 2114 typis
1810 2084 1842 2103 ex-

1077 2124 1159 2159 primi
1179 2123 1287 2152 curavit
1311 2123 1472 2151 Ioacltimus
1492 2122 1614 2151 Joannes
1639 2122 1768 2151 Maderus
1791 2129 1844 2149 anno

1077 2170 1160 2201 1654,
1187 2174 1214 2198 et
1230 2177 1300 2197 nova
1319 2169 1480 2204 praefatione
1511 2168 1604 2195 addita
1627 2169 1778 2204 genuinum
1800 2174 1843 2195 esse

1079 2217 1153 2244 hunc
1168 2216 1318 2244 Clementis
1335 2216 1431 2248 fetum,
1447 2219 1544 2243 contra
1565 2215 1714 2250 quemdam
1736 2214 1844 2242 Luthera-

1082 2270 1123 2289 na:
1134 2261 1337 2288 communionis
1352 2261 1508 2296 theologum
1524 2259 1740 2288 demonstravit.
1750 2258 1845 2286 Joannes

1080 2307 1172 2335 Fellus
1186 2307 1384 2335 Oxoniensium
1419 2306 1535 2334 antistes
1559 2313 1632 2333 anno
1649 2306 1722 2333 1669
1733 2304 1844 2333 Oxoniiet

1081 2353 1149 2380 1687
1171 2352 1290 2379 Londini
1308 2351 1379 2379 in-8°
1390 2355 1535 2386 utramque
1555 2350 1708 2379 Clementis
1725 2350 1758 2378 ad
1770 2348 1844 2377 Corilr

1079 2400 1152 2427 thios
1167 2399 1323 2434 epistolam,
1341 2397 1442 2425 minori
1464 2397 1576 2434 quidem
1601 2397 1703 2430 forma,
1721 2396 1766 2425 sed
1792 2393 1846 2421 notis

1079 2453 1135 2473 non
1148 2445 1240 2472 minus
1256 2444 1345 2472 doctis
1362 2443 1541 2478 conspicuam
1557 2442 1776 2478 repraesentavit.
1789 2439 1844 2467 Prior

1079 2493 1113 2520 ad
1125 2491 1285 2519 Corinthios
1305 2490 1420 2525 epistola
1435 2489 1532 2517 Latine
1549 2489 1685 2516 duntaxat
1697 2489 1768 2516 inter
1786 2486 1846 2514 Fran-

1079 2539 1146 2566 cisci
1158 2538 1233 2566 Reus
1247 2537 1330 2565 Mella
1340 2537 1452 2565 Patrum
1468 2536 1584 2564 Londini
1597 2536 1669 2563 in-8'
1685 2535 1754 2563 1650
1764 2532 1845 2566 conspi-

1079 2585 1162 2612 citur.
1173 2584 1253 2612 Anno
1267 2584 1349 2617 1672,
1360 2584 1410 2611 has
1423 2583 1555 2618 epistolas
1564 2590 1635 2610 nova
1646 2580 1847 2617 interpretationa

1081 2631 1216 2665 novisque
1236 2630 1311 2658 notis
1328 2630 1477 2656 adornatas
1502 2628 1591 2656 Paris.
1617 2627 1713 2656 in-fol.
1734 2628 1761 2655 in
1781 2627 1844 2653 lucem

1082 2677 1175 2705 emisit
1191 2676 1272 2704 Joan.
1285 2675 1440 2704 Cotelerius
1461 2675 1559 2703 doctor
1572 2674 1710 2702 Sorbonat
1737 2674 1764 2701 in
1787 2678 1844 2707 opm

1081 2754 1233 2781 versionem
1243 2753 1311 2781 LXX
1320 2753 1469 2784 seniorum,
1482 2760 1542 2787 cap.
1556 2752 1585 2781 ‘2.
1604 2752 1618 2786 §
1635 2753 1660 2779 1.

1191 2789 1300 2816 Pra:fat.
1318 2789 1351 2817 ad
1366 2785 1541 2824 epistolam]
1564 2785 1665 2820 Cicin.,
1682 2786 1751 2815 edit.
1762 2785 1843 2814 Oxon”

1082 2825 1443 2895 ib??§-l00)0rabius.apud
1458 2859 1630 2889 Wottonum.
1645 2858 1680 2886 ad
1692 2858 1789 2886 calcent
1805 2853 1844 2888 Eli“

1082 2896 1157 2924 stola:
1182 2895 1326 2928 Cletnent.,
1342 2903 1368 2931 p.
1383 2895 1443 2923 10L
