  <div class='ocr_page' id='page_1' title='image "/cluster/home/n/w/nwhite01/storage/ocr_20150623/1/njp.32101077772331/140.png"; bbox 0 0 1875 3101; ppageno 0'>
   <div class='ocr_carea' id='block_1_1' title="bbox 700 133 1080 163">
    <p class='ocr_par' dir='ltr' id='par_1_1' title="bbox 700 133 1080 163">
     <span class='ocr_line' id='line_1_1' title="bbox 700 133 1080 163; baseline 0 -1"><span class='ocrx_word' id='word_1_1' title='bbox 700 134 845 163; x_wconf 58' lang='lat' dir='ltr'><strong>PROQ)!&quot;</strong></span> <span class='ocrx_word' id='word_1_2' title='bbox 854 133 871 162; x_wconf 56' lang='grc'><strong>1</strong></span> <span class='ocrx_word' id='word_1_3' title='bbox 890 133 1080 162; x_wconf 65' lang='grc' dir='ltr'><strong>νΑῐιιοιιυΜ.</strong></span> 
     </span>
    </p>
   </div>
   <div class='ocr_carea' id='block_1_2' title="bbox 1651 135 1704 164">
    <p class='ocr_par' dir='ltr' id='par_1_2' title="bbox 1651 135 1704 164">
     <span class='ocr_line' id='line_1_2' title="bbox 1651 135 1704 164; baseline 0 0"><span class='ocrx_word' id='word_1_4' title='bbox 1651 135 1704 164; x_wconf 71' lang='lat'><strong>18!</strong></span> 
     </span>
    </p>
   </div>
   <div class='ocr_carea' id='block_1_3' title="bbox 89 191 1703 228">
    <p class='ocr_par' dir='ltr' id='par_1_3' title="bbox 89 191 1703 228">
     <span class='ocr_line' id='line_1_3' title="bbox 89 191 1703 228; baseline -0.002 -5"><span class='ocrx_word' id='word_1_5' title='bbox 89 194 258 224; x_wconf 79' lang='lat' dir='ltr'><strong>celeberrimo</strong></span> <span class='ocrx_word' id='word_1_6' title='bbox 282 194 317 221; x_wconf 84' lang='lat' dir='ltr'><strong>de</strong></span> <span class='ocrx_word' id='word_1_7' title='bbox 343 192 472 221; x_wconf 84' lang='lat' dir='ltr'><strong>Patribus</strong></span> <span class='ocrx_word' id='word_1_8' title='bbox 495 191 663 228; x_wconf 73' lang='lat' dir='ltr'><strong>apostolicis.</strong></span> <span class='ocrx_word' id='word_1_9' title='bbox 684 191 738 219; x_wconf 87' lang='lat' dir='ltr'><strong>Eas</strong></span> <span class='ocrx_word' id='word_1_10' title='bbox 756 198 865 226; x_wconf 87' lang='lat' dir='ltr'><strong>quoque</strong></span> <span class='ocrx_word' id='word_1_11' title='bbox 879 193 903 221; x_wconf 77' lang='grc' dir='ltr'>Α</span> <span class='ocrx_word' id='word_1_12' title='bbox 919 199 1031 226; x_wconf 90' lang='lat' dir='ltr'><strong>parasse</strong></span> <span class='ocrx_word' id='word_1_13' title='bbox 1045 197 1195 225; x_wconf 78' lang='lat' dir='ltr'><strong>assereret,</strong></span> <span class='ocrx_word' id='word_1_14' title='bbox 1214 197 1241 220; x_wconf 90' lang='lat' dir='ltr'><strong>et</strong></span> <span class='ocrx_word' id='word_1_15' title='bbox 1256 194 1358 228; x_wconf 81' lang='lat' dir='ltr'><strong>passim</strong></span> <span class='ocrx_word' id='word_1_16' title='bbox 1368 202 1402 222; x_wconf 81' lang='lat' dir='ltr'><strong>ex</strong></span> <span class='ocrx_word' id='word_1_17' title='bbox 1415 194 1612 222; x_wconf 83' lang='lat' dir='ltr'><strong>eoaccuratior</strong></span> <span class='ocrx_word' id='word_1_18' title='bbox 1624 195 1703 223; x_wconf 76' lang='lat' dir='ltr'><strong>reddi</strong></span> 
     </span>
    </p>
   </div>
   <div class='ocr_carea' id='block_1_4' title="bbox 88 237 864 273">
    <p class='ocr_par' dir='ltr' id='par_1_4' title="bbox 88 237 864 273">
     <span class='ocr_line' id='line_1_4' title="bbox 88 237 864 273; baseline -0.008 -4"><span class='ocrx_word' id='word_1_19' title='bbox 88 241 217 269; x_wconf 87' lang='lat' dir='ltr'><strong>recensuit</strong></span> <span class='ocrx_word' id='word_1_20' title='bbox 241 247 271 267; x_wconf 89' lang='lat' dir='ltr'><strong>ac</strong></span> <span class='ocrx_word' id='word_1_21' title='bbox 296 243 424 266; x_wconf 85' lang='lat' dir='ltr'><strong>notarum</strong></span> <span class='ocrx_word' id='word_1_22' title='bbox 446 238 618 273; x_wconf 68' lang='lat' dir='ltr'><strong>spicilegium</strong></span> <span class='ocrx_word' id='word_1_23' title='bbox 634 237 744 273; x_wconf 78' lang='lat' dir='ltr'><strong>collegit</strong></span> <span class='ocrx_word' id='word_1_24' title='bbox 762 237 864 264; x_wconf 80' lang='lat' dir='ltr'><strong>Paulus</strong></span> 
     </span>
    </p>
   </div>
   <div class='ocr_carea' id='block_1_5' title="bbox 88 282 864 316">
    <p class='ocr_par' dir='ltr' id='par_1_5' title="bbox 88 282 864 316">
     <span class='ocr_line' id='line_1_5' title="bbox 88 282 864 316; baseline -0.006 -3"><span class='ocrx_word' id='word_1_25' title='bbox 88 285 248 314; x_wconf 83' lang='lat' dir='ltr'><strong>Colomesius</strong></span> <span class='ocrx_word' id='word_1_26' title='bbox 260 292 332 311; x_wconf 86' lang='lat' dir='ltr'><strong>anno</strong></span> <span class='ocrx_word' id='word_1_27' title='bbox 344 283 412 310; x_wconf 89' lang='lat'><strong>1687</strong></span> <span class='ocrx_word' id='word_1_28' title='bbox 423 282 539 310; x_wconf 84' lang='lat' dir='ltr'><strong>Londini</strong></span> <span class='ocrx_word' id='word_1_29' title='bbox 552 291 578 309; x_wconf 83' lang='grc' dir='ltr'><strong>ιιι</strong></span> <span class='ocrx_word' id='word_1_30' title='bbox 586 282 634 315; x_wconf 71' lang='grc' dir='ltr'><strong>αὸο,</strong></span> <span class='ocrx_word' id='word_1_31' title='bbox 644 290 705 316; x_wconf 70' lang='lat' dir='ltr'><strong>quae</strong></span> <span class='ocrx_word' id='word_1_32' title='bbox 717 282 800 309; x_wconf 91' lang='lat' dir='ltr'><strong>editio</strong></span> <span class='ocrx_word' id='word_1_33' title='bbox 812 282 864 308; x_wconf 88' lang='lat' dir='ltr'><strong>ite-</strong></span> 
     </span>
    </p>
   </div>
   <div class='ocr_carea' id='block_1_6' title="bbox 88 327 865 365">
    <p class='ocr_par' dir='ltr' id='par_1_6' title="bbox 88 327 865 365">
     <span class='ocr_line' id='line_1_6' title="bbox 88 327 865 365; baseline -0.006 -5"><span class='ocrx_word' id='word_1_34' title='bbox 88 338 141 361; x_wconf 87' lang='lat' dir='ltr'><strong>rata</strong></span> <span class='ocrx_word' id='word_1_35' title='bbox 156 331 338 360; x_wconf 88' lang='lat' dir='ltr'><strong>acemendata</strong></span> <span class='ocrx_word' id='word_1_36' title='bbox 353 330 454 365; x_wconf 88' lang='lat' dir='ltr'><strong>prodiit</strong></span> <span class='ocrx_word' id='word_1_37' title='bbox 468 329 559 357; x_wconf 84' lang='lat' dir='ltr'><strong>denuo</strong></span> <span class='ocrx_word' id='word_1_38' title='bbox 571 328 641 356; x_wconf 82' lang='grc'>1694</span> <span class='ocrx_word' id='word_1_39' title='bbox 657 328 769 356; x_wconf 84' lang='lat' dir='ltr'><strong>ibidem.</strong></span> <span class='ocrx_word' id='word_1_40' title='bbox 786 327 865 355; x_wconf 83' lang='lat' dir='ltr'><strong>Cote-</strong></span> 
     </span>
    </p>
   </div>
   <div class='ocr_carea' id='block_1_7' title="bbox 89 374 864 412">
    <p class='ocr_par' dir='ltr' id='par_1_7' title="bbox 89 374 864 412">
     <span class='ocr_line' id='line_1_7' title="bbox 89 374 864 412; baseline -0.009 -6"><span class='ocrx_word' id='word_1_41' title='bbox 89 379 140 406; x_wconf 84' lang='lat' dir='ltr'><strong>lerii</strong></span> <span class='ocrx_word' id='word_1_42' title='bbox 155 377 407 412; x_wconf 71' lang='lat' dir='ltr'><strong>interpretationem</strong></span> <span class='ocrx_word' id='word_1_43' title='bbox 422 375 539 410; x_wconf 83' lang='lat' dir='ltr'><strong>adjectis</strong></span> <span class='ocrx_word' id='word_1_44' title='bbox 554 375 612 401; x_wconf 86' lang='lat' dir='ltr'><strong>suis</strong></span> <span class='ocrx_word' id='word_1_45' title='bbox 630 374 732 401; x_wconf 87' lang='lat' dir='ltr'><strong>nolulis</strong></span> <span class='ocrx_word' id='word_1_46' title='bbox 751 374 864 408; x_wconf 81' lang='lat' dir='ltr'><strong>evulga-</strong></span> 
     </span>
    </p>
   </div>
   <div class='ocr_carea' id='block_1_8' title="bbox 88 419 863 456">
    <p class='ocr_par' dir='ltr' id='par_1_8' title="bbox 88 419 863 456">
     <span class='ocr_line' id='line_1_8' title="bbox 88 419 863 456; baseline -0.01 -3"><span class='ocrx_word' id='word_1_47' title='bbox 88 426 121 453; x_wconf 81' lang='lat' dir='ltr'><strong>vit</strong></span> <span class='ocrx_word' id='word_1_48' title='bbox 140 423 260 452; x_wconf 87' lang='lat' dir='ltr'><strong>Clericus</strong></span> <span class='ocrx_word' id='word_1_49' title='bbox 281 422 446 456; x_wconf 61' lang='lat' dir='ltr'><strong>Antwerpia‘.</strong></span> <span class='ocrx_word' id='word_1_50' title='bbox 470 429 518 448; x_wconf 82' lang='lat' dir='ltr'><strong>seu</strong></span> <span class='ocrx_word' id='word_1_51' title='bbox 549 420 641 448; x_wconf 82' lang='lat' dir='ltr'><strong>verius</strong></span> <span class='ocrx_word' id='word_1_52' title='bbox 660 419 863 448; x_wconf 61' lang='lat' dir='ltr'><strong>Amstmlodami</strong></span> 
     </span>
    </p>
   </div>
   <div class='ocr_carea' id='block_1_9' title="bbox 87 465 863 500">
    <p class='ocr_par' dir='ltr' id='par_1_9' title="bbox 87 465 863 500">
     <span class='ocr_line' id='line_1_9' title="bbox 87 465 863 500; baseline -0.01 -2"><span class='ocrx_word' id='word_1_53' title='bbox 87 478 152 498; x_wconf 87' lang='lat' dir='ltr'><strong>anno</strong></span> <span class='ocrx_word' id='word_1_54' title='bbox 166 469 233 497; x_wconf 83' lang='lat'><strong>1698</strong></span> <span class='ocrx_word' id='word_1_55' title='bbox 245 468 273 495; x_wconf 89' lang='lat' dir='ltr'><strong>in</strong></span> <span class='ocrx_word' id='word_1_56' title='bbox 288 467 451 495; x_wconf 84' lang='lat' dir='ltr'><strong>collectione</strong></span> <span class='ocrx_word' id='word_1_57' title='bbox 464 465 576 493; x_wconf 83' lang='lat' dir='ltr'><strong>Patrum</strong></span> <span class='ocrx_word' id='word_1_58' title='bbox 592 465 819 500; x_wconf 82' lang='lat' dir='ltr'><strong>apostolicorum,</strong></span> <span class='ocrx_word' id='word_1_59' title='bbox 836 468 863 492; x_wconf 90' lang='lat' dir='ltr'><strong>et</strong></span> 
     </span>
    </p>
   </div>
   <div class='ocr_carea' id='block_1_10' title="bbox 89 510 862 543">
    <p class='ocr_par' dir='ltr' id='par_1_10' title="bbox 89 510 862 543">
     <span class='ocr_line' id='line_1_10' title="bbox 89 510 862 543; baseline -0.009 0"><span class='ocrx_word' id='word_1_60' title='bbox 89 516 187 543; x_wconf 85' lang='lat' dir='ltr'><strong>auctius</strong></span> <span class='ocrx_word' id='word_1_61' title='bbox 201 514 290 541; x_wconf 90' lang='lat' dir='ltr'><strong>adhuc</strong></span> <span class='ocrx_word' id='word_1_62' title='bbox 303 520 376 540; x_wconf 90' lang='lat' dir='ltr'><strong>anno</strong></span> <span class='ocrx_word' id='word_1_63' title='bbox 389 512 458 539; x_wconf 68' lang='grc'>1724</span> <span class='ocrx_word' id='word_1_64' title='bbox 476 512 575 539; x_wconf 81' lang='lat' dir='ltr'><strong>ibidem</strong></span> <span class='ocrx_word' id='word_1_65' title='bbox 594 511 685 538; x_wconf 87' lang='lat' dir='ltr'><strong>in-l‘ol.</strong></span> <span class='ocrx_word' id='word_1_66' title='bbox 702 510 862 538; x_wconf 85' lang='lat' dir='ltr'><strong>Collectioni</strong></span> 
     </span>
    </p>
   </div>
   <div class='ocr_carea' id='block_1_11' title="bbox 87 556 863 596">
    <p class='ocr_par' dir='ltr' id='par_1_11' title="bbox 87 556 863 596">
     <span class='ocr_line' id='line_1_11' title="bbox 87 556 863 596; baseline -0.008 -7"><span class='ocrx_word' id='word_1_67' title='bbox 87 563 189 596; x_wconf 86' lang='lat' dir='ltr'><strong>insuper</strong></span> <span class='ocrx_word' id='word_1_68' title='bbox 213 559 394 587; x_wconf 89' lang='lat' dir='ltr'><strong>conciliorum</strong></span> <span class='ocrx_word' id='word_1_69' title='bbox 413 566 476 586; x_wconf 88' lang='lat' dir='ltr'><strong>cum</strong></span> <span class='ocrx_word' id='word_1_70' title='bbox 496 557 647 585; x_wconf 69' lang='lat' dir='ltr'><strong>Labheanze</strong></span> <span class='ocrx_word' id='word_1_71' title='bbox 666 561 725 584; x_wconf 94' lang='lat' dir='ltr'><strong>tum</strong></span> <span class='ocrx_word' id='word_1_72' title='bbox 744 556 863 584; x_wconf 88' lang='lat' dir='ltr'><strong>Mansia-</strong></span> 
     </span>
    </p>
   </div>
   <div class='ocr_carea' id='block_1_12' title="bbox 87 602 856 644">
    <p class='ocr_par' dir='ltr' id='par_1_12' title="bbox 87 602 856 644">
     <span class='ocr_line' id='line_1_12' title="bbox 87 602 856 644; baseline -0.012 -8"><span class='ocrx_word' id='word_1_73' title='bbox 87 618 132 640; x_wconf 61' lang='lat' dir='ltr'><strong>ua,</strong></span> <span class='ocrx_word' id='word_1_74' title='bbox 155 617 184 636; x_wconf 92' lang='lat' dir='ltr'><strong>ac</strong></span> <span class='ocrx_word' id='word_1_75' title='bbox 208 608 298 644; x_wconf 93' lang='lat' dir='ltr'><strong>primo</strong></span> <span class='ocrx_word' id='word_1_76' title='bbox 313 606 448 633; x_wconf 85' lang='lat' dir='ltr'><strong>volumini</strong></span> <span class='ocrx_word' id='word_1_77' title='bbox 484 603 663 639; x_wconf 76' lang='lat' dir='ltr'><strong>Epistolarum</strong></span> <span class='ocrx_word' id='word_1_78' title='bbox 678 602 856 629; x_wconf 84' lang='lat' dir='ltr'><strong>Romanorum</strong></span> 
     </span>
    </p>
   </div>
   <div class='ocr_carea' id='block_1_13' title="bbox 84 649 861 688">
    <p class='ocr_par' dir='ltr' id='par_1_13' title="bbox 84 649 861 688">
     <span class='ocr_line' id='line_1_13' title="bbox 84 649 861 688; baseline -0.006 -7"><span class='ocrx_word' id='word_1_79' title='bbox 84 655 226 688; x_wconf 81' lang='lat' dir='ltr'><strong>pontiﬁcum</strong></span> <span class='ocrx_word' id='word_1_80' title='bbox 275 652 414 680; x_wconf 84' lang='lat' dir='ltr'><strong>Coutantii</strong></span> <span class='ocrx_word' id='word_1_81' title='bbox 453 651 577 686; x_wconf 78' lang='lat' dir='ltr'><strong>epistolae</strong></span> <span class='ocrx_word' id='word_1_82' title='bbox 608 649 726 685; x_wconf 65' lang='lat' dir='ltr'><strong>prmfatte</strong></span> <span class='ocrx_word' id='word_1_83' title='bbox 751 649 861 676; x_wconf 61' lang='lat' dir='ltr'><strong>insertae</strong></span> 
     </span>
    </p>
   </div>
   <div class='ocr_carea' id='block_1_14' title="bbox 86 694 860 731">
    <p class='ocr_par' dir='ltr' id='par_1_14' title="bbox 86 694 860 731">
     <span class='ocr_line' id='line_1_14' title="bbox 86 694 860 731; baseline -0.008 -4"><span class='ocrx_word' id='word_1_84' title='bbox 86 705 151 727; x_wconf 84' lang='lat' dir='ltr'><strong>sunt.</strong></span> <span class='ocrx_word' id='word_1_85' title='bbox 170 699 248 726; x_wconf 79' lang='lat' dir='ltr'><strong>Anno</strong></span> <span class='ocrx_word' id='word_1_86' title='bbox 273 698 359 730; x_wconf 87' lang='lat'><strong>1718,</strong></span> <span class='ocrx_word' id='word_1_87' title='bbox 381 696 614 731; x_wconf 81' lang='lat' dir='ltr'><strong>Cantabrigiensis</strong></span> <span class='ocrx_word' id='word_1_88' title='bbox 635 695 702 722; x_wconf 84' lang='lat' dir='ltr'><strong>satis</strong></span> <span class='ocrx_word' id='word_1_89' title='bbox 720 694 860 722; x_wconf 89' lang='lat' dir='ltr'><strong>luculenta</strong></span> 
     </span>
    </p>
   </div>
   <div class='ocr_carea' id='block_1_15' title="bbox 85 741 861 780">
    <p class='ocr_par' dir='ltr' id='par_1_15' title="bbox 85 741 861 780">
     <span class='ocr_line' id='line_1_15' title="bbox 85 741 861 780; baseline -0.005 -7"><span class='ocrx_word' id='word_1_90' title='bbox 85 747 171 773; x_wconf 89' lang='lat' dir='ltr'><strong>harum</strong></span> <span class='ocrx_word' id='word_1_91' title='bbox 187 745 365 780; x_wconf 84' lang='lat' dir='ltr'><strong>epistularum</strong></span> <span class='ocrx_word' id='word_1_92' title='bbox 381 743 466 771; x_wconf 87' lang='lat' dir='ltr'><strong>editio</strong></span> <span class='ocrx_word' id='word_1_93' title='bbox 478 743 506 770; x_wconf 90' lang='lat' dir='ltr'><strong>in</strong></span> <span class='ocrx_word' id='word_1_94' title='bbox 520 742 618 777; x_wconf 79' lang='lat' dir='ltr'><strong>vulgus</strong></span> <span class='ocrx_word' id='word_1_95' title='bbox 633 741 735 776; x_wconf 89' lang='lat' dir='ltr'><strong>prodiit</strong></span> <span class='ocrx_word' id='word_1_96' title='bbox 755 748 861 769; x_wconf 82' lang='lat' dir='ltr'><strong>summa</strong></span> 
     </span>
    </p>
   </div>
   <div class='ocr_carea' id='block_1_16' title="bbox 83 787 861 821">
    <p class='ocr_par' dir='ltr' id='par_1_16' title="bbox 83 787 861 821">
     <span class='ocr_line' id='line_1_16' title="bbox 83 787 861 821; baseline -0.009 -1"><span class='ocrx_word' id='word_1_97' title='bbox 83 800 142 820; x_wconf 88' lang='lat' dir='ltr'><strong>cura</strong></span> <span class='ocrx_word' id='word_1_98' title='bbox 164 791 273 819; x_wconf 82' lang='lat' dir='ltr'><strong>Henrici</strong></span> <span class='ocrx_word' id='word_1_99' title='bbox 295 789 416 816; x_wconf 83' lang='lat' dir='ltr'><strong>Wottoni</strong></span> <span class='ocrx_word' id='word_1_100' title='bbox 439 788 593 821; x_wconf 84' lang='lat' dir='ltr'><strong>elaborata;</strong></span> <span class='ocrx_word' id='word_1_101' title='bbox 615 795 676 814; x_wconf 86' lang='lat' dir='ltr'><strong>eam</strong></span> <span class='ocrx_word' id='word_1_102' title='bbox 692 787 764 814; x_wconf 91' lang='lat' dir='ltr'><strong>enim</strong></span> <span class='ocrx_word' id='word_1_103' title='bbox 788 787 861 814; x_wconf 85' lang='lat' dir='ltr'><strong>haud</strong></span> 
     </span>
    </p>
   </div>
   <div class='ocr_carea' id='block_1_17' title="bbox 83 833 861 872">
    <p class='ocr_par' dir='ltr' id='par_1_17' title="bbox 83 833 861 872">
     <span class='ocr_line' id='line_1_17' title="bbox 83 833 861 872; baseline -0.006 -8"><span class='ocrx_word' id='word_1_104' title='bbox 83 837 158 865; x_wconf 84' lang='lat' dir='ltr'><strong>semel</strong></span> <span class='ocrx_word' id='word_1_105' title='bbox 171 837 281 872; x_wconf 79' lang='lat' dir='ltr'><strong>exigens</strong></span> <span class='ocrx_word' id='word_1_106' title='bbox 298 844 324 864; x_wconf 83' lang='grc' dir='ltr'><strong>ν.</strong></span> <span class='ocrx_word' id='word_1_107' title='bbox 345 836 381 863; x_wconf 83' lang='lat' dir='ltr'><strong>cl.</strong></span> <span class='ocrx_word' id='word_1_108' title='bbox 400 834 433 862; x_wconf 87' lang='lat' dir='ltr'><strong>ad</strong></span> <span class='ocrx_word' id='word_1_109' title='bbox 450 834 528 862; x_wconf 84' lang='lat' dir='ltr'><strong>ﬁdem</strong></span> <span class='ocrx_word' id='word_1_110' title='bbox 553 841 605 861; x_wconf 92' lang='lat' dir='ltr'><strong>ms.</strong></span> <span class='ocrx_word' id='word_1_111' title='bbox 625 833 729 860; x_wconf 89' lang='lat' dir='ltr'><strong>codicis</strong></span> <span class='ocrx_word' id='word_1_112' title='bbox 745 833 861 860; x_wconf 83' lang='lat' dir='ltr'><strong>Alexan-</strong></span> 
     </span>
    </p>
   </div>
   <div class='ocr_carea' id='block_1_18' title="bbox 916 238 1401 274">
    <p class='ocr_par' dir='ltr' id='par_1_18' title="bbox 916 238 1401 274">
     <span class='ocr_line' id='line_1_18' title="bbox 916 238 1401 274; baseline 0.006 -10"><span class='ocrx_word' id='word_1_113' title='bbox 916 238 1000 265; x_wconf 86' lang='lat' dir='ltr'><strong>editio</strong></span> <span class='ocrx_word' id='word_1_114' title='bbox 1015 239 1145 274; x_wconf 87' lang='lat' dir='ltr'><strong>potuerit,</strong></span> <span class='ocrx_word' id='word_1_115' title='bbox 1164 243 1234 267; x_wconf 86' lang='lat' dir='ltr'><strong>teste</strong></span> <span class='ocrx_word' id='word_1_116' title='bbox 1248 239 1401 268; x_wconf 86' lang='lat' dir='ltr'><strong>Gallandio.</strong></span> 
     </span>
    </p>
   </div>
   <div class='ocr_carea' id='block_1_19' title="bbox 951 284 1704 322">
    <p class='ocr_par' dir='ltr' id='par_1_19' title="bbox 951 284 1704 322">
     <span class='ocr_line' id='line_1_19' title="bbox 951 284 1704 322; baseline 0.003 -12"><span class='ocrx_word' id='word_1_117' title='bbox 951 284 1043 319; x_wconf 81' lang='lat' dir='ltr'><strong>Nuper</strong></span> <span class='ocrx_word' id='word_1_118' title='bbox 1061 285 1169 312; x_wconf 85' lang='lat' dir='ltr'><strong>tandem</strong></span> <span class='ocrx_word' id='word_1_119' title='bbox 1185 294 1211 313; x_wconf 89' lang='lat' dir='ltr'><strong>v.</strong></span> <span class='ocrx_word' id='word_1_120' title='bbox 1224 286 1259 313; x_wconf 91' lang='lat' dir='ltr'><strong>cl.</strong></span> <span class='ocrx_word' id='word_1_121' title='bbox 1275 286 1399 313; x_wconf 86' lang='lat' dir='ltr'><strong>Andreas</strong></span> <span class='ocrx_word' id='word_1_122' title='bbox 1414 285 1574 313; x_wconf 88' lang='lat' dir='ltr'><strong>Gallandius</strong></span> <span class='ocrx_word' id='word_1_123' title='bbox 1589 285 1704 322; x_wconf 87' lang='lat' dir='ltr'><strong>presby-</strong></span> 
     </span>
    </p>
   </div>
   <div class='ocr_carea' id='block_1_20' title="bbox 915 331 1705 366">
    <p class='ocr_par' dir='ltr' id='par_1_20' title="bbox 915 331 1705 366">
     <span class='ocr_line' id='line_1_20' title="bbox 915 331 1705 366; baseline 0.003 -9"><span class='ocrx_word' id='word_1_124' title='bbox 915 335 957 357; x_wconf 87' lang='lat' dir='ltr'><strong>ter</strong></span> <span class='ocrx_word' id='word_1_125' title='bbox 967 331 1189 366; x_wconf 78' lang='lat' dir='ltr'><strong>congregationis</strong></span> <span class='ocrx_word' id='word_1_126' title='bbox 1200 331 1319 359; x_wconf 91' lang='lat' dir='ltr'><strong>Oratorii</strong></span> <span class='ocrx_word' id='word_1_127' title='bbox 1331 331 1360 359; x_wconf 88' lang='lat' dir='ltr'><strong>S.</strong></span> <span class='ocrx_word' id='word_1_128' title='bbox 1374 331 1492 366; x_wconf 84' lang='lat' dir='ltr'><strong>Philippi</strong></span> <span class='ocrx_word' id='word_1_129' title='bbox 1504 331 1705 363; x_wconf 87' lang='lat' dir='ltr'><strong>Nerii,antece-</strong></span> 
     </span>
    </p>
   </div>
   <div class='ocr_carea' id='block_1_21' title="bbox 915 376 1702 408">
    <p class='ocr_par' dir='ltr' id='par_1_21' title="bbox 915 376 1702 408">
     <span class='ocr_line' id='line_1_21' title="bbox 915 376 1702 408; baseline 0 -4"><span class='ocrx_word' id='word_1_130' title='bbox 915 377 1037 404; x_wconf 91' lang='lat' dir='ltr'><strong>dentium</strong></span> <span class='ocrx_word' id='word_1_131' title='bbox 1064 378 1186 404; x_wconf 91' lang='lat' dir='ltr'><strong>omnium</strong></span> <span class='ocrx_word' id='word_1_132' title='bbox 1211 377 1362 404; x_wconf 80' lang='lat' dir='ltr'><strong>editionum</strong></span> <span class='ocrx_word' id='word_1_133' title='bbox 1393 376 1518 404; x_wconf 85' lang='lat' dir='ltr'><strong>subsidio</strong></span> <span class='ocrx_word' id='word_1_134' title='bbox 1536 376 1702 408; x_wconf 83' lang='lat' dir='ltr'><strong>instructus,</strong></span> 
     </span>
    </p>
   </div>
   <div class='ocr_carea' id='block_1_22' title="bbox 914 421 1703 458">
    <p class='ocr_par' dir='ltr' id='par_1_22' title="bbox 914 421 1703 458">
     <span class='ocr_line' id='line_1_22' title="bbox 914 421 1703 458; baseline -0.003 -8"><span class='ocrx_word' id='word_1_135' title='bbox 914 423 1154 451; x_wconf 86' lang='lat' dir='ltr'><strong>emendatissitnas</strong></span> <span class='ocrx_word' id='word_1_136' title='bbox 1173 427 1200 450; x_wconf 89' lang='lat' dir='ltr'><strong>et</strong></span> <span class='ocrx_word' id='word_1_137' title='bbox 1213 423 1441 458; x_wconf 80' lang='lat' dir='ltr'><strong>castigatissimas</strong></span> <span class='ocrx_word' id='word_1_138' title='bbox 1457 422 1539 450; x_wconf 85' lang='lat' dir='ltr'><strong>edere</strong></span> <span class='ocrx_word' id='word_1_139' title='bbox 1553 421 1628 449; x_wconf 87' lang='lat' dir='ltr'><strong>omni</strong></span> <span class='ocrx_word' id='word_1_140' title='bbox 1642 425 1703 449; x_wconf 84' lang='lat' dir='ltr'><strong>stu-</strong></span> 
     </span>
    </p>
   </div>
   <div class='ocr_carea' id='block_1_23' title="bbox 913 467 1702 504">
    <p class='ocr_par' dir='ltr' id='par_1_23' title="bbox 913 467 1702 504">
     <span class='ocr_line' id='line_1_23' title="bbox 913 467 1702 504; baseline 0 -8"><span class='ocrx_word' id='word_1_141' title='bbox 913 469 959 496; x_wconf 90' lang='lat' dir='ltr'><strong>dio</strong></span> <span class='ocrx_word' id='word_1_142' title='bbox 976 476 1008 496; x_wconf 87' lang='lat' dir='ltr'><strong>ac</strong></span> <span class='ocrx_word' id='word_1_143' title='bbox 1022 477 1103 504; x_wconf 85' lang='lat' dir='ltr'><strong>opere</strong></span> <span class='ocrx_word' id='word_1_144' title='bbox 1125 469 1238 497; x_wconf 86' lang='lat' dir='ltr'><strong>adnisus</strong></span> <span class='ocrx_word' id='word_1_145' title='bbox 1258 474 1300 497; x_wconf 88' lang='lat' dir='ltr'><strong>est</strong></span> <span class='ocrx_word' id='word_1_146' title='bbox 1315 470 1398 496; x_wconf 77' lang='lat' dir='ltr'><strong>hasce</strong></span> <span class='ocrx_word' id='word_1_147' title='bbox 1411 469 1558 496; x_wconf 88' lang='lat' dir='ltr'><strong>Clementis</strong></span> <span class='ocrx_word' id='word_1_148' title='bbox 1572 467 1702 503; x_wconf 71' lang='lat' dir='ltr'><strong>epistolas</strong></span> 
     </span>
    </p>
   </div>
   <div class='ocr_carea' id='block_1_24' title="bbox 915 514 1704 549">
    <p class='ocr_par' dir='ltr' id='par_1_24' title="bbox 915 514 1704 549">
     <span class='ocr_line' id='line_1_24' title="bbox 915 514 1704 549; baseline -0.001 -8"><span class='ocrx_word' id='word_1_149' title='bbox 915 515 941 541; x_wconf 95' lang='lat' dir='ltr'><strong>in</strong></span> <span class='ocrx_word' id='word_1_150' title='bbox 958 522 1007 542; x_wconf 89' lang='lat' dir='ltr'><strong>sua</strong></span> <span class='ocrx_word' id='word_1_151' title='bbox 1036 514 1198 542; x_wconf 79' lang='lat' dir='ltr'><strong>Bibliotheca</strong></span> <span class='ocrx_word' id='word_1_152' title='bbox 1208 520 1321 542; x_wconf 77' lang='lat' dir='ltr'><strong>veterum</strong></span> <span class='ocrx_word' id='word_1_153' title='bbox 1334 515 1445 543; x_wconf 83' lang='lat' dir='ltr'><strong>Patrum</strong></span> <span class='ocrx_word' id='word_1_154' title='bbox 1482 521 1564 549; x_wconf 86' lang='lat' dir='ltr'><strong>opere</strong></span> <span class='ocrx_word' id='word_1_155' title='bbox 1577 514 1629 540; x_wconf 60' lang='grc' dir='ltr'><strong>κυιὶ</strong></span> <span class='ocrx_word' id='word_1_156' title='bbox 1654 521 1704 541; x_wconf 80' lang='lat' dir='ltr'><strong>ex-</strong></span> 
     </span>
    </p>
   </div>
   <div class='ocr_carea' id='block_1_25' title="bbox 914 559 1702 594">
    <p class='ocr_par' dir='ltr' id='par_1_25' title="bbox 914 559 1702 594">
     <span class='ocr_line' id='line_1_25' title="bbox 914 559 1702 594; baseline -0.003 -6"><span class='ocrx_word' id='word_1_157' title='bbox 914 560 1126 592; x_wconf 86' lang='lat' dir='ltr'><strong>cellentissimo,</strong></span> <span class='ocrx_word' id='word_1_158' title='bbox 1144 564 1171 587; x_wconf 88' lang='lat' dir='ltr'><strong>et</strong></span> <span class='ocrx_word' id='word_1_159' title='bbox 1195 561 1331 593; x_wconf 81' lang='lat' dir='ltr'><strong>utilitatis,</strong></span> <span class='ocrx_word' id='word_1_160' title='bbox 1357 568 1438 594; x_wconf 90' lang='lat' dir='ltr'><strong>quam</strong></span> <span class='ocrx_word' id='word_1_161' title='bbox 1461 559 1638 588; x_wconf 85' lang='lat' dir='ltr'><strong>scientiarum</strong></span> <span class='ocrx_word' id='word_1_162' title='bbox 1655 566 1702 587; x_wconf 89' lang='lat' dir='ltr'><strong>cc-</strong></span> 
     </span>
    </p>
   </div>
   <div class='ocr_carea' id='block_1_26' title="bbox 914 606 1702 635">
    <p class='ocr_par' dir='ltr' id='par_1_26' title="bbox 914 606 1702 635">
     <span class='ocr_line' id='line_1_26' title="bbox 914 606 1702 635; baseline 0.001 -2"><span class='ocrx_word' id='word_1_163' title='bbox 914 607 1130 634; x_wconf 88' lang='lat' dir='ltr'><strong>clesiasticarum</strong></span> <span class='ocrx_word' id='word_1_164' title='bbox 1145 607 1277 635; x_wconf 84' lang='lat' dir='ltr'><strong>studiosis</strong></span> <span class='ocrx_word' id='word_1_165' title='bbox 1290 607 1420 634; x_wconf 88' lang='lat' dir='ltr'><strong>omnibus</strong></span> <span class='ocrx_word' id='word_1_166' title='bbox 1436 607 1530 634; x_wconf 77' lang='lat' dir='ltr'><strong>all&#39;erat</strong></span> <span class='ocrx_word' id='word_1_167' title='bbox 1541 606 1702 634; x_wconf 77' lang='lat' dir='ltr'><strong>cumulatis-</strong></span> 
     </span>
    </p>
   </div>
   <div class='ocr_carea' id='block_1_27' title="bbox 913 652 1701 687">
    <p class='ocr_par' dir='ltr' id='par_1_27' title="bbox 913 652 1701 687">
     <span class='ocr_line' id='line_1_27' title="bbox 913 652 1701 687; baseline 0.001 -9"><span class='ocrx_word' id='word_1_168' title='bbox 913 652 1022 683; x_wconf 85' lang='lat' dir='ltr'><strong>simam,</strong></span> <span class='ocrx_word' id='word_1_169' title='bbox 1035 652 1115 680; x_wconf 84' lang='lat' dir='ltr'><strong>laude</strong></span> <span class='ocrx_word' id='word_1_170' title='bbox 1130 652 1366 687; x_wconf 70' lang='lat' dir='ltr'><strong>praestantissimo;</strong></span> <span class='ocrx_word' id='word_1_171' title='bbox 1384 652 1420 678; x_wconf 90' lang='lat' dir='ltr'><strong>ita</strong></span> <span class='ocrx_word' id='word_1_172' title='bbox 1433 656 1605 687; x_wconf 90' lang='lat' dir='ltr'><strong>sumptuoso,</strong></span> <span class='ocrx_word' id='word_1_173' title='bbox 1619 653 1701 679; x_wconf 88' lang='lat' dir='ltr'><strong>char-</strong></span> 
     </span>
    </p>
   </div>
   <div class='ocr_carea' id='block_1_28' title="bbox 914 696 1702 731">
    <p class='ocr_par' dir='ltr' id='par_1_28' title="bbox 914 696 1702 731">
     <span class='ocr_line' id='line_1_28' title="bbox 914 696 1702 731; baseline 0.004 -9"><span class='ocrx_word' id='word_1_174' title='bbox 914 699 948 723; x_wconf 80' lang='lat' dir='ltr'><strong>tae</strong></span> <span class='ocrx_word' id='word_1_175' title='bbox 975 696 1085 731; x_wconf 86' lang='lat' dir='ltr'><strong>insuper</strong></span> <span class='ocrx_word' id='word_1_176' title='bbox 1098 696 1188 724; x_wconf 88' lang='lat' dir='ltr'><strong>nitore</strong></span> <span class='ocrx_word' id='word_1_177' title='bbox 1213 702 1240 724; x_wconf 86' lang='lat' dir='ltr'><strong>et</strong></span> <span class='ocrx_word' id='word_1_178' title='bbox 1254 697 1442 724; x_wconf 88' lang='lat' dir='ltr'><strong>characterum</strong></span> <span class='ocrx_word' id='word_1_179' title='bbox 1463 702 1606 725; x_wconf 78' lang='lat' dir='ltr'><strong>venustate</strong></span> <span class='ocrx_word' id='word_1_180' title='bbox 1620 697 1702 725; x_wconf 91' lang='lat' dir='ltr'><strong>undi-</strong></span> 
     </span>
    </p>
   </div>
   <div class='ocr_carea' id='block_1_29' title="bbox 913 742 1702 778">
    <p class='ocr_par' dir='ltr' id='par_1_29' title="bbox 913 742 1702 778">
     <span class='ocr_line' id='line_1_29' title="bbox 913 742 1702 778; baseline 0.004 -10"><span class='ocrx_word' id='word_1_181' title='bbox 913 749 966 776; x_wconf 88' lang='lat' dir='ltr'><strong>que</strong></span> <span class='ocrx_word' id='word_1_182' title='bbox 980 742 1100 776; x_wconf 76' lang='lat' dir='ltr'><strong>expolito</strong></span> <span class='ocrx_word' id='word_1_183' title='bbox 1115 750 1149 770; x_wconf 88' lang='lat' dir='ltr'><strong>ex</strong></span> <span class='ocrx_word' id='word_1_184' title='bbox 1176 742 1430 778; x_wconf 18' lang='lat' dir='ltr'><strong>typograpltiarloa.</strong></span> <span class='ocrx_word' id='word_1_185' title='bbox 1442 743 1558 770; x_wconf 85' lang='lat' dir='ltr'><strong>Albrizii</strong></span> <span class='ocrx_word' id='word_1_186' title='bbox 1580 743 1702 772; x_wconf 82' lang='lat' dir='ltr'><strong>Venetiis</strong></span> 
     </span>
    </p>
   </div>
   <div class='ocr_carea' id='block_1_30' title="bbox 914 786 1701 824">
    <p class='ocr_par' dir='ltr' id='par_1_30' title="bbox 914 786 1701 824">
     <span class='ocr_line' id='line_1_30' title="bbox 914 786 1701 824; baseline 0.005 -11"><span class='ocrx_word' id='word_1_187' title='bbox 914 786 994 814; x_wconf 72' lang='lat'><strong>1765.</strong></span> <span class='ocrx_word' id='word_1_188' title='bbox 1011 787 1150 820; x_wconf 88' lang='lat' dir='ltr'><strong>Quantum</strong></span> <span class='ocrx_word' id='word_1_189' title='bbox 1164 796 1228 815; x_wconf 82' lang='lat' dir='ltr'><strong>vero</strong></span> <span class='ocrx_word' id='word_1_190' title='bbox 1244 788 1347 815; x_wconf 88' lang='lat' dir='ltr'><strong>laboris</strong></span> <span class='ocrx_word' id='word_1_191' title='bbox 1366 796 1397 815; x_wconf 92' lang='lat' dir='ltr'><strong>ac</strong></span> <span class='ocrx_word' id='word_1_192' title='bbox 1414 789 1562 824; x_wconf 65' lang='lat' dir='ltr'><strong>diligentiae</strong></span> <span class='ocrx_word' id='word_1_193' title='bbox 1576 789 1603 816; x_wconf 94' lang='lat' dir='ltr'><strong>in</strong></span> <span class='ocrx_word' id='word_1_194' title='bbox 1619 789 1701 817; x_wconf 84' lang='lat' dir='ltr'><strong>ador-</strong></span> 
     </span>
    </p>
   </div>
   <div class='ocr_carea' id='block_1_31' title="bbox 914 834 1703 872">
    <p class='ocr_par' dir='ltr' id='par_1_31' title="bbox 914 834 1703 872">
     <span class='ocr_line' id='line_1_31' title="bbox 914 834 1703 872; baseline 0.005 -11"><span class='ocrx_word' id='word_1_195' title='bbox 914 834 1004 861; x_wconf 81' lang='lat' dir='ltr'><strong>nanda</strong></span> <span class='ocrx_word' id='word_1_196' title='bbox 1016 834 1068 861; x_wconf 86' lang='lat' dir='ltr'><strong>hac</strong></span> <span class='ocrx_word' id='word_1_197' title='bbox 1080 834 1199 862; x_wconf 90' lang='lat' dir='ltr'><strong>editione</strong></span> <span class='ocrx_word' id='word_1_198' title='bbox 1213 835 1387 870; x_wconf 90' lang='lat' dir='ltr'><strong>impenderit,</strong></span> <span class='ocrx_word' id='word_1_199' title='bbox 1401 835 1526 870; x_wconf 88' lang='lat' dir='ltr'><strong>pluribus</strong></span> <span class='ocrx_word' id='word_1_200' title='bbox 1541 836 1652 872; x_wconf 76' lang='lat' dir='ltr'><strong>exponit</strong></span> <span class='ocrx_word' id='word_1_201' title='bbox 1671 837 1703 865; x_wconf 79' lang='lat' dir='ltr'><strong>in</strong></span> 
     </span>
    </p>
   </div>
   <div class='ocr_carea' id='block_1_32' title="bbox 83 877 1701 918">
    <p class='ocr_par' dir='ltr' id='par_1_32' title="bbox 83 877 1701 918">
     <span class='ocr_line' id='line_1_32' title="bbox 83 877 1701 918; baseline 0 -7"><span class='ocrx_word' id='word_1_202' title='bbox 83 884 158 916; x_wconf 87' lang='lat' dir='ltr'><strong>drini,</strong></span> <span class='ocrx_word' id='word_1_203' title='bbox 178 883 301 918; x_wconf 82' lang='lat' dir='ltr'><strong>adhibito</strong></span> <span class='ocrx_word' id='word_1_204' title='bbox 321 882 403 909; x_wconf 89' lang='lat' dir='ltr'><strong>etiam</strong></span> <span class='ocrx_word' id='word_1_205' title='bbox 422 880 496 907; x_wconf 87' lang='lat' dir='ltr'><strong>Junii</strong></span> <span class='ocrx_word' id='word_1_206' title='bbox 521 880 595 907; x_wconf 88' lang='lat' dir='ltr'><strong>edito</strong></span> <span class='ocrx_word' id='word_1_207' title='bbox 617 887 679 907; x_wconf 91' lang='lat' dir='ltr'><strong>cum</strong></span> <span class='ocrx_word' id='word_1_208' title='bbox 695 879 791 906; x_wconf 86' lang='lat' dir='ltr'><strong>eodem</strong></span> <span class='ocrx_word' id='word_1_209' title='bbox 812 886 860 906; x_wconf 88' lang='lat' dir='ltr'><strong>co-</strong></span> <span class='ocrx_word' id='word_1_210' title='bbox 877 877 898 904; x_wconf 86' lang='grc' dir='ltr'>Β</span> <span class='ocrx_word' id='word_1_211' title='bbox 913 879 1138 916; x_wconf 79' lang='lat' dir='ltr'><strong>Prolegomenis,</strong></span> <span class='ocrx_word' id='word_1_212' title='bbox 1167 885 1250 916; x_wconf 85' lang='lat' dir='ltr'><strong>atque</strong></span> <span class='ocrx_word' id='word_1_213' title='bbox 1277 882 1359 909; x_wconf 88' lang='lat' dir='ltr'><strong>simul</strong></span> <span class='ocrx_word' id='word_1_214' title='bbox 1389 882 1488 910; x_wconf 88' lang='lat' dir='ltr'><strong>ibidem</strong></span> <span class='ocrx_word' id='word_1_215' title='bbox 1519 883 1701 918; x_wconf 75' lang='lat' dir='ltr'><strong>epistularum</strong></span> 
     </span>
    </p>
   </div>
   <div class='ocr_carea' id='block_1_33' title="bbox 83 925 862 963">
    <p class='ocr_par' dir='ltr' id='par_1_33' title="bbox 83 925 862 963">
     <span class='ocr_line' id='line_1_33' title="bbox 83 925 862 963; baseline -0.006 -6"><span class='ocrx_word' id='word_1_216' title='bbox 83 931 155 957; x_wconf 71' lang='lat' dir='ltr'><strong>dices</strong></span> <span class='ocrx_word' id='word_1_217' title='bbox 167 929 249 956; x_wconf 74' lang='lat' dir='ltr'><strong>Millio</strong></span> <span class='ocrx_word' id='word_1_218' title='bbox 261 932 344 963; x_wconf 87' lang='lat' dir='ltr'><strong>atque</strong></span> <span class='ocrx_word' id='word_1_219' title='bbox 357 926 576 959; x_wconf 86' lang='lat' dir='ltr'><strong>Grabiocollato,</strong></span> <span class='ocrx_word' id='word_1_220' title='bbox 586 925 734 953; x_wconf 84' lang='lat' dir='ltr'><strong>Junianum</strong></span> <span class='ocrx_word' id='word_1_221' title='bbox 743 929 862 958; x_wconf 78' lang='lat' dir='ltr'><strong>textum,</strong></span> 
     </span>
    </p>
   </div>
   <div class='ocr_carea' id='block_1_34' title="bbox 82 972 861 1011">
    <p class='ocr_par' dir='ltr' id='par_1_34' title="bbox 82 972 861 1011">
     <span class='ocr_line' id='line_1_34' title="bbox 82 972 861 1011; baseline -0.005 -9"><span class='ocrx_word' id='word_1_222' title='bbox 82 983 154 1011; x_wconf 82' lang='lat' dir='ltr'><strong>quem</strong></span> <span class='ocrx_word' id='word_1_223' title='bbox 175 975 267 1002; x_wconf 63' lang='lat' dir='ltr'><strong>caeteri</strong></span> <span class='ocrx_word' id='word_1_224' title='bbox 292 973 410 1002; x_wconf 84' lang='lat' dir='ltr'><strong>editores</strong></span> <span class='ocrx_word' id='word_1_225' title='bbox 432 977 497 1000; x_wconf 87' lang='lat' dir='ltr'><strong>sunt</strong></span> <span class='ocrx_word' id='word_1_226' title='bbox 519 972 618 1004; x_wconf 88' lang='lat' dir='ltr'><strong>secuti,</strong></span> <span class='ocrx_word' id='word_1_227' title='bbox 634 972 754 1007; x_wconf 75' lang='lat' dir='ltr'><strong>octogies</strong></span> <span class='ocrx_word' id='word_1_228' title='bbox 768 979 861 999; x_wconf 88' lang='lat' dir='ltr'><strong>cmen-</strong></span> 
     </span>
    </p>
   </div>
   <div class='ocr_carea' id='block_1_35' title="bbox 82 1019 859 1059">
    <p class='ocr_par' dir='ltr' id='par_1_35' title="bbox 82 1019 859 1059">
     <span class='ocr_line' id='line_1_35' title="bbox 82 1019 859 1059; baseline -0.005 -10"><span class='ocrx_word' id='word_1_229' title='bbox 82 1023 148 1049; x_wconf 81' lang='lat' dir='ltr'><strong>davit</strong></span> <span class='ocrx_word' id='word_1_230' title='bbox 159 1021 359 1056; x_wconf 86' lang='lat' dir='ltr'><strong>supplevitque;</strong></span> <span class='ocrx_word' id='word_1_231' title='bbox 376 1028 436 1055; x_wconf 66' lang='lat' dir='ltr'><strong>qute</strong></span> <span class='ocrx_word' id='word_1_232' title='bbox 448 1027 515 1059; x_wconf 70' lang='lat' dir='ltr'><strong>vero</strong></span> <span class='ocrx_word' id='word_1_233' title='bbox 534 1019 648 1046; x_wconf 89' lang='lat' dir='ltr'><strong>aberant</strong></span> <span class='ocrx_word' id='word_1_234' title='bbox 663 1026 678 1046; x_wconf 89' lang='lat' dir='ltr'><strong>a</strong></span> <span class='ocrx_word' id='word_1_235' title='bbox 693 1026 745 1046; x_wconf 89' lang='lat' dir='ltr'><strong>ms.</strong></span> <span class='ocrx_word' id='word_1_236' title='bbox 765 1025 859 1046; x_wconf 83' lang='lat' dir='ltr'><strong>exem-</strong></span> 
     </span>
    </p>
   </div>
   <div class='ocr_carea' id='block_1_36' title="bbox 82 1065 858 1104">
    <p class='ocr_par' dir='ltr' id='par_1_36' title="bbox 82 1065 858 1104">
     <span class='ocr_line' id='line_1_36' title="bbox 82 1065 858 1104; baseline -0.006 -8"><span class='ocrx_word' id='word_1_237' title='bbox 82 1069 142 1104; x_wconf 87' lang='lat' dir='ltr'><strong>plari</strong></span> <span class='ocrx_word' id='word_1_238' title='bbox 155 1072 234 1104; x_wconf 79' lang='lat' dir='ltr'><strong>atque</strong></span> <span class='ocrx_word' id='word_1_239' title='bbox 251 1075 268 1094; x_wconf 92' lang='lat' dir='ltr'><strong>a</strong></span> <span class='ocrx_word' id='word_1_240' title='bbox 286 1066 368 1094; x_wconf 82' lang='lat' dir='ltr'><strong>Junio</strong></span> <span class='ocrx_word' id='word_1_241' title='bbox 384 1066 483 1093; x_wconf 86' lang='lat' dir='ltr'><strong>litteris</strong></span> <span class='ocrx_word' id='word_1_242' title='bbox 497 1065 618 1093; x_wconf 90' lang='lat' dir='ltr'><strong>miniatis</strong></span> <span class='ocrx_word' id='word_1_243' title='bbox 632 1065 858 1100; x_wconf 74' lang='lat' dir='ltr'><strong>designabantur,</strong></span> 
     </span>
    </p>
   </div>
   <div class='ocr_carea' id='block_1_37' title="bbox 81 1111 859 1148">
    <p class='ocr_par' dir='ltr' id='par_1_37' title="bbox 81 1111 859 1148">
     <span class='ocr_line' id='line_1_37' title="bbox 81 1111 859 1148; baseline -0.004 -7"><span class='ocrx_word' id='word_1_244' title='bbox 81 1114 266 1142; x_wconf 86' lang='lat' dir='ltr'><strong>minutioribus</strong></span> <span class='ocrx_word' id='word_1_245' title='bbox 291 1113 362 1148; x_wconf 85' lang='lat' dir='ltr'><strong>typis</strong></span> <span class='ocrx_word' id='word_1_246' title='bbox 383 1111 564 1147; x_wconf 84' lang='lat' dir='ltr'><strong>itnprimenda</strong></span> <span class='ocrx_word' id='word_1_247' title='bbox 591 1111 709 1142; x_wconf 87' lang='lat' dir='ltr'><strong>curavit,</strong></span> <span class='ocrx_word' id='word_1_248' title='bbox 729 1111 859 1139; x_wconf 89' lang='lat' dir='ltr'><strong>lectiones</strong></span> 
     </span>
    </p>
   </div>
   <div class='ocr_carea' id='block_1_38' title="bbox 78 1156 860 1195">
    <p class='ocr_par' dir='ltr' id='par_1_38' title="bbox 78 1156 860 1195">
     <span class='ocr_line' id='line_1_38' title="bbox 78 1156 860 1195; baseline -0.005 -7"><span class='ocrx_word' id='word_1_249' title='bbox 78 1163 104 1188; x_wconf 81' lang='lat' dir='ltr'><strong>et</strong></span> <span class='ocrx_word' id='word_1_250' title='bbox 127 1160 310 1195; x_wconf 83' lang='lat' dir='ltr'><strong>conjecturas.</strong></span> <span class='ocrx_word' id='word_1_251' title='bbox 325 1158 412 1190; x_wconf 78' lang='lat' dir='ltr'><strong>Junii,</strong></span> <span class='ocrx_word' id='word_1_252' title='bbox 428 1157 524 1189; x_wconf 85' lang='lat' dir='ltr'><strong>Boisii,</strong></span> <span class='ocrx_word' id='word_1_253' title='bbox 545 1156 685 1189; x_wconf 86' lang='lat' dir='ltr'><strong>Cotelerii,</strong></span> <span class='ocrx_word' id='word_1_254' title='bbox 707 1156 784 1189; x_wconf 87' lang='lat' dir='ltr'><strong>Felli,</strong></span> <span class='ocrx_word' id='word_1_255' title='bbox 807 1156 860 1184; x_wconf 91' lang='lat' dir='ltr'><strong>Co-</strong></span> 
     </span>
    </p>
   </div>
   <div class='ocr_carea' id='block_1_39' title="bbox 80 1202 859 1237">
    <p class='ocr_par' dir='ltr' id='par_1_39' title="bbox 80 1202 859 1237">
     <span class='ocr_line' id='line_1_39' title="bbox 80 1202 859 1237; baseline -0.006 -3"><span class='ocrx_word' id='word_1_256' title='bbox 80 1207 175 1234; x_wconf 88' lang='lat' dir='ltr'><strong>lomesii</strong></span> <span class='ocrx_word' id='word_1_257' title='bbox 205 1213 237 1234; x_wconf 88' lang='lat' dir='ltr'><strong>ac</strong></span> <span class='ocrx_word' id='word_1_258' title='bbox 264 1204 367 1233; x_wconf 86' lang='lat' dir='ltr'><strong>Clerici</strong></span> <span class='ocrx_word' id='word_1_259' title='bbox 394 1204 466 1231; x_wconf 88' lang='lat' dir='ltr'><strong>inter</strong></span> <span class='ocrx_word' id='word_1_260' title='bbox 493 1203 633 1231; x_wconf 85' lang='lat' dir='ltr'><strong>variantes</strong></span> <span class='ocrx_word' id='word_1_261' title='bbox 659 1202 789 1230; x_wconf 86' lang='lat' dir='ltr'><strong>lectiones</strong></span> <span class='ocrx_word' id='word_1_262' title='bbox 810 1209 859 1237; x_wconf 90' lang='lat' dir='ltr'><strong>po-</strong></span> 
     </span>
    </p>
   </div>
   <div class='ocr_carea' id='block_1_40' title="bbox 78 1248 859 1280">
    <p class='ocr_par' dir='ltr' id='par_1_40' title="bbox 78 1248 859 1280">
     <span class='ocr_line' id='line_1_40' title="bbox 78 1248 859 1280; baseline -0.006 -1"><span class='ocrx_word' id='word_1_263' title='bbox 78 1253 137 1280; x_wconf 81' lang='lat' dir='ltr'><strong>suit.</strong></span> <span class='ocrx_word' id='word_1_264' title='bbox 161 1251 235 1279; x_wconf 72' lang='lat' dir='ltr'><strong>l-lanc</strong></span> <span class='ocrx_word' id='word_1_265' title='bbox 264 1254 358 1278; x_wconf 89' lang='lat' dir='ltr'><strong>autem</strong></span> <span class='ocrx_word' id='word_1_266' title='bbox 387 1249 595 1277; x_wconf 89' lang='lat' dir='ltr'><strong>Wottonianam</strong></span> <span class='ocrx_word' id='word_1_267' title='bbox 614 1248 763 1276; x_wconf 90' lang='lat' dir='ltr'><strong>editionem</strong></span> <span class='ocrx_word' id='word_1_268' title='bbox 794 1248 859 1275; x_wconf 87' lang='lat' dir='ltr'><strong>licet</strong></span> 
     </span>
    </p>
   </div>
   <div class='ocr_carea' id='block_1_41' title="bbox 79 1294 858 1330">
    <p class='ocr_par' dir='ltr' id='par_1_41' title="bbox 79 1294 858 1330">
     <span class='ocr_line' id='line_1_41' title="bbox 79 1294 858 1330; baseline -0.005 -5"><span class='ocrx_word' id='word_1_269' title='bbox 79 1299 189 1326; x_wconf 90' lang='lat' dir='ltr'><strong>omnium</strong></span> <span class='ocrx_word' id='word_1_270' title='bbox 218 1296 457 1325; x_wconf 87' lang='lat' dir='ltr'><strong>accuratissimam</strong></span> <span class='ocrx_word' id='word_1_271' title='bbox 476 1315 484 1327; x_wconf 93' lang='lat'><strong>,</strong></span> <span class='ocrx_word' id='word_1_272' title='bbox 523 1295 571 1330; x_wconf 92' lang='lat' dir='ltr'><strong>qui</strong></span> <span class='ocrx_word' id='word_1_273' title='bbox 600 1294 730 1329; x_wconf 89' lang='lat' dir='ltr'><strong>deinceps</strong></span> <span class='ocrx_word' id='word_1_274' title='bbox 756 1294 858 1329; x_wconf 85' lang='lat' dir='ltr'><strong>episto-</strong></span> 
     </span>
    </p>
   </div>
   <div class='ocr_carea' id='block_1_42' title="bbox 79 1341 856 1377">
    <p class='ocr_par' dir='ltr' id='par_1_42' title="bbox 79 1341 856 1377">
     <span class='ocr_line' id='line_1_42' title="bbox 79 1341 856 1377; baseline -0.004 -7"><span class='ocrx_word' id='word_1_275' title='bbox 79 1344 115 1371; x_wconf 92' lang='lat' dir='ltr'><strong>las</strong></span> <span class='ocrx_word' id='word_1_276' title='bbox 138 1343 324 1370; x_wconf 86' lang='lat' dir='ltr'><strong>Clementinas</strong></span> <span class='ocrx_word' id='word_1_277' title='bbox 350 1342 422 1377; x_wconf 86' lang='lat' dir='ltr'><strong>typis</strong></span> <span class='ocrx_word' id='word_1_278' title='bbox 453 1341 634 1374; x_wconf 80' lang='lat' dir='ltr'><strong>excuderunt,</strong></span> <span class='ocrx_word' id='word_1_279' title='bbox 662 1341 714 1367; x_wconf 87' lang='lat' dir='ltr'><strong>viri</strong></span> <span class='ocrx_word' id='word_1_280' title='bbox 744 1341 856 1373; x_wconf 87' lang='lat' dir='ltr'><strong>eruditi,</strong></span> 
     </span>
    </p>
   </div>
   <div class='ocr_carea' id='block_1_43' title="bbox 78 1386 855 1422">
    <p class='ocr_par' dir='ltr' id='par_1_43' title="bbox 78 1386 855 1422">
     <span class='ocr_line' id='line_1_43' title="bbox 78 1386 855 1422; baseline -0.001 -6"><span class='ocrx_word' id='word_1_281' title='bbox 78 1390 99 1417; x_wconf 87' lang='lat' dir='ltr'><strong>si</strong></span> <span class='ocrx_word' id='word_1_282' title='bbox 116 1389 279 1416; x_wconf 80' lang='lat' dir='ltr'><strong>Richardum</strong></span> <span class='ocrx_word' id='word_1_283' title='bbox 305 1387 463 1416; x_wconf 82' lang='lat' dir='ltr'><strong>Russelium</strong></span> <span class='ocrx_word' id='word_1_284' title='bbox 479 1391 507 1414; x_wconf 84' lang='lat' dir='ltr'><strong>et</strong></span> <span class='ocrx_word' id='word_1_285' title='bbox 525 1386 699 1414; x_wconf 87' lang='lat' dir='ltr'><strong>Gallaudium</strong></span> <span class='ocrx_word' id='word_1_286' title='bbox 722 1387 855 1422; x_wconf 77' lang='lat' dir='ltr'><strong>excipias,</strong></span> 
     </span>
    </p>
   </div>
   <div class='ocr_carea' id='block_1_44' title="bbox 80 1433 854 1471">
    <p class='ocr_par' dir='ltr' id='par_1_44' title="bbox 80 1433 854 1471">
     <span class='ocr_line' id='line_1_44' title="bbox 80 1433 854 1471; baseline -0.004 -8"><span class='ocrx_word' id='word_1_287' title='bbox 80 1436 224 1471; x_wconf 67' lang='lat' dir='ltr'><strong>praeteriere</strong></span> <span class='ocrx_word' id='word_1_288' title='bbox 256 1435 457 1462; x_wconf 86' lang='lat' dir='ltr'><strong>inconsultam.</strong></span> <span class='ocrx_word' id='word_1_289' title='bbox 486 1433 566 1466; x_wconf 86' lang='lat' dir='ltr'><strong>Quod</strong></span> <span class='ocrx_word' id='word_1_290' title='bbox 597 1433 710 1468; x_wconf 89' lang='lat' dir='ltr'><strong>quidem</strong></span> <span class='ocrx_word' id='word_1_291' title='bbox 738 1433 854 1466; x_wconf 89' lang='lat' dir='ltr'><strong>mirum,</strong></span> 
     </span>
    </p>
   </div>
   <div class='ocr_carea' id='block_1_45' title="bbox 76 1479 856 1516">
    <p class='ocr_par' dir='ltr' id='par_1_45' title="bbox 76 1479 856 1516">
     <span class='ocr_line' id='line_1_45' title="bbox 76 1479 856 1516; baseline -0.005 -6"><span class='ocrx_word' id='word_1_292' title='bbox 76 1483 116 1510; x_wconf 85' lang='lat' dir='ltr'><strong>sin</strong></span> <span class='ocrx_word' id='word_1_293' title='bbox 142 1482 229 1510; x_wconf 89' lang='lat' dir='ltr'><strong>minus</strong></span> <span class='ocrx_word' id='word_1_294' title='bbox 256 1481 291 1509; x_wconf 91' lang='lat' dir='ltr'><strong>de</strong></span> <span class='ocrx_word' id='word_1_295' title='bbox 318 1481 453 1516; x_wconf 87' lang='lat' dir='ltr'><strong>reliquis,</strong></span> <span class='ocrx_word' id='word_1_296' title='bbox 487 1480 584 1508; x_wconf 87' lang='lat' dir='ltr'><strong>saltem</strong></span> <span class='ocrx_word' id='word_1_297' title='bbox 607 1479 641 1507; x_wconf 85' lang='lat' dir='ltr'><strong>de</strong></span> <span class='ocrx_word' id='word_1_298' title='bbox 664 1479 780 1511; x_wconf 89' lang='lat' dir='ltr'><strong>Clerico,</strong></span> <span class='ocrx_word' id='word_1_299' title='bbox 808 1481 856 1515; x_wconf 89' lang='lat' dir='ltr'><strong>qui</strong></span> 
     </span>
    </p>
   </div>
   <div class='ocr_carea' id='block_1_46' title="bbox 76 1528 890 1575">
    <p class='ocr_par' dir='ltr' id='par_1_46' title="bbox 76 1528 890 1575">
     <span class='ocr_line' id='line_1_46' title="bbox 76 1528 890 1575; baseline -0.004 -18"><span class='ocrx_word' id='word_1_300' title='bbox 76 1530 190 1558; x_wconf 86' lang='lat' dir='ltr'><strong>eamdem</strong></span> <span class='ocrx_word' id='word_1_301' title='bbox 212 1537 268 1565; x_wconf 70' lang='lat' dir='ltr'><strong>prae</strong></span> <span class='ocrx_word' id='word_1_302' title='bbox 286 1529 414 1556; x_wconf 92' lang='lat' dir='ltr'><strong>manibus</strong></span> <span class='ocrx_word' id='word_1_303' title='bbox 439 1528 553 1561; x_wconf 87' lang='lat' dir='ltr'><strong>habuit;</strong></span> <span class='ocrx_word' id='word_1_304' title='bbox 579 1535 613 1560; x_wconf 75' lang='lat' dir='ltr'><strong>ex</strong></span> <span class='ocrx_word' id='word_1_305' title='bbox 638 1535 670 1556; x_wconf 89' lang='lat' dir='ltr'><strong>ea</strong></span> <span class='ocrx_word' id='word_1_306' title='bbox 690 1528 764 1555; x_wconf 91' lang='lat' dir='ltr'><strong>enim</strong></span> <span class='ocrx_word' id='word_1_307' title='bbox 783 1528 853 1556; x_wconf 88' lang='lat' dir='ltr'><strong>sele-</strong></span> <span class='ocrx_word' id='word_1_308' title='bbox 868 1546 890 1575; x_wconf 61' lang='grc' dir='ltr'>Ω</span> 
     </span>
    </p>
   </div>
   <div class='ocr_carea' id='block_1_47' title="bbox 75 1574 853 1610">
    <p class='ocr_par' dir='ltr' id='par_1_47' title="bbox 75 1574 853 1610">
     <span class='ocr_line' id='line_1_47' title="bbox 75 1574 853 1610; baseline 0 -7"><span class='ocrx_word' id='word_1_309' title='bbox 75 1578 169 1604; x_wconf 85' lang='lat' dir='ltr'><strong>ctiores</strong></span> <span class='ocrx_word' id='word_1_310' title='bbox 183 1576 265 1604; x_wconf 88' lang='lat' dir='ltr'><strong>Boisii</strong></span> <span class='ocrx_word' id='word_1_311' title='bbox 282 1575 475 1603; x_wconf 89' lang='lat' dir='ltr'><strong>adnotationes</strong></span> <span class='ocrx_word' id='word_1_312' title='bbox 486 1582 501 1601; x_wconf 88' lang='lat' dir='ltr'><strong>a</strong></span> <span class='ocrx_word' id='word_1_313' title='bbox 516 1574 647 1602; x_wconf 85' lang='lat' dir='ltr'><strong>Wottono</strong></span> <span class='ocrx_word' id='word_1_314' title='bbox 664 1579 720 1602; x_wconf 91' lang='lat' dir='ltr'><strong>tum</strong></span> <span class='ocrx_word' id='word_1_315' title='bbox 733 1575 853 1610; x_wconf 88' lang='lat' dir='ltr'><strong>primum</strong></span> 
     </span>
    </p>
   </div>
   <div class='ocr_carea' id='block_1_48' title="bbox 76 1620 856 1658">
    <p class='ocr_par' dir='ltr' id='par_1_48' title="bbox 76 1620 856 1658">
     <span class='ocr_line' id='line_1_48' title="bbox 76 1620 856 1658; baseline 0 -9"><span class='ocrx_word' id='word_1_316' title='bbox 76 1622 319 1658; x_wconf 87' lang='lat' dir='ltr'><strong>editasdescripsit,</strong></span> <span class='ocrx_word' id='word_1_317' title='bbox 335 1628 404 1656; x_wconf 88' lang='lat' dir='ltr'><strong>quas</strong></span> <span class='ocrx_word' id='word_1_318' title='bbox 416 1621 444 1648; x_wconf 94' lang='lat' dir='ltr'><strong>in</strong></span> <span class='ocrx_word' id='word_1_319' title='bbox 457 1620 856 1649; x_wconf 65' lang='lat' dir='ltr'><strong>sccundamAmstaalodamenu</strong></span> 
     </span>
    </p>
   </div>
   <div class='ocr_carea' id='block_1_49' title="bbox 74 1666 855 1703">
    <p class='ocr_par' dir='ltr' id='par_1_49' title="bbox 74 1666 855 1703">
     <span class='ocr_line' id='line_1_49' title="bbox 74 1666 855 1703; baseline -0.003 -7"><span class='ocrx_word' id='word_1_320' title='bbox 74 1677 127 1697; x_wconf 83' lang='lat' dir='ltr'><strong>sem</strong></span> <span class='ocrx_word' id='word_1_321' title='bbox 151 1668 259 1700; x_wconf 84' lang='lat' dir='ltr'><strong>Patrum</strong></span> <span class='ocrx_word' id='word_1_322' title='bbox 290 1668 504 1703; x_wconf 88' lang='lat' dir='ltr'><strong>apostolicorum</strong></span> <span class='ocrx_word' id='word_1_323' title='bbox 532 1667 678 1695; x_wconf 84' lang='lat' dir='ltr'><strong>editionem</strong></span> <span class='ocrx_word' id='word_1_324' title='bbox 705 1666 855 1695; x_wconf 86' lang='lat' dir='ltr'><strong>Coteleria—</strong></span> 
     </span>
    </p>
   </div>
   <div class='ocr_carea' id='block_1_50' title="bbox 76 1713 856 1748">
    <p class='ocr_par' dir='ltr' id='par_1_50' title="bbox 76 1713 856 1748">
     <span class='ocr_line' id='line_1_50' title="bbox 76 1713 856 1748; baseline -0.001 -6"><span class='ocrx_word' id='word_1_325' title='bbox 76 1723 132 1743; x_wconf 88' lang='lat' dir='ltr'><strong>nam</strong></span> <span class='ocrx_word' id='word_1_326' title='bbox 145 1714 299 1742; x_wconf 84' lang='lat' dir='ltr'><strong>transtulit.</strong></span> <span class='ocrx_word' id='word_1_327' title='bbox 312 1714 346 1740; x_wconf 85' lang='lat' dir='ltr'><strong>At</strong></span> <span class='ocrx_word' id='word_1_328' title='bbox 363 1721 396 1741; x_wconf 91' lang='lat' dir='ltr'><strong>eo</strong></span> <span class='ocrx_word' id='word_1_329' title='bbox 412 1714 440 1740; x_wconf 92' lang='lat' dir='ltr'><strong>in</strong></span> <span class='ocrx_word' id='word_1_330' title='bbox 457 1713 554 1748; x_wconf 90' lang='lat' dir='ltr'><strong>primis</strong></span> <span class='ocrx_word' id='word_1_331' title='bbox 565 1713 675 1740; x_wconf 90' lang='lat' dir='ltr'><strong>nomine</strong></span> <span class='ocrx_word' id='word_1_332' title='bbox 690 1713 763 1740; x_wconf 92' lang='lat' dir='ltr'><strong>illam</strong></span> <span class='ocrx_word' id='word_1_333' title='bbox 778 1714 856 1742; x_wconf 88' lang='lat' dir='ltr'><strong>insu-</strong></span> 
     </span>
    </p>
   </div>
   <div class='ocr_carea' id='block_1_51' title="bbox 75 1758 855 1796">
    <p class='ocr_par' dir='ltr' id='par_1_51' title="bbox 75 1758 855 1796">
     <span class='ocr_line' id='line_1_51' title="bbox 75 1758 855 1796; baseline -0.001 -8"><span class='ocrx_word' id='word_1_334' title='bbox 75 1769 119 1796; x_wconf 86' lang='lat' dir='ltr'><strong>per</strong></span> <span class='ocrx_word' id='word_1_335' title='bbox 134 1760 262 1788; x_wconf 86' lang='lat' dir='ltr'><strong>habuisse</strong></span> <span class='ocrx_word' id='word_1_336' title='bbox 277 1759 388 1787; x_wconf 88' lang='lat' dir='ltr'><strong>videtur</strong></span> <span class='ocrx_word' id='word_1_337' title='bbox 403 1758 540 1792; x_wconf 79' lang='lat' dir='ltr'><strong>Clericus,</strong></span> <span class='ocrx_word' id='word_1_338' title='bbox 552 1759 627 1794; x_wconf 89' lang='lat' dir='ltr'><strong>quod</strong></span> <span class='ocrx_word' id='word_1_339' title='bbox 643 1759 732 1787; x_wconf 87' lang='lat' dir='ltr'><strong>editor</strong></span> <span class='ocrx_word' id='word_1_340' title='bbox 751 1759 855 1787; x_wconf 83' lang='lat' dir='ltr'><strong>Canta-</strong></span> 
     </span>
    </p>
   </div>
   <div class='ocr_carea' id='block_1_52' title="bbox 76 1804 855 1841">
    <p class='ocr_par' dir='ltr' id='par_1_52' title="bbox 76 1804 855 1841">
     <span class='ocr_line' id='line_1_52' title="bbox 76 1804 855 1841; baseline 0 -8"><span class='ocrx_word' id='word_1_341' title='bbox 76 1807 212 1841; x_wconf 79' lang='lat' dir='ltr'><strong>hrigiensis</strong></span> <span class='ocrx_word' id='word_1_342' title='bbox 237 1813 299 1833; x_wconf 81' lang='lat' dir='ltr'><strong>tum</strong></span> <span class='ocrx_word' id='word_1_343' title='bbox 322 1804 440 1832; x_wconf 85' lang='lat' dir='ltr'><strong>Eduardi</strong></span> <span class='ocrx_word' id='word_1_344' title='bbox 464 1804 595 1832; x_wconf 87' lang='lat' dir='ltr'><strong>Bernardi</strong></span> <span class='ocrx_word' id='word_1_345' title='bbox 616 1805 734 1837; x_wconf 90' lang='lat' dir='ltr'><strong>notulas,</strong></span> <span class='ocrx_word' id='word_1_346' title='bbox 754 1805 855 1840; x_wconf 86' lang='lat' dir='ltr'><strong>quibus</strong></span> 
     </span>
    </p>
   </div>
   <div class='ocr_carea' id='block_1_53' title="bbox 73 1852 856 1890">
    <p class='ocr_par' dir='ltr' id='par_1_53' title="bbox 73 1852 856 1890">
     <span class='ocr_line' id='line_1_53' title="bbox 73 1852 856 1890; baseline -0.003 -9"><span class='ocrx_word' id='word_1_347' title='bbox 73 1855 187 1889; x_wconf 64' lang='lat' dir='ltr'><strong>epistolae</strong></span> <span class='ocrx_word' id='word_1_348' title='bbox 203 1855 302 1890; x_wconf 68' lang='lat' dir='ltr'><strong>prima:</strong></span> <span class='ocrx_word' id='word_1_349' title='bbox 319 1852 462 1880; x_wconf 78' lang='grc' dir='ltr'><strong>αὑθεντίαν</strong></span> <span class='ocrx_word' id='word_1_350' title='bbox 481 1853 588 1880; x_wconf 86' lang='lat' dir='ltr'><strong>elevare</strong></span> <span class='ocrx_word' id='word_1_351' title='bbox 604 1855 720 1879; x_wconf 86' lang='lat' dir='ltr'><strong>conatus</strong></span> <span class='ocrx_word' id='word_1_352' title='bbox 733 1855 791 1884; x_wconf 84' lang='lat' dir='ltr'><strong>est,</strong></span> <span class='ocrx_word' id='word_1_353' title='bbox 807 1860 856 1879; x_wconf 82' lang='lat' dir='ltr'><strong>ex-</strong></span> 
     </span>
    </p>
   </div>
   <div class='ocr_carea' id='block_1_54' title="bbox 75 1898 855 1935">
    <p class='ocr_par' dir='ltr' id='par_1_54' title="bbox 75 1898 855 1935">
     <span class='ocr_line' id='line_1_54' title="bbox 75 1898 855 1935; baseline 0 -9"><span class='ocrx_word' id='word_1_354' title='bbox 75 1900 189 1932; x_wconf 84' lang='lat' dir='ltr'><strong>sulllarit,</strong></span> <span class='ocrx_word' id='word_1_355' title='bbox 208 1905 266 1928; x_wconf 91' lang='lat' dir='ltr'><strong>tum</strong></span> <span class='ocrx_word' id='word_1_356' title='bbox 285 1899 433 1935; x_wconf 88' lang='lat' dir='ltr'><strong>ipsumtnet</strong></span> <span class='ocrx_word' id='word_1_357' title='bbox 447 1898 584 1926; x_wconf 87' lang='lat' dir='ltr'><strong>Clericum</strong></span> <span class='ocrx_word' id='word_1_358' title='bbox 610 1898 756 1926; x_wconf 84' lang='lat' dir='ltr'><strong>identidem</strong></span> <span class='ocrx_word' id='word_1_359' title='bbox 781 1898 855 1927; x_wconf 87' lang='lat' dir='ltr'><strong>haud</strong></span> 
     </span>
    </p>
   </div>
   <div class='ocr_carea' id='block_1_55' title="bbox 74 1943 855 1981">
    <p class='ocr_par' dir='ltr' id='par_1_55' title="bbox 74 1943 855 1981">
     <span class='ocr_line' id='line_1_55' title="bbox 74 1943 855 1981; baseline 0.003 -10"><span class='ocrx_word' id='word_1_360' title='bbox 74 1945 200 1973; x_wconf 86' lang='lat' dir='ltr'><strong>immerito</strong></span> <span class='ocrx_word' id='word_1_361' title='bbox 215 1945 370 1981; x_wconf 74' lang='lat' dir='ltr'><strong>castigarit.</strong></span> <span class='ocrx_word' id='word_1_362' title='bbox 396 1944 475 1971; x_wconf 88' lang='lat' dir='ltr'><strong>Anno</strong></span> <span class='ocrx_word' id='word_1_363' title='bbox 496 1944 575 1976; x_wconf 65' lang='lat'><strong>1742,</strong></span> <span class='ocrx_word' id='word_1_364' title='bbox 595 1943 676 1971; x_wconf 85' lang='lat' dir='ltr'><strong>Joan.</strong></span> <span class='ocrx_word' id='word_1_365' title='bbox 698 1943 855 1973; x_wconf 83' lang='lat' dir='ltr'><strong>Ludovicus</strong></span> 
     </span>
    </p>
   </div>
   <div class='ocr_carea' id='block_1_56' title="bbox 74 1990 854 2027">
    <p class='ocr_par' dir='ltr' id='par_1_56' title="bbox 74 1990 854 2027">
     <span class='ocr_line' id='line_1_56' title="bbox 74 1990 854 2027; baseline 0.003 -10"><span class='ocrx_word' id='word_1_366' title='bbox 74 1991 136 2027; x_wconf 81' lang='lat' dir='ltr'><strong>Frcy</strong></span> <span class='ocrx_word' id='word_1_367' title='bbox 154 1992 290 2027; x_wconf 85' lang='lat' dir='ltr'><strong>epistolas</strong></span> <span class='ocrx_word' id='word_1_368' title='bbox 309 1991 419 2018; x_wconf 84' lang='lat' dir='ltr'><strong>Patrum</strong></span> <span class='ocrx_word' id='word_1_369' title='bbox 436 1991 653 2025; x_wconf 83' lang='lat' dir='ltr'><strong>apostolicorum</strong></span> <span class='ocrx_word' id='word_1_370' title='bbox 664 1990 737 2026; x_wconf 89' lang='lat' dir='ltr'><strong>typis</strong></span> <span class='ocrx_word' id='word_1_371' title='bbox 751 1990 854 2019; x_wconf 85' lang='lat' dir='ltr'><strong>Basile-</strong></span> 
     </span>
    </p>
   </div>
   <div class='ocr_carea' id='block_1_57' title="bbox 74 2037 854 2074">
    <p class='ocr_par' dir='ltr' id='par_1_57' title="bbox 74 2037 854 2074">
     <span class='ocr_line' id='line_1_57' title="bbox 74 2037 854 2074; baseline 0.001 -9"><span class='ocrx_word' id='word_1_372' title='bbox 74 2039 177 2067; x_wconf 75' lang='lat' dir='ltr'><strong>ensibus</strong></span> <span class='ocrx_word' id='word_1_373' title='bbox 191 2038 376 2072; x_wconf 71' lang='lat' dir='ltr'><strong>consignavit,</strong></span> <span class='ocrx_word' id='word_1_374' title='bbox 392 2037 598 2064; x_wconf 84' lang='lat' dir='ltr'><strong>Wottouianum</strong></span> <span class='ocrx_word' id='word_1_375' title='bbox 613 2038 767 2073; x_wconf 76' lang='lat' dir='ltr'><strong>exemplar,</strong></span> <span class='ocrx_word' id='word_1_376' title='bbox 780 2038 854 2074; x_wconf 88' lang='lat' dir='ltr'><strong>quod</strong></span> 
     </span>
    </p>
   </div>
   <div class='ocr_carea' id='block_1_58' title="bbox 74 2084 853 2120">
    <p class='ocr_par' dir='ltr' id='par_1_58' title="bbox 74 2084 853 2120">
     <span class='ocr_line' id='line_1_58' title="bbox 74 2084 853 2120; baseline 0.003 -10"><span class='ocrx_word' id='word_1_377' title='bbox 74 2085 173 2118; x_wconf 85' lang='lat' dir='ltr'><strong>quidem</strong></span> <span class='ocrx_word' id='word_1_378' title='bbox 199 2085 367 2120; x_wconf 77' lang='lat' dir='ltr'><strong>exoptabat,</strong></span> <span class='ocrx_word' id='word_1_379' title='bbox 399 2085 516 2120; x_wconf 90' lang='lat' dir='ltr'><strong>primum</strong></span> <span class='ocrx_word' id='word_1_380' title='bbox 541 2084 679 2118; x_wconf 87' lang='lat' dir='ltr'><strong>obtinuit,</strong></span> <span class='ocrx_word' id='word_1_381' title='bbox 707 2092 769 2112; x_wconf 87' lang='lat' dir='ltr'><strong>cum</strong></span> <span class='ocrx_word' id='word_1_382' title='bbox 796 2085 853 2119; x_wconf 89' lang='lat' dir='ltr'><strong>jam</strong></span> 
     </span>
    </p>
   </div>
   <div class='ocr_carea' id='block_1_59' title="bbox 74 2129 854 2166">
    <p class='ocr_par' dir='ltr' id='par_1_59' title="bbox 74 2129 854 2166">
     <span class='ocr_line' id='line_1_59' title="bbox 74 2129 854 2166; baseline 0.003 -10"><span class='ocrx_word' id='word_1_383' title='bbox 74 2130 176 2165; x_wconf 82' lang='lat' dir='ltr'><strong>cpistola</strong></span> <span class='ocrx_word' id='word_1_384' title='bbox 193 2130 206 2157; x_wconf 98' lang='lat'><strong>1</strong></span> <span class='ocrx_word' id='word_1_385' title='bbox 231 2129 384 2157; x_wconf 82' lang='lat' dir='ltr'><strong>Clementis</strong></span> <span class='ocrx_word' id='word_1_386' title='bbox 410 2137 426 2157; x_wconf 90' lang='lat' dir='ltr'><strong>c</strong></span> <span class='ocrx_word' id='word_1_387' title='bbox 455 2130 531 2165; x_wconf 86' lang='lat' dir='ltr'><strong>prelo</strong></span> <span class='ocrx_word' id='word_1_388' title='bbox 556 2130 705 2163; x_wconf 85' lang='lat' dir='ltr'><strong>evasisset;</strong></span> <span class='ocrx_word' id='word_1_389' title='bbox 732 2134 762 2157; x_wconf 86' lang='lat' dir='ltr'><strong>ut</strong></span> <span class='ocrx_word' id='word_1_390' title='bbox 790 2139 854 2166; x_wconf 83' lang='lat' dir='ltr'><strong>pro-</strong></span> 
     </span>
    </p>
   </div>
   <div class='ocr_carea' id='block_1_60' title="bbox 75 2175 851 2211">
    <p class='ocr_par' dir='ltr' id='par_1_60' title="bbox 75 2175 851 2211">
     <span class='ocr_line' id='line_1_60' title="bbox 75 2175 851 2211; baseline 0.003 -9"><span class='ocrx_word' id='word_1_391' title='bbox 75 2176 130 2203; x_wconf 89' lang='lat' dir='ltr'><strong>inde</strong></span> <span class='ocrx_word' id='word_1_392' title='bbox 146 2176 324 2211; x_wconf 86' lang='lat' dir='ltr'><strong>posteriorem</strong></span> <span class='ocrx_word' id='word_1_393' title='bbox 336 2175 523 2202; x_wconf 87' lang='lat' dir='ltr'><strong>tantummodo</strong></span> <span class='ocrx_word' id='word_1_394' title='bbox 538 2176 619 2210; x_wconf 87' lang='lat' dir='ltr'><strong>paulo</strong></span> <span class='ocrx_word' id='word_1_395' title='bbox 638 2175 851 2204; x_wconf 89' lang='lat' dir='ltr'><strong>emendatiorem</strong></span> 
     </span>
    </p>
   </div>
   <div class='ocr_carea' id='block_1_61' title="bbox 912 927 1701 965">
    <p class='ocr_par' dir='ltr' id='par_1_61' title="bbox 912 927 1701 965">
     <span class='ocr_line' id='line_1_61' title="bbox 912 927 1701 965; baseline 0.006 -11"><span class='ocrx_word' id='word_1_396' title='bbox 912 927 1027 956; x_wconf 84' lang='lat' dir='ltr'><strong>istarum</strong></span> <span class='ocrx_word' id='word_1_397' title='bbox 1039 928 1238 963; x_wconf 67' lang='lat' dir='ltr'><strong>praestantiam,</strong></span> <span class='ocrx_word' id='word_1_398' title='bbox 1255 928 1451 965; x_wconf 79' lang='lat' dir='ltr'><strong>integritatem,</strong></span> <span class='ocrx_word' id='word_1_399' title='bbox 1468 937 1500 957; x_wconf 90' lang='lat' dir='ltr'><strong>ac</strong></span> <span class='ocrx_word' id='word_1_400' title='bbox 1510 930 1701 959; x_wconf 85' lang='lat' dir='ltr'><strong>sinceritatem</strong></span> 
     </span>
    </p>
   </div>
   <div class='ocr_carea' id='block_1_62' title="bbox 912 973 1700 1012">
    <p class='ocr_par' dir='ltr' id='par_1_62' title="bbox 912 973 1700 1012">
     <span class='ocr_line' id='line_1_62' title="bbox 912 973 1700 1012; baseline 0.004 -11"><span class='ocrx_word' id='word_1_401' title='bbox 912 973 1023 1001; x_wconf 90' lang='lat' dir='ltr'><strong>invictis</strong></span> <span class='ocrx_word' id='word_1_402' title='bbox 1036 974 1208 1007; x_wconf 78' lang='lat' dir='ltr'><strong>argumentis</strong></span> <span class='ocrx_word' id='word_1_403' title='bbox 1228 978 1332 1007; x_wconf 88' lang='lat' dir='ltr'><strong>tuetur,</strong></span> <span class='ocrx_word' id='word_1_404' title='bbox 1347 983 1379 1002; x_wconf 89' lang='lat' dir='ltr'><strong>ac</strong></span> <span class='ocrx_word' id='word_1_405' title='bbox 1393 975 1515 1003; x_wconf 88' lang='lat' dir='ltr'><strong>vindicat</strong></span> <span class='ocrx_word' id='word_1_406' title='bbox 1529 984 1536 1010; x_wconf 90' lang='lat'>;</span> <span class='ocrx_word' id='word_1_407' title='bbox 1553 976 1635 1012; x_wconf 86' lang='lat' dir='ltr'><strong>cujus</strong></span> <span class='ocrx_word' id='word_1_408' title='bbox 1657 977 1700 1004; x_wconf 87' lang='lat' dir='ltr'><strong>la-</strong></span> 
     </span>
    </p>
   </div>
   <div class='ocr_carea' id='block_1_63' title="bbox 911 1021 1699 1060">
    <p class='ocr_par' dir='ltr' id='par_1_63' title="bbox 911 1021 1699 1060">
     <span class='ocr_line' id='line_1_63' title="bbox 911 1021 1699 1060; baseline 0.005 -13"><span class='ocrx_word' id='word_1_409' title='bbox 911 1021 978 1048; x_wconf 87' lang='lat' dir='ltr'><strong>bore</strong></span> <span class='ocrx_word' id='word_1_410' title='bbox 992 1028 1041 1048; x_wconf 91' lang='lat' dir='ltr'><strong>nos</strong></span> <span class='ocrx_word' id='word_1_411' title='bbox 1053 1029 1161 1056; x_wconf 87' lang='lat' dir='ltr'><strong>quoque</strong></span> <span class='ocrx_word' id='word_1_412' title='bbox 1178 1021 1327 1056; x_wconf 91' lang='lat' dir='ltr'><strong>plurimum</strong></span> <span class='ocrx_word' id='word_1_413' title='bbox 1344 1029 1409 1050; x_wconf 86' lang='lat' dir='ltr'><strong>usus</strong></span> <span class='ocrx_word' id='word_1_414' title='bbox 1423 1022 1519 1056; x_wconf 79' lang='lat' dir='ltr'><strong>fuisse,</strong></span> <span class='ocrx_word' id='word_1_415' title='bbox 1539 1023 1567 1050; x_wconf 93' lang='lat' dir='ltr'><strong>in</strong></span> <span class='ocrx_word' id='word_1_416' title='bbox 1588 1024 1699 1060; x_wconf 76' lang='lat' dir='ltr'><strong>signqu</strong></span> 
     </span>
    </p>
   </div>
   <div class='ocr_carea' id='block_1_64' title="bbox 910 1067 1334 1104">
    <p class='ocr_par' dir='ltr' id='par_1_64' title="bbox 910 1067 1334 1104">
     <span class='ocr_line' id='line_1_64' title="bbox 910 1067 1334 1104; baseline 0 -10"><span class='ocrx_word' id='word_1_417' title='bbox 910 1067 1087 1104; x_wconf 65' lang='lat' dir='ltr'><strong>gratitudinis</strong></span> <span class='ocrx_word' id='word_1_418' title='bbox 1103 1068 1191 1102; x_wconf 85' lang='lat' dir='ltr'><strong>palam</strong></span> <span class='ocrx_word' id='word_1_419' title='bbox 1208 1067 1334 1095; x_wconf 82' lang='lat' dir='ltr'><strong>fatemur.</strong></span> 
     </span>
    </p>
   </div>
   <div class='ocr_carea' id='block_1_65' title="bbox 946 1112 1699 1149">
    <p class='ocr_par' dir='ltr' id='par_1_65' title="bbox 946 1112 1699 1149">
     <span class='ocr_line' id='line_1_65' title="bbox 946 1112 1699 1149; baseline 0.005 -10"><span class='ocrx_word' id='word_1_420' title='bbox 946 1112 1059 1148; x_wconf 79' lang='lat' dir='ltr'><strong>Anglice</strong></span> <span class='ocrx_word' id='word_1_421' title='bbox 1067 1112 1216 1141; x_wconf 85' lang='lat' dir='ltr'><strong>Clementis</strong></span> <span class='ocrx_word' id='word_1_422' title='bbox 1232 1112 1348 1141; x_wconf 77' lang='lat' dir='ltr'><strong>Romani</strong></span> <span class='ocrx_word' id='word_1_423' title='bbox 1360 1113 1483 1149; x_wconf 69' lang='lat' dir='ltr'><strong>epistola:</strong></span> <span class='ocrx_word' id='word_1_424' title='bbox 1493 1115 1527 1142; x_wconf 89' lang='lat' dir='ltr'><strong>ad</strong></span> <span class='ocrx_word' id='word_1_425' title='bbox 1537 1114 1699 1145; x_wconf 86' lang='lat' dir='ltr'><strong>Corinthios</strong></span> 
     </span>
    </p>
   </div>
   <div class='ocr_carea' id='block_1_66' title="bbox 911 1158 1698 1196">
    <p class='ocr_par' dir='ltr' id='par_1_66' title="bbox 911 1158 1698 1196">
     <span class='ocr_line' id='line_1_66' title="bbox 911 1158 1698 1196; baseline 0.005 -10"><span class='ocrx_word' id='word_1_426' title='bbox 911 1167 960 1194; x_wconf 90' lang='lat' dir='ltr'><strong>per</strong></span> <span class='ocrx_word' id='word_1_427' title='bbox 978 1158 1050 1186; x_wconf 82' lang='lat' dir='ltr'><strong>Guil.</strong></span> <span class='ocrx_word' id='word_1_428' title='bbox 1075 1159 1248 1191; x_wconf 86' lang='lat' dir='ltr'><strong>Burtonium,</strong></span> <span class='ocrx_word' id='word_1_429' title='bbox 1262 1167 1324 1187; x_wconf 89' lang='lat' dir='ltr'><strong>cum</strong></span> <span class='ocrx_word' id='word_1_430' title='bbox 1350 1160 1424 1188; x_wconf 88' lang='lat' dir='ltr'><strong>notis</strong></span> <span class='ocrx_word' id='word_1_431' title='bbox 1438 1160 1559 1196; x_wconf 90' lang='lat' dir='ltr'><strong>copiosis</strong></span> <span class='ocrx_word' id='word_1_432' title='bbox 1575 1169 1607 1189; x_wconf 89' lang='lat' dir='ltr'><strong>ac</strong></span> <span class='ocrx_word' id='word_1_433' title='bbox 1623 1161 1698 1190; x_wconf 90' lang='lat' dir='ltr'><strong>Guil.</strong></span> 
     </span>
    </p>
   </div>
   <div class='ocr_carea' id='block_1_67' title="bbox 910 1205 1698 1242">
    <p class='ocr_par' dir='ltr' id='par_1_67' title="bbox 910 1205 1698 1242">
     <span class='ocr_line' id='line_1_67' title="bbox 910 1205 1698 1242; baseline 0.005 -10"><span class='ocrx_word' id='word_1_434' title='bbox 910 1205 991 1233; x_wconf 89' lang='lat' dir='ltr'><strong>Cavei</strong></span> <span class='ocrx_word' id='word_1_435' title='bbox 1009 1205 1114 1240; x_wconf 90' lang='lat' dir='ltr'><strong>judicio</strong></span> <span class='ocrx_word' id='word_1_436' title='bbox 1136 1205 1255 1233; x_wconf 88' lang='lat' dir='ltr'><strong>Londini</strong></span> <span class='ocrx_word' id='word_1_437' title='bbox 1276 1206 1356 1239; x_wconf 89' lang='grc'>1647,</span> <span class='ocrx_word' id='word_1_438' title='bbox 1388 1211 1470 1242; x_wconf 90' lang='lat' dir='ltr'><strong>atque</strong></span> <span class='ocrx_word' id='word_1_439' title='bbox 1499 1207 1597 1235; x_wconf 87' lang='lat' dir='ltr'><strong>iterum</strong></span> <span class='ocrx_word' id='word_1_440' title='bbox 1622 1208 1698 1237; x_wconf 81' lang='lat' dir='ltr'><strong>Guil.</strong></span> 
     </span>
    </p>
   </div>
   <div class='ocr_carea' id='block_1_68' title="bbox 910 1250 1698 1290">
    <p class='ocr_par' dir='ltr' id='par_1_68' title="bbox 910 1250 1698 1290">
     <span class='ocr_line' id='line_1_68' title="bbox 910 1250 1698 1290; baseline 0.005 -12"><span class='ocrx_word' id='word_1_441' title='bbox 910 1250 1021 1278; x_wconf 80' lang='lat' dir='ltr'><strong>Wakan</strong></span> <span class='ocrx_word' id='word_1_442' title='bbox 1036 1251 1197 1286; x_wconf 84' lang='lat' dir='ltr'><strong>interprete,</strong></span> <span class='ocrx_word' id='word_1_443' title='bbox 1214 1260 1268 1279; x_wconf 90' lang='lat' dir='ltr'><strong>una</strong></span> <span class='ocrx_word' id='word_1_444' title='bbox 1283 1260 1346 1280; x_wconf 89' lang='lat' dir='ltr'><strong>cum</strong></span> <span class='ocrx_word' id='word_1_445' title='bbox 1359 1251 1500 1286; x_wconf 74' lang='lat' dir='ltr'><strong>Barnabte,</strong></span> <span class='ocrx_word' id='word_1_446' title='bbox 1520 1253 1628 1290; x_wconf 77' lang='lat' dir='ltr'><strong>lgnatii,</strong></span> <span class='ocrx_word' id='word_1_447' title='bbox 1645 1253 1698 1282; x_wconf 81' lang='lat' dir='ltr'><strong>Po-</strong></span> 
     </span>
    </p>
   </div>
   <div class='ocr_carea' id='block_1_69' title="bbox 908 1297 1701 1334">
    <p class='ocr_par' dir='ltr' id='par_1_69' title="bbox 908 1297 1701 1334">
     <span class='ocr_line' id='line_1_69' title="bbox 908 1297 1701 1334; baseline 0.005 -9"><span class='ocrx_word' id='word_1_448' title='bbox 908 1297 1014 1334; x_wconf 81' lang='lat' dir='ltr'><strong>lycarpi</strong></span> <span class='ocrx_word' id='word_1_449' title='bbox 1039 1298 1164 1333; x_wconf 83' lang='lat' dir='ltr'><strong>epistolis</strong></span> <span class='ocrx_word' id='word_1_450' title='bbox 1188 1302 1270 1333; x_wconf 91' lang='lat' dir='ltr'><strong>atque</strong></span> <span class='ocrx_word' id='word_1_451' title='bbox 1290 1298 1396 1326; x_wconf 70' lang='lat' dir='ltr'><strong>Herma:</strong></span> <span class='ocrx_word' id='word_1_452' title='bbox 1420 1298 1534 1327; x_wconf 74' lang='lat' dir='ltr'><strong>Pastore</strong></span> <span class='ocrx_word' id='word_1_453' title='bbox 1554 1300 1648 1328; x_wconf 87' lang='lat' dir='ltr'><strong>itidem</strong></span> <span class='ocrx_word' id='word_1_454' title='bbox 1669 1301 1701 1329; x_wconf 81' lang='lat' dir='ltr'><strong>in</strong></span> 
     </span>
    </p>
   </div>
   <div class='ocr_carea' id='block_1_70' title="bbox 908 1343 1698 1382">
    <p class='ocr_par' dir='ltr' id='par_1_70' title="bbox 908 1343 1698 1382">
     <span class='ocr_line' id='line_1_70' title="bbox 908 1343 1698 1382; baseline 0.004 -10"><span class='ocrx_word' id='word_1_455' title='bbox 908 1352 1063 1372; x_wconf 84' lang='lat' dir='ltr'><strong>sermonem</strong></span> <span class='ocrx_word' id='word_1_456' title='bbox 1072 1343 1216 1380; x_wconf 77' lang='lat' dir='ltr'><strong>Anglicum</strong></span> <span class='ocrx_word' id='word_1_457' title='bbox 1229 1345 1370 1372; x_wconf 86' lang='lat' dir='ltr'><strong>conversis</strong></span> <span class='ocrx_word' id='word_1_458' title='bbox 1385 1345 1436 1373; x_wconf 90' lang='lat' dir='ltr'><strong>sub</strong></span> <span class='ocrx_word' id='word_1_459' title='bbox 1446 1346 1524 1373; x_wconf 88' lang='lat' dir='ltr'><strong>titulo</strong></span> <span class='ocrx_word' id='word_1_460' title='bbox 1536 1356 1542 1375; x_wconf 88' lang='lat'>:</span> <span class='ocrx_word' id='word_1_461' title='bbox 1553 1356 1562 1372; x_wconf 72' lang='grc' dir='ltr'><strong><em>ι</em></strong></span> <span class='ocrx_word' id='word_1_462' title='bbox 1570 1346 1698 1382; x_wconf 81' lang='lat' dir='ltr'><strong>Epistula:</strong></span> 
     </span>
    </p>
   </div>
   <div class='ocr_carea' id='block_1_71' title="bbox 908 1390 1697 1428">
    <p class='ocr_par' dir='ltr' id='par_1_71' title="bbox 908 1390 1697 1428">
     <span class='ocr_line' id='line_1_71' title="bbox 908 1390 1697 1428; baseline 0.004 -10"><span class='ocrx_word' id='word_1_463' title='bbox 908 1391 1035 1427; x_wconf 65' lang='lat' dir='ltr'><strong>genuina:</strong></span> <span class='ocrx_word' id='word_1_464' title='bbox 1055 1390 1167 1418; x_wconf 88' lang='lat' dir='ltr'><strong>Patrqu</strong></span> <span class='ocrx_word' id='word_1_465' title='bbox 1184 1391 1401 1426; x_wconf 89' lang='lat' dir='ltr'><strong>apostolicorum</strong></span> <span class='ocrx_word' id='word_1_466' title='bbox 1423 1392 1452 1419; x_wconf 87' lang='lat' dir='ltr'><strong>in</strong></span> <span class='ocrx_word' id='word_1_467' title='bbox 1466 1393 1610 1428; x_wconf 81' lang='lat' dir='ltr'><strong>Anglicum</strong></span> <span class='ocrx_word' id='word_1_468' title='bbox 1634 1401 1697 1421; x_wconf 87' lang='lat' dir='ltr'><strong>ser-</strong></span> 
     </span>
    </p>
   </div>
   <div class='ocr_carea' id='block_1_72' title="bbox 908 1437 1700 1472">
    <p class='ocr_par' dir='ltr' id='par_1_72' title="bbox 908 1437 1700 1472">
     <span class='ocr_line' id='line_1_72' title="bbox 908 1437 1700 1472; baseline 0.004 -8"><span class='ocrx_word' id='word_1_469' title='bbox 908 1445 1016 1464; x_wconf 86' lang='lat' dir='ltr'><strong>monem</strong></span> <span class='ocrx_word' id='word_1_470' title='bbox 1042 1437 1181 1465; x_wconf 70' lang='lat' dir='ltr'><strong>translatae</strong></span> <span class='ocrx_word' id='word_1_471' title='bbox 1199 1437 1314 1465; x_wconf 88' lang='lat' dir='ltr'><strong>Londini</strong></span> <span class='ocrx_word' id='word_1_472' title='bbox 1332 1437 1411 1471; x_wconf 76' lang='lat'><strong>1693,</strong></span> <span class='ocrx_word' id='word_1_473' title='bbox 1422 1448 1431 1465; x_wconf 73' lang='grc' dir='ltr'>ι</span> <span class='ocrx_word' id='word_1_474' title='bbox 1449 1438 1538 1472; x_wconf 85' lang='lat' dir='ltr'><strong>in-8°;</strong></span> <span class='ocrx_word' id='word_1_475' title='bbox 1555 1443 1582 1467; x_wconf 91' lang='lat' dir='ltr'><strong>et</strong></span> <span class='ocrx_word' id='word_1_476' title='bbox 1597 1439 1700 1467; x_wconf 80' lang='lat' dir='ltr'><strong>iterum</strong></span> 
     </span>
    </p>
   </div>
   <div class='ocr_carea' id='block_1_73' title="bbox 907 1482 1697 1520">
    <p class='ocr_par' dir='ltr' id='par_1_73' title="bbox 907 1482 1697 1520">
     <span class='ocr_line' id='line_1_73' title="bbox 907 1482 1697 1520; baseline 0.004 -11"><span class='ocrx_word' id='word_1_477' title='bbox 907 1482 1007 1510; x_wconf 88' lang='lat' dir='ltr'><strong>ibidem</strong></span> <span class='ocrx_word' id='word_1_478' title='bbox 1023 1483 1092 1510; x_wconf 89' lang='lat' dir='ltr'><strong>17l0</strong></span> <span class='ocrx_word' id='word_1_479' title='bbox 1107 1483 1280 1518; x_wconf 88' lang='lat' dir='ltr'><strong>prodierunt.</strong></span> <span class='ocrx_word' id='word_1_480' title='bbox 1296 1483 1325 1510; x_wconf 94' lang='lat' dir='ltr'><strong>In</strong></span> <span class='ocrx_word' id='word_1_481' title='bbox 1340 1482 1473 1510; x_wconf 86' lang='lat' dir='ltr'><strong>Gallicam</strong></span> <span class='ocrx_word' id='word_1_482' title='bbox 1490 1483 1611 1520; x_wconf 80' lang='lat' dir='ltr'><strong>linguam</strong></span> <span class='ocrx_word' id='word_1_483' title='bbox 1635 1491 1697 1512; x_wconf 84' lang='lat' dir='ltr'><strong>am-</strong></span> 
     </span>
    </p>
   </div>
   <div class='ocr_carea' id='block_1_74' title="bbox 906 1528 1698 1563">
    <p class='ocr_par' dir='ltr' id='par_1_74' title="bbox 906 1528 1698 1563">
     <span class='ocr_line' id='line_1_74' title="bbox 906 1528 1698 1563; baseline 0.004 -7"><span class='ocrx_word' id='word_1_484' title='bbox 906 1529 948 1556; x_wconf 72' lang='lat' dir='ltr'><strong>ba:</strong></span> <span class='ocrx_word' id='word_1_485' title='bbox 970 1537 985 1556; x_wconf 87' lang='lat' dir='ltr'><strong>a</strong></span> <span class='ocrx_word' id='word_1_486' title='bbox 1014 1528 1108 1557; x_wconf 88' lang='lat' dir='ltr'><strong>Gratio</strong></span> <span class='ocrx_word' id='word_1_487' title='bbox 1132 1529 1250 1557; x_wconf 87' lang='lat' dir='ltr'><strong>Oratorii</strong></span> <span class='ocrx_word' id='word_1_488' title='bbox 1270 1528 1529 1563; x_wconf 68' lang='lat' dir='ltr'><strong>sodale,converste</strong></span> <span class='ocrx_word' id='word_1_489' title='bbox 1556 1530 1643 1563; x_wconf 73' lang='lat' dir='ltr'><strong>fuere,</strong></span> <span class='ocrx_word' id='word_1_490' title='bbox 1669 1535 1698 1559; x_wconf 83' lang='lat' dir='ltr'><strong>et</strong></span> 
     </span>
    </p>
   </div>
   <div class='ocr_carea' id='block_1_75' title="bbox 907 1575 1697 1612">
    <p class='ocr_par' dir='ltr' id='par_1_75' title="bbox 907 1575 1697 1612">
     <span class='ocr_line' id='line_1_75' title="bbox 907 1575 1697 1612; baseline 0.003 -10"><span class='ocrx_word' id='word_1_491' title='bbox 907 1580 1005 1612; x_wconf 87' lang='lat' dir='ltr'><strong>quarto</strong></span> <span class='ocrx_word' id='word_1_492' title='bbox 1018 1575 1185 1603; x_wconf 90' lang='lat' dir='ltr'><strong>Gallicorum</strong></span> <span class='ocrx_word' id='word_1_493' title='bbox 1207 1575 1358 1603; x_wconf 88' lang='lat' dir='ltr'><strong>Bibliorum</strong></span> <span class='ocrx_word' id='word_1_494' title='bbox 1375 1580 1461 1609; x_wconf 88' lang='lat' dir='ltr'><strong>tomo,</strong></span> <span class='ocrx_word' id='word_1_495' title='bbox 1480 1584 1552 1605; x_wconf 91' lang='lat' dir='ltr'><strong>anno</strong></span> <span class='ocrx_word' id='word_1_496' title='bbox 1567 1576 1637 1604; x_wconf 89' lang='lat'><strong>1717</strong></span> <span class='ocrx_word' id='word_1_497' title='bbox 1653 1577 1697 1604; x_wconf 74' lang='lat' dir='ltr'><strong>in-</strong></span> 
     </span>
    </p>
   </div>
   <div class='ocr_carea' id='block_1_76' title="bbox 906 1619 1696 1649">
    <p class='ocr_par' dir='ltr' id='par_1_76' title="bbox 906 1619 1696 1649">
     <span class='ocr_line' id='line_1_76' title="bbox 906 1619 1696 1649; baseline -0.001 0"><span class='ocrx_word' id='word_1_498' title='bbox 906 1622 954 1649; x_wconf 87' lang='lat' dir='ltr'><strong>l&#39;ol.</strong></span> <span class='ocrx_word' id='word_1_499' title='bbox 971 1621 1085 1649; x_wconf 85' lang='lat' dir='ltr'><strong>Parisiis</strong></span> <span class='ocrx_word' id='word_1_500' title='bbox 1100 1621 1221 1648; x_wconf 77' lang='lat' dir='ltr'><strong>insertae.</strong></span> <span class='ocrx_word' id='word_1_501' title='bbox 1238 1620 1354 1648; x_wconf 78' lang='lat' dir='ltr'><strong>Easdem</strong></span> <span class='ocrx_word' id='word_1_502' title='bbox 1371 1621 1398 1647; x_wconf 94' lang='lat' dir='ltr'><strong>in</strong></span> <span class='ocrx_word' id='word_1_503' title='bbox 1416 1621 1517 1647; x_wconf 90' lang='lat' dir='ltr'><strong>idioma</strong></span> <span class='ocrx_word' id='word_1_504' title='bbox 1545 1619 1696 1648; x_wconf 82' lang='lat' dir='ltr'><strong>Germano-</strong></span> 
     </span>
    </p>
   </div>
   <div class='ocr_carea' id='block_1_77' title="bbox 907 1665 1696 1702">
    <p class='ocr_par' dir='ltr' id='par_1_77' title="bbox 907 1665 1696 1702">
     <span class='ocr_line' id='line_1_77' title="bbox 907 1665 1696 1702; baseline -0.003 -7"><span class='ocrx_word' id='word_1_505' title='bbox 907 1676 969 1695; x_wconf 91' lang='lat' dir='ltr'><strong>rum</strong></span> <span class='ocrx_word' id='word_1_506' title='bbox 984 1667 1126 1695; x_wconf 87' lang='lat' dir='ltr'><strong>transtulit</strong></span> <span class='ocrx_word' id='word_1_507' title='bbox 1140 1666 1255 1694; x_wconf 83' lang='lat' dir='ltr'><strong>.lo.0tto</strong></span> <span class='ocrx_word' id='word_1_508' title='bbox 1267 1665 1635 1702; x_wconf 73' lang='lat' dir='ltr'><strong>Glusingllamburgi1725,</strong></span> <span class='ocrx_word' id='word_1_509' title='bbox 1652 1667 1696 1694; x_wconf 79' lang='grc' dir='ltr'><strong>ἰη-</strong></span> 
     </span>
    </p>
   </div>
   <div class='ocr_carea' id='block_1_78' title="bbox 905 1712 1693 1748">
    <p class='ocr_par' dir='ltr' id='par_1_78' title="bbox 905 1712 1693 1748">
     <span class='ocr_line' id='line_1_78' title="bbox 905 1712 1693 1748; baseline -0.003 -6"><span class='ocrx_word' id='word_1_510' title='bbox 905 1715 943 1747; x_wconf 81' lang='grc'><strong>8⁶,</strong></span> <span class='ocrx_word' id='word_1_511' title='bbox 959 1722 1022 1742; x_wconf 93' lang='lat' dir='ltr'><strong>cum</strong></span> <span class='ocrx_word' id='word_1_512' title='bbox 1035 1713 1161 1748; x_wconf 88' lang='lat' dir='ltr'><strong>epistolis</strong></span> <span class='ocrx_word' id='word_1_513' title='bbox 1170 1718 1196 1740; x_wconf 90' lang='lat' dir='ltr'><strong>et</strong></span> <span class='ocrx_word' id='word_1_514' title='bbox 1208 1712 1317 1748; x_wconf 88' lang='lat' dir='ltr'><strong>scriptis</strong></span> <span class='ocrx_word' id='word_1_515' title='bbox 1333 1712 1455 1740; x_wconf 89' lang='lat' dir='ltr'><strong>virorum</strong></span> <span class='ocrx_word' id='word_1_516' title='bbox 1465 1712 1693 1747; x_wconf 88' lang='lat' dir='ltr'><strong>apostolicorum.</strong></span> 
     </span>
    </p>
   </div>
   <div class='ocr_carea' id='block_1_79' title="bbox 904 1757 1695 1795">
    <p class='ocr_par' dir='ltr' id='par_1_79' title="bbox 904 1757 1695 1795">
     <span class='ocr_line' id='line_1_79' title="bbox 904 1757 1695 1795; baseline -0.001 -8"><span class='ocrx_word' id='word_1_517' title='bbox 904 1760 1050 1795; x_wconf 81' lang='lat' dir='ltr'><strong>Antiquior</strong></span> <span class='ocrx_word' id='word_1_518' title='bbox 1063 1759 1153 1786; x_wconf 89' lang='lat' dir='ltr'><strong>adhuc</strong></span> <span class='ocrx_word' id='word_1_519' title='bbox 1167 1758 1282 1786; x_wconf 89' lang='lat' dir='ltr'><strong>habetur</strong></span> <span class='ocrx_word' id='word_1_520' title='bbox 1295 1758 1440 1786; x_wconf 87' lang='lat' dir='ltr'><strong>conversio</strong></span> <span class='ocrx_word' id='word_1_521' title='bbox 1455 1758 1482 1784; x_wconf 91' lang='lat' dir='ltr'><strong>in</strong></span> <span class='ocrx_word' id='word_1_522' title='bbox 1506 1757 1602 1785; x_wconf 88' lang='lat' dir='ltr'><strong>Bibliis</strong></span> <span class='ocrx_word' id='word_1_523' title='bbox 1628 1757 1695 1786; x_wconf 70' lang='lat' dir='ltr'><strong>Geb—</strong></span> 
     </span>
    </p>
   </div>
   <div class='ocr_carea' id='block_1_80' title="bbox 906 1802 1696 1840">
    <p class='ocr_par' dir='ltr' id='par_1_80' title="bbox 906 1802 1696 1840">
     <span class='ocr_line' id='line_1_80' title="bbox 906 1802 1696 1840; baseline -0.001 -8"><span class='ocrx_word' id='word_1_524' title='bbox 906 1805 1022 1833; x_wconf 89' lang='lat' dir='ltr'><strong>manicis</strong></span> <span class='ocrx_word' id='word_1_525' title='bbox 1037 1804 1187 1840; x_wconf 83' lang='lat' dir='ltr'><strong>Hamburgi</strong></span> <span class='ocrx_word' id='word_1_526' title='bbox 1202 1803 1284 1832; x_wconf 90' lang='lat' dir='ltr'><strong>editis</strong></span> <span class='ocrx_word' id='word_1_527' title='bbox 1299 1811 1371 1831; x_wconf 88' lang='lat' dir='ltr'><strong>anno</strong></span> <span class='ocrx_word' id='word_1_528' title='bbox 1395 1803 1475 1830; x_wconf 88' lang='lat'><strong>1710.</strong></span> <span class='ocrx_word' id='word_1_529' title='bbox 1492 1802 1592 1831; x_wconf 87' lang='lat' dir='ltr'><strong>Nostra</strong></span> <span class='ocrx_word' id='word_1_530' title='bbox 1615 1807 1696 1832; x_wconf 68' lang='lat' dir='ltr'><strong>aetate</strong></span> 
     </span>
    </p>
   </div>
   <div class='ocr_carea' id='block_1_81' title="bbox 904 1840 1694 1887">
    <p class='ocr_par' dir='ltr' id='par_1_81' title="bbox 904 1840 1694 1887">
     <span class='ocr_line' id='line_1_81' title="bbox 904 1840 1694 1887; baseline -0.001 -8"><span class='ocrx_word' id='word_1_531' title='bbox 904 1857 1049 1887; x_wconf 90' lang='lat' dir='ltr'><strong>utramque</strong></span> <span class='ocrx_word' id='word_1_532' title='bbox 1064 1851 1151 1878; x_wconf 89' lang='lat' dir='ltr'><strong>edidit</strong></span> <span class='ocrx_word' id='word_1_533' title='bbox 1166 1850 1329 1878; x_wconf 86' lang='lat' dir='ltr'><strong>Germanice</strong></span> <span class='ocrx_word' id='word_1_534' title='bbox 1345 1849 1440 1877; x_wconf 89' lang='lat' dir='ltr'><strong>Simon</strong></span> <span class='ocrx_word' id='word_1_535' title='bbox 1456 1849 1593 1885; x_wconf 59' lang='lat' dir='ltr'><strong>Grynaeus</strong></span> <span class='ocrx_word' id='word_1_536' title='bbox 1609 1840 1694 1878; x_wconf 55' lang='grc' dir='ltr'><strong>’Βηί-</strong></span> 
     </span>
    </p>
   </div>
   <div class='ocr_carea' id='block_1_82' title="bbox 905 1896 1694 1932">
    <p class='ocr_par' dir='ltr' id='par_1_82' title="bbox 905 1896 1694 1932">
     <span class='ocr_line' id='line_1_82' title="bbox 905 1896 1694 1932; baseline -0.003 -6"><span class='ocrx_word' id='word_1_537' title='bbox 905 1899 953 1926; x_wconf 62' lang='lat' dir='ltr'><strong>lem</strong></span> <span class='ocrx_word' id='word_1_538' title='bbox 972 1898 1042 1925; x_wconf 72' lang='grc'>1782</span> <span class='ocrx_word' id='word_1_539' title='bbox 1062 1898 1135 1925; x_wconf 68' lang='grc' dir='ltr'><strong>ἱιισεν</strong></span> <span class='ocrx_word' id='word_1_540' title='bbox 1156 1905 1218 1924; x_wconf 87' lang='lat' dir='ltr'><strong>cum</strong></span> <span class='ocrx_word' id='word_1_541' title='bbox 1249 1897 1311 1924; x_wconf 90' lang='lat' dir='ltr'><strong>aliis</strong></span> <span class='ocrx_word' id='word_1_542' title='bbox 1340 1896 1451 1924; x_wconf 88' lang='lat' dir='ltr'><strong>Patrum</strong></span> <span class='ocrx_word' id='word_1_543' title='bbox 1477 1896 1694 1932; x_wconf 89' lang='lat' dir='ltr'><strong>apostolicorum</strong></span> 
     </span>
    </p>
   </div>
   <div class='ocr_carea' id='block_1_83' title="bbox 904 1941 1695 1979">
    <p class='ocr_par' dir='ltr' id='par_1_83' title="bbox 904 1941 1695 1979">
     <span class='ocr_line' id='line_1_83' title="bbox 904 1941 1695 1979; baseline -0.004 -7"><span class='ocrx_word' id='word_1_544' title='bbox 904 1944 1101 1976; x_wconf 89' lang='lat' dir='ltr'><strong>monumentis,</strong></span> <span class='ocrx_word' id='word_1_545' title='bbox 1115 1943 1250 1979; x_wconf 90' lang='lat' dir='ltr'><strong>appositis</strong></span> <span class='ocrx_word' id='word_1_546' title='bbox 1267 1942 1433 1978; x_wconf 79' lang='lat' dir='ltr'><strong>quibusdam</strong></span> <span class='ocrx_word' id='word_1_547' title='bbox 1443 1942 1546 1970; x_wconf 82' lang='lat' dir='ltr'><strong>uotulis</strong></span> <span class='ocrx_word' id='word_1_548' title='bbox 1560 1941 1650 1970; x_wconf 78' lang='lat' dir='ltr'><strong>dubia:</strong></span> <span class='ocrx_word' id='word_1_549' title='bbox 1662 1941 1695 1972; x_wconf 79' lang='lat' dir='ltr'><strong>ll-</strong></span> 
     </span>
    </p>
   </div>
   <div class='ocr_carea' id='block_1_84' title="bbox 904 1987 1692 2021">
    <p class='ocr_par' dir='ltr' id='par_1_84' title="bbox 904 1987 1692 2021">
     <span class='ocr_line' id='line_1_84' title="bbox 904 1987 1692 2021; baseline -0.005 -2"><span class='ocrx_word' id='word_1_550' title='bbox 904 1991 948 2019; x_wconf 90' lang='lat' dir='ltr'><strong>dei</strong></span> <span class='ocrx_word' id='word_1_551' title='bbox 959 2000 966 2018; x_wconf 84' lang='lat'><strong>:</strong></span> <span class='ocrx_word' id='word_1_552' title='bbox 979 1990 1043 2018; x_wconf 87' lang='lat' dir='ltr'><strong>inde</strong></span> <span class='ocrx_word' id='word_1_553' title='bbox 1058 1990 1171 2021; x_wconf 79' lang='lat' dir='ltr'><strong>factum,</strong></span> <span class='ocrx_word' id='word_1_554' title='bbox 1181 1994 1210 2016; x_wconf 91' lang='lat' dir='ltr'><strong>ut</strong></span> <span class='ocrx_word' id='word_1_555' title='bbox 1224 1988 1360 2017; x_wconf 75' lang='lat' dir='ltr'><strong>P.Vitalis</strong></span> <span class='ocrx_word' id='word_1_556' title='bbox 1373 1987 1456 2016; x_wconf 85' lang='lat' dir='ltr'><strong>Moesl</strong></span> <span class='ocrx_word' id='word_1_557' title='bbox 1464 1988 1616 2016; x_wconf 86' lang='lat' dir='ltr'><strong>monachus</strong></span> <span class='ocrx_word' id='word_1_558' title='bbox 1625 1987 1692 2016; x_wconf 88' lang='lat' dir='ltr'><strong>0rd.</strong></span> 
     </span>
    </p>
   </div>
   <div class='ocr_carea' id='block_1_85' title="bbox 906 2034 1694 2071">
    <p class='ocr_par' dir='ltr' id='par_1_85' title="bbox 906 2034 1694 2071">
     <span class='ocr_line' id='line_1_85' title="bbox 906 2034 1694 2071; baseline -0.005 -6"><span class='ocrx_word' id='word_1_559' title='bbox 906 2037 936 2065; x_wconf 89' lang='lat' dir='ltr'><strong>S.</strong></span> <span class='ocrx_word' id='word_1_560' title='bbox 945 2035 1085 2064; x_wconf 86' lang='lat' dir='ltr'><strong>Benedicti</strong></span> <span class='ocrx_word' id='word_1_561' title='bbox 1101 2035 1253 2071; x_wconf 77' lang='lat' dir='ltr'><strong>Salisliurgi</strong></span> <span class='ocrx_word' id='word_1_562' title='bbox 1261 2035 1295 2062; x_wconf 90' lang='lat' dir='ltr'><strong>ad</strong></span> <span class='ocrx_word' id='word_1_563' title='bbox 1302 2034 1332 2063; x_wconf 89' lang='lat' dir='ltr'><strong>S.</strong></span> <span class='ocrx_word' id='word_1_564' title='bbox 1340 2034 1464 2068; x_wconf 85' lang='lat' dir='ltr'><strong>Petrum.</strong></span> <span class='ocrx_word' id='word_1_565' title='bbox 1474 2042 1529 2070; x_wconf 91' lang='lat' dir='ltr'><strong>quo</strong></span> <span class='ocrx_word' id='word_1_566' title='bbox 1541 2034 1694 2062; x_wconf 81' lang='lat' dir='ltr'><strong>faciliorem</strong></span> 
     </span>
    </p>
   </div>
   <div class='ocr_carea' id='block_1_86' title="bbox 905 2081 1692 2120">
    <p class='ocr_par' dir='ltr' id='par_1_86' title="bbox 905 2081 1692 2120">
     <span class='ocr_line' id='line_1_86' title="bbox 905 2081 1692 2120; baseline -0.003 -8"><span class='ocrx_word' id='word_1_567' title='bbox 905 2089 987 2120; x_wconf 90' lang='lat' dir='ltr'><strong>atque</strong></span> <span class='ocrx_word' id='word_1_568' title='bbox 1002 2082 1169 2111; x_wconf 87' lang='lat' dir='ltr'><strong>securiorem</strong></span> <span class='ocrx_word' id='word_1_569' title='bbox 1179 2081 1330 2110; x_wconf 88' lang='lat' dir='ltr'><strong>Catholicis</strong></span> <span class='ocrx_word' id='word_1_570' title='bbox 1343 2082 1425 2109; x_wconf 81' lang='lat' dir='ltr'><strong>etiam</strong></span> <span class='ocrx_word' id='word_1_571' title='bbox 1436 2081 1548 2109; x_wconf 87' lang='lat' dir='ltr'><strong>Patrum</strong></span> <span class='ocrx_word' id='word_1_572' title='bbox 1557 2081 1692 2117; x_wconf 80' lang='lat' dir='ltr'><strong>apostoli-</strong></span> 
     </span>
    </p>
   </div>
   <div class='ocr_carea' id='block_1_87' title="bbox 904 2128 1693 2164">
    <p class='ocr_par' dir='ltr' id='par_1_87' title="bbox 904 2128 1693 2164">
     <span class='ocr_line' id='line_1_87' title="bbox 904 2128 1693 2164; baseline -0.003 -6"><span class='ocrx_word' id='word_1_573' title='bbox 904 2137 1000 2158; x_wconf 92' lang='lat' dir='ltr'><strong>corum</strong></span> <span class='ocrx_word' id='word_1_574' title='bbox 1015 2130 1160 2157; x_wconf 88' lang='lat' dir='ltr'><strong>lectionem</strong></span> <span class='ocrx_word' id='word_1_575' title='bbox 1182 2128 1319 2159; x_wconf 82' lang='lat' dir='ltr'><strong>redderet.</strong></span> <span class='ocrx_word' id='word_1_576' title='bbox 1336 2128 1578 2164; x_wconf 87' lang='lat' dir='ltr'><strong>eamdem,paucis</strong></span> <span class='ocrx_word' id='word_1_577' title='bbox 1595 2133 1693 2157; x_wconf 83' lang='lat' dir='ltr'><strong>contra</strong></span> 
     </span>
    </p>
   </div>
   <div class='ocr_carea' id='block_1_88' title="bbox 906 2174 1693 2211">
    <p class='ocr_par' dir='ltr' id='par_1_88' title="bbox 906 2174 1693 2211">
     <span class='ocr_line' id='line_1_88' title="bbox 906 2174 1693 2211; baseline 0 -6"><span class='ocrx_word' id='word_1_578' title='bbox 906 2178 985 2205; x_wconf 75' lang='lat' dir='ltr'><strong>[idem</strong></span> <span class='ocrx_word' id='word_1_579' title='bbox 998 2176 1160 2204; x_wconf 88' lang='lat' dir='ltr'><strong>catholicam</strong></span> <span class='ocrx_word' id='word_1_580' title='bbox 1176 2175 1369 2208; x_wconf 84' lang='lat' dir='ltr'><strong>militantibus,</strong></span> <span class='ocrx_word' id='word_1_581' title='bbox 1383 2174 1544 2207; x_wconf 89' lang='lat' dir='ltr'><strong>immutatis,</strong></span> <span class='ocrx_word' id='word_1_582' title='bbox 1561 2175 1693 2211; x_wconf 62' lang='lat' dir='ltr'><strong>Augusta:</strong></span> 
     </span>
    </p>
   </div>
   <div class='ocr_carea' id='block_1_89' title="bbox 71 2221 1655 2257">
    <p class='ocr_par' dir='ltr' id='par_1_89' title="bbox 71 2221 1655 2257">
     <span class='ocr_line' id='line_1_89' title="bbox 71 2221 1655 2257; baseline 0 -8"><span class='ocrx_word' id='word_1_583' title='bbox 71 2222 225 2250; x_wconf 81' lang='lat' dir='ltr'><strong>exhibuerit.</strong></span> <span class='ocrx_word' id='word_1_584' title='bbox 257 2222 481 2256; x_wconf 85' lang='lat' dir='ltr'><strong>Qualemcunque</strong></span> <span class='ocrx_word' id='word_1_585' title='bbox 502 2226 593 2248; x_wconf 87' lang='lat' dir='ltr'><strong>tamen</strong></span> <span class='ocrx_word' id='word_1_586' title='bbox 618 2221 700 2256; x_wconf 86' lang='lat' dir='ltr'><strong>hujus</strong></span> <span class='ocrx_word' id='word_1_587' title='bbox 720 2221 849 2250; x_wconf 88' lang='lat' dir='ltr'><strong>editionis</strong></span> <span class='ocrx_word' id='word_1_588' title='bbox 865 2229 889 2257; x_wconf 72' lang='grc' dir='ltr'>υ</span> <span class='ocrx_word' id='word_1_589' title='bbox 906 2223 1112 2251; x_wconf 81' lang='lat' dir='ltr'><strong>Vindelicorum</strong></span> <span class='ocrx_word' id='word_1_590' title='bbox 1129 2221 1198 2248; x_wconf 87' lang='grc'>1774</span> <span class='ocrx_word' id='word_1_591' title='bbox 1214 2221 1305 2249; x_wconf 82' lang='lat' dir='ltr'><strong>denuo</strong></span> <span class='ocrx_word' id='word_1_592' title='bbox 1321 2221 1525 2256; x_wconf 90' lang='lat' dir='ltr'><strong>procudendam</strong></span> <span class='ocrx_word' id='word_1_593' title='bbox 1540 2222 1655 2249; x_wconf 84' lang='lat' dir='ltr'><strong>curarit.</strong></span> 
     </span>
    </p>
   </div>
   <div class='ocr_carea' id='block_1_90' title="bbox 72 2267 852 2303">
    <p class='ocr_par' dir='ltr' id='par_1_90' title="bbox 72 2267 852 2303">
     <span class='ocr_line' id='line_1_90' title="bbox 72 2267 852 2303; baseline 0.003 -9"><span class='ocrx_word' id='word_1_594' title='bbox 72 2267 203 2303; x_wconf 69' lang='lat' dir='ltr'><strong>Freyanaa,</strong></span> <span class='ocrx_word' id='word_1_595' title='bbox 219 2267 346 2302; x_wconf 91' lang='lat' dir='ltr'><strong>alioquin</strong></span> <span class='ocrx_word' id='word_1_596' title='bbox 371 2267 439 2295; x_wconf 87' lang='lat' dir='ltr'><strong>satis</strong></span> <span class='ocrx_word' id='word_1_597' title='bbox 451 2267 554 2299; x_wconf 65' lang='lat' dir='ltr'><strong>nitidae,</strong></span> <span class='ocrx_word' id='word_1_598' title='bbox 571 2267 708 2295; x_wconf 83' lang='lat' dir='ltr'><strong>defectum</strong></span> <span class='ocrx_word' id='word_1_599' title='bbox 724 2268 852 2303; x_wconf 80' lang='lat' dir='ltr'><strong>supplere</strong></span> 
     </span>
    </p>
   </div>
   <div class='ocr_carea' id='block_1_91' title="bbox 72 2312 852 2341">
    <p class='ocr_par' dir='ltr' id='par_1_91' title="bbox 72 2312 852 2341">
     <span class='ocr_line' id='line_1_91' title="bbox 72 2312 852 2341; baseline 0.001 -2"><span class='ocrx_word' id='word_1_600' title='bbox 72 2313 176 2341; x_wconf 90' lang='lat' dir='ltr'><strong>annisus</strong></span> <span class='ocrx_word' id='word_1_601' title='bbox 187 2318 230 2341; x_wconf 90' lang='lat' dir='ltr'><strong>est</strong></span> <span class='ocrx_word' id='word_1_602' title='bbox 240 2313 284 2339; x_wconf 84' lang='lat' dir='ltr'><strong>vir</strong></span> <span class='ocrx_word' id='word_1_603' title='bbox 294 2312 418 2340; x_wconf 89' lang='lat' dir='ltr'><strong>eruditus</strong></span> <span class='ocrx_word' id='word_1_604' title='bbox 435 2313 570 2340; x_wconf 83' lang='lat' dir='ltr'><strong>Antonius</strong></span> <span class='ocrx_word' id='word_1_605' title='bbox 581 2313 687 2341; x_wconf 86' lang='lat' dir='ltr'><strong>Birrius</strong></span> <span class='ocrx_word' id='word_1_606' title='bbox 702 2313 729 2340; x_wconf 94' lang='lat' dir='ltr'><strong>in</strong></span> <span class='ocrx_word' id='word_1_607' title='bbox 742 2313 852 2340; x_wconf 79' lang='lat' dir='ltr'><strong>Publica</strong></span> 
     </span>
    </p>
   </div>
   <div class='ocr_carea' id='block_1_92' title="bbox 72 2357 852 2395">
    <p class='ocr_par' dir='ltr' id='par_1_92' title="bbox 72 2357 852 2395">
     <span class='ocr_line' id='line_1_92' title="bbox 72 2357 852 2395; baseline 0.006 -12"><span class='ocrx_word' id='word_1_608' title='bbox 72 2359 203 2392; x_wconf 74' lang='lat' dir='ltr'><strong>:pecimine</strong></span> <span class='ocrx_word' id='word_1_609' title='bbox 229 2357 327 2385; x_wconf 86' lang='lat' dir='ltr'><strong>itidem</strong></span> <span class='ocrx_word' id='word_1_610' title='bbox 354 2357 467 2386; x_wconf 70' lang='lat' dir='ltr'><strong>Basilea:</strong></span> <span class='ocrx_word' id='word_1_611' title='bbox 491 2367 564 2386; x_wconf 90' lang='lat' dir='ltr'><strong>anno</strong></span> <span class='ocrx_word' id='word_1_612' title='bbox 579 2359 648 2386; x_wconf 74' lang='grc'>1744</span> <span class='ocrx_word' id='word_1_613' title='bbox 669 2359 755 2392; x_wconf 89' lang='lat' dir='ltr'><strong>edito,</strong></span> <span class='ocrx_word' id='word_1_614' title='bbox 769 2364 852 2395; x_wconf 87' lang='lat' dir='ltr'><strong>atque</strong></span> 
     </span>
    </p>
   </div>
   <div class='ocr_carea' id='block_1_93' title="bbox 72 2403 853 2439">
    <p class='ocr_par' dir='ltr' id='par_1_93' title="bbox 72 2403 853 2439">
     <span class='ocr_line' id='line_1_93' title="bbox 72 2403 853 2439; baseline 0.005 -10"><span class='ocrx_word' id='word_1_615' title='bbox 72 2403 229 2437; x_wconf 88' lang='lat' dir='ltr'><strong>conjecturis</strong></span> <span class='ocrx_word' id='word_1_616' title='bbox 243 2403 319 2431; x_wconf 85' lang='lat' dir='ltr'><strong>haud</strong></span> <span class='ocrx_word' id='word_1_617' title='bbox 333 2404 501 2439; x_wconf 72' lang='lat' dir='ltr'><strong>ptenitendis</strong></span> <span class='ocrx_word' id='word_1_618' title='bbox 516 2405 550 2432; x_wconf 88' lang='lat' dir='ltr'><strong>ad</strong></span> <span class='ocrx_word' id='word_1_619' title='bbox 575 2409 679 2432; x_wconf 79' lang='lat' dir='ltr'><strong>textura</strong></span> <span class='ocrx_word' id='word_1_620' title='bbox 705 2405 853 2433; x_wconf 84' lang='lat' dir='ltr'><strong>Clementi-</strong></span> 
     </span>
    </p>
   </div>
   <div class='ocr_carea' id='block_1_94' title="bbox 72 2449 852 2487">
    <p class='ocr_par' dir='ltr' id='par_1_94' title="bbox 72 2449 852 2487">
     <span class='ocr_line' id='line_1_94' title="bbox 72 2449 852 2487; baseline 0.005 -12"><span class='ocrx_word' id='word_1_621' title='bbox 72 2457 129 2476; x_wconf 85' lang='lat' dir='ltr'><strong>uum</strong></span> <span class='ocrx_word' id='word_1_622' title='bbox 138 2450 267 2478; x_wconf 92' lang='lat' dir='ltr'><strong>editionis</strong></span> <span class='ocrx_word' id='word_1_623' title='bbox 278 2449 465 2478; x_wconf 75' lang='lat' dir='ltr'><strong>Wottoniana:</strong></span> <span class='ocrx_word' id='word_1_624' title='bbox 480 2451 595 2479; x_wconf 87' lang='lat' dir='ltr'><strong>ulterius</strong></span> <span class='ocrx_word' id='word_1_625' title='bbox 606 2451 695 2479; x_wconf 88' lang='lat' dir='ltr'><strong>adhuc</strong></span> <span class='ocrx_word' id='word_1_626' title='bbox 708 2452 852 2487; x_wconf 69' lang='lat' dir='ltr'><strong>detergen~</strong></span> 
     </span>
    </p>
   </div>
   <div class='ocr_carea' id='block_1_95' title="bbox 70 2496 851 2533">
    <p class='ocr_par' dir='ltr' id='par_1_95' title="bbox 70 2496 851 2533">
     <span class='ocr_line' id='line_1_95' title="bbox 70 2496 851 2533; baseline 0.003 -10"><span class='ocrx_word' id='word_1_627' title='bbox 70 2496 128 2523; x_wconf 90' lang='lat' dir='ltr'><strong>dum</strong></span> <span class='ocrx_word' id='word_1_628' title='bbox 139 2496 247 2524; x_wconf 79' lang='lat' dir='ltr'><strong>referto.</strong></span> <span class='ocrx_word' id='word_1_629' title='bbox 267 2497 412 2524; x_wconf 81' lang='lat' dir='ltr'><strong>Russelius</strong></span> <span class='ocrx_word' id='word_1_630' title='bbox 431 2497 459 2524; x_wconf 92' lang='lat' dir='ltr'><strong>in</strong></span> <span class='ocrx_word' id='word_1_631' title='bbox 468 2497 527 2525; x_wconf 86' lang='lat' dir='ltr'><strong>suis</strong></span> <span class='ocrx_word' id='word_1_632' title='bbox 549 2496 660 2525; x_wconf 86' lang='lat' dir='ltr'><strong>Patrum</strong></span> <span class='ocrx_word' id='word_1_633' title='bbox 682 2499 851 2533; x_wconf 88' lang='lat' dir='ltr'><strong>apostolico-</strong></span> 
     </span>
    </p>
   </div>
   <div class='ocr_carea' id='block_1_96' title="bbox 71 2543 850 2578">
    <p class='ocr_par' dir='ltr' id='par_1_96' title="bbox 71 2543 850 2578">
     <span class='ocr_line' id='line_1_96' title="bbox 71 2543 850 2578; baseline 0.004 -10"><span class='ocrx_word' id='word_1_634' title='bbox 71 2549 124 2569; x_wconf 91' lang='lat' dir='ltr'><strong>rum</strong></span> <span class='ocrx_word' id='word_1_635' title='bbox 149 2544 281 2578; x_wconf 88' lang='lat' dir='ltr'><strong>operibus</strong></span> <span class='ocrx_word' id='word_1_636' title='bbox 297 2543 423 2578; x_wconf 78' lang='lat' dir='ltr'><strong>genuinis</strong></span> <span class='ocrx_word' id='word_1_637' title='bbox 438 2543 557 2571; x_wconf 90' lang='lat' dir='ltr'><strong>Londini</strong></span> <span class='ocrx_word' id='word_1_638' title='bbox 580 2551 652 2571; x_wconf 91' lang='lat' dir='ltr'><strong>anno</strong></span> <span class='ocrx_word' id='word_1_639' title='bbox 686 2544 754 2571; x_wconf 83' lang='grc'>1746</span> <span class='ocrx_word' id='word_1_640' title='bbox 771 2545 850 2571; x_wconf 88' lang='lat' dir='ltr'><strong>evul-</strong></span> 
     </span>
    </p>
   </div>
   <div class='ocr_carea' id='block_1_97' title="bbox 69 2588 851 2625">
    <p class='ocr_par' dir='ltr' id='par_1_97' title="bbox 69 2588 851 2625">
     <span class='ocr_line' id='line_1_97' title="bbox 69 2588 851 2625; baseline 0.006 -12"><span class='ocrx_word' id='word_1_641' title='bbox 69 2588 143 2622; x_wconf 78' lang='lat' dir='ltr'><strong>gatis.</strong></span> <span class='ocrx_word' id='word_1_642' title='bbox 158 2588 366 2616; x_wconf 83' lang='lat' dir='ltr'><strong>Wottonianam</strong></span> <span class='ocrx_word' id='word_1_643' title='bbox 379 2589 528 2617; x_wconf 86' lang='lat' dir='ltr'><strong>editionem</strong></span> <span class='ocrx_word' id='word_1_644' title='bbox 542 2597 597 2625; x_wconf 69' lang='lat' dir='ltr'><strong>pro:</strong></span> <span class='ocrx_word' id='word_1_645' title='bbox 615 2590 723 2618; x_wconf 67' lang='lat' dir='ltr'><strong>caeteris</strong></span> <span class='ocrx_word' id='word_1_646' title='bbox 737 2591 790 2618; x_wconf 88' lang='lat' dir='ltr'><strong>sibi</strong></span> <span class='ocrx_word' id='word_1_647' title='bbox 810 2598 851 2618; x_wconf 87' lang='lat' dir='ltr'><strong>se-</strong></span> 
     </span>
    </p>
   </div>
   <div class='ocr_carea' id='block_1_98' title="bbox 69 2634 850 2670">
    <p class='ocr_par' dir='ltr' id='par_1_98' title="bbox 69 2634 850 2670">
     <span class='ocr_line' id='line_1_98' title="bbox 69 2634 850 2670; baseline 0.005 -10"><span class='ocrx_word' id='word_1_648' title='bbox 69 2634 195 2667; x_wconf 85' lang='lat' dir='ltr'><strong>quendam</strong></span> <span class='ocrx_word' id='word_1_649' title='bbox 208 2635 274 2669; x_wconf 90' lang='lat' dir='ltr'><strong>jure</strong></span> <span class='ocrx_word' id='word_1_650' title='bbox 291 2635 416 2669; x_wconf 82' lang='lat' dir='ltr'><strong>censuit;</strong></span> <span class='ocrx_word' id='word_1_651' title='bbox 439 2637 485 2670; x_wconf 90' lang='lat' dir='ltr'><strong>qui</strong></span> <span class='ocrx_word' id='word_1_652' title='bbox 501 2640 528 2664; x_wconf 88' lang='lat' dir='ltr'><strong>et</strong></span> <span class='ocrx_word' id='word_1_653' title='bbox 544 2637 578 2663; x_wconf 89' lang='lat' dir='ltr'><strong>ad</strong></span> <span class='ocrx_word' id='word_1_654' title='bbox 598 2637 704 2664; x_wconf 89' lang='lat' dir='ltr'><strong>calcem</strong></span> <span class='ocrx_word' id='word_1_655' title='bbox 721 2638 850 2665; x_wconf 63' lang='lat' dir='ltr'><strong>secunda:</strong></span> 
     </span>
    </p>
   </div>
   <div class='ocr_carea' id='block_1_99' title="bbox 72 2678 849 2716">
    <p class='ocr_par' dir='ltr' id='par_1_99' title="bbox 72 2678 849 2716">
     <span class='ocr_line' id='line_1_99' title="bbox 72 2678 849 2716; baseline 0.005 -12"><span class='ocrx_word' id='word_1_656' title='bbox 72 2678 150 2711; x_wconf 87' lang='lat' dir='ltr'><strong>partis</strong></span> <span class='ocrx_word' id='word_1_657' title='bbox 164 2679 314 2707; x_wconf 89' lang='lat' dir='ltr'><strong>voluminis</strong></span> <span class='ocrx_word' id='word_1_658' title='bbox 327 2680 408 2715; x_wconf 84' lang='lat' dir='ltr'><strong>primi</strong></span> <span class='ocrx_word' id='word_1_659' title='bbox 433 2680 563 2708; x_wconf 88' lang='lat' dir='ltr'><strong>laudabili</strong></span> <span class='ocrx_word' id='word_1_660' title='bbox 584 2681 700 2708; x_wconf 89' lang='lat' dir='ltr'><strong>consilio</strong></span> <span class='ocrx_word' id='word_1_661' title='bbox 720 2681 849 2716; x_wconf 86' lang='lat' dir='ltr'><strong>pleraque</strong></span> 
     </span>
    </p>
   </div>
   <div class='ocr_carea' id='block_1_100' title="bbox 73 2724 850 2762">
    <p class='ocr_par' dir='ltr' id='par_1_100' title="bbox 73 2724 850 2762">
     <span class='ocr_line' id='line_1_100' title="bbox 73 2724 850 2762; baseline 0.006 -12"><span class='ocrx_word' id='word_1_662' title='bbox 73 2724 183 2759; x_wconf 81' lang='lat' dir='ltr'><strong>subjecit</strong></span> <span class='ocrx_word' id='word_1_663' title='bbox 208 2725 342 2754; x_wconf 76' lang='lat' dir='ltr'><strong>adnotata</strong></span> <span class='ocrx_word' id='word_1_664' title='bbox 357 2734 390 2753; x_wconf 76' lang='lat' dir='ltr'><strong>ex</strong></span> <span class='ocrx_word' id='word_1_665' title='bbox 406 2725 466 2754; x_wconf 81' lang='lat' dir='ltr'><strong>Joa.</strong></span> <span class='ocrx_word' id='word_1_666' title='bbox 497 2727 573 2753; x_wconf 79' lang='lat' dir='ltr'><strong>Millii</strong></span> <span class='ocrx_word' id='word_1_667' title='bbox 591 2727 749 2762; x_wconf 73' lang='lat' dir='ltr'><strong>apographo</strong></span> <span class='ocrx_word' id='word_1_668' title='bbox 768 2736 850 2755; x_wconf 87' lang='lat' dir='ltr'><strong>accu-</strong></span> 
     </span>
    </p>
   </div>
   <div class='ocr_carea' id='block_1_101' title="bbox 71 2771 848 2802">
    <p class='ocr_par' dir='ltr' id='par_1_101' title="bbox 71 2771 848 2802">
     <span class='ocr_line' id='line_1_101' title="bbox 71 2771 848 2802; baseline 0.006 -6"><span class='ocrx_word' id='word_1_669' title='bbox 71 2774 124 2797; x_wconf 84' lang='lat' dir='ltr'><strong>rate</strong></span> <span class='ocrx_word' id='word_1_670' title='bbox 134 2771 166 2798; x_wconf 88' lang='lat' dir='ltr'><strong>ad</strong></span> <span class='ocrx_word' id='word_1_671' title='bbox 181 2779 233 2799; x_wconf 88' lang='lat' dir='ltr'><strong>ms.</strong></span> <span class='ocrx_word' id='word_1_672' title='bbox 258 2772 365 2800; x_wconf 85' lang='lat' dir='ltr'><strong>codicis</strong></span> <span class='ocrx_word' id='word_1_673' title='bbox 387 2772 501 2800; x_wconf 86' lang='lat' dir='ltr'><strong>Alexau.</strong></span> <span class='ocrx_word' id='word_1_674' title='bbox 516 2773 596 2800; x_wconf 83' lang='lat' dir='ltr'><strong>tidem</strong></span> <span class='ocrx_word' id='word_1_675' title='bbox 618 2779 718 2801; x_wconf 84' lang='lat' dir='ltr'><strong>exacto</strong></span> <span class='ocrx_word' id='word_1_676' title='bbox 743 2773 848 2802; x_wconf 90' lang='lat' dir='ltr'><strong>descri-</strong></span> 
     </span>
    </p>
   </div>
   <div class='ocr_carea' id='block_1_102' title="bbox 72 2817 846 2854">
    <p class='ocr_par' dir='ltr' id='par_1_102' title="bbox 72 2817 846 2854">
     <span class='ocr_line' id='line_1_102' title="bbox 72 2817 846 2854; baseline 0.005 -12"><span class='ocrx_word' id='word_1_677' title='bbox 72 2819 126 2849; x_wconf 83' lang='lat' dir='ltr'><strong>pta;</strong></span> <span class='ocrx_word' id='word_1_678' title='bbox 142 2825 201 2851; x_wconf 73' lang='lat' dir='ltr'><strong>qum</strong></span> <span class='ocrx_word' id='word_1_679' title='bbox 211 2817 323 2853; x_wconf 83' lang='lat' dir='ltr'><strong>quidem</strong></span> <span class='ocrx_word' id='word_1_680' title='bbox 340 2819 468 2846; x_wconf 84' lang='lat' dir='ltr'><strong>adnotata</strong></span> <span class='ocrx_word' id='word_1_681' title='bbox 482 2819 628 2847; x_wconf 85' lang='lat' dir='ltr'><strong>Wottonus</strong></span> <span class='ocrx_word' id='word_1_682' title='bbox 657 2820 846 2854; x_wconf 68' lang='lat' dir='ltr'><strong>prmtermisit,</strong></span> 
     </span>
    </p>
   </div>
   <div class='ocr_carea' id='block_1_103' title="bbox 72 2862 845 2899">
    <p class='ocr_par' dir='ltr' id='par_1_103' title="bbox 72 2862 845 2899">
     <span class='ocr_line' id='line_1_103' title="bbox 72 2862 845 2899; baseline 0.008 -13"><span class='ocrx_word' id='word_1_683' title='bbox 72 2862 189 2893; x_wconf 72' lang='lat' dir='ltr'><strong>quamvis</strong></span> <span class='ocrx_word' id='word_1_684' title='bbox 200 2868 226 2890; x_wconf 78' lang='lat' dir='ltr'><strong>ct</strong></span> <span class='ocrx_word' id='word_1_685' title='bbox 249 2863 310 2899; x_wconf 89' lang='lat' dir='ltr'><strong>ipse</strong></span> <span class='ocrx_word' id='word_1_686' title='bbox 323 2864 507 2899; x_wconf 74' lang='lat' dir='ltr'><strong>apugraphum</strong></span> <span class='ocrx_word' id='word_1_687' title='bbox 525 2864 675 2892; x_wconf 77' lang='lat' dir='ltr'><strong>Millianum</strong></span> <span class='ocrx_word' id='word_1_688' title='bbox 701 2865 754 2892; x_wconf 87' lang='lat' dir='ltr'><strong>sibi</strong></span> <span class='ocrx_word' id='word_1_689' title='bbox 770 2873 845 2892; x_wconf 91' lang='lat' dir='ltr'><strong>com-</strong></span> 
     </span>
    </p>
   </div>
   <div class='ocr_carea' id='block_1_104' title="bbox 943 2266 1693 2304">
    <p class='ocr_par' dir='ltr' id='par_1_104' title="bbox 943 2266 1693 2304">
     <span class='ocr_line' id='line_1_104' title="bbox 943 2266 1693 2304; baseline -0.001 -8"><span class='ocrx_word' id='word_1_690' title='bbox 943 2268 1157 2304; x_wconf 80' lang='lat' dir='ltr'><strong>Recognitionum</strong></span> <span class='ocrx_word' id='word_1_691' title='bbox 1181 2267 1242 2295; x_wconf 86' lang='lat' dir='ltr'><strong>libri</strong></span> <span class='ocrx_word' id='word_1_692' title='bbox 1257 2275 1274 2294; x_wconf 89' lang='lat' dir='ltr'><strong>a</strong></span> <span class='ocrx_word' id='word_1_693' title='bbox 1287 2266 1386 2295; x_wconf 83' lang='lat' dir='ltr'><strong>Rulino</strong></span> <span class='ocrx_word' id='word_1_694' title='bbox 1400 2267 1496 2296; x_wconf 89' lang='lat' dir='ltr'><strong>Latine</strong></span> <span class='ocrx_word' id='word_1_695' title='bbox 1518 2267 1628 2297; x_wconf 76' lang='lat' dir='ltr'><strong>redditi</strong></span> <span class='ocrx_word' id='word_1_696' title='bbox 1643 2267 1693 2296; x_wconf 87' lang='lat' dir='ltr'><strong>Ba-</strong></span> 
     </span>
    </p>
   </div>
   <div class='ocr_carea' id='block_1_105' title="bbox 904 2313 1689 2348">
    <p class='ocr_par' dir='ltr' id='par_1_105' title="bbox 904 2313 1689 2348">
     <span class='ocr_line' id='line_1_105' title="bbox 904 2313 1689 2348; baseline -0.003 -3"><span class='ocrx_word' id='word_1_697' title='bbox 904 2317 979 2345; x_wconf 73' lang='lat' dir='ltr'><strong>sileae</strong></span> <span class='ocrx_word' id='word_1_698' title='bbox 993 2322 1054 2342; x_wconf 89' lang='lat' dir='ltr'><strong>cum</strong></span> <span class='ocrx_word' id='word_1_699' title='bbox 1071 2313 1373 2348; x_wconf 80' lang='lat' dir='ltr'><strong>pseudo-decretalibus</strong></span> <span class='ocrx_word' id='word_1_700' title='bbox 1391 2321 1464 2340; x_wconf 90' lang='lat' dir='ltr'><strong>anno</strong></span> <span class='ocrx_word' id='word_1_701' title='bbox 1478 2313 1555 2346; x_wconf 74' lang='lat'><strong>1526.</strong></span> <span class='ocrx_word' id='word_1_702' title='bbox 1577 2313 1689 2347; x_wconf 76' lang='lat' dir='ltr'><strong>in-l&#39;ol...</strong></span> 
     </span>
    </p>
   </div>
   <div class='ocr_carea' id='block_1_106' title="bbox 903 2358 1691 2395">
    <p class='ocr_par' dir='ltr' id='par_1_106' title="bbox 903 2358 1691 2395">
     <span class='ocr_line' id='line_1_106' title="bbox 903 2358 1691 2395; baseline -0.005 -5"><span class='ocrx_word' id='word_1_703' title='bbox 903 2368 930 2390; x_wconf 90' lang='lat' dir='ltr'><strong>et</strong></span> <span class='ocrx_word' id='word_1_704' title='bbox 940 2361 1021 2389; x_wconf 88' lang='lat' dir='ltr'><strong>subin</strong></span> <span class='ocrx_word' id='word_1_705' title='bbox 1033 2359 1146 2387; x_wconf 90' lang='lat' dir='ltr'><strong>Parisiis</strong></span> <span class='ocrx_word' id='word_1_706' title='bbox 1161 2359 1227 2386; x_wconf 83' lang='grc'>1541</span> <span class='ocrx_word' id='word_1_707' title='bbox 1244 2362 1270 2386; x_wconf 75' lang='lat' dir='ltr'><strong>et</strong></span> <span class='ocrx_word' id='word_1_708' title='bbox 1286 2358 1365 2391; x_wconf 75' lang='lat'><strong>1.568,</strong></span> <span class='ocrx_word' id='word_1_709' title='bbox 1378 2359 1499 2388; x_wconf 75' lang='lat' dir='ltr'><strong>Colonia:</strong></span> <span class='ocrx_word' id='word_1_710' title='bbox 1515 2359 1594 2386; x_wconf 82' lang='lat'><strong>1569.</strong></span> <span class='ocrx_word' id='word_1_711' title='bbox 1617 2359 1691 2395; x_wconf 63' lang='lat' dir='ltr'><strong>Lug-</strong></span> 
     </span>
    </p>
   </div>
   <div class='ocr_carea' id='block_1_107' title="bbox 903 2404 1689 2441">
    <p class='ocr_par' dir='ltr' id='par_1_107' title="bbox 903 2404 1689 2441">
     <span class='ocr_line' id='line_1_107' title="bbox 903 2404 1689 2441; baseline -0.004 -5"><span class='ocrx_word' id='word_1_712' title='bbox 903 2407 970 2436; x_wconf 86' lang='lat' dir='ltr'><strong>duni</strong></span> <span class='ocrx_word' id='word_1_713' title='bbox 985 2406 1013 2433; x_wconf 91' lang='lat' dir='ltr'><strong>in</strong></span> <span class='ocrx_word' id='word_1_714' title='bbox 1033 2406 1092 2434; x_wconf 86' lang='lat' dir='ltr'><strong>PP.</strong></span> <span class='ocrx_word' id='word_1_715' title='bbox 1106 2405 1270 2433; x_wconf 81' lang='lat' dir='ltr'><strong>Bibliotheca</strong></span> <span class='ocrx_word' id='word_1_716' title='bbox 1291 2412 1363 2431; x_wconf 89' lang='lat' dir='ltr'><strong>anno</strong></span> <span class='ocrx_word' id='word_1_717' title='bbox 1385 2404 1454 2432; x_wconf 86' lang='lat'><strong>1677</strong></span> <span class='ocrx_word' id='word_1_718' title='bbox 1480 2409 1544 2433; x_wconf 86' lang='lat' dir='ltr'><strong>sunt</strong></span> <span class='ocrx_word' id='word_1_719' title='bbox 1559 2405 1689 2441; x_wconf 74' lang='lat' dir='ltr'><strong>evulgati.</strong></span> 
     </span>
    </p>
   </div>
   <div class='ocr_carea' id='block_1_108' title="bbox 902 2450 1696 2487">
    <p class='ocr_par' dir='ltr' id='par_1_108' title="bbox 902 2450 1696 2487">
     <span class='ocr_line' id='line_1_108' title="bbox 902 2450 1696 2487; baseline -0.004 -6"><span class='ocrx_word' id='word_1_720' title='bbox 902 2452 1075 2482; x_wconf 81' lang='lat' dir='ltr'><strong>Coloniensis</strong></span> <span class='ocrx_word' id='word_1_721' title='bbox 1102 2450 1187 2478; x_wconf 89' lang='lat' dir='ltr'><strong>editio</strong></span> <span class='ocrx_word' id='word_1_722' title='bbox 1213 2453 1312 2484; x_wconf 66' lang='lat' dir='ltr'><strong>praeter</strong></span> <span class='ocrx_word' id='word_1_723' title='bbox 1346 2450 1559 2487; x_wconf 76' lang='lat' dir='ltr'><strong>Recognitioaum</strong></span> <span class='ocrx_word' id='word_1_724' title='bbox 1603 2451 1696 2479; x_wconf 64' lang='lat' dir='ltr'><strong>libros</strong></span> 
     </span>
    </p>
   </div>
   <div class='ocr_carea' id='block_1_109' title="bbox 901 2495 1695 2532">
    <p class='ocr_par' dir='ltr' id='par_1_109' title="bbox 901 2495 1695 2532">
     <span class='ocr_line' id='line_1_109' title="bbox 901 2495 1695 2532; baseline -0.001 -5"><span class='ocrx_word' id='word_1_725' title='bbox 901 2499 1074 2528; x_wconf 86' lang='lat' dir='ltr'><strong>Clementina</strong></span> <span class='ocrx_word' id='word_1_726' title='bbox 1096 2504 1216 2532; x_wconf 86' lang='lat' dir='ltr'><strong>quoque,</strong></span> <span class='ocrx_word' id='word_1_727' title='bbox 1228 2500 1255 2523; x_wconf 89' lang='lat' dir='ltr'><strong>et</strong></span> <span class='ocrx_word' id='word_1_728' title='bbox 1269 2495 1298 2524; x_wconf 88' lang='lat' dir='ltr'><strong>S.</strong></span> <span class='ocrx_word' id='word_1_729' title='bbox 1312 2495 1383 2523; x_wconf 88' lang='lat' dir='ltr'><strong>Petri</strong></span> <span class='ocrx_word' id='word_1_730' title='bbox 1399 2500 1538 2531; x_wconf 83' lang='lat' dir='ltr'><strong>gestorqu</strong></span> <span class='ocrx_word' id='word_1_731' title='bbox 1553 2505 1695 2527; x_wconf 66' lang='lat' dir='ltr'><strong>summam</strong></span> 
     </span>
    </p>
   </div>
   <div class='ocr_carea' id='block_1_110' title="bbox 902 2541 1690 2580">
    <p class='ocr_par' dir='ltr' id='par_1_110' title="bbox 902 2541 1690 2580">
     <span class='ocr_line' id='line_1_110' title="bbox 902 2541 1690 2580; baseline -0.003 -7"><span class='ocrx_word' id='word_1_732' title='bbox 902 2554 917 2573; x_wconf 92' lang='lat' dir='ltr'><strong>a</strong></span> <span class='ocrx_word' id='word_1_733' title='bbox 929 2545 1055 2573; x_wconf 82' lang='lat' dir='ltr'><strong>l’erionio</strong></span> <span class='ocrx_word' id='word_1_734' title='bbox 1069 2550 1229 2571; x_wconf 87' lang='lat' dir='ltr'><strong>conversam</strong></span> <span class='ocrx_word' id='word_1_735' title='bbox 1245 2550 1307 2569; x_wconf 84' lang='lat' dir='ltr'><strong>Clllll</strong></span> <span class='ocrx_word' id='word_1_736' title='bbox 1330 2543 1403 2570; x_wconf 89' lang='lat' dir='ltr'><strong>notis</strong></span> <span class='ocrx_word' id='word_1_737' title='bbox 1427 2541 1553 2573; x_wconf 84' lang='lat' dir='ltr'><strong>Venradii</strong></span> <span class='ocrx_word' id='word_1_738' title='bbox 1569 2545 1690 2580; x_wconf 78' lang='lat' dir='ltr'><strong>complo—</strong></span> 
     </span>
    </p>
   </div>
   <div class='ocr_carea' id='block_1_111' title="bbox 901 2592 996 2619">
    <p class='ocr_par' dir='ltr' id='par_1_111' title="bbox 901 2592 996 2619">
     <span class='ocr_line' id='line_1_111' title="bbox 901 2592 996 2619; baseline -0.011 0"><span class='ocrx_word' id='word_1_739' title='bbox 901 2592 996 2619; x_wconf 87' lang='lat' dir='ltr'><strong>ctitur.</strong></span> 
     </span>
    </p>
   </div>
   <div class='ocr_carea' id='block_1_112' title="bbox 936 2633 1689 2664">
    <p class='ocr_par' dir='ltr' id='par_1_112' title="bbox 936 2633 1689 2664">
     <span class='ocr_line' id='line_1_112' title="bbox 936 2633 1689 2664; baseline 0.001 -1"><span class='ocrx_word' id='word_1_740' title='bbox 936 2636 1044 2663; x_wconf 89' lang='lat' dir='ltr'><strong>Primus</strong></span> <span class='ocrx_word' id='word_1_741' title='bbox 1060 2635 1204 2663; x_wconf 88' lang='lat' dir='ltr'><strong>Turnebus</strong></span> <span class='ocrx_word' id='word_1_742' title='bbox 1219 2635 1341 2662; x_wconf 84' lang='lat' dir='ltr'><strong>eamdem</strong></span> <span class='ocrx_word' id='word_1_743' title='bbox 1355 2633 1448 2662; x_wconf 64' lang='lat' dir='ltr'><strong>Graece</strong></span> <span class='ocrx_word' id='word_1_744' title='bbox 1462 2638 1491 2662; x_wconf 86' lang='lat' dir='ltr'><strong>et</strong></span> <span class='ocrx_word' id='word_1_745' title='bbox 1508 2634 1606 2664; x_wconf 78' lang='lat' dir='ltr'><strong>Latine</strong></span> <span class='ocrx_word' id='word_1_746' title='bbox 1629 2637 1689 2664; x_wconf 92' lang='lat' dir='ltr'><strong>edi-</strong></span> 
     </span>
    </p>
   </div>
   <div class='ocr_carea' id='block_1_113' title="bbox 900 2679 1693 2715">
    <p class='ocr_par' dir='ltr' id='par_1_113' title="bbox 900 2679 1693 2715">
     <span class='ocr_line' id='line_1_113' title="bbox 900 2679 1693 2715; baseline 0.001 -5"><span class='ocrx_word' id='word_1_747' title='bbox 900 2682 940 2710; x_wconf 90' lang='lat' dir='ltr'><strong>dit</strong></span> <span class='ocrx_word' id='word_1_748' title='bbox 953 2681 1067 2709; x_wconf 82' lang='lat' dir='ltr'><strong>Parisiis</strong></span> <span class='ocrx_word' id='word_1_749' title='bbox 1082 2689 1153 2708; x_wconf 90' lang='lat' dir='ltr'><strong>anno</strong></span> <span class='ocrx_word' id='word_1_750' title='bbox 1172 2680 1241 2710; x_wconf 70' lang='lat'><strong>1.551</strong></span> <span class='ocrx_word' id='word_1_751' title='bbox 1256 2679 1332 2707; x_wconf 61' lang='lat' dir='ltr'><strong>iri-4&#39;.</strong></span> <span class='ocrx_word' id='word_1_752' title='bbox 1352 2679 1515 2707; x_wconf 80' lang='lat' dir='ltr'><strong>Clementina</strong></span> <span class='ocrx_word' id='word_1_753' title='bbox 1528 2686 1556 2708; x_wconf 84' lang='lat' dir='ltr'><strong>et</strong></span> <span class='ocrx_word' id='word_1_754' title='bbox 1570 2680 1693 2715; x_wconf 79' lang='lat' dir='ltr'><strong>Epitome</strong></span> 
     </span>
    </p>
   </div>
   <div class='ocr_carea' id='block_1_114' title="bbox 900 2726 1690 2762">
    <p class='ocr_par' dir='ltr' id='par_1_114' title="bbox 900 2726 1690 2762">
     <span class='ocr_line' id='line_1_114' title="bbox 900 2726 1690 2762; baseline -0.003 -6"><span class='ocrx_word' id='word_1_755' title='bbox 900 2729 946 2756; x_wconf 83' lang='lat' dir='ltr'><strong>illa</strong></span> <span class='ocrx_word' id='word_1_756' title='bbox 958 2732 1070 2756; x_wconf 77' lang='lat' dir='ltr'><strong>exstant</strong></span> <span class='ocrx_word' id='word_1_757' title='bbox 1080 2728 1162 2755; x_wconf 85' lang='lat' dir='ltr'><strong>etiam</strong></span> <span class='ocrx_word' id='word_1_758' title='bbox 1177 2728 1204 2754; x_wconf 94' lang='lat' dir='ltr'><strong>iu</strong></span> <span class='ocrx_word' id='word_1_759' title='bbox 1215 2726 1386 2756; x_wconf 79' lang='lat' dir='ltr'><strong>Cuteleriaua</strong></span> <span class='ocrx_word' id='word_1_760' title='bbox 1399 2726 1571 2760; x_wconf 87' lang='lat' dir='ltr'><strong>collectione;</strong></span> <span class='ocrx_word' id='word_1_761' title='bbox 1588 2726 1623 2754; x_wconf 83' lang='lat' dir='ltr'><strong>de</strong></span> <span class='ocrx_word' id='word_1_762' title='bbox 1635 2735 1690 2762; x_wconf 87' lang='lat' dir='ltr'><strong>qua</strong></span> 
     </span>
    </p>
   </div>
   <div class='ocr_carea' id='block_1_115' title="bbox 899 2773 1688 2809">
    <p class='ocr_par' dir='ltr' id='par_1_115' title="bbox 899 2773 1688 2809">
     <span class='ocr_line' id='line_1_115' title="bbox 899 2773 1688 2809; baseline -0.001 -8"><span class='ocrx_word' id='word_1_763' title='bbox 899 2775 1027 2809; x_wconf 86' lang='lat' dir='ltr'><strong>superius</strong></span> <span class='ocrx_word' id='word_1_764' title='bbox 1040 2774 1142 2801; x_wconf 84' lang='lat' dir='ltr'><strong>mentio</strong></span> <span class='ocrx_word' id='word_1_765' title='bbox 1156 2773 1267 2800; x_wconf 76' lang='lat' dir='ltr'><strong>anubis</strong></span> <span class='ocrx_word' id='word_1_766' title='bbox 1281 2773 1408 2800; x_wconf 76' lang='lat' dir='ltr'><strong>instituta</strong></span> <span class='ocrx_word' id='word_1_767' title='bbox 1420 2776 1474 2804; x_wconf 88' lang='lat' dir='ltr'><strong>est,</strong></span> <span class='ocrx_word' id='word_1_768' title='bbox 1485 2780 1547 2800; x_wconf 79' lang='lat' dir='ltr'><strong>cum</strong></span> <span class='ocrx_word' id='word_1_769' title='bbox 1562 2773 1688 2808; x_wconf 71' lang='lat' dir='ltr'><strong>supposi-</strong></span> 
     </span>
    </p>
   </div>
   <div class='ocr_carea' id='block_1_116' title="bbox 899 2817 1687 2847">
    <p class='ocr_par' dir='ltr' id='par_1_116' title="bbox 899 2817 1687 2847">
     <span class='ocr_line' id='line_1_116' title="bbox 899 2817 1687 2847; baseline 0 -1"><span class='ocrx_word' id='word_1_770' title='bbox 899 2820 968 2847; x_wconf 86' lang='lat' dir='ltr'><strong>titiis</strong></span> <span class='ocrx_word' id='word_1_771' title='bbox 986 2819 1073 2847; x_wconf 85' lang='lat' dir='ltr'><strong>sancti</strong></span> <span class='ocrx_word' id='word_1_772' title='bbox 1089 2819 1237 2847; x_wconf 83' lang='lat' dir='ltr'><strong>Clementis</strong></span> <span class='ocrx_word' id='word_1_773' title='bbox 1253 2817 1402 2845; x_wconf 71' lang='lat' dir='ltr'><strong>litterisad</strong></span> <span class='ocrx_word' id='word_1_774' title='bbox 1415 2821 1544 2847; x_wconf 79' lang='lat' dir='ltr'><strong>sanctum</strong></span> <span class='ocrx_word' id='word_1_775' title='bbox 1556 2817 1687 2847; x_wconf 70' lang='lat' dir='ltr'><strong>lacubqu</strong></span> 
     </span>
    </p>
   </div>
   <div class='ocr_carea' id='block_1_117' title="bbox 899 2865 1358 2901">
    <p class='ocr_par' dir='ltr' id='par_1_117' title="bbox 899 2865 1358 2901">
     <span class='ocr_line' id='line_1_117' title="bbox 899 2865 1358 2901; baseline -0.004 -7"><span class='ocrx_word' id='word_1_776' title='bbox 899 2867 1056 2901; x_wconf 86' lang='lat' dir='ltr'><strong>cpiscopqu</strong></span> <span class='ocrx_word' id='word_1_777' title='bbox 1072 2865 1358 2900; x_wconf 80' lang='lat' dir='ltr'><strong>llierosolymitanum.</strong></span> 
     </span>
    </p>
   </div>
  </div>
