  <div class='ocr_page' id='page_1' title='image "/cluster/home/n/w/nwhite01/storage/ocr_20150623/1/njp.32101077772331/141.png"; bbox 0 0 1875 3101; ppageno 0'>
   <div class='ocr_carea' id='block_1_1' title="bbox 186 155 237 184">
    <p class='ocr_par' dir='ltr' id='par_1_1' title="bbox 186 155 237 184">
     <span class='ocr_line' id='line_1_1' title="bbox 186 155 237 184; baseline -0.02 0"><span class='ocrx_word' id='word_1_1' title='bbox 186 155 237 184; x_wconf 73' lang='grc'><strong>185</strong></span> 
     </span>
    </p>
   </div>
   <div class='ocr_carea' id='block_1_2' title="bbox 742 154 1238 189">
    <p class='ocr_par' dir='ltr' id='par_1_2' title="bbox 742 154 1238 189">
     <span class='ocr_line' id='line_1_2' title="bbox 742 154 1238 189; baseline 0.008 -4"><span class='ocrx_word' id='word_1_2' title='bbox 742 158 786 186; x_wconf 82' lang='lat' dir='ltr'><strong>AD</strong></span> <span class='ocrx_word' id='word_1_3' title='bbox 803 154 843 186; x_wconf 64' lang='grc' dir='ltr'><strong>ἐί</strong></span> <span class='ocrx_word' id='word_1_4' title='bbox 856 157 1072 188; x_wconf 71' lang='grc' dir='ltr'><strong>οιΕκεΝτειι</strong></span> <span class='ocrx_word' id='word_1_5' title='bbox 1091 159 1102 187; x_wconf 90' lang='grc' dir='ltr'>ῐ</span> <span class='ocrx_word' id='word_1_6' title='bbox 1120 159 1238 189; x_wconf 70' lang='lat' dir='ltr'><strong>PAPAM</strong></span> 
     </span>
    </p>
   </div>
   <div class='ocr_carea' id='block_1_3' title="bbox 230 264 1789 287">
    <p class='ocr_par' dir='ltr' id='par_1_3' title="bbox 230 264 1789 287">
     <span class='ocr_line' id='line_1_3' title="bbox 230 264 1789 287; baseline 0 -17"><span class='ocrx_word' id='word_1_7' title='bbox 230 264 1789 287; x_wconf 50' lang='lat' dir='ltr'><strong>m—</strong></span> 
     </span>
    </p>
   </div>
   <div class='ocr_carea' id='block_1_4' title="bbox 278 346 1007 394">
    <p class='ocr_par' dir='ltr' id='par_1_4' title="bbox 278 346 1007 394">
     <span class='ocr_line' id='line_1_4' title="bbox 278 346 1007 394; baseline 0.005 -4"><span class='ocrx_word' id='word_1_8' title='bbox 278 346 352 391; x_wconf 90' lang='lat' dir='ltr'><strong>DE</strong></span> <span class='ocrx_word' id='word_1_9' title='bbox 405 346 637 392; x_wconf 89' lang='lat' dir='ltr'><strong>DUABUS</strong></span> <span class='ocrx_word' id='word_1_10' title='bbox 689 347 1007 394; x_wconf 89' lang='lat' dir='ltr'><strong>EPISTOLIS</strong></span> 
     </span>
    </p>
   </div>
   <div class='ocr_carea' id='block_1_5' title="bbox 1058 350 1708 400">
    <p class='ocr_par' dir='ltr' id='par_1_5' title="bbox 1058 350 1708 400">
     <span class='ocr_line' id='line_1_5' title="bbox 1058 350 1708 400; baseline 0.009 -6"><span class='ocrx_word' id='word_1_11' title='bbox 1058 350 1401 397; x_wconf 89' lang='lat' dir='ltr'><strong>CLEMENTIS</strong></span> <span class='ocrx_word' id='word_1_12' title='bbox 1451 351 1708 400; x_wconf 82' lang='lat' dir='ltr'><strong>ROMANI.</strong></span> 
     </span>
    </p>
   </div>
   <div class='ocr_carea' id='block_1_6' title="bbox 559 443 960 479">
    <p class='ocr_par' dir='ltr' id='par_1_6' title="bbox 559 443 960 476">
     <span class='ocr_line' id='line_1_6' title="bbox 559 443 960 476; baseline 0.007 -8"><span class='ocrx_word' id='word_1_13' title='bbox 559 443 677 475; x_wconf 69' lang='lat' dir='ltr'><strong>(Harena,</strong></span> <span class='ocrx_word' id='word_1_14' title='bbox 690 444 793 470; x_wconf 82' lang='lat' dir='ltr'><strong>Patrum</strong></span> <span class='ocrx_word' id='word_1_15' title='bbox 808 445 960 476; x_wconf 69' lang='lat' dir='ltr'><strong>apostolicam</strong></span> 
     </span>
    </p>
   </div>
   <div class='ocr_carea' id='block_1_7' title="bbox 1038 443 1420 479">
    <p class='ocr_par' dir='ltr' id='par_1_7' title="bbox 1038 447 1420 479">
     <span class='ocr_line' id='line_1_7' title="bbox 1038 447 1420 479; baseline 0 -7"><span class='ocrx_word' id='word_1_16' title='bbox 1038 452 1100 476; x_wconf 78' lang='lat' dir='ltr'><strong>ma,</strong></span> <span class='ocrx_word' id='word_1_17' title='bbox 1113 447 1241 478; x_wconf 71' lang='lat' dir='ltr'><strong>Tubingae,</strong></span> <span class='ocrx_word' id='word_1_18' title='bbox 1253 447 1420 479; x_wconf 63' lang='lat' dir='ltr'><strong>18t$,in-8°.)</strong></span> 
     </span>
    </p>
   </div>
   <div class='ocr_carea' id='block_1_8' title="bbox 213 594 1796 632">
    <p class='ocr_par' dir='ltr' id='par_1_8' title="bbox 213 594 1796 632">
     <span class='ocr_line' id='line_1_8' title="bbox 213 594 1796 632; baseline 0.003 -11"><span class='ocrx_word' id='word_1_19' title='bbox 213 595 234 623; x_wconf 90' lang='grc'><strong>1.</strong></span> <span class='ocrx_word' id='word_1_20' title='bbox 249 594 415 622; x_wconf 75' lang='lat' dir='ltr'><strong>Clementem</strong></span> <span class='ocrx_word' id='word_1_21' title='bbox 438 595 591 624; x_wconf 76' lang='lat' dir='ltr'><strong>Romanum</strong></span> <span class='ocrx_word' id='word_1_22' title='bbox 613 595 739 623; x_wconf 88' lang='lat' dir='ltr'><strong>eumdem</strong></span> <span class='ocrx_word' id='word_1_23' title='bbox 754 603 815 624; x_wconf 84' lang='lat' dir='ltr'><strong>esse</strong></span> <span class='ocrx_word' id='word_1_24' title='bbox 841 603 903 623; x_wconf 87' lang='lat' dir='ltr'><strong>cum</strong></span> <span class='ocrx_word' id='word_1_25' title='bbox 919 604 962 628; x_wconf 87' lang='lat' dir='ltr'><strong>eo,</strong></span> <span class='ocrx_word' id='word_1_26' title='bbox 977 599 1002 628; x_wconf 71' lang='grc' dir='ltr'>Α</span> <span class='ocrx_word' id='word_1_27' title='bbox 1014 596 1092 624; x_wconf 82' lang='lat' dir='ltr'><strong>daica</strong></span> <span class='ocrx_word' id='word_1_28' title='bbox 1106 605 1168 626; x_wconf 89' lang='lat' dir='ltr'><strong>esse</strong></span> <span class='ocrx_word' id='word_1_29' title='bbox 1185 597 1300 625; x_wconf 85' lang='lat' dir='ltr'><strong>editum.</strong></span> <span class='ocrx_word' id='word_1_30' title='bbox 1323 596 1376 632; x_wconf 88' lang='lat' dir='ltr'><strong>Ipsi</strong></span> <span class='ocrx_word' id='word_1_31' title='bbox 1399 596 1517 632; x_wconf 88' lang='lat' dir='ltr'><strong>primum</strong></span> <span class='ocrx_word' id='word_1_32' title='bbox 1542 597 1663 625; x_wconf 84' lang='lat' dir='ltr'><strong>accessit</strong></span> <span class='ocrx_word' id='word_1_33' title='bbox 1677 596 1796 626; x_wconf 72' lang='lat' dir='ltr'><strong>Coutan-</strong></span> 
     </span>
    </p>
   </div>
   <div class='ocr_carea' id='block_1_9' title="bbox 176 639 966 677">
    <p class='ocr_par' dir='ltr' id='par_1_9' title="bbox 176 639 966 677">
     <span class='ocr_line' id='line_1_9' title="bbox 176 639 966 677; baseline 0.003 -10"><span class='ocrx_word' id='word_1_34' title='bbox 176 648 258 676; x_wconf 84' lang='lat' dir='ltr'><strong>quem</strong></span> <span class='ocrx_word' id='word_1_35' title='bbox 280 639 309 668; x_wconf 91' lang='lat' dir='ltr'><strong>S.</strong></span> <span class='ocrx_word' id='word_1_36' title='bbox 325 639 426 668; x_wconf 84' lang='lat' dir='ltr'><strong>Paulus</strong></span> <span class='ocrx_word' id='word_1_37' title='bbox 440 641 467 668; x_wconf 93' lang='lat' dir='ltr'><strong>in</strong></span> <span class='ocrx_word' id='word_1_38' title='bbox 488 641 538 676; x_wconf 87' lang='lat' dir='ltr'><strong>Ep.</strong></span> <span class='ocrx_word' id='word_1_39' title='bbox 551 641 585 669; x_wconf 89' lang='lat' dir='ltr'><strong>ad</strong></span> <span class='ocrx_word' id='word_1_40' title='bbox 607 640 724 677; x_wconf 87' lang='lat' dir='ltr'><strong>Philipp.</strong></span> <span class='ocrx_word' id='word_1_41' title='bbox 738 649 776 673; x_wconf 84' lang='lat' dir='ltr'><strong>Iv,</strong></span> <span class='ocrx_word' id='word_1_42' title='bbox 796 641 824 675; x_wconf 81' lang='grc'><strong>5,</strong></span> <span class='ocrx_word' id='word_1_43' title='bbox 839 641 966 669; x_wconf 84' lang='lat' dir='ltr'><strong>laudibus</strong></span> 
     </span>
    </p>
   </div>
   <div class='ocr_carea' id='block_1_10' title="bbox 175 686 967 724">
    <p class='ocr_par' dir='ltr' id='par_1_10' title="bbox 175 686 967 724">
     <span class='ocr_line' id='line_1_10' title="bbox 175 686 967 724; baseline 0.003 -11"><span class='ocrx_word' id='word_1_44' title='bbox 175 687 253 714; x_wconf 77' lang='lat' dir='ltr'><strong>effert</strong></span> <span class='ocrx_word' id='word_1_45' title='bbox 269 686 322 721; x_wconf 87' lang='grc'><strong>(1),</strong></span> <span class='ocrx_word' id='word_1_46' title='bbox 335 686 391 722; x_wconf 88' lang='lat' dir='ltr'><strong>jam</strong></span> <span class='ocrx_word' id='word_1_47' title='bbox 411 687 542 723; x_wconf 81' lang='lat' dir='ltr'><strong>Origenes</strong></span> <span class='ocrx_word' id='word_1_48' title='bbox 553 687 592 723; x_wconf 72' lang='lat'><strong>(2)</strong></span> <span class='ocrx_word' id='word_1_49' title='bbox 603 708 611 721; x_wconf 83' lang='lat'><strong>,</strong></span> <span class='ocrx_word' id='word_1_50' title='bbox 625 687 758 715; x_wconf 87' lang='lat' dir='ltr'><strong>Eusebius</strong></span> <span class='ocrx_word' id='word_1_51' title='bbox 778 688 831 722; x_wconf 83' lang='grc'><strong>(5),</strong></span> <span class='ocrx_word' id='word_1_52' title='bbox 848 687 967 724; x_wconf 87' lang='lat' dir='ltr'><strong>Epipha-</strong></span> 
     </span>
    </p>
   </div>
   <div class='ocr_carea' id='block_1_11' title="bbox 175 732 963 769">
    <p class='ocr_par' dir='ltr' id='par_1_11' title="bbox 175 732 963 769">
     <span class='ocr_line' id='line_1_11' title="bbox 175 732 963 769; baseline 0 -9"><span class='ocrx_word' id='word_1_53' title='bbox 175 734 238 760; x_wconf 87' lang='lat' dir='ltr'><strong>nius</strong></span> <span class='ocrx_word' id='word_1_54' title='bbox 248 732 296 768; x_wconf 67' lang='grc'><strong>(1),</strong></span> <span class='ocrx_word' id='word_1_55' title='bbox 312 732 492 769; x_wconf 81' lang='lat' dir='ltr'><strong>Hieronymus</strong></span> <span class='ocrx_word' id='word_1_56' title='bbox 503 733 540 769; x_wconf 83' lang='lat'><strong>(5)</strong></span> <span class='ocrx_word' id='word_1_57' title='bbox 554 736 581 761; x_wconf 91' lang='lat' dir='ltr'><strong>et</strong></span> <span class='ocrx_word' id='word_1_58' title='bbox 595 733 640 760; x_wconf 85' lang='lat' dir='ltr'><strong>alii</strong></span> <span class='ocrx_word' id='word_1_59' title='bbox 652 737 773 761; x_wconf 95' lang='lat' dir='ltr'><strong>veterum</strong></span> <span class='ocrx_word' id='word_1_60' title='bbox 786 733 963 761; x_wconf 80' lang='lat' dir='ltr'><strong>aﬂirmarunt.</strong></span> 
     </span>
    </p>
   </div>
   <div class='ocr_carea' id='block_1_12' title="bbox 174 778 965 815">
    <p class='ocr_par' dir='ltr' id='par_1_12' title="bbox 174 778 965 815">
     <span class='ocr_line' id='line_1_12' title="bbox 174 778 965 815; baseline 0 -9"><span class='ocrx_word' id='word_1_61' title='bbox 174 778 253 811; x_wconf 88' lang='lat' dir='ltr'><strong>Quod</strong></span> <span class='ocrx_word' id='word_1_62' title='bbox 266 779 289 807; x_wconf 91' lang='lat' dir='ltr'><strong>si</strong></span> <span class='ocrx_word' id='word_1_63' title='bbox 305 787 351 807; x_wconf 89' lang='lat' dir='ltr'><strong>res</strong></span> <span class='ocrx_word' id='word_1_64' title='bbox 362 781 400 808; x_wconf 86' lang='lat' dir='ltr'><strong>ita</strong></span> <span class='ocrx_word' id='word_1_65' title='bbox 416 787 446 807; x_wconf 84' lang='lat' dir='ltr'><strong>se</strong></span> <span class='ocrx_word' id='word_1_66' title='bbox 458 779 549 810; x_wconf 87' lang='lat' dir='ltr'><strong>habet,</strong></span> <span class='ocrx_word' id='word_1_67' title='bbox 562 778 642 807; x_wconf 84' lang='lat' dir='ltr'><strong>facile</strong></span> <span class='ocrx_word' id='word_1_68' title='bbox 659 782 782 815; x_wconf 75' lang='lat' dir='ltr'><strong>apparet,</strong></span> <span class='ocrx_word' id='word_1_69' title='bbox 795 779 965 807; x_wconf 85' lang='lat' dir='ltr'><strong>Clementem</strong></span> 
     </span>
    </p>
   </div>
   <div class='ocr_carea' id='block_1_13' title="bbox 175 822 972 860">
    <p class='ocr_par' dir='ltr' id='par_1_13' title="bbox 175 822 972 860">
     <span class='ocr_line' id='line_1_13' title="bbox 175 822 972 860; baseline 0.004 -10"><span class='ocrx_word' id='word_1_70' title='bbox 175 822 205 851; x_wconf 91' lang='lat' dir='ltr'><strong>S.</strong></span> <span class='ocrx_word' id='word_1_71' title='bbox 225 823 316 857; x_wconf 84' lang='lat' dir='ltr'><strong>Pauli,</strong></span> <span class='ocrx_word' id='word_1_72' title='bbox 338 824 470 860; x_wconf 82' lang='lat' dir='ltr'><strong>Philippis</strong></span> <span class='ocrx_word' id='word_1_73' title='bbox 492 825 521 852; x_wconf 92' lang='lat' dir='ltr'><strong>in</strong></span> <span class='ocrx_word' id='word_1_74' title='bbox 542 823 702 852; x_wconf 84' lang='lat' dir='ltr'><strong>Macedonia</strong></span> <span class='ocrx_word' id='word_1_75' title='bbox 726 825 847 853; x_wconf 87' lang='lat' dir='ltr'><strong>secundo</strong></span> <span class='ocrx_word' id='word_1_76' title='bbox 867 825 972 853; x_wconf 82' lang='lat' dir='ltr'><strong>itinere</strong></span> 
     </span>
    </p>
   </div>
   <div class='ocr_carea' id='block_1_14' title="bbox 174 870 964 907">
    <p class='ocr_par' dir='ltr' id='par_1_14' title="bbox 174 870 964 907">
     <span class='ocr_line' id='line_1_14' title="bbox 174 870 964 907; baseline 0.003 -11"><span class='ocrx_word' id='word_1_77' title='bbox 174 871 324 904; x_wconf 82' lang='lat' dir='ltr'><strong>apostolico</strong></span> <span class='ocrx_word' id='word_1_78' title='bbox 346 880 370 900; x_wconf 89' lang='lat' dir='ltr'><strong>a.</strong></span> <span class='ocrx_word' id='word_1_79' title='bbox 385 870 469 899; x_wconf 79' lang='lat'><strong>55-35</strong></span> <span class='ocrx_word' id='word_1_80' title='bbox 483 871 546 907; x_wconf 81' lang='lat' dir='ltr'><strong>(cfr.</strong></span> <span class='ocrx_word' id='word_1_81' title='bbox 556 872 616 900; x_wconf 84' lang='lat' dir='ltr'><strong>Act.</strong></span> <span class='ocrx_word' id='word_1_82' title='bbox 630 871 689 906; x_wconf 78' lang='lat' dir='ltr'><strong>xw)</strong></span> <span class='ocrx_word' id='word_1_83' title='bbox 703 870 878 907; x_wconf 83' lang='lat' dir='ltr'><strong>Evangelium</strong></span> <span class='ocrx_word' id='word_1_84' title='bbox 894 878 964 906; x_wconf 75' lang='lat' dir='ltr'><strong>pne—</strong></span> 
     </span>
    </p>
   </div>
   <div class='ocr_carea' id='block_1_15' title="bbox 173 916 962 953">
    <p class='ocr_par' dir='ltr' id='par_1_15' title="bbox 173 916 962 953">
     <span class='ocr_line' id='line_1_15' title="bbox 173 916 962 953; baseline 0.003 -11"><span class='ocrx_word' id='word_1_85' title='bbox 173 916 304 950; x_wconf 84' lang='lat' dir='ltr'><strong>dicantis,</strong></span> <span class='ocrx_word' id='word_1_86' title='bbox 323 916 429 944; x_wconf 89' lang='lat' dir='ltr'><strong>socium</strong></span> <span class='ocrx_word' id='word_1_87' title='bbox 449 924 481 945; x_wconf 92' lang='lat' dir='ltr'><strong>ac</strong></span> <span class='ocrx_word' id='word_1_88' title='bbox 502 917 691 953; x_wconf 85' lang='lat' dir='ltr'><strong>coadjutorem</strong></span> <span class='ocrx_word' id='word_1_89' title='bbox 713 917 815 953; x_wconf 89' lang='lat' dir='ltr'><strong>optime</strong></span> <span class='ocrx_word' id='word_1_90' title='bbox 834 916 962 945; x_wconf 91' lang='lat' dir='ltr'><strong>meritum</strong></span> 
     </span>
    </p>
   </div>
   <div class='ocr_carea' id='block_1_16' title="bbox 172 965 270 993">
    <p class='ocr_par' dir='ltr' id='par_1_16' title="bbox 172 965 270 993">
     <span class='ocr_line' id='line_1_16' title="bbox 172 965 270 993; baseline 0.01 -1"><span class='ocrx_word' id='word_1_91' title='bbox 172 965 270 993; x_wconf 74' lang='lat' dir='ltr'><strong>fuisse.</strong></span> 
     </span>
    </p>
   </div>
   <div class='ocr_carea' id='block_1_17' title="bbox 206 1009 959 1047">
    <p class='ocr_par' dir='ltr' id='par_1_17' title="bbox 206 1009 959 1047">
     <span class='ocr_line' id='line_1_17' title="bbox 206 1009 959 1047; baseline -0.004 -8"><span class='ocrx_word' id='word_1_92' title='bbox 206 1010 419 1047; x_wconf 86' lang='lat' dir='ltr'><strong>Chrysostomus</strong></span> <span class='ocrx_word' id='word_1_93' title='bbox 458 1010 486 1038; x_wconf 94' lang='lat' dir='ltr'><strong>in</strong></span> <span class='ocrx_word' id='word_1_94' title='bbox 521 1010 728 1039; x_wconf 73' lang='lat' dir='ltr'><strong>Commentario</strong></span> <span class='ocrx_word' id='word_1_95' title='bbox 751 1010 785 1038; x_wconf 88' lang='lat' dir='ltr'><strong>ad</strong></span> <span class='ocrx_word' id='word_1_96' title='bbox 809 1010 819 1037; x_wconf 92' lang='grc' dir='ltr'>ι</span> <span class='ocrx_word' id='word_1_97' title='bbox 840 1009 959 1037; x_wconf 87' lang='lat' dir='ltr'><strong>Timoth.</strong></span> 
     </span>
    </p>
   </div>
   <div class='ocr_carea' id='block_1_18' title="bbox 172 1054 962 1091">
    <p class='ocr_par' dir='ltr' id='par_1_18' title="bbox 172 1054 962 1091">
     <span class='ocr_line' id='line_1_18' title="bbox 172 1054 962 1091; baseline -0.003 -7"><span class='ocrx_word' id='word_1_98' title='bbox 172 1057 339 1091; x_wconf 71' lang='lat' dir='ltr'><strong>suspicatur,</strong></span> <span class='ocrx_word' id='word_1_99' title='bbox 351 1056 531 1089; x_wconf 71' lang='lat' dir='ltr'><strong>Clementem,</strong></span> <span class='ocrx_word' id='word_1_100' title='bbox 548 1058 650 1091; x_wconf 85' lang='lat' dir='ltr'><strong>pariter</strong></span> <span class='ocrx_word' id='word_1_101' title='bbox 664 1065 696 1084; x_wconf 87' lang='lat' dir='ltr'><strong>ac</strong></span> <span class='ocrx_word' id='word_1_102' title='bbox 710 1056 812 1084; x_wconf 83' lang='lat' dir='ltr'><strong>Lucam</strong></span> <span class='ocrx_word' id='word_1_103' title='bbox 825 1059 853 1083; x_wconf 91' lang='lat' dir='ltr'><strong>et</strong></span> <span class='ocrx_word' id='word_1_104' title='bbox 866 1054 962 1082; x_wconf 88' lang='lat' dir='ltr'><strong>Timo—</strong></span> 
     </span>
    </p>
   </div>
   <div class='ocr_carea' id='block_1_19' title="bbox 172 1100 958 1138">
    <p class='ocr_par' dir='ltr' id='par_1_19' title="bbox 172 1100 958 1138">
     <span class='ocr_line' id='line_1_19' title="bbox 172 1100 958 1138; baseline 0 -11"><span class='ocrx_word' id='word_1_105' title='bbox 172 1102 275 1134; x_wconf 89' lang='lat' dir='ltr'><strong>theum,</strong></span> <span class='ocrx_word' id='word_1_106' title='bbox 283 1107 444 1138; x_wconf 89' lang='lat' dir='ltr'><strong>perpetuum</strong></span> <span class='ocrx_word' id='word_1_107' title='bbox 454 1101 561 1130; x_wconf 86' lang='lat' dir='ltr'><strong>itineris</strong></span> <span class='ocrx_word' id='word_1_108' title='bbox 568 1102 696 1129; x_wconf 90' lang='lat' dir='ltr'><strong>comitem</strong></span> <span class='ocrx_word' id='word_1_109' title='bbox 707 1101 762 1128; x_wconf 89' lang='lat' dir='ltr'><strong>divi</strong></span> <span class='ocrx_word' id='word_1_110' title='bbox 777 1100 854 1128; x_wconf 82' lang='lat' dir='ltr'><strong>Pauli</strong></span> <span class='ocrx_word' id='word_1_111' title='bbox 863 1100 958 1128; x_wconf 89' lang='lat' dir='ltr'><strong>fuisse.</strong></span> 
     </span>
    </p>
   </div>
   <div class='ocr_carea' id='block_1_20' title="bbox 207 1146 961 1182">
    <p class='ocr_par' dir='ltr' id='par_1_20' title="bbox 207 1146 961 1182">
     <span class='ocr_line' id='line_1_20' title="bbox 207 1146 961 1182; baseline -0.003 -8"><span class='ocrx_word' id='word_1_112' title='bbox 207 1147 271 1175; x_wconf 80' lang='lat' dir='ltr'><strong>Mihi</strong></span> <span class='ocrx_word' id='word_1_113' title='bbox 290 1151 381 1175; x_wconf 85' lang='lat' dir='ltr'><strong>autem</strong></span> <span class='ocrx_word' id='word_1_114' title='bbox 407 1148 534 1176; x_wconf 84' lang='lat' dir='ltr'><strong>Clemens</strong></span> <span class='ocrx_word' id='word_1_115' title='bbox 560 1148 624 1174; x_wconf 74' lang='lat' dir='ltr'><strong>civis</strong></span> <span class='ocrx_word' id='word_1_116' title='bbox 652 1146 725 1174; x_wconf 77' lang='lat' dir='ltr'><strong>urbis</strong></span> <span class='ocrx_word' id='word_1_117' title='bbox 749 1146 961 1182; x_wconf 69' lang='lat' dir='ltr'><strong>Philippenaium</strong></span> 
     </span>
    </p>
   </div>
   <div class='ocr_carea' id='block_1_21' title="bbox 173 1191 958 1229">
    <p class='ocr_par' dir='ltr' id='par_1_21' title="bbox 173 1191 958 1229">
     <span class='ocr_line' id='line_1_21' title="bbox 173 1191 958 1229; baseline -0.001 -10"><span class='ocrx_word' id='word_1_118' title='bbox 173 1193 259 1221; x_wconf 88' lang='lat' dir='ltr'><strong>fuisse</strong></span> <span class='ocrx_word' id='word_1_119' title='bbox 284 1194 401 1225; x_wconf 90' lang='lat' dir='ltr'><strong>videtur,</strong></span> <span class='ocrx_word' id='word_1_120' title='bbox 424 1193 472 1229; x_wconf 87' lang='lat' dir='ltr'><strong>qui</strong></span> <span class='ocrx_word' id='word_1_121' title='bbox 500 1200 516 1220; x_wconf 90' lang='lat' dir='ltr'><strong>a</strong></span> <span class='ocrx_word' id='word_1_122' title='bbox 539 1191 640 1225; x_wconf 90' lang='lat' dir='ltr'><strong>Paulo,</strong></span> <span class='ocrx_word' id='word_1_123' title='bbox 665 1191 798 1228; x_wconf 87' lang='lat' dir='ltr'><strong>Philippis</strong></span> <span class='ocrx_word' id='word_1_124' title='bbox 821 1195 958 1223; x_wconf 86' lang='lat' dir='ltr'><strong>morante,</strong></span> 
     </span>
    </p>
   </div>
   <div class='ocr_carea' id='block_1_22' title="bbox 173 1238 960 1275">
    <p class='ocr_par' dir='ltr' id='par_1_22' title="bbox 173 1238 960 1275">
     <span class='ocr_line' id='line_1_22' title="bbox 173 1238 960 1275; baseline 0 -10"><span class='ocrx_word' id='word_1_125' title='bbox 173 1247 329 1271; x_wconf 74' lang='lat' dir='ltr'><strong>conversus,</strong></span> <span class='ocrx_word' id='word_1_126' title='bbox 343 1240 403 1274; x_wconf 87' lang='lat' dir='ltr'><strong>ipse</strong></span> <span class='ocrx_word' id='word_1_127' title='bbox 423 1246 577 1275; x_wconf 67' lang='lat' dir='ltr'><strong>praeconem</strong></span> <span class='ocrx_word' id='word_1_128' title='bbox 596 1238 734 1274; x_wconf 78' lang='lat' dir='ltr'><strong>Evangelii</strong></span> <span class='ocrx_word' id='word_1_129' title='bbox 751 1239 779 1266; x_wconf 91' lang='lat' dir='ltr'><strong>in</strong></span> <span class='ocrx_word' id='word_1_130' title='bbox 794 1245 877 1274; x_wconf 88' lang='lat' dir='ltr'><strong>opere</strong></span> <span class='ocrx_word' id='word_1_131' title='bbox 892 1245 960 1273; x_wconf 84' lang='lat' dir='ltr'><strong>apo-</strong></span> 
     </span>
    </p>
   </div>
   <div class='ocr_carea' id='block_1_23' title="bbox 1017 642 1799 678">
    <p class='ocr_par' dir='ltr' id='par_1_23' title="bbox 1017 642 1799 678">
     <span class='ocr_line' id='line_1_23' title="bbox 1017 642 1799 678; baseline -0.001 -7"><span class='ocrx_word' id='word_1_132' title='bbox 1017 643 1071 671; x_wconf 90' lang='lat' dir='ltr'><strong>tius</strong></span> <span class='ocrx_word' id='word_1_133' title='bbox 1087 643 1115 671; x_wconf 93' lang='lat' dir='ltr'><strong>in</strong></span> <span class='ocrx_word' id='word_1_134' title='bbox 1134 643 1313 672; x_wconf 85' lang='lat' dir='ltr'><strong>celeberrima</strong></span> <span class='ocrx_word' id='word_1_135' title='bbox 1329 650 1379 671; x_wconf 88' lang='lat' dir='ltr'><strong>sua</strong></span> <span class='ocrx_word' id='word_1_136' title='bbox 1397 642 1518 671; x_wconf 85' lang='lat' dir='ltr'><strong>editione</strong></span> <span class='ocrx_word' id='word_1_137' title='bbox 1549 642 1732 678; x_wconf 71' lang='lat' dir='ltr'><strong>Epistolarum</strong></span> <span class='ocrx_word' id='word_1_138' title='bbox 1752 643 1799 670; x_wconf 79' lang='lat' dir='ltr'><strong>Ro-</strong></span> 
     </span>
    </p>
   </div>
   <div class='ocr_carea' id='block_1_24' title="bbox 1014 688 1798 726">
    <p class='ocr_par' dir='ltr' id='par_1_24' title="bbox 1014 688 1798 726">
     <span class='ocr_line' id='line_1_24' title="bbox 1014 688 1798 726; baseline 0.001 -8"><span class='ocrx_word' id='word_1_139' title='bbox 1014 698 1151 718; x_wconf 84' lang='lat' dir='ltr'><strong>manorum</strong></span> <span class='ocrx_word' id='word_1_140' title='bbox 1164 691 1316 725; x_wconf 80' lang='lat' dir='ltr'><strong>pontiﬁcum</strong></span> <span class='ocrx_word' id='word_1_141' title='bbox 1330 712 1338 725; x_wconf 91' lang='lat'><strong>,</strong></span> <span class='ocrx_word' id='word_1_142' title='bbox 1351 694 1372 718; x_wconf 91' lang='lat' dir='ltr'><strong>t.</strong></span> <span class='ocrx_word' id='word_1_143' title='bbox 1404 688 1426 721; x_wconf 95' lang='lat' dir='ltr'><strong>l,</strong></span> <span class='ocrx_word' id='word_1_144' title='bbox 1447 696 1475 724; x_wconf 91' lang='lat' dir='ltr'><strong>p.</strong></span> <span class='ocrx_word' id='word_1_145' title='bbox 1493 689 1542 722; x_wconf 87' lang='grc'><strong>11;</strong></span> <span class='ocrx_word' id='word_1_146' title='bbox 1560 693 1658 725; x_wconf 82' lang='lat' dir='ltr'><strong>postea</strong></span> <span class='ocrx_word' id='word_1_147' title='bbox 1679 697 1746 717; x_wconf 84' lang='lat' dir='ltr'><strong>vero</strong></span> <span class='ocrx_word' id='word_1_148' title='bbox 1766 691 1798 726; x_wconf 89' lang='grc' dir='ltr'><strong>(Ι.</strong></span> 
     </span>
    </p>
   </div>
   <div class='ocr_carea' id='block_1_25' title="bbox 1015 734 1798 770">
    <p class='ocr_par' dir='ltr' id='par_1_25' title="bbox 1015 734 1798 770">
     <span class='ocr_line' id='line_1_25' title="bbox 1015 734 1798 770; baseline 0.003 -8"><span class='ocrx_word' id='word_1_149' title='bbox 1015 743 1040 763; x_wconf 90' lang='lat' dir='ltr'><strong>c.</strong></span> <span class='ocrx_word' id='word_1_150' title='bbox 1055 743 1083 770; x_wconf 72' lang='grc' dir='ltr'><strong>ι).</strong></span> <span class='ocrx_word' id='word_1_151' title='bbox 1095 736 1140 770; x_wconf 77' lang='grc'><strong>41)</strong></span> <span class='ocrx_word' id='word_1_152' title='bbox 1156 735 1198 762; x_wconf 92' lang='lat' dir='ltr'><strong>vir</strong></span> <span class='ocrx_word' id='word_1_153' title='bbox 1211 734 1390 762; x_wconf 88' lang='lat' dir='ltr'><strong>doctissimus</strong></span> <span class='ocrx_word' id='word_1_154' title='bbox 1405 741 1483 762; x_wconf 88' lang='lat' dir='ltr'><strong>suam</strong></span> <span class='ocrx_word' id='word_1_155' title='bbox 1497 735 1614 763; x_wconf 75' lang='lat' dir='ltr'><strong>mutavit</strong></span> <span class='ocrx_word' id='word_1_156' title='bbox 1625 736 1798 764; x_wconf 76' lang='lat' dir='ltr'><strong>sententiam.</strong></span> 
     </span>
    </p>
   </div>
   <div class='ocr_carea' id='block_1_26' title="bbox 1015 777 1800 814">
    <p class='ocr_par' dir='ltr' id='par_1_26' title="bbox 1015 777 1800 814">
     <span class='ocr_line' id='line_1_26' title="bbox 1015 777 1800 814; baseline -0.004 -7"><span class='ocrx_word' id='word_1_157' title='bbox 1015 779 1180 808; x_wconf 88' lang='lat' dir='ltr'><strong>&#39;l’illemontii</strong></span> <span class='ocrx_word' id='word_1_158' title='bbox 1204 779 1369 808; x_wconf 87' lang='lat' dir='ltr'><strong>sententiam</strong></span> <span class='ocrx_word' id='word_1_159' title='bbox 1402 779 1546 814; x_wconf 84' lang='lat' dir='ltr'><strong>amplexus</strong></span> <span class='ocrx_word' id='word_1_160' title='bbox 1570 782 1614 807; x_wconf 88' lang='lat' dir='ltr'><strong>est</strong></span> <span class='ocrx_word' id='word_1_161' title='bbox 1643 777 1800 807; x_wconf 78' lang='lat' dir='ltr'><strong>Herm.Ve—</strong></span> 
     </span>
    </p>
   </div>
   <div class='ocr_carea' id='block_1_27' title="bbox 1014 825 1800 861">
    <p class='ocr_par' dir='ltr' id='par_1_27' title="bbox 1014 825 1800 861">
     <span class='ocr_line' id='line_1_27' title="bbox 1014 825 1800 861; baseline -0.003 -7"><span class='ocrx_word' id='word_1_162' title='bbox 1014 834 1104 858; x_wconf 85' lang='lat' dir='ltr'><strong>nema.</strong></span> <span class='ocrx_word' id='word_1_163' title='bbox 1117 830 1147 854; x_wconf 95' lang='lat' dir='ltr'><strong>ut</strong></span> <span class='ocrx_word' id='word_1_164' title='bbox 1161 826 1259 854; x_wconf 78' lang='lat' dir='ltr'><strong>exinde</strong></span> <span class='ocrx_word' id='word_1_165' title='bbox 1273 830 1463 861; x_wconf 74' lang='lat' dir='ltr'><strong>argumentum</strong></span> <span class='ocrx_word' id='word_1_166' title='bbox 1480 825 1629 853; x_wconf 84' lang='lat' dir='ltr'><strong>deduceret</strong></span> <span class='ocrx_word' id='word_1_167' title='bbox 1641 825 1800 861; x_wconf 84' lang='lat' dir='ltr'><strong>eontraepi-</strong></span> 
     </span>
    </p>
   </div>
   <div class='ocr_carea' id='block_1_28' title="bbox 1014 870 1800 907">
    <p class='ocr_par' dir='ltr' id='par_1_28' title="bbox 1014 870 1800 907">
     <span class='ocr_line' id='line_1_28' title="bbox 1014 870 1800 907; baseline 0.001 -9"><span class='ocrx_word' id='word_1_168' title='bbox 1014 872 1110 899; x_wconf 88' lang='lat' dir='ltr'><strong>stolam</strong></span> <span class='ocrx_word' id='word_1_169' title='bbox 1123 872 1312 907; x_wconf 88' lang='lat' dir='ltr'><strong>posteriorem,</strong></span> <span class='ocrx_word' id='word_1_170' title='bbox 1325 870 1406 906; x_wconf 81' lang='lat' dir='ltr'><strong>cujus</strong></span> <span class='ocrx_word' id='word_1_171' title='bbox 1420 871 1539 906; x_wconf 88' lang='lat' dir='ltr'><strong>scriptor</strong></span> <span class='ocrx_word' id='word_1_172' title='bbox 1548 871 1655 907; x_wconf 78' lang='lat' dir='ltr'><strong>origine</strong></span> <span class='ocrx_word' id='word_1_173' title='bbox 1676 872 1800 907; x_wconf 65' lang='lat' dir='ltr'><strong>gentilicia</strong></span> 
     </span>
    </p>
   </div>
   <div class='ocr_carea' id='block_1_29' title="bbox 1013 917 1265 953">
    <p class='ocr_par' dir='ltr' id='par_1_29' title="bbox 1013 917 1265 953">
     <span class='ocr_line' id='line_1_29' title="bbox 1013 917 1265 953; baseline -0.004 -8"><span class='ocrx_word' id='word_1_174' title='bbox 1013 922 1107 953; x_wconf 81' lang='lat' dir='ltr'><strong>aperte</strong></span> <span class='ocrx_word' id='word_1_175' title='bbox 1122 926 1151 946; x_wconf 91' lang='lat' dir='ltr'><strong>se</strong></span> <span class='ocrx_word' id='word_1_176' title='bbox 1166 917 1265 953; x_wconf 85' lang='lat' dir='ltr'><strong>prodit.</strong></span> 
     </span>
    </p>
   </div>
   <div class='ocr_carea' id='block_1_30' title="bbox 1046 962 1801 998">
    <p class='ocr_par' dir='ltr' id='par_1_30' title="bbox 1046 962 1801 998">
     <span class='ocr_line' id='line_1_30' title="bbox 1046 962 1801 998; baseline 0 -6"><span class='ocrx_word' id='word_1_177' title='bbox 1046 964 1237 992; x_wconf 86' lang='lat' dir='ltr'><strong>Tillemontius</strong></span> <span class='ocrx_word' id='word_1_178' title='bbox 1251 963 1354 991; x_wconf 88' lang='lat' dir='ltr'><strong>addere</strong></span> <span class='ocrx_word' id='word_1_179' title='bbox 1373 966 1490 998; x_wconf 82' lang='lat' dir='ltr'><strong>poterat,</strong></span> <span class='ocrx_word' id='word_1_180' title='bbox 1504 962 1675 991; x_wconf 70' lang='lat' dir='ltr'><strong>Clementem</strong></span> <span class='ocrx_word' id='word_1_181' title='bbox 1687 970 1747 991; x_wconf 87' lang='lat' dir='ltr'><strong>non</strong></span> <span class='ocrx_word' id='word_1_182' title='bbox 1759 971 1801 992; x_wconf 89' lang='lat' dir='ltr'><strong>so-</strong></span> 
     </span>
    </p>
   </div>
   <div class='ocr_carea' id='block_1_31' title="bbox 1013 1008 1800 1046">
    <p class='ocr_par' dir='ltr' id='par_1_31' title="bbox 1013 1008 1800 1046">
     <span class='ocr_line' id='line_1_31' title="bbox 1013 1008 1800 1046; baseline -0.001 -9"><span class='ocrx_word' id='word_1_183' title='bbox 1013 1010 1067 1037; x_wconf 94' lang='lat' dir='ltr'><strong>lum</strong></span> <span class='ocrx_word' id='word_1_184' title='bbox 1083 1018 1143 1046; x_wconf 89' lang='lat' dir='ltr'><strong>cap.</strong></span> <span class='ocrx_word' id='word_1_185' title='bbox 1156 1010 1185 1043; x_wconf 75' lang='grc' dir='ltr'><strong>ι,</strong></span> <span class='ocrx_word' id='word_1_186' title='bbox 1201 1010 1249 1038; x_wconf 87' lang='lat' dir='ltr'><strong>sed</strong></span> <span class='ocrx_word' id='word_1_187' title='bbox 1262 1013 1288 1037; x_wconf 90' lang='lat' dir='ltr'><strong>et</strong></span> <span class='ocrx_word' id='word_1_188' title='bbox 1303 1016 1363 1045; x_wconf 86' lang='lat' dir='ltr'><strong>cap.</strong></span> <span class='ocrx_word' id='word_1_189' title='bbox 1379 1009 1411 1036; x_wconf 98' lang='grc'><strong>51</strong></span> <span class='ocrx_word' id='word_1_190' title='bbox 1428 1008 1453 1045; x_wconf 85' lang='grc' dir='ltr'><strong>(ό</strong></span> <span class='ocrx_word' id='word_1_191' title='bbox 1467 1008 1558 1045; x_wconf 79' lang='grc' dir='ltr'>πατὴρ</span> <span class='ocrx_word' id='word_1_192' title='bbox 1568 1009 1648 1044; x_wconf 82' lang='grc' dir='ltr'><strong>ἡμῶν</strong></span> <span class='ocrx_word' id='word_1_193' title='bbox 1666 1009 1800 1046; x_wconf 73' lang='grc' dir='ltr'><strong>Ἀϐραάμ)</strong></span> 
     </span>
    </p>
   </div>
   <div class='ocr_carea' id='block_1_32' title="bbox 1011 1054 1780 1091">
    <p class='ocr_par' dir='ltr' id='par_1_32' title="bbox 1011 1054 1780 1091">
     <span class='ocr_line' id='line_1_32' title="bbox 1011 1054 1780 1091; baseline 0 -9"><span class='ocrx_word' id='word_1_194' title='bbox 1011 1055 1196 1091; x_wconf 84' lang='lat' dir='ltr'><strong>patriarcham</strong></span> <span class='ocrx_word' id='word_1_195' title='bbox 1211 1054 1366 1082; x_wconf 68' lang='lat' dir='ltr'><strong>Iudaeorum</strong></span> <span class='ocrx_word' id='word_1_196' title='bbox 1379 1059 1481 1089; x_wconf 85' lang='lat' dir='ltr'><strong>patrem</strong></span> <span class='ocrx_word' id='word_1_197' title='bbox 1496 1059 1616 1082; x_wconf 73' lang='lat' dir='ltr'><strong>nostrum</strong></span> <span class='ocrx_word' id='word_1_198' title='bbox 1628 1055 1780 1090; x_wconf 84' lang='lat' dir='ltr'><strong>appellare.</strong></span> 
     </span>
    </p>
   </div>
   <div class='ocr_carea' id='block_1_33' title="bbox 1046 1100 1801 1136">
    <p class='ocr_par' dir='ltr' id='par_1_33' title="bbox 1046 1100 1801 1136">
     <span class='ocr_line' id='line_1_33' title="bbox 1046 1100 1801 1136; baseline -0.003 -7"><span class='ocrx_word' id='word_1_199' title='bbox 1046 1101 1179 1129; x_wconf 73' lang='lat' dir='ltr'><strong>Praeterea</strong></span> <span class='ocrx_word' id='word_1_200' title='bbox 1188 1101 1315 1129; x_wconf 83' lang='lat' dir='ltr'><strong>Clemens</strong></span> <span class='ocrx_word' id='word_1_201' title='bbox 1333 1108 1359 1128; x_wconf 91' lang='lat' dir='ltr'><strong>c.</strong></span> <span class='ocrx_word' id='word_1_202' title='bbox 1372 1100 1407 1128; x_wconf 82' lang='lat'><strong>55</strong></span> <span class='ocrx_word' id='word_1_203' title='bbox 1428 1100 1463 1128; x_wconf 90' lang='lat' dir='ltr'><strong>de</strong></span> <span class='ocrx_word' id='word_1_204' title='bbox 1478 1107 1573 1128; x_wconf 88' lang='lat' dir='ltr'><strong>amore</strong></span> <span class='ocrx_word' id='word_1_205' title='bbox 1593 1107 1660 1136; x_wconf 82' lang='lat' dir='ltr'><strong>erga</strong></span> <span class='ocrx_word' id='word_1_206' title='bbox 1687 1101 1801 1136; x_wconf 79' lang='lat' dir='ltr'><strong>patriam</strong></span> 
     </span>
    </p>
   </div>
   <div class='ocr_carea' id='block_1_34' title="bbox 1010 1146 1802 1183">
    <p class='ocr_par' dir='ltr' id='par_1_34' title="bbox 1010 1146 1802 1183">
     <span class='ocr_line' id='line_1_34' title="bbox 1010 1146 1802 1183; baseline -0.003 -8"><span class='ocrx_word' id='word_1_207' title='bbox 1010 1148 1165 1183; x_wconf 88' lang='lat' dir='ltr'><strong>disputans,</strong></span> <span class='ocrx_word' id='word_1_208' title='bbox 1183 1147 1316 1182; x_wconf 82' lang='lat' dir='ltr'><strong>exemplis</strong></span> <span class='ocrx_word' id='word_1_209' title='bbox 1338 1146 1455 1182; x_wconf 75' lang='lat' dir='ltr'><strong>gentium</strong></span> <span class='ocrx_word' id='word_1_210' title='bbox 1473 1146 1599 1181; x_wconf 79' lang='lat' dir='ltr'><strong>prolatis,</strong></span> <span class='ocrx_word' id='word_1_211' title='bbox 1621 1146 1656 1173; x_wconf 81' lang='lat' dir='ltr'><strong>ad</strong></span> <span class='ocrx_word' id='word_1_212' title='bbox 1675 1147 1802 1182; x_wconf 79' lang='lat' dir='ltr'><strong>exempla</strong></span> 
     </span>
    </p>
   </div>
   <div class='ocr_carea' id='block_1_35' title="bbox 1009 1192 1801 1229">
    <p class='ocr_par' dir='ltr' id='par_1_35' title="bbox 1009 1192 1801 1229">
     <span class='ocr_line' id='line_1_35' title="bbox 1009 1192 1801 1229; baseline -0.003 -7"><span class='ocrx_word' id='word_1_213' title='bbox 1009 1201 1104 1222; x_wconf 88' lang='lat' dir='ltr'><strong>eorum</strong></span> <span class='ocrx_word' id='word_1_214' title='bbox 1120 1194 1253 1229; x_wconf 87' lang='lat' dir='ltr'><strong>procedit,</strong></span> <span class='ocrx_word' id='word_1_215' title='bbox 1273 1201 1354 1229; x_wconf 86' lang='lat' dir='ltr'><strong>quos,</strong></span> <span class='ocrx_word' id='word_1_216' title='bbox 1370 1196 1402 1220; x_wconf 91' lang='lat' dir='ltr'><strong>ut</strong></span> <span class='ocrx_word' id='word_1_217' title='bbox 1424 1192 1503 1225; x_wconf 90' lang='lat' dir='ltr'><strong>dicit,</strong></span> <span class='ocrx_word' id='word_1_218' title='bbox 1521 1192 1591 1220; x_wconf 78' lang='lat' dir='ltr'><strong>inter</strong></span> <span class='ocrx_word' id='word_1_219' title='bbox 1605 1200 1653 1220; x_wconf 69' lang='lat' dir='ltr'><strong>nos</strong></span> <span class='ocrx_word' id='word_1_220' title='bbox 1671 1193 1801 1228; x_wconf 75' lang='lat' dir='ltr'><strong>cognovi-</strong></span> 
     </span>
    </p>
   </div>
   <div class='ocr_carea' id='block_1_36' title="bbox 1010 1238 1801 1274">
    <p class='ocr_par' dir='ltr' id='par_1_36' title="bbox 1010 1238 1801 1274">
     <span class='ocr_line' id='line_1_36' title="bbox 1010 1238 1801 1274; baseline -0.001 -6"><span class='ocrx_word' id='word_1_221' title='bbox 1010 1249 1082 1268; x_wconf 91' lang='lat' dir='ltr'><strong>mus.</strong></span> <span class='ocrx_word' id='word_1_222' title='bbox 1096 1241 1201 1274; x_wconf 90' lang='lat' dir='ltr'><strong>Quibus</strong></span> <span class='ocrx_word' id='word_1_223' title='bbox 1217 1247 1279 1268; x_wconf 83' lang='lat' dir='ltr'><strong>Cum</strong></span> <span class='ocrx_word' id='word_1_224' title='bbox 1290 1239 1416 1274; x_wconf 76' lang='lat' dir='ltr'><strong>judaicas</strong></span> <span class='ocrx_word' id='word_1_225' title='bbox 1436 1238 1579 1271; x_wconf 86' lang='lat' dir='ltr'><strong>mulieres,</strong></span> <span class='ocrx_word' id='word_1_226' title='bbox 1595 1238 1694 1266; x_wconf 83' lang='lat' dir='ltr'><strong>Judith</strong></span> <span class='ocrx_word' id='word_1_227' title='bbox 1711 1244 1741 1267; x_wconf 85' lang='lat' dir='ltr'><strong>et</strong></span> <span class='ocrx_word' id='word_1_228' title='bbox 1754 1238 1801 1267; x_wconf 78' lang='lat' dir='ltr'><strong>Es-</strong></span> 
     </span>
    </p>
   </div>
   <div class='ocr_carea' id='block_1_37' title="bbox 172 1273 1801 1322">
    <p class='ocr_par' dir='ltr' id='par_1_37' title="bbox 172 1273 1801 1322">
     <span class='ocr_line' id='line_1_37' title="bbox 172 1273 1801 1322; baseline -0.002 -11"><span class='ocrx_word' id='word_1_229' title='bbox 172 1285 270 1312; x_wconf 85' lang='lat' dir='ltr'><strong>stolico</strong></span> <span class='ocrx_word' id='word_1_230' title='bbox 284 1273 386 1320; x_wconf 71' lang='lat' dir='ltr'><strong>Oplillle</strong></span> <span class='ocrx_word' id='word_1_231' title='bbox 401 1273 516 1320; x_wconf 67' lang='grc' dir='ltr'><strong>θᾶίυνὶι,</strong></span> <span class='ocrx_word' id='word_1_232' title='bbox 533 1285 619 1313; x_wconf 88' lang='lat' dir='ltr'><strong>Paulo</strong></span> <span class='ocrx_word' id='word_1_233' title='bbox 630 1273 721 1312; x_wconf 77' lang='lat' dir='ltr'><strong>autem</strong></span> <span class='ocrx_word' id='word_1_234' title='bbox 742 1273 871 1316; x_wconf 70' lang='lat' dir='ltr'><strong>abeunte,</strong></span> <span class='ocrx_word' id='word_1_235' title='bbox 884 1283 957 1311; x_wconf 86' lang='lat' dir='ltr'><strong>domi</strong></span> <span class='ocrx_word' id='word_1_236' title='bbox 973 1273 995 1300; x_wconf 77' lang='grc' dir='ltr'><strong>Β</strong></span> <span class='ocrx_word' id='word_1_237' title='bbox 1010 1287 1080 1319; x_wconf 71' lang='grc' dir='ltr'><strong>ιὶιεπι,</strong></span> <span class='ocrx_word' id='word_1_238' title='bbox 1096 1273 1234 1315; x_wconf 56' lang='lat' dir='ltr'><strong>ascribere</strong></span> <span class='ocrx_word' id='word_1_239' title='bbox 1249 1273 1386 1319; x_wconf 60' lang='lat' dir='ltr'><strong>videatur,</strong></span> <span class='ocrx_word' id='word_1_240' title='bbox 1401 1286 1461 1321; x_wconf 72' lang='lat' dir='ltr'><strong>ipse</strong></span> <span class='ocrx_word' id='word_1_241' title='bbox 1479 1285 1507 1313; x_wconf 81' lang='lat' dir='ltr'><strong>in</strong></span> <span class='ocrx_word' id='word_1_242' title='bbox 1522 1288 1601 1313; x_wconf 68' lang='lat' dir='ltr'><strong>ortus</strong></span> <span class='ocrx_word' id='word_1_243' title='bbox 1615 1285 1726 1322; x_wconf 70' lang='lat' dir='ltr'><strong>judaici</strong></span> <span class='ocrx_word' id='word_1_244' title='bbox 1758 1294 1801 1314; x_wconf 69' lang='lat' dir='ltr'><strong>su.</strong></span> 
     </span>
    </p>
   </div>
   <div class='ocr_carea' id='block_1_38' title="bbox 173 1331 833 1365">
    <p class='ocr_par' dir='ltr' id='par_1_38' title="bbox 173 1331 833 1365">
     <span class='ocr_line' id='line_1_38' title="bbox 173 1331 833 1365; baseline 0.002 -8"><span class='ocrx_word' id='word_1_245' title='bbox 173 1331 316 1363; x_wconf 83' lang='lat' dir='ltr'><strong>remansit,</strong></span> <span class='ocrx_word' id='word_1_246' title='bbox 327 1331 400 1359; x_wconf 88' lang='lat' dir='ltr'><strong>inter</strong></span> <span class='ocrx_word' id='word_1_247' title='bbox 415 1339 481 1360; x_wconf 84' lang='lat' dir='ltr'><strong>suos</strong></span> <span class='ocrx_word' id='word_1_248' title='bbox 493 1331 597 1359; x_wconf 87' lang='lat' dir='ltr'><strong>Christi</strong></span> <span class='ocrx_word' id='word_1_249' title='bbox 611 1338 723 1359; x_wconf 82' lang='lat' dir='ltr'><strong>causam</strong></span> <span class='ocrx_word' id='word_1_250' title='bbox 740 1338 833 1365; x_wconf 80' lang='lat' dir='ltr'><strong>agens.</strong></span> 
     </span>
    </p>
   </div>
   <div class='ocr_carea' id='block_1_39' title="bbox 206 1375 851 1413">
    <p class='ocr_par' dir='ltr' id='par_1_39' title="bbox 206 1375 851 1413">
     <span class='ocr_line' id='line_1_39' title="bbox 206 1375 851 1413; baseline -0.002 -10"><span class='ocrx_word' id='word_1_251' title='bbox 206 1375 334 1406; x_wconf 87' lang='lat' dir='ltr'><strong>Pluribus</strong></span> <span class='ocrx_word' id='word_1_252' title='bbox 346 1377 505 1413; x_wconf 79' lang='lat' dir='ltr'><strong>conjectura</strong></span> <span class='ocrx_word' id='word_1_253' title='bbox 516 1381 611 1404; x_wconf 82' lang='lat' dir='ltr'><strong>nostra</strong></span> <span class='ocrx_word' id='word_1_254' title='bbox 626 1376 737 1411; x_wconf 87' lang='lat' dir='ltr'><strong>probari</strong></span> <span class='ocrx_word' id='word_1_255' title='bbox 752 1378 851 1411; x_wconf 88' lang='lat' dir='ltr'><strong>potest.</strong></span> 
     </span>
    </p>
   </div>
   <div class='ocr_carea' id='block_1_40' title="bbox 207 1419 957 1458">
    <p class='ocr_par' dir='ltr' id='par_1_40' title="bbox 207 1419 957 1458">
     <span class='ocr_line' id='line_1_40' title="bbox 207 1419 957 1458; baseline -0.004 -9"><span class='ocrx_word' id='word_1_256' title='bbox 207 1423 233 1457; x_wconf 86' lang='lat' dir='ltr'><strong>a)</strong></span> <span class='ocrx_word' id='word_1_257' title='bbox 253 1421 322 1450; x_wconf 91' lang='lat' dir='ltr'><strong>Cum</strong></span> <span class='ocrx_word' id='word_1_258' title='bbox 344 1421 447 1451; x_wconf 87' lang='lat' dir='ltr'><strong>Paulus</strong></span> <span class='ocrx_word' id='word_1_259' title='bbox 464 1421 605 1458; x_wconf 89' lang='lat' dir='ltr'><strong>Philippos</strong></span> <span class='ocrx_word' id='word_1_260' title='bbox 629 1424 797 1457; x_wconf 85' lang='lat' dir='ltr'><strong>properaret,</strong></span> <span class='ocrx_word' id='word_1_261' title='bbox 821 1419 957 1448; x_wconf 89' lang='lat' dir='ltr'><strong>neminem</strong></span> 
     </span>
    </p>
   </div>
   <div class='ocr_carea' id='block_1_41' title="bbox 258 1466 957 1501">
    <p class='ocr_par' dir='ltr' id='par_1_41' title="bbox 258 1466 957 1501">
     <span class='ocr_line' id='line_1_41' title="bbox 258 1466 957 1501; baseline -0.003 -6"><span class='ocrx_word' id='word_1_262' title='bbox 258 1469 311 1496; x_wconf 88' lang='lat' dir='ltr'><strong>nisi</strong></span> <span class='ocrx_word' id='word_1_263' title='bbox 337 1467 439 1501; x_wconf 90' lang='lat' dir='ltr'><strong>Silam,</strong></span> <span class='ocrx_word' id='word_1_264' title='bbox 463 1468 638 1496; x_wconf 82' lang='lat' dir='ltr'><strong>Timotheum</strong></span> <span class='ocrx_word' id='word_1_265' title='bbox 657 1471 685 1495; x_wconf 89' lang='lat' dir='ltr'><strong>et</strong></span> <span class='ocrx_word' id='word_1_266' title='bbox 704 1466 808 1495; x_wconf 85' lang='lat' dir='ltr'><strong>Lucam</strong></span> <span class='ocrx_word' id='word_1_267' title='bbox 830 1466 957 1494; x_wconf 86' lang='lat' dir='ltr'><strong>comitem</strong></span> 
     </span>
    </p>
   </div>
   <div class='ocr_carea' id='block_1_42' title="bbox 259 1514 741 1543">
    <p class='ocr_par' dir='ltr' id='par_1_42' title="bbox 259 1514 741 1543">
     <span class='ocr_line' id='line_1_42' title="bbox 259 1514 741 1543; baseline 0 -2"><span class='ocrx_word' id='word_1_268' title='bbox 259 1515 388 1543; x_wconf 80' lang='lat' dir='ltr'><strong>habuisse</strong></span> <span class='ocrx_word' id='word_1_269' title='bbox 402 1515 521 1543; x_wconf 84' lang='lat' dir='ltr'><strong>videtur.</strong></span> <span class='ocrx_word' id='word_1_270' title='bbox 536 1514 594 1542; x_wconf 87' lang='lat' dir='ltr'><strong>Cfr.</strong></span> <span class='ocrx_word' id='word_1_271' title='bbox 610 1515 741 1541; x_wconf 80' lang='lat' dir='ltr'><strong>Act.xv1.</strong></span> 
     </span>
    </p>
   </div>
   <div class='ocr_carea' id='block_1_43' title="bbox 207 1558 955 1596">
    <p class='ocr_par' dir='ltr' id='par_1_43' title="bbox 207 1558 955 1596">
     <span class='ocr_line' id='line_1_43' title="bbox 207 1558 955 1596; baseline -0.003 -8"><span class='ocrx_word' id='word_1_272' title='bbox 207 1561 234 1596; x_wconf 92' lang='lat' dir='ltr'><strong>b)</strong></span> <span class='ocrx_word' id='word_1_273' title='bbox 253 1561 354 1589; x_wconf 87' lang='lat' dir='ltr'><strong>Nullibi</strong></span> <span class='ocrx_word' id='word_1_274' title='bbox 371 1569 450 1589; x_wconf 86' lang='lat' dir='ltr'><strong>sacra</strong></span> <span class='ocrx_word' id='word_1_275' title='bbox 475 1561 617 1596; x_wconf 86' lang='lat' dir='ltr'><strong>Scriptura</strong></span> <span class='ocrx_word' id='word_1_276' title='bbox 644 1560 793 1589; x_wconf 88' lang='lat' dir='ltr'><strong>Clementis</strong></span> <span class='ocrx_word' id='word_1_277' title='bbox 818 1558 955 1591; x_wconf 87' lang='lat' dir='ltr'><strong>meminit,</strong></span> 
     </span>
    </p>
   </div>
   <div class='ocr_carea' id='block_1_44' title="bbox 259 1606 920 1642">
    <p class='ocr_par' dir='ltr' id='par_1_44' title="bbox 259 1606 920 1642">
     <span class='ocr_line' id='line_1_44' title="bbox 259 1606 920 1642; baseline -0.003 -8"><span class='ocrx_word' id='word_1_278' title='bbox 259 1608 413 1642; x_wconf 86' lang='lat' dir='ltr'><strong>apostolum</strong></span> <span class='ocrx_word' id='word_1_279' title='bbox 427 1607 542 1634; x_wconf 88' lang='lat' dir='ltr'><strong>Paulum</strong></span> <span class='ocrx_word' id='word_1_280' title='bbox 556 1607 584 1634; x_wconf 90' lang='lat' dir='ltr'><strong>in</strong></span> <span class='ocrx_word' id='word_1_281' title='bbox 597 1606 741 1634; x_wconf 89' lang='lat' dir='ltr'><strong>itineribus</strong></span> <span class='ocrx_word' id='word_1_282' title='bbox 752 1606 920 1633; x_wconf 82' lang='lat' dir='ltr'><strong>comitantis.</strong></span> 
     </span>
    </p>
   </div>
   <div class='ocr_carea' id='block_1_45' title="bbox 206 1652 957 1688">
    <p class='ocr_par' dir='ltr' id='par_1_45' title="bbox 206 1652 957 1688">
     <span class='ocr_line' id='line_1_45' title="bbox 206 1652 957 1688; baseline -0.001 -9"><span class='ocrx_word' id='word_1_283' title='bbox 206 1652 232 1687; x_wconf 90' lang='lat' dir='ltr'><strong>c)</strong></span> <span class='ocrx_word' id='word_1_284' title='bbox 253 1652 292 1679; x_wconf 80' lang='lat' dir='ltr'><strong>Ex</strong></span> <span class='ocrx_word' id='word_1_285' title='bbox 321 1652 437 1688; x_wconf 85' lang='lat' dir='ltr'><strong>Philipp.</strong></span> <span class='ocrx_word' id='word_1_286' title='bbox 457 1661 494 1685; x_wconf 85' lang='lat' dir='ltr'><strong>IV,</strong></span> <span class='ocrx_word' id='word_1_287' title='bbox 517 1653 553 1685; x_wconf 86' lang='grc'><strong>5,</strong></span> <span class='ocrx_word' id='word_1_288' title='bbox 578 1654 653 1680; x_wconf 89' lang='lat' dir='ltr'><strong>clare</strong></span> <span class='ocrx_word' id='word_1_289' title='bbox 676 1655 806 1688; x_wconf 88' lang='lat' dir='ltr'><strong>apparet,</strong></span> <span class='ocrx_word' id='word_1_290' title='bbox 834 1655 957 1686; x_wconf 89' lang='lat' dir='ltr'><strong>tempore</strong></span> 
     </span>
    </p>
   </div>
   <div class='ocr_carea' id='block_1_46' title="bbox 258 1698 956 1735">
    <p class='ocr_par' dir='ltr' id='par_1_46' title="bbox 258 1698 956 1735">
     <span class='ocr_line' id='line_1_46' title="bbox 258 1698 956 1735; baseline 0 -9"><span class='ocrx_word' id='word_1_291' title='bbox 258 1699 353 1734; x_wconf 74' lang='lat' dir='ltr'><strong>primae</strong></span> <span class='ocrx_word' id='word_1_292' title='bbox 366 1699 443 1727; x_wconf 83' lang='lat' dir='ltr'><strong>Pauli</strong></span> <span class='ocrx_word' id='word_1_293' title='bbox 457 1700 623 1735; x_wconf 85' lang='lat' dir='ltr'><strong>captivitatis</strong></span> <span class='ocrx_word' id='word_1_294' title='bbox 641 1699 770 1727; x_wconf 79' lang='lat' dir='ltr'><strong>Romana:</strong></span> <span class='ocrx_word' id='word_1_295' title='bbox 790 1698 956 1727; x_wconf 78' lang='lat' dir='ltr'><strong>Clementem</strong></span> 
     </span>
    </p>
   </div>
   <div class='ocr_carea' id='block_1_47' title="bbox 260 1745 525 1781">
    <p class='ocr_par' dir='ltr' id='par_1_47' title="bbox 260 1745 525 1781">
     <span class='ocr_line' id='line_1_47' title="bbox 260 1745 525 1781; baseline 0.004 -9"><span class='ocrx_word' id='word_1_296' title='bbox 260 1745 392 1781; x_wconf 82' lang='lat' dir='ltr'><strong>Philippis</strong></span> <span class='ocrx_word' id='word_1_297' title='bbox 407 1745 525 1781; x_wconf 87' lang='lat' dir='ltr'><strong>degisse.</strong></span> 
     </span>
    </p>
   </div>
   <div class='ocr_carea' id='block_1_48' title="bbox 206 1790 954 1828">
    <p class='ocr_par' dir='ltr' id='par_1_48' title="bbox 206 1790 954 1828">
     <span class='ocr_line' id='line_1_48' title="bbox 206 1790 954 1828; baseline -0.001 -10"><span class='ocrx_word' id='word_1_298' title='bbox 206 1793 234 1828; x_wconf 86' lang='lat' dir='ltr'><strong>d)</strong></span> <span class='ocrx_word' id='word_1_299' title='bbox 253 1791 370 1827; x_wconf 91' lang='lat' dir='ltr'><strong>Philipp.</strong></span> <span class='ocrx_word' id='word_1_300' title='bbox 384 1801 421 1825; x_wconf 80' lang='lat' dir='ltr'><strong>iv,</strong></span> <span class='ocrx_word' id='word_1_301' title='bbox 433 1792 460 1825; x_wconf 77' lang='lat'><strong>5,</strong></span> <span class='ocrx_word' id='word_1_302' title='bbox 475 1792 624 1819; x_wconf 89' lang='lat' dir='ltr'><strong>Clementis</strong></span> <span class='ocrx_word' id='word_1_303' title='bbox 638 1799 693 1819; x_wconf 92' lang='lat' dir='ltr'><strong>non</strong></span> <span class='ocrx_word' id='word_1_304' title='bbox 708 1791 786 1819; x_wconf 82' lang='lat' dir='ltr'><strong>aliter</strong></span> <span class='ocrx_word' id='word_1_305' title='bbox 799 1790 829 1818; x_wconf 82' lang='lat' dir='ltr'><strong>fit</strong></span> <span class='ocrx_word' id='word_1_306' title='bbox 843 1791 954 1823; x_wconf 88' lang='lat' dir='ltr'><strong>mentio,</strong></span> 
     </span>
    </p>
   </div>
   <div class='ocr_carea' id='block_1_49' title="bbox 258 1837 956 1874">
    <p class='ocr_par' dir='ltr' id='par_1_49' title="bbox 258 1837 956 1874">
     <span class='ocr_line' id='line_1_49' title="bbox 258 1837 956 1874; baseline -0.001 -8"><span class='ocrx_word' id='word_1_307' title='bbox 258 1847 291 1866; x_wconf 87' lang='lat' dir='ltr'><strong>ac</strong></span> <span class='ocrx_word' id='word_1_308' title='bbox 304 1846 410 1871; x_wconf 87' lang='lat' dir='ltr'><strong>eorum,</strong></span> <span class='ocrx_word' id='word_1_309' title='bbox 425 1839 471 1874; x_wconf 91' lang='lat' dir='ltr'><strong>qui</strong></span> <span class='ocrx_word' id='word_1_310' title='bbox 487 1839 562 1866; x_wconf 86' lang='lat' dir='ltr'><strong>cives</strong></span> <span class='ocrx_word' id='word_1_311' title='bbox 577 1837 766 1874; x_wconf 86' lang='lat' dir='ltr'><strong>Philippenses</strong></span> <span class='ocrx_word' id='word_1_312' title='bbox 781 1838 885 1873; x_wconf 85' lang='lat' dir='ltr'><strong>absque</strong></span> <span class='ocrx_word' id='word_1_313' title='bbox 903 1838 956 1865; x_wconf 86' lang='lat' dir='ltr'><strong>du-</strong></span> 
     </span>
    </p>
   </div>
   <div class='ocr_carea' id='block_1_50' title="bbox 257 1885 432 1913">
    <p class='ocr_par' dir='ltr' id='par_1_50' title="bbox 257 1885 432 1913">
     <span class='ocr_line' id='line_1_50' title="bbox 257 1885 432 1913; baseline -0.006 0"><span class='ocrx_word' id='word_1_314' title='bbox 257 1885 301 1913; x_wconf 89' lang='lat' dir='ltr'><strong>bio</strong></span> <span class='ocrx_word' id='word_1_315' title='bbox 313 1885 432 1912; x_wconf 85' lang='lat' dir='ltr'><strong>fuerunt.</strong></span> 
     </span>
    </p>
   </div>
   <div class='ocr_carea' id='block_1_51' title="bbox 205 1928 954 1965">
    <p class='ocr_par' dir='ltr' id='par_1_51' title="bbox 205 1928 954 1965">
     <span class='ocr_line' id='line_1_51' title="bbox 205 1928 954 1965; baseline -0.001 -9"><span class='ocrx_word' id='word_1_316' title='bbox 205 1931 329 1962; x_wconf 80' lang='lat' dir='ltr'><strong>Quando.</strong></span> <span class='ocrx_word' id='word_1_317' title='bbox 344 1930 389 1957; x_wconf 91' lang='lat' dir='ltr'><strong>ubi</strong></span> <span class='ocrx_word' id='word_1_318' title='bbox 404 1934 431 1957; x_wconf 90' lang='lat' dir='ltr'><strong>et</strong></span> <span class='ocrx_word' id='word_1_319' title='bbox 448 1937 566 1965; x_wconf 88' lang='lat' dir='ltr'><strong>quonam</strong></span> <span class='ocrx_word' id='word_1_320' title='bbox 581 1936 679 1964; x_wconf 80' lang='lat' dir='ltr'><strong>genere</strong></span> <span class='ocrx_word' id='word_1_321' title='bbox 694 1933 773 1955; x_wconf 84' lang='lat' dir='ltr'><strong>ortus</strong></span> <span class='ocrx_word' id='word_1_322' title='bbox 793 1928 873 1956; x_wconf 86' lang='lat' dir='ltr'><strong>fuerit</strong></span> <span class='ocrx_word' id='word_1_323' title='bbox 892 1928 954 1955; x_wconf 86' lang='lat' dir='ltr'><strong>Cle-</strong></span> 
     </span>
    </p>
   </div>
   <div class='ocr_carea' id='block_1_52' title="bbox 173 1968 958 2007">
    <p class='ocr_par' dir='ltr' id='par_1_52' title="bbox 173 1968 958 2007">
     <span class='ocr_line' id='line_1_52' title="bbox 173 1968 958 2007; baseline -0.001 -9"><span class='ocrx_word' id='word_1_324' title='bbox 173 1976 252 1999; x_wconf 79' lang='lat' dir='ltr'><strong>mens</strong></span> <span class='ocrx_word' id='word_1_325' title='bbox 270 1975 373 2004; x_wconf 86' lang='lat' dir='ltr'><strong>noster,</strong></span> <span class='ocrx_word' id='word_1_326' title='bbox 384 1969 532 1998; x_wconf 87' lang='lat' dir='ltr'><strong>nescimus.</strong></span> <span class='ocrx_word' id='word_1_327' title='bbox 557 1968 636 1998; x_wconf 71' lang='lat' dir='ltr'><strong>Liber</strong></span> <span class='ocrx_word' id='word_1_328' title='bbox 651 1971 828 2007; x_wconf 77' lang='lat' dir='ltr'><strong>pontiﬁcalis,</strong></span> <span class='ocrx_word' id='word_1_329' title='bbox 842 1969 958 2006; x_wconf 82' lang='lat' dir='ltr'><strong>catalogl</strong></span> 
     </span>
    </p>
   </div>
   <div class='ocr_carea' id='block_1_53' title="bbox 172 2015 959 2052">
    <p class='ocr_par' dir='ltr' id='par_1_53' title="bbox 172 2015 959 2052">
     <span class='ocr_line' id='line_1_53' title="bbox 172 2015 959 2052; baseline -0.003 -8"><span class='ocrx_word' id='word_1_330' title='bbox 172 2017 360 2045; x_wconf 73' lang='lat' dir='ltr'><strong>Romanorum</strong></span> <span class='ocrx_word' id='word_1_331' title='bbox 375 2017 544 2052; x_wconf 81' lang='lat' dir='ltr'><strong>pontificum,</strong></span> <span class='ocrx_word' id='word_1_332' title='bbox 565 2017 595 2045; x_wconf 92' lang='lat' dir='ltr'><strong>S.</strong></span> <span class='ocrx_word' id='word_1_333' title='bbox 621 2017 772 2045; x_wconf 88' lang='lat' dir='ltr'><strong>Eucherius</strong></span> <span class='ocrx_word' id='word_1_334' title='bbox 793 2015 959 2051; x_wconf 88' lang='lat' dir='ltr'><strong>Lugdunen-</strong></span> 
     </span>
    </p>
   </div>
   <div class='ocr_carea' id='block_1_54' title="bbox 172 2062 957 2098">
    <p class='ocr_par' dir='ltr' id='par_1_54' title="bbox 172 2062 957 2098">
     <span class='ocr_line' id='line_1_54' title="bbox 172 2062 957 2098; baseline -0.004 -6"><span class='ocrx_word' id='word_1_335' title='bbox 172 2065 212 2092; x_wconf 88' lang='lat' dir='ltr'><strong>sis</strong></span> <span class='ocrx_word' id='word_1_336' title='bbox 232 2067 260 2090; x_wconf 88' lang='lat' dir='ltr'><strong>et</strong></span> <span class='ocrx_word' id='word_1_337' title='bbox 280 2063 445 2091; x_wconf 80' lang='lat' dir='ltr'><strong>Breviarium</strong></span> <span class='ocrx_word' id='word_1_338' title='bbox 467 2064 615 2092; x_wconf 87' lang='lat' dir='ltr'><strong>Romanum</strong></span> <span class='ocrx_word' id='word_1_339' title='bbox 635 2071 669 2091; x_wconf 88' lang='lat' dir='ltr'><strong>ex</strong></span> <span class='ocrx_word' id='word_1_340' title='bbox 691 2062 918 2098; x_wconf 78' lang='lat' dir='ltr'><strong>Recognitionibm</strong></span> <span class='ocrx_word' id='word_1_341' title='bbox 930 2067 957 2089; x_wconf 85' lang='lat' dir='ltr'><strong>et</strong></span> 
     </span>
    </p>
   </div>
   <div class='ocr_carea' id='block_1_55' title="bbox 170 2109 957 2144">
    <p class='ocr_par' dir='ltr' id='par_1_55' title="bbox 170 2109 957 2144">
     <span class='ocr_line' id='line_1_55' title="bbox 170 2109 957 2144; baseline -0.001 -7"><span class='ocrx_word' id='word_1_342' title='bbox 170 2110 293 2138; x_wconf 90' lang='lat' dir='ltr'><strong>homiliis</strong></span> <span class='ocrx_word' id='word_1_343' title='bbox 307 2110 584 2144; x_wconf 77' lang='lat' dir='ltr'><strong>pseudoclementinis</strong></span> <span class='ocrx_word' id='word_1_344' title='bbox 595 2110 746 2138; x_wconf 81' lang='lat' dir='ltr'><strong>fabulosam</strong></span> <span class='ocrx_word' id='word_1_345' title='bbox 757 2109 831 2136; x_wconf 87' lang='lat' dir='ltr'><strong>illam</strong></span> <span class='ocrx_word' id='word_1_346' title='bbox 848 2116 957 2143; x_wconf 86' lang='lat' dir='ltr'><strong>recepe-</strong></span> 
     </span>
    </p>
   </div>
   <div class='ocr_carea' id='block_1_56' title="bbox 169 2154 954 2191">
    <p class='ocr_par' dir='ltr' id='par_1_56' title="bbox 169 2154 954 2191">
     <span class='ocr_line' id='line_1_56' title="bbox 169 2154 954 2191; baseline 0.001 -9"><span class='ocrx_word' id='word_1_347' title='bbox 169 2159 234 2182; x_wconf 87' lang='lat' dir='ltr'><strong>runt</strong></span> <span class='ocrx_word' id='word_1_348' title='bbox 247 2155 446 2187; x_wconf 87' lang='lat' dir='ltr'><strong>narrationem,</strong></span> <span class='ocrx_word' id='word_1_349' title='bbox 473 2163 534 2190; x_wconf 68' lang='lat' dir='ltr'><strong>quae</strong></span> <span class='ocrx_word' id='word_1_350' title='bbox 548 2154 683 2183; x_wconf 87' lang='lat' dir='ltr'><strong>Clementi</strong></span> <span class='ocrx_word' id='word_1_351' title='bbox 700 2163 787 2191; x_wconf 85' lang='lat' dir='ltr'><strong>genus</strong></span> <span class='ocrx_word' id='word_1_352' title='bbox 802 2155 895 2183; x_wconf 63' lang='lat' dir='ltr'><strong>Romae</strong></span> <span class='ocrx_word' id='word_1_353' title='bbox 910 2164 954 2183; x_wconf 91' lang='lat' dir='ltr'><strong>se-</strong></span> 
     </span>
    </p>
   </div>
   <div class='ocr_carea' id='block_1_57' title="bbox 169 2200 953 2237">
    <p class='ocr_par' dir='ltr' id='par_1_57' title="bbox 169 2200 953 2237">
     <span class='ocr_line' id='line_1_57' title="bbox 169 2200 953 2237; baseline 0.003 -9"><span class='ocrx_word' id='word_1_354' title='bbox 169 2201 319 2234; x_wconf 89' lang='lat' dir='ltr'><strong>natorium,</strong></span> <span class='ocrx_word' id='word_1_355' title='bbox 349 2205 508 2237; x_wconf 85' lang='lat' dir='ltr'><strong>patremque</strong></span> <span class='ocrx_word' id='word_1_356' title='bbox 534 2200 696 2229; x_wconf 85' lang='lat' dir='ltr'><strong>Faustinum</strong></span> <span class='ocrx_word' id='word_1_357' title='bbox 711 2209 746 2229; x_wconf 74' lang='lat' dir='ltr'><strong>ex</strong></span> <span class='ocrx_word' id='word_1_358' title='bbox 762 2202 848 2237; x_wconf 84' lang='lat' dir='ltr'><strong>stirpe</strong></span> <span class='ocrx_word' id='word_1_359' title='bbox 859 2201 953 2230; x_wconf 62' lang='lat' dir='ltr'><strong>Caesa-</strong></span> 
     </span>
    </p>
   </div>
   <div class='ocr_carea' id='block_1_58' title="bbox 168 2247 869 2284">
    <p class='ocr_par' dir='ltr' id='par_1_58' title="bbox 168 2247 869 2284">
     <span class='ocr_line' id='line_1_58' title="bbox 168 2247 869 2284; baseline 0 -8"><span class='ocrx_word' id='word_1_360' title='bbox 168 2256 230 2276; x_wconf 78' lang='lat' dir='ltr'><strong>rum</strong></span> <span class='ocrx_word' id='word_1_361' title='bbox 247 2247 378 2275; x_wconf 85' lang='lat' dir='ltr'><strong>vindicat.</strong></span> <span class='ocrx_word' id='word_1_362' title='bbox 394 2247 470 2274; x_wconf 86' lang='lat' dir='ltr'><strong>Talia</strong></span> <span class='ocrx_word' id='word_1_363' title='bbox 486 2247 652 2275; x_wconf 81' lang='lat' dir='ltr'><strong>refutatione</strong></span> <span class='ocrx_word' id='word_1_364' title='bbox 666 2255 720 2275; x_wconf 90' lang='lat' dir='ltr'><strong>non</strong></span> <span class='ocrx_word' id='word_1_365' title='bbox 735 2248 869 2284; x_wconf 79' lang='lat' dir='ltr'><strong>indigent.</strong></span> 
     </span>
    </p>
   </div>
   <div class='ocr_carea' id='block_1_59' title="bbox 204 2291 953 2329">
    <p class='ocr_par' dir='ltr' id='par_1_59' title="bbox 204 2291 953 2329">
     <span class='ocr_line' id='line_1_59' title="bbox 204 2291 953 2329; baseline 0.004 -10"><span class='ocrx_word' id='word_1_366' title='bbox 204 2291 393 2319; x_wconf 85' lang='lat' dir='ltr'><strong>Tillcmontius</strong></span> <span class='ocrx_word' id='word_1_367' title='bbox 408 2291 560 2327; x_wconf 77' lang='lat' dir='ltr'><strong>(Mémaires</strong></span> <span class='ocrx_word' id='word_1_368' title='bbox 575 2292 607 2324; x_wconf 91' lang='lat' dir='ltr'><strong>ll,</strong></span> <span class='ocrx_word' id='word_1_369' title='bbox 623 2301 648 2328; x_wconf 93' lang='lat' dir='ltr'><strong>p.</strong></span> <span class='ocrx_word' id='word_1_370' title='bbox 663 2294 726 2326; x_wconf 71' lang='grc'><strong>149)</strong></span> <span class='ocrx_word' id='word_1_371' title='bbox 740 2302 774 2321; x_wconf 81' lang='lat' dir='ltr'><strong>ex</strong></span> <span class='ocrx_word' id='word_1_372' title='bbox 788 2295 875 2329; x_wconf 85' lang='lat' dir='ltr'><strong>prima</strong></span> <span class='ocrx_word' id='word_1_373' title='bbox 891 2294 953 2322; x_wconf 88' lang='lat' dir='ltr'><strong>Cle-</strong></span> 
     </span>
    </p>
   </div>
   <div class='ocr_carea' id='block_1_60' title="bbox 168 2340 954 2377">
    <p class='ocr_par' dir='ltr' id='par_1_60' title="bbox 168 2340 954 2377">
     <span class='ocr_line' id='line_1_60' title="bbox 168 2340 954 2377; baseline 0.003 -10"><span class='ocrx_word' id='word_1_374' title='bbox 168 2341 268 2367; x_wconf 88' lang='lat' dir='ltr'><strong>mentis</strong></span> <span class='ocrx_word' id='word_1_375' title='bbox 287 2340 418 2375; x_wconf 85' lang='lat' dir='ltr'><strong>epistola,</strong></span> <span class='ocrx_word' id='word_1_376' title='bbox 440 2348 501 2376; x_wconf 85' lang='lat' dir='ltr'><strong>cap.</strong></span> <span class='ocrx_word' id='word_1_377' title='bbox 517 2341 534 2368; x_wconf 73' lang='grc'>4</span> <span class='ocrx_word' id='word_1_378' title='bbox 556 2341 659 2377; x_wconf 68' lang='grc' dir='ltr'><strong>(πατὴρ</strong></span> <span class='ocrx_word' id='word_1_379' title='bbox 671 2341 750 2377; x_wconf 78' lang='grc' dir='ltr'>ἡμῶν</span> <span class='ocrx_word' id='word_1_380' title='bbox 771 2342 879 2375; x_wconf 80' lang='grc' dir='ltr'><strong>Ἰακώϐ)</strong></span> <span class='ocrx_word' id='word_1_381' title='bbox 896 2343 954 2370; x_wconf 89' lang='lat' dir='ltr'><strong>col-</strong></span> 
     </span>
    </p>
   </div>
   <div class='ocr_carea' id='block_1_61' title="bbox 167 2386 953 2424">
    <p class='ocr_par' dir='ltr' id='par_1_61' title="bbox 167 2386 953 2424">
     <span class='ocr_line' id='line_1_61' title="bbox 167 2386 953 2424; baseline 0.005 -12"><span class='ocrx_word' id='word_1_382' title='bbox 167 2386 246 2421; x_wconf 76' lang='lat' dir='ltr'><strong>legit.</strong></span> <span class='ocrx_word' id='word_1_383' title='bbox 269 2386 357 2413; x_wconf 90' lang='lat' dir='ltr'><strong>virum</strong></span> <span class='ocrx_word' id='word_1_384' title='bbox 379 2391 504 2414; x_wconf 91' lang='lat' dir='ltr'><strong>nostrum</strong></span> <span class='ocrx_word' id='word_1_385' title='bbox 529 2388 709 2422; x_wconf 90' lang='lat' dir='ltr'><strong>apostolicum</strong></span> <span class='ocrx_word' id='word_1_386' title='bbox 733 2396 767 2416; x_wconf 83' lang='lat' dir='ltr'><strong>ex</strong></span> <span class='ocrx_word' id='word_1_387' title='bbox 790 2389 877 2424; x_wconf 88' lang='lat' dir='ltr'><strong>stirpe</strong></span> <span class='ocrx_word' id='word_1_388' title='bbox 900 2389 953 2416; x_wconf 82' lang='lat' dir='ltr'><strong>Ju-</strong></span> 
     </span>
    </p>
   </div>
   <div class='ocr_carea' id='block_1_62' title="bbox 201 2474 952 2516">
    <p class='ocr_par' dir='ltr' id='par_1_62' title="bbox 201 2474 952 2516">
     <span class='ocr_line' id='line_1_62' title="bbox 201 2474 952 2516; baseline 0.008 -15"><span class='ocrx_word' id='word_1_389' title='bbox 201 2474 239 2509; x_wconf 89' lang='grc' dir='ltr'><strong>(Ι)</strong></span> <span class='ocrx_word' id='word_1_390' title='bbox 250 2476 313 2516; x_wconf 77' lang='lat' dir='ltr'><strong>_Ka_l.</strong></span> <span class='ocrx_word' id='word_1_391' title='bbox 327 2476 421 2516; x_wconf 67' lang='grc' dir='ltr'><strong>ἐρῳτῶ</strong></span> <span class='ocrx_word' id='word_1_392' title='bbox 436 2477 482 2516; x_wconf 71' lang='grc' dir='ltr'><strong>ιιᾳί</strong></span> <span class='ocrx_word' id='word_1_393' title='bbox 497 2478 537 2516; x_wconf 38' lang='grc' dir='ltr'>σὲ]</span> <span class='ocrx_word' id='word_1_394' title='bbox 554 2478 656 2516; x_wconf 61' lang='grc' dir='ltr'><strong>ετρςυγεΔ</strong></span> <span class='ocrx_word' id='word_1_395' title='bbox 669 2480 761 2516; x_wconf 75' lang='grc' dir='ltr'><strong>γνήσιε</strong></span> <span class='ocrx_word' id='word_1_396' title='bbox 771 2480 952 2516; x_wconf 33' lang='grc' dir='ltr'><strong>-ησυλλαμΰά-</strong></span> 
     </span>
    </p>
   </div>
   <div class='ocr_carea' id='block_1_63' title="bbox 166 2511 950 2552">
    <p class='ocr_par' dir='ltr' id='par_1_63' title="bbox 166 2511 950 2552">
     <span class='ocr_line' id='line_1_63' title="bbox 166 2511 950 2552; baseline 0.013 -19"><span class='ocrx_word' id='word_1_397' title='bbox 166 2517 211 2535; x_wconf 74' lang='grc' dir='ltr'>νου</span> <span class='ocrx_word' id='word_1_398' title='bbox 224 2511 445 2552; x_wconf 46' lang='grc' dir='ltr'><strong>φὺτᾳῖςζῆῖτινες</strong></span> <span class='ocrx_word' id='word_1_399' title='bbox 459 2513 488 2539; x_wconf 84' lang='grc' dir='ltr'><strong>ὲν</strong></span> <span class='ocrx_word' id='word_1_400' title='bbox 501 2513 540 2552; x_wconf 66' lang='grc' dir='ltr'><strong>τῷ</strong></span> <span class='ocrx_word' id='word_1_401' title='bbox 550 2511 699 2552; x_wconf 54' lang='grc' dir='ltr'><strong>ειξαγγελίῳ</strong></span> <span class='ocrx_word' id='word_1_402' title='bbox 710 2511 950 2552; x_wconf 44' lang='grc' dir='ltr'><strong>ὰυνήθλησάφμοι,</strong></span> 
     </span>
    </p>
   </div>
   <div class='ocr_carea' id='block_1_64' title="bbox 165 2545 950 2589">
    <p class='ocr_par' dir='ltr' id='par_1_64' title="bbox 165 2545 950 2589">
     <span class='ocr_line' id='line_1_64' title="bbox 165 2545 950 2589; baseline 0.011 -19"><span class='ocrx_word' id='word_1_403' title='bbox 165 2545 300 2589; x_wconf 36' lang='lat' dir='ltr'><strong>enataui,</strong></span> <span class='ocrx_word' id='word_1_404' title='bbox 312 2545 718 2589; x_wconf 43' lang='lat' dir='ltr'><strong>Klﬁp‘avclo&#39;gmxaiutgv&#39;lomibv</strong></span> <span class='ocrx_word' id='word_1_405' title='bbox 734 2545 872 2587; x_wconf 61' lang='grc' dir='ltr'><strong>συξιερῨῶν</strong></span> <span class='ocrx_word' id='word_1_406' title='bbox 887 2545 950 2587; x_wconf 50' lang='lat' dir='ltr'><strong>pou,</strong></span> 
     </span>
    </p>
   </div>
   <div class='ocr_carea' id='block_1_65' title="bbox 164 2579 607 2619">
    <p class='ocr_par' dir='ltr' id='par_1_65' title="bbox 164 2579 607 2619">
     <span class='ocr_line' id='line_1_65' title="bbox 164 2579 607 2619; baseline 0.007 -12"><span class='ocrx_word' id='word_1_407' title='bbox 164 2579 250 2619; x_wconf 41' lang='lat' dir='ltr'><strong>diviti</strong></span> <span class='ocrx_word' id='word_1_408' title='bbox 258 2579 379 2619; x_wconf 68' lang='grc' dir='ltr'><strong>ρνόμτὲί</strong></span> <span class='ocrx_word' id='word_1_409' title='bbox 389 2583 419 2609; x_wconf 85' lang='grc' dir='ltr'><strong>ὲν</strong></span> <span class='ocrx_word' id='word_1_410' title='bbox 431 2582 517 2619; x_wconf 64' lang='grc' dir='ltr'><strong>βζόλῳ</strong></span> <span class='ocrx_word' id='word_1_411' title='bbox 527 2582 607 2619; x_wconf 82' lang='grc' dir='ltr'><strong>ζωῆς.</strong></span> 
     </span>
    </p>
   </div>
   <div class='ocr_carea' id='block_1_66' title="bbox 200 2610 989 2654">
    <p class='ocr_par' dir='ltr' id='par_1_66' title="bbox 200 2610 989 2654">
     <span class='ocr_line' id='line_1_66' title="bbox 200 2610 989 2654; baseline 0.013 -13"><span class='ocrx_word' id='word_1_412' title='bbox 200 2615 239 2654; x_wconf 55' lang='grc' dir='ltr'><strong>(εξ)</strong></span> <span class='ocrx_word' id='word_1_413' title='bbox 260 2615 289 2654; x_wconf 63' lang='grc' dir='ltr'><strong>[ει</strong></span> <span class='ocrx_word' id='word_1_414' title='bbox 303 2610 382 2654; x_wconf 63' lang='grc' dir='ltr'><strong>1ρειη.</strong></span> <span class='ocrx_word' id='word_1_415' title='bbox 396 2610 473 2654; x_wconf 61' lang='lat'><strong>1,129,</strong></span> <span class='ocrx_word' id='word_1_416' title='bbox 489 2610 558 2654; x_wconf 70' lang='lat' dir='ltr'><strong>op‘p.</strong></span> <span class='ocrx_word' id='word_1_417' title='bbox 576 2610 662 2653; x_wconf 77' lang='lat' dir='ltr'><strong>‘i.lv,</strong></span> <span class='ocrx_word' id='word_1_418' title='bbox 677 2628 704 2654; x_wconf 92' lang='lat' dir='ltr'><strong>p.</strong></span> <span class='ocrx_word' id='word_1_419' title='bbox 719 2620 781 2653; x_wconf 69' lang='lat'><strong>155,</strong></span> <span class='ocrx_word' id='word_1_420' title='bbox 795 2620 840 2648; x_wconf 92' lang='lat' dir='ltr'><strong>cd.</strong></span> <span class='ocrx_word' id='word_1_421' title='bbox 873 2622 927 2650; x_wconf 77' lang='lat' dir='ltr'><strong>en.</strong></span> <span class='ocrx_word' id='word_1_422' title='bbox 965 2622 989 2652; x_wconf 83' lang='grc' dir='ltr'><strong>υ</strong></span> 
     </span>
    </p>
   </div>
   <div class='ocr_carea' id='block_1_67' title="bbox 200 2649 453 2683">
    <p class='ocr_par' dir='ltr' id='par_1_67' title="bbox 200 2649 453 2683">
     <span class='ocr_line' id='line_1_67' title="bbox 200 2649 453 2683; baseline 0.016 -7"><span class='ocrx_word' id='word_1_423' title='bbox 200 2650 239 2682; x_wconf 85' lang='grc'><strong>(5)</strong></span> <span class='ocrx_word' id='word_1_424' title='bbox 257 2649 293 2678; x_wconf 87' lang='lat' dir='ltr'><strong>ll.</strong></span> <span class='ocrx_word' id='word_1_425' title='bbox 306 2649 339 2677; x_wconf 85' lang='lat' dir='ltr'><strong>E.</strong></span> <span class='ocrx_word' id='word_1_426' title='bbox 352 2659 395 2683; x_wconf 58' lang='lat' dir='ltr'><strong>lll&#39;,</strong></span> <span class='ocrx_word' id='word_1_427' title='bbox 408 2653 453 2680; x_wconf 83' lang='grc'><strong>15.</strong></span> 
     </span>
    </p>
   </div>
   <div class='ocr_carea' id='block_1_68' title="bbox 199 2685 503 2723">
    <p class='ocr_par' dir='ltr' id='par_1_68' title="bbox 199 2685 503 2723">
     <span class='ocr_line' id='line_1_68' title="bbox 199 2685 503 2723; baseline 0.01 -10"><span class='ocrx_word' id='word_1_428' title='bbox 199 2685 238 2723; x_wconf 53' lang='grc' dir='ltr'><strong>(ᾗ)</strong></span> <span class='ocrx_word' id='word_1_429' title='bbox 260 2685 362 2723; x_wconf 58' lang='lat' dir='ltr'><strong>Haeres.</strong></span> <span class='ocrx_word' id='word_1_430' title='bbox 374 2687 420 2720; x_wconf 77' lang='lat'><strong>26,</strong></span> <span class='ocrx_word' id='word_1_431' title='bbox 436 2697 464 2716; x_wconf 92' lang='lat' dir='ltr'><strong>n.</strong></span> <span class='ocrx_word' id='word_1_432' title='bbox 476 2688 503 2716; x_wconf 86' lang='lat'><strong>6.</strong></span> 
     </span>
    </p>
   </div>
   <div class='ocr_carea' id='block_1_69' title="bbox 199 2720 543 2757">
    <p class='ocr_par' dir='ltr' id='par_1_69' title="bbox 199 2720 543 2757">
     <span class='ocr_line' id='line_1_69' title="bbox 199 2720 543 2757; baseline 0.012 -11"><span class='ocrx_word' id='word_1_433' title='bbox 199 2720 237 2754; x_wconf 80' lang='lat'><strong>(5)</strong></span> <span class='ocrx_word' id='word_1_434' title='bbox 259 2722 350 2750; x_wconf 83' lang='lat' dir='ltr'><strong>Calal.</strong></span> <span class='ocrx_word' id='word_1_435' title='bbox 363 2723 453 2757; x_wconf 71' lang='lat' dir='ltr'><strong>script.</strong></span> <span class='ocrx_word' id='word_1_436' title='bbox 467 2723 543 2757; x_wconf 85' lang='lat' dir='ltr'><strong>eccl.,</strong></span> 
     </span>
    </p>
   </div>
   <div class='ocr_carea' id='block_1_70' title="bbox 164 2755 943 2798">
    <p class='ocr_par' dir='ltr' id='par_1_70' title="bbox 164 2755 943 2798">
     <span class='ocr_line' id='line_1_70' title="bbox 164 2755 943 2798; baseline 0.012 -17"><span class='ocrx_word' id='word_1_437' title='bbox 164 2755 326 2798; x_wconf 56' lang='lat' dir='ltr'><strong>impugnari].</strong></span> <span class='ocrx_word' id='word_1_438' title='bbox 334 2755 574 2798; x_wconf 34' lang='lat' dir='ltr'><strong>Gieselerayebrl).</strong></span> <span class='ocrx_word' id='word_1_439' title='bbox 586 2760 620 2798; x_wconf 51' lang='lat' dir='ltr'><strong>d1</strong></span> <span class='ocrx_word' id='word_1_440' title='bbox 626 2755 838 2798; x_wconf 68' lang='lat' dir='ltr'><strong>liirchéngesch.</strong></span> <span class='ocrx_word' id='word_1_441' title='bbox 852 2761 871 2794; x_wconf 91' lang='lat' dir='ltr'><strong>l,</strong></span> <span class='ocrx_word' id='word_1_442' title='bbox 883 2763 943 2794; x_wconf 75' lang='grc'><strong>121,</strong></span> 
     </span>
    </p>
   </div>
   <div class='ocr_carea' id='block_1_71' title="bbox 161 2789 945 2832">
    <p class='ocr_par' dir='ltr' id='par_1_71' title="bbox 161 2789 945 2832">
     <span class='ocr_line' id='line_1_71' title="bbox 161 2789 945 2832; baseline 0.013 -16"><span class='ocrx_word' id='word_1_443' title='bbox 161 2789 405 2832; x_wconf 52' lang='grc' dir='ltr'><strong>(ςιιρι-ίιῳΛιεμιᾳιρ,</strong></span> <span class='ocrx_word' id='word_1_444' title='bbox 421 2789 494 2832; x_wconf 62' lang='lat' dir='ltr'><strong>(ign.</strong></span> <span class='ocrx_word' id='word_1_445' title='bbox 507 2794 539 2822; x_wconf 70' lang='grc' dir='ltr'><strong>ο.</strong></span> <span class='ocrx_word' id='word_1_446' title='bbox 554 2794 575 2828; x_wconf 88' lang='grc' dir='ltr'>ι,</span> <span class='ocrx_word' id='word_1_447' title='bbox 589 2795 641 2823; x_wconf 86' lang='grc'><strong>167</strong></span> <span class='ocrx_word' id='word_1_448' title='bbox 662 2800 690 2824; x_wconf 84' lang='lat' dir='ltr'><strong>et</strong></span> <span class='ocrx_word' id='word_1_449' title='bbox 703 2789 761 2828; x_wconf 64' lang='lat' dir='ltr'><strong>alii:</strong></span> <span class='ocrx_word' id='word_1_450' title='bbox 775 2797 809 2824; x_wconf 91' lang='lat' dir='ltr'><strong>ad</strong></span> <span class='ocrx_word' id='word_1_451' title='bbox 827 2789 945 2831; x_wconf 72' lang='lat' dir='ltr'><strong>quorum</strong></span> 
     </span>
    </p>
   </div>
   <div class='ocr_carea' id='block_1_72' title="bbox 163 2825 946 2865">
    <p class='ocr_par' dir='ltr' id='par_1_72' title="bbox 163 2825 946 2865">
     <span class='ocr_line' id='line_1_72' title="bbox 163 2825 946 2865; baseline 0.011 -16"><span class='ocrx_word' id='word_1_452' title='bbox 163 2825 313 2865; x_wconf 63' lang='lat' dir='ltr'><strong>augendam</strong></span> <span class='ocrx_word' id='word_1_453' title='bbox 326 2826 525 2865; x_wconf 84' lang='lat' dir='ltr'><strong>dubitationem</strong></span> <span class='ocrx_word' id='word_1_454' title='bbox 543 2825 669 2865; x_wconf 80' lang='lat' dir='ltr'><strong>magnum</strong></span> <span class='ocrx_word' id='word_1_455' title='bbox 682 2825 852 2860; x_wconf 72' lang='lat' dir='ltr'><strong>Jacobsonus</strong></span> <span class='ocrx_word' id='word_1_456' title='bbox 867 2841 946 2860; x_wconf 80' lang='lat' dir='ltr'><strong>acce-</strong></span> 
     </span>
    </p>
   </div>
   <div class='ocr_carea' id='block_1_73' title="bbox 164 2859 953 2903">
    <p class='ocr_par' dir='ltr' id='par_1_73' title="bbox 164 2859 953 2903">
     <span class='ocr_line' id='line_1_73' title="bbox 164 2859 953 2903; baseline 0.019 -20"><span class='ocrx_word' id='word_1_457' title='bbox 164 2859 228 2886; x_wconf 63' lang='lat' dir='ltr'><strong>dere</strong></span> <span class='ocrx_word' id='word_1_458' title='bbox 245 2864 320 2894; x_wconf 86' lang='lat' dir='ltr'><strong>putat</strong></span> <span class='ocrx_word' id='word_1_459' title='bbox 337 2863 443 2897; x_wconf 88' lang='lat' dir='ltr'><strong>pondus</strong></span> <span class='ocrx_word' id='word_1_460' title='bbox 461 2871 495 2892; x_wconf 59' lang='lat' dir='ltr'><strong>es</strong></span> <span class='ocrx_word' id='word_1_461' title='bbox 507 2873 551 2898; x_wconf 77' lang='lat' dir='ltr'><strong>eo,</strong></span> <span class='ocrx_word' id='word_1_462' title='bbox 566 2859 638 2901; x_wconf 68' lang='lat' dir='ltr'><strong>quod</strong></span> <span class='ocrx_word' id='word_1_463' title='bbox 663 2867 796 2901; x_wconf 75' lang='lat' dir='ltr'><strong>lrcnazus,</strong></span> <span class='ocrx_word' id='word_1_464' title='bbox 810 2868 855 2903; x_wconf 77' lang='grc' dir='ltr'><strong>ιμιί</strong></span> <span class='ocrx_word' id='word_1_465' title='bbox 872 2859 953 2895; x_wconf 61' lang='lat' dir='ltr'><strong>omni</strong></span> 
     </span>
    </p>
   </div>
   <div class='ocr_carea' id='block_1_74' title="bbox 1009 1331 1293 1366">
    <p class='ocr_par' dir='ltr' id='par_1_74' title="bbox 1009 1331 1293 1366">
     <span class='ocr_line' id='line_1_74' title="bbox 1009 1331 1293 1366; baseline 0.004 -8"><span class='ocrx_word' id='word_1_466' title='bbox 1009 1331 1158 1366; x_wconf 85' lang='lat' dir='ltr'><strong>spicionem</strong></span> <span class='ocrx_word' id='word_1_467' title='bbox 1168 1331 1293 1360; x_wconf 88' lang='lat' dir='ltr'><strong>incurrit.</strong></span> 
     </span>
    </p>
   </div>
   <div class='ocr_carea' id='block_1_75' title="bbox 1045 1377 1801 1414">
    <p class='ocr_par' dir='ltr' id='par_1_75' title="bbox 1045 1377 1801 1414">
     <span class='ocr_line' id='line_1_75' title="bbox 1045 1377 1801 1414; baseline -0.004 -7"><span class='ocrx_word' id='word_1_468' title='bbox 1045 1378 1099 1407; x_wconf 86' lang='lat' dir='ltr'><strong>Sed</strong></span> <span class='ocrx_word' id='word_1_469' title='bbox 1119 1386 1174 1406; x_wconf 93' lang='lat' dir='ltr'><strong>non</strong></span> <span class='ocrx_word' id='word_1_470' title='bbox 1189 1377 1268 1406; x_wconf 85' lang='lat' dir='ltr'><strong>valde</strong></span> <span class='ocrx_word' id='word_1_471' title='bbox 1282 1378 1375 1414; x_wconf 82' lang='lat' dir='ltr'><strong>gravia</strong></span> <span class='ocrx_word' id='word_1_472' title='bbox 1390 1377 1448 1405; x_wconf 70' lang='lat' dir='ltr'><strong>haec</strong></span> <span class='ocrx_word' id='word_1_473' title='bbox 1468 1380 1535 1405; x_wconf 89' lang='lat' dir='ltr'><strong>sunt</strong></span> <span class='ocrx_word' id='word_1_474' title='bbox 1553 1381 1733 1413; x_wconf 79' lang='lat' dir='ltr'><strong>argumenta.</strong></span> <span class='ocrx_word' id='word_1_475' title='bbox 1750 1377 1801 1404; x_wconf 80' lang='lat' dir='ltr'><strong>No-</strong></span> 
     </span>
    </p>
   </div>
   <div class='ocr_carea' id='block_1_76' title="bbox 1007 1423 1801 1460">
    <p class='ocr_par' dir='ltr' id='par_1_76' title="bbox 1007 1423 1801 1460">
     <span class='ocr_line' id='line_1_76' title="bbox 1007 1423 1801 1460; baseline -0.003 -6"><span class='ocrx_word' id='word_1_476' title='bbox 1007 1430 1065 1454; x_wconf 86' lang='lat' dir='ltr'><strong>tum</strong></span> <span class='ocrx_word' id='word_1_477' title='bbox 1080 1424 1153 1452; x_wconf 90' lang='lat' dir='ltr'><strong>enim</strong></span> <span class='ocrx_word' id='word_1_478' title='bbox 1165 1429 1219 1457; x_wconf 88' lang='lat' dir='ltr'><strong>est,</strong></span> <span class='ocrx_word' id='word_1_479' title='bbox 1229 1428 1257 1452; x_wconf 90' lang='lat' dir='ltr'><strong>et</strong></span> <span class='ocrx_word' id='word_1_480' title='bbox 1269 1424 1338 1452; x_wconf 89' lang='lat' dir='ltr'><strong>alios</strong></span> <span class='ocrx_word' id='word_1_481' title='bbox 1351 1423 1458 1455; x_wconf 83' lang='lat' dir='ltr'><strong>Patres.</strong></span> <span class='ocrx_word' id='word_1_482' title='bbox 1470 1431 1541 1459; x_wconf 90' lang='lat' dir='ltr'><strong>quos</strong></span> <span class='ocrx_word' id='word_1_483' title='bbox 1553 1431 1568 1451; x_wconf 95' lang='lat' dir='ltr'><strong>e</strong></span> <span class='ocrx_word' id='word_1_484' title='bbox 1583 1424 1717 1460; x_wconf 75' lang='lat' dir='ltr'><strong>gentibus</strong></span> <span class='ocrx_word' id='word_1_485' title='bbox 1728 1428 1801 1452; x_wconf 79' lang='lat' dir='ltr'><strong>ortos</strong></span> 
     </span>
    </p>
   </div>
   <div class='ocr_carea' id='block_1_77' title="bbox 1007 1467 1797 1504">
    <p class='ocr_par' dir='ltr' id='par_1_77' title="bbox 1007 1467 1797 1504">
     <span class='ocr_line' id='line_1_77' title="bbox 1007 1467 1797 1504; baseline -0.001 -8"><span class='ocrx_word' id='word_1_486' title='bbox 1007 1477 1069 1497; x_wconf 86' lang='lat' dir='ltr'><strong>esse</strong></span> <span class='ocrx_word' id='word_1_487' title='bbox 1083 1476 1162 1496; x_wconf 89' lang='lat' dir='ltr'><strong>nemo</strong></span> <span class='ocrx_word' id='word_1_488' title='bbox 1176 1469 1277 1498; x_wconf 83' lang='lat' dir='ltr'><strong>nescit.</strong></span> <span class='ocrx_word' id='word_1_489' title='bbox 1295 1469 1386 1504; x_wconf 84' lang='lat' dir='ltr'><strong>justas</strong></span> <span class='ocrx_word' id='word_1_490' title='bbox 1405 1468 1513 1496; x_wconf 77' lang='lat' dir='ltr'><strong>Veteris</strong></span> <span class='ocrx_word' id='word_1_491' title='bbox 1534 1467 1709 1496; x_wconf 81' lang='lat' dir='ltr'><strong>Testamenti</strong></span> <span class='ocrx_word' id='word_1_492' title='bbox 1734 1477 1797 1504; x_wconf 86' lang='lat' dir='ltr'><strong>per-</strong></span> 
     </span>
    </p>
   </div>
   <div class='ocr_carea' id='block_1_78' title="bbox 1008 1513 1801 1550">
    <p class='ocr_par' dir='ltr' id='par_1_78' title="bbox 1008 1513 1801 1550">
     <span class='ocr_line' id='line_1_78' title="bbox 1008 1513 1801 1550; baseline 0 -8"><span class='ocrx_word' id='word_1_493' title='bbox 1008 1522 1091 1542; x_wconf 89' lang='lat' dir='ltr'><strong>sonas</strong></span> <span class='ocrx_word' id='word_1_494' title='bbox 1112 1515 1171 1543; x_wconf 90' lang='lat' dir='ltr'><strong>suis</strong></span> <span class='ocrx_word' id='word_1_495' title='bbox 1195 1515 1335 1542; x_wconf 84' lang='lat' dir='ltr'><strong>ascribere</strong></span> <span class='ocrx_word' id='word_1_496' title='bbox 1350 1514 1514 1549; x_wconf 86' lang='lat' dir='ltr'><strong>majoribus.</strong></span> <span class='ocrx_word' id='word_1_497' title='bbox 1528 1513 1559 1542; x_wconf 87' lang='lat' dir='ltr'><strong>E.</strong></span> <span class='ocrx_word' id='word_1_498' title='bbox 1579 1522 1606 1550; x_wconf 81' lang='lat' dir='ltr'><strong>g.</strong></span> <span class='ocrx_word' id='word_1_499' title='bbox 1626 1513 1801 1549; x_wconf 85' lang='lat' dir='ltr'><strong>Theophilus</strong></span> 
     </span>
    </p>
   </div>
   <div class='ocr_carea' id='block_1_79' title="bbox 1008 1558 1801 1595">
    <p class='ocr_par' dir='ltr' id='par_1_79' title="bbox 1008 1558 1801 1595">
     <span class='ocr_line' id='line_1_79' title="bbox 1008 1558 1801 1595; baseline -0.003 -7"><span class='ocrx_word' id='word_1_500' title='bbox 1008 1561 1056 1588; x_wconf 93' lang='lat' dir='ltr'><strong>lib.</strong></span> <span class='ocrx_word' id='word_1_501' title='bbox 1069 1568 1101 1587; x_wconf 87' lang='grc' dir='ltr'>ιιι</span> <span class='ocrx_word' id='word_1_502' title='bbox 1123 1560 1157 1587; x_wconf 92' lang='lat' dir='ltr'><strong>ad</strong></span> <span class='ocrx_word' id='word_1_503' title='bbox 1170 1560 1275 1592; x_wconf 82' lang='lat' dir='ltr'><strong>Autol.,</strong></span> <span class='ocrx_word' id='word_1_504' title='bbox 1296 1568 1324 1588; x_wconf 94' lang='lat' dir='ltr'><strong>n.</strong></span> <span class='ocrx_word' id='word_1_505' title='bbox 1340 1559 1390 1592; x_wconf 67' lang='grc'><strong>24,</strong></span> <span class='ocrx_word' id='word_1_506' title='bbox 1415 1559 1537 1587; x_wconf 87' lang='lat' dir='ltr'><strong>scribit:</strong></span> <span class='ocrx_word' id='word_1_507' title='bbox 1560 1558 1692 1595; x_wconf 74' lang='grc' dir='ltr'>Ἀὃραὰμ</span> <span class='ocrx_word' id='word_1_508' title='bbox 1715 1560 1731 1586; x_wconf 80' lang='grc' dir='ltr'><strong>ὀ</strong></span> <span class='ocrx_word' id='word_1_509' title='bbox 1752 1568 1801 1586; x_wconf 79' lang='grc' dir='ltr'><strong>πα-</strong></span> 
     </span>
    </p>
   </div>
   <div class='ocr_carea' id='block_1_80' title="bbox 1006 1603 1802 1642">
    <p class='ocr_par' dir='ltr' id='par_1_80' title="bbox 1006 1603 1802 1642">
     <span class='ocr_line' id='line_1_80' title="bbox 1006 1603 1802 1642; baseline -0.001 -10"><span class='ocrx_word' id='word_1_510' title='bbox 1006 1606 1139 1642; x_wconf 84' lang='grc' dir='ltr'><strong>τριάρχης</strong></span> <span class='ocrx_word' id='word_1_511' title='bbox 1166 1605 1256 1640; x_wconf 79' lang='grc' dir='ltr'><strong>ἡμῶν,</strong></span> <span class='ocrx_word' id='word_1_512' title='bbox 1271 1613 1299 1632; x_wconf 90' lang='lat' dir='ltr'><strong>n.</strong></span> <span class='ocrx_word' id='word_1_513' title='bbox 1314 1605 1372 1632; x_wconf 75' lang='lat'><strong>27:</strong></span> <span class='ocrx_word' id='word_1_514' title='bbox 1398 1604 1524 1640; x_wconf 75' lang='grc' dir='ltr'><strong>Ἀδραὰμ</strong></span> <span class='ocrx_word' id='word_1_515' title='bbox 1545 1603 1594 1631; x_wconf 79' lang='grc' dir='ltr'><strong>τοῦ</strong></span> <span class='ocrx_word' id='word_1_516' title='bbox 1625 1604 1802 1641; x_wconf 80' lang='grc' dir='ltr'><strong>προπάτορος</strong></span> 
     </span>
    </p>
   </div>
   <div class='ocr_carea' id='block_1_81' title="bbox 1007 1649 1629 1688">
    <p class='ocr_par' dir='ltr' id='par_1_81' title="bbox 1007 1649 1629 1688">
     <span class='ocr_line' id='line_1_81' title="bbox 1007 1649 1629 1688; baseline -0.003 -10"><span class='ocrx_word' id='word_1_517' title='bbox 1007 1651 1097 1688; x_wconf 81' lang='grc' dir='ltr'><strong>ἡμῶν,</strong></span> <span class='ocrx_word' id='word_1_518' title='bbox 1109 1657 1138 1679; x_wconf 88' lang='lat' dir='ltr'><strong>et</strong></span> <span class='ocrx_word' id='word_1_519' title='bbox 1152 1659 1181 1678; x_wconf 93' lang='lat' dir='ltr'><strong>n.</strong></span> <span class='ocrx_word' id='word_1_520' title='bbox 1195 1651 1232 1678; x_wconf 74' lang='grc'><strong>94</strong></span> <span class='ocrx_word' id='word_1_521' title='bbox 1249 1661 1255 1678; x_wconf 89' lang='lat'>:</span> <span class='ocrx_word' id='word_1_522' title='bbox 1271 1651 1352 1677; x_wconf 74' lang='lat' dir='ltr'><strong>Aa6&#39;t5</strong></span> <span class='ocrx_word' id='word_1_523' title='bbox 1365 1651 1380 1677; x_wconf 83' lang='grc' dir='ltr'>ὁ</span> <span class='ocrx_word' id='word_1_524' title='bbox 1394 1651 1527 1686; x_wconf 80' lang='grc' dir='ltr'><strong>πρόγονος</strong></span> <span class='ocrx_word' id='word_1_525' title='bbox 1540 1649 1629 1685; x_wconf 80' lang='grc' dir='ltr'><strong>ἡμῶν.</strong></span> 
     </span>
    </p>
   </div>
   <div class='ocr_carea' id='block_1_82' title="bbox 1042 1696 1799 1732">
    <p class='ocr_par' dir='ltr' id='par_1_82' title="bbox 1042 1696 1799 1732">
     <span class='ocr_line' id='line_1_82' title="bbox 1042 1696 1799 1732; baseline 0.001 -8"><span class='ocrx_word' id='word_1_526' title='bbox 1042 1697 1121 1731; x_wconf 88' lang='lat' dir='ltr'><strong>Quod</strong></span> <span class='ocrx_word' id='word_1_527' title='bbox 1144 1700 1237 1724; x_wconf 88' lang='lat' dir='ltr'><strong>autem</strong></span> <span class='ocrx_word' id='word_1_528' title='bbox 1252 1700 1402 1724; x_wconf 85' lang='lat' dir='ltr'><strong>memorata</strong></span> <span class='ocrx_word' id='word_1_529' title='bbox 1418 1696 1518 1732; x_wconf 89' lang='lat' dir='ltr'><strong>capitis</strong></span> <span class='ocrx_word' id='word_1_530' title='bbox 1540 1696 1574 1724; x_wconf 88' lang='lat'><strong>55</strong></span> <span class='ocrx_word' id='word_1_531' title='bbox 1591 1696 1723 1732; x_wconf 78' lang='lat' dir='ltr'><strong>exempla</strong></span> <span class='ocrx_word' id='word_1_532' title='bbox 1739 1697 1799 1725; x_wconf 78' lang='lat' dir='ltr'><strong>atti-</strong></span> 
     </span>
    </p>
   </div>
   <div class='ocr_carea' id='block_1_83' title="bbox 1007 1740 1802 1778">
    <p class='ocr_par' dir='ltr' id='par_1_83' title="bbox 1007 1740 1802 1778">
     <span class='ocr_line' id='line_1_83' title="bbox 1007 1740 1802 1778; baseline 0 -8"><span class='ocrx_word' id='word_1_533' title='bbox 1007 1747 1065 1775; x_wconf 87' lang='lat' dir='ltr'><strong>net,</strong></span> <span class='ocrx_word' id='word_1_534' title='bbox 1082 1743 1249 1770; x_wconf 89' lang='lat' dir='ltr'><strong>monendum</strong></span> <span class='ocrx_word' id='word_1_535' title='bbox 1269 1746 1412 1777; x_wconf 72' lang='lat' dir='ltr'><strong>praeterea,</strong></span> <span class='ocrx_word' id='word_1_536' title='bbox 1424 1742 1594 1770; x_wconf 89' lang='lat' dir='ltr'><strong>Clementem</strong></span> <span class='ocrx_word' id='word_1_537' title='bbox 1611 1740 1739 1770; x_wconf 78' lang='lat' dir='ltr'><strong>fortasse</strong></span> <span class='ocrx_word' id='word_1_538' title='bbox 1751 1742 1802 1778; x_wconf 88' lang='lat' dir='ltr'><strong>pri-</strong></span> 
     </span>
    </p>
   </div>
   <div class='ocr_carea' id='block_1_84' title="bbox 1006 1785 1802 1822">
    <p class='ocr_par' dir='ltr' id='par_1_84' title="bbox 1006 1785 1802 1822">
     <span class='ocr_line' id='line_1_84' title="bbox 1006 1785 1802 1822; baseline 0 -7"><span class='ocrx_word' id='word_1_539' title='bbox 1006 1795 1081 1815; x_wconf 89' lang='lat' dir='ltr'><strong>mum</strong></span> <span class='ocrx_word' id='word_1_540' title='bbox 1097 1795 1112 1815; x_wconf 91' lang='lat' dir='ltr'><strong>e</strong></span> <span class='ocrx_word' id='word_1_541' title='bbox 1133 1787 1270 1822; x_wconf 78' lang='lat' dir='ltr'><strong>gentibus,</strong></span> <span class='ocrx_word' id='word_1_542' title='bbox 1290 1791 1346 1814; x_wconf 90' lang='lat' dir='ltr'><strong>tum</strong></span> <span class='ocrx_word' id='word_1_543' title='bbox 1366 1794 1382 1814; x_wconf 95' lang='lat' dir='ltr'><strong>e</strong></span> <span class='ocrx_word' id='word_1_544' title='bbox 1396 1786 1574 1818; x_wconf 87' lang='lat' dir='ltr'><strong>Christianis,</strong></span> <span class='ocrx_word' id='word_1_545' title='bbox 1585 1785 1709 1822; x_wconf 85' lang='lat' dir='ltr'><strong>denique</strong></span> <span class='ocrx_word' id='word_1_546' title='bbox 1727 1795 1744 1815; x_wconf 90' lang='lat' dir='ltr'><strong>e</strong></span> <span class='ocrx_word' id='word_1_547' title='bbox 1756 1785 1802 1815; x_wconf 72' lang='lat' dir='ltr'><strong>lu-</strong></span> 
     </span>
    </p>
   </div>
   <div class='ocr_carea' id='block_1_85' title="bbox 1006 1832 1617 1869">
    <p class='ocr_par' dir='ltr' id='par_1_85' title="bbox 1006 1832 1617 1869">
     <span class='ocr_line' id='line_1_85' title="bbox 1006 1832 1617 1869; baseline -0.002 -8"><span class='ocrx_word' id='word_1_548' title='bbox 1006 1833 1074 1861; x_wconf 59' lang='lat' dir='ltr'><strong>datis</strong></span> <span class='ocrx_word' id='word_1_549' title='bbox 1087 1833 1212 1869; x_wconf 76' lang='lat' dir='ltr'><strong>exempla</strong></span> <span class='ocrx_word' id='word_1_550' title='bbox 1226 1833 1331 1860; x_wconf 87' lang='lat' dir='ltr'><strong>amoris</strong></span> <span class='ocrx_word' id='word_1_551' title='bbox 1347 1832 1442 1868; x_wconf 77' lang='lat' dir='ltr'><strong>patriae</strong></span> <span class='ocrx_word' id='word_1_552' title='bbox 1457 1832 1617 1867; x_wconf 86' lang='lat' dir='ltr'><strong>protulisse.</strong></span> 
     </span>
    </p>
   </div>
   <div class='ocr_carea' id='block_1_86' title="bbox 1040 1878 1802 1914">
    <p class='ocr_par' dir='ltr' id='par_1_86' title="bbox 1040 1878 1802 1914">
     <span class='ocr_line' id='line_1_86' title="bbox 1040 1878 1802 1914; baseline 0.001 -8"><span class='ocrx_word' id='word_1_553' title='bbox 1040 1879 1219 1911; x_wconf 85' lang='lat' dir='ltr'><strong>Clementem,</strong></span> <span class='ocrx_word' id='word_1_554' title='bbox 1234 1878 1421 1914; x_wconf 88' lang='lat' dir='ltr'><strong>apostolorum</strong></span> <span class='ocrx_word' id='word_1_555' title='bbox 1435 1878 1612 1913; x_wconf 88' lang='lat' dir='ltr'><strong>discipulum,</strong></span> <span class='ocrx_word' id='word_1_556' title='bbox 1627 1886 1642 1906; x_wconf 86' lang='lat' dir='ltr'><strong>a</strong></span> <span class='ocrx_word' id='word_1_557' title='bbox 1656 1879 1802 1907; x_wconf 81' lang='lat' dir='ltr'><strong>Clemente</strong></span> 
     </span>
    </p>
   </div>
   <div class='ocr_carea' id='block_1_87' title="bbox 1005 1923 1801 1961">
    <p class='ocr_par' dir='ltr' id='par_1_87' title="bbox 1005 1923 1801 1961">
     <span class='ocr_line' id='line_1_87' title="bbox 1005 1923 1801 1961; baseline 0.004 -10"><span class='ocrx_word' id='word_1_558' title='bbox 1005 1925 1190 1952; x_wconf 80' lang='lat' dir='ltr'><strong>Alexandrino</strong></span> <span class='ocrx_word' id='word_1_559' title='bbox 1207 1924 1328 1959; x_wconf 74' lang='lat' dir='ltr'><strong>Apostoli</strong></span> <span class='ocrx_word' id='word_1_560' title='bbox 1346 1924 1457 1952; x_wconf 88' lang='lat' dir='ltr'><strong>nomine</strong></span> <span class='ocrx_word' id='word_1_561' title='bbox 1485 1923 1647 1959; x_wconf 83' lang='lat' dir='ltr'><strong>insignitum</strong></span> <span class='ocrx_word' id='word_1_562' title='bbox 1666 1925 1727 1961; x_wconf 83' lang='lat'><strong>(6),</strong></span> <span class='ocrx_word' id='word_1_563' title='bbox 1748 1925 1801 1954; x_wconf 82' lang='lat' dir='ltr'><strong>Ro-</strong></span> 
     </span>
    </p>
   </div>
   <div class='ocr_carea' id='block_1_88' title="bbox 1005 1969 1801 2004">
    <p class='ocr_par' dir='ltr' id='par_1_88' title="bbox 1005 1969 1801 2004">
     <span class='ocr_line' id='line_1_88' title="bbox 1005 1969 1801 2004; baseline 0.003 -7"><span class='ocrx_word' id='word_1_564' title='bbox 1005 1978 1092 1997; x_wconf 84' lang='lat' dir='ltr'><strong>mame</strong></span> <span class='ocrx_word' id='word_1_565' title='bbox 1108 1969 1234 1997; x_wconf 74' lang='lat' dir='ltr'><strong>Ecclesia:</strong></span> <span class='ocrx_word' id='word_1_566' title='bbox 1254 1969 1336 2004; x_wconf 72' lang='lat' dir='ltr'><strong>fuisse</strong></span> <span class='ocrx_word' id='word_1_567' title='bbox 1349 1970 1508 2004; x_wconf 72' lang='lat' dir='ltr'><strong>episcopum,</strong></span> <span class='ocrx_word' id='word_1_568' title='bbox 1523 1970 1671 1998; x_wconf 86' lang='lat' dir='ltr'><strong>unanimes</strong></span> <span class='ocrx_word' id='word_1_569' title='bbox 1686 1972 1801 1999; x_wconf 81' lang='lat' dir='ltr'><strong>tradunt</strong></span> 
     </span>
    </p>
   </div>
   <div class='ocr_carea' id='block_1_89' title="bbox 1005 2015 1802 2051">
    <p class='ocr_par' dir='ltr' id='par_1_89' title="bbox 1005 2015 1802 2051">
     <span class='ocr_line' id='line_1_89' title="bbox 1005 2015 1802 2051; baseline 0.004 -8"><span class='ocrx_word' id='word_1_570' title='bbox 1005 2020 1128 2050; x_wconf 81' lang='lat' dir='ltr'><strong>veteres;</strong></span> <span class='ocrx_word' id='word_1_571' title='bbox 1145 2015 1194 2044; x_wconf 86' lang='lat' dir='ltr'><strong>sed</strong></span> <span class='ocrx_word' id='word_1_572' title='bbox 1209 2020 1310 2051; x_wconf 88' lang='lat' dir='ltr'><strong>quotus</strong></span> <span class='ocrx_word' id='word_1_573' title='bbox 1325 2016 1422 2043; x_wconf 89' lang='lat' dir='ltr'><strong>ordine</strong></span> <span class='ocrx_word' id='word_1_574' title='bbox 1435 2015 1589 2044; x_wconf 80' lang='lat' dir='ltr'><strong>Romanam</strong></span> <span class='ocrx_word' id='word_1_575' title='bbox 1601 2016 1744 2045; x_wconf 83' lang='lat' dir='ltr'><strong>insederit</strong></span> <span class='ocrx_word' id='word_1_576' title='bbox 1760 2026 1802 2046; x_wconf 79' lang='lat' dir='ltr'><strong>ca-</strong></span> 
     </span>
    </p>
   </div>
   <div class='ocr_carea' id='block_1_90' title="bbox 1005 2061 1672 2097">
    <p class='ocr_par' dir='ltr' id='par_1_90' title="bbox 1005 2061 1672 2097">
     <span class='ocr_line' id='line_1_90' title="bbox 1005 2061 1672 2097; baseline 0.001 -8"><span class='ocrx_word' id='word_1_577' title='bbox 1005 2063 1142 2094; x_wconf 86' lang='lat' dir='ltr'><strong>thedram,</strong></span> <span class='ocrx_word' id='word_1_578' title='bbox 1156 2067 1234 2090; x_wconf 91' lang='lat' dir='ltr'><strong>vetus</strong></span> <span class='ocrx_word' id='word_1_579' title='bbox 1248 2068 1275 2090; x_wconf 87' lang='lat' dir='ltr'><strong>et</strong></span> <span class='ocrx_word' id='word_1_580' title='bbox 1288 2062 1378 2090; x_wconf 87' lang='lat' dir='ltr'><strong>adhuc</strong></span> <span class='ocrx_word' id='word_1_581' title='bbox 1394 2062 1446 2090; x_wconf 88' lang='lat' dir='ltr'><strong>sub</strong></span> <span class='ocrx_word' id='word_1_582' title='bbox 1459 2061 1553 2097; x_wconf 89' lang='lat' dir='ltr'><strong>judice</strong></span> <span class='ocrx_word' id='word_1_583' title='bbox 1567 2062 1601 2090; x_wconf 90' lang='lat' dir='ltr'><strong>lis</strong></span> <span class='ocrx_word' id='word_1_584' title='bbox 1616 2066 1672 2090; x_wconf 87' lang='lat' dir='ltr'><strong>est.</strong></span> 
     </span>
    </p>
   </div>
   <div class='ocr_carea' id='block_1_91' title="bbox 1040 2108 1800 2138">
    <p class='ocr_par' dir='ltr' id='par_1_91' title="bbox 1040 2108 1800 2138">
     <span class='ocr_line' id='line_1_91' title="bbox 1040 2108 1800 2138; baseline 0.001 -1"><span class='ocrx_word' id='word_1_585' title='bbox 1040 2110 1066 2137; x_wconf 92' lang='grc'><strong>1.</strong></span> <span class='ocrx_word' id='word_1_586' title='bbox 1087 2109 1253 2138; x_wconf 85' lang='lat' dir='ltr'><strong>Clementem</strong></span> <span class='ocrx_word' id='word_1_587' title='bbox 1280 2109 1468 2137; x_wconf 85' lang='lat' dir='ltr'><strong>immediatum</strong></span> <span class='ocrx_word' id='word_1_588' title='bbox 1500 2108 1576 2137; x_wconf 88' lang='lat' dir='ltr'><strong>Petri</strong></span> <span class='ocrx_word' id='word_1_589' title='bbox 1603 2117 1800 2138; x_wconf 83' lang='lat' dir='ltr'><strong>successorem</strong></span> 
     </span>
    </p>
   </div>
   <div class='ocr_carea' id='block_1_92' title="bbox 1005 2155 1799 2192">
    <p class='ocr_par' dir='ltr' id='par_1_92' title="bbox 1005 2155 1799 2192">
     <span class='ocr_line' id='line_1_92' title="bbox 1005 2155 1799 2192; baseline 0.003 -10"><span class='ocrx_word' id='word_1_590' title='bbox 1005 2155 1101 2186; x_wconf 88' lang='lat' dir='ltr'><strong>fuisse,</strong></span> <span class='ocrx_word' id='word_1_591' title='bbox 1119 2156 1242 2191; x_wconf 88' lang='lat' dir='ltr'><strong>plerique</strong></span> <span class='ocrx_word' id='word_1_592' title='bbox 1253 2155 1414 2183; x_wconf 87' lang='lat' dir='ltr'><strong>Latinorum</strong></span> <span class='ocrx_word' id='word_1_593' title='bbox 1428 2156 1529 2191; x_wconf 88' lang='lat' dir='ltr'><strong>priscis</strong></span> <span class='ocrx_word' id='word_1_594' title='bbox 1539 2155 1597 2191; x_wconf 87' lang='lat' dir='ltr'><strong>jam</strong></span> <span class='ocrx_word' id='word_1_595' title='bbox 1611 2157 1799 2192; x_wconf 82' lang='lat' dir='ltr'><strong>temporibus,</strong></span> 
     </span>
    </p>
   </div>
   <div class='ocr_carea' id='block_1_93' title="bbox 1003 2202 1508 2238">
    <p class='ocr_par' dir='ltr' id='par_1_93' title="bbox 1003 2202 1508 2238">
     <span class='ocr_line' id='line_1_93' title="bbox 1003 2202 1508 2238; baseline 0.002 -9"><span class='ocrx_word' id='word_1_596' title='bbox 1003 2206 1072 2230; x_wconf 84' lang='lat' dir='ltr'><strong>teste</strong></span> <span class='ocrx_word' id='word_1_597' title='bbox 1088 2202 1253 2238; x_wconf 85' lang='lat' dir='ltr'><strong>Hieronymo</strong></span> <span class='ocrx_word' id='word_1_598' title='bbox 1266 2202 1316 2238; x_wconf 89' lang='lat' dir='ltr'><strong>(&#39;l),</strong></span> <span class='ocrx_word' id='word_1_599' title='bbox 1328 2202 1508 2230; x_wconf 85' lang='lat' dir='ltr'><strong>afllrmarunt.</strong></span> 
     </span>
    </p>
   </div>
   <div class='ocr_carea' id='block_1_94' title="bbox 1041 2247 1815 2285">
    <p class='ocr_par' dir='ltr' id='par_1_94' title="bbox 1041 2247 1815 2285">
     <span class='ocr_line' id='line_1_94' title="bbox 1041 2247 1815 2285; baseline 0.003 -10"><span class='ocrx_word' id='word_1_600' title='bbox 1041 2248 1108 2275; x_wconf 86' lang='lat' dir='ltr'><strong>Eum</strong></span> <span class='ocrx_word' id='word_1_601' title='bbox 1123 2257 1139 2275; x_wconf 95' lang='lat' dir='ltr'><strong>a</strong></span> <span class='ocrx_word' id='word_1_602' title='bbox 1150 2247 1232 2276; x_wconf 86' lang='lat' dir='ltr'><strong>Petro</strong></span> <span class='ocrx_word' id='word_1_603' title='bbox 1244 2249 1304 2284; x_wconf 85' lang='lat' dir='ltr'><strong>ipso</strong></span> <span class='ocrx_word' id='word_1_604' title='bbox 1319 2248 1406 2277; x_wconf 89' lang='lat' dir='ltr'><strong>fuisse</strong></span> <span class='ocrx_word' id='word_1_605' title='bbox 1420 2249 1588 2280; x_wconf 88' lang='lat' dir='ltr'><strong>ordinatum,</strong></span> <span class='ocrx_word' id='word_1_606' title='bbox 1602 2248 1799 2277; x_wconf 83' lang='lat' dir='ltr'><strong>Tertullianus</strong></span> <span class='ocrx_word' id='word_1_607' title='bbox 1811 2280 1815 2285; x_wconf 36' lang='grc' dir='ltr'><strong>η</strong></span> 
     </span>
    </p>
   </div>
   <div class='ocr_carea' id='block_1_95' title="bbox 1003 2293 1800 2332">
    <p class='ocr_par' dir='ltr' id='par_1_95' title="bbox 1003 2293 1800 2332">
     <span class='ocr_line' id='line_1_95' title="bbox 1003 2293 1800 2332; baseline 0.004 -12"><span class='ocrx_word' id='word_1_608' title='bbox 1003 2293 1078 2320; x_wconf 81' lang='lat' dir='ltr'><strong>addit</strong></span> <span class='ocrx_word' id='word_1_609' title='bbox 1093 2294 1142 2328; x_wconf 79' lang='lat'><strong>(8).</strong></span> <span class='ocrx_word' id='word_1_610' title='bbox 1168 2294 1350 2330; x_wconf 82' lang='lat' dir='ltr'><strong>Hieronymus</strong></span> <span class='ocrx_word' id='word_1_611' title='bbox 1375 2295 1444 2330; x_wconf 87' lang='lat' dir='ltr'><strong>ipse,</strong></span> <span class='ocrx_word' id='word_1_612' title='bbox 1466 2295 1593 2330; x_wconf 88' lang='lat' dir='ltr'><strong>quamvis</strong></span> <span class='ocrx_word' id='word_1_613' title='bbox 1616 2296 1645 2322; x_wconf 91' lang='lat' dir='ltr'><strong>in</strong></span> <span class='ocrx_word' id='word_1_614' title='bbox 1664 2295 1800 2332; x_wconf 77' lang='lat' dir='ltr'><strong>Catalogo</strong></span> 
     </span>
    </p>
   </div>
   <div class='ocr_carea' id='block_1_96' title="bbox 1002 2339 1800 2376">
    <p class='ocr_par' dir='ltr' id='par_1_96' title="bbox 1002 2339 1800 2376">
     <span class='ocr_line' id='line_1_96' title="bbox 1002 2339 1800 2376; baseline 0.004 -10"><span class='ocrx_word' id='word_1_615' title='bbox 1002 2340 1168 2367; x_wconf 88' lang='lat' dir='ltr'><strong>Clementem</strong></span> <span class='ocrx_word' id='word_1_616' title='bbox 1185 2339 1253 2367; x_wconf 87' lang='lat' dir='ltr'><strong>Lino</strong></span> <span class='ocrx_word' id='word_1_617' title='bbox 1277 2344 1304 2368; x_wconf 86' lang='lat' dir='ltr'><strong>et</strong></span> <span class='ocrx_word' id='word_1_618' title='bbox 1320 2340 1453 2368; x_wconf 82' lang='lat' dir='ltr'><strong>Anacleto</strong></span> <span class='ocrx_word' id='word_1_619' title='bbox 1472 2341 1676 2375; x_wconf 85' lang='lat' dir='ltr'><strong>postposuerit,</strong></span> <span class='ocrx_word' id='word_1_620' title='bbox 1702 2347 1800 2376; x_wconf 77' lang='lat' dir='ltr'><strong>postea</strong></span> 
     </span>
    </p>
   </div>
   <div class='ocr_carea' id='block_1_97' title="bbox 1003 2386 1801 2422">
    <p class='ocr_par' dir='ltr' id='par_1_97' title="bbox 1003 2386 1801 2422">
     <span class='ocr_line' id='line_1_97' title="bbox 1003 2386 1801 2422; baseline 0.005 -10"><span class='ocrx_word' id='word_1_621' title='bbox 1003 2386 1166 2413; x_wconf 85' lang='lat' dir='ltr'><strong>sententiam</strong></span> <span class='ocrx_word' id='word_1_622' title='bbox 1180 2390 1315 2419; x_wconf 82' lang='lat' dir='ltr'><strong>mutasse,</strong></span> <span class='ocrx_word' id='word_1_623' title='bbox 1336 2387 1499 2422; x_wconf 63' lang='lat' dir='ltr'><strong>caeterisque</strong></span> <span class='ocrx_word' id='word_1_624' title='bbox 1513 2386 1618 2415; x_wconf 86' lang='lat' dir='ltr'><strong>Latinis</strong></span> <span class='ocrx_word' id='word_1_625' title='bbox 1639 2388 1801 2416; x_wconf 84' lang='lat' dir='ltr'><strong>accessisse</strong></span> 
     </span>
    </p>
   </div>
   <div class='ocr_carea' id='block_1_98' title="bbox 1003 2484 1799 2518">
    <p class='ocr_par' dir='ltr' id='par_1_98' title="bbox 1003 2484 1799 2518">
     <span class='ocr_line' id='line_1_98' title="bbox 1003 2484 1799 2518; baseline 0.009 -8"><span class='ocrx_word' id='word_1_626' title='bbox 1003 2484 1082 2512; x_wconf 80' lang='lat' dir='ltr'><strong>laude</strong></span> <span class='ocrx_word' id='word_1_627' title='bbox 1097 2485 1263 2512; x_wconf 72' lang='lat' dir='ltr'><strong>Clementem</strong></span> <span class='ocrx_word' id='word_1_628' title='bbox 1278 2490 1402 2513; x_wconf 86' lang='lat' dir='ltr'><strong>nostrum</strong></span> <span class='ocrx_word' id='word_1_629' title='bbox 1417 2487 1549 2518; x_wconf 85' lang='lat' dir='ltr'><strong>cumulat,</strong></span> <span class='ocrx_word' id='word_1_630' title='bbox 1561 2487 1596 2515; x_wconf 88' lang='lat' dir='ltr'><strong>de</strong></span> <span class='ocrx_word' id='word_1_631' title='bbox 1607 2488 1655 2514; x_wconf 83' lang='lat' dir='ltr'><strong>tali</strong></span> <span class='ocrx_word' id='word_1_632' title='bbox 1667 2497 1702 2516; x_wconf 87' lang='lat' dir='ltr'><strong>ac</strong></span> <span class='ocrx_word' id='word_1_633' title='bbox 1719 2493 1799 2517; x_wconf 83' lang='lat' dir='ltr'><strong>tanto</strong></span> 
     </span>
    </p>
   </div>
   <div class='ocr_carea' id='block_1_99' title="bbox 1003 2520 1798 2559">
    <p class='ocr_par' dir='ltr' id='par_1_99' title="bbox 1003 2520 1798 2559">
     <span class='ocr_line' id='line_1_99' title="bbox 1003 2520 1798 2559; baseline 0.008 -13"><span class='ocrx_word' id='word_1_634' title='bbox 1003 2521 1161 2559; x_wconf 76' lang='lat' dir='ltr'><strong>testimonio</strong></span> <span class='ocrx_word' id='word_1_635' title='bbox 1178 2520 1307 2556; x_wconf 85' lang='lat' dir='ltr'><strong>(Philipp.</strong></span> <span class='ocrx_word' id='word_1_636' title='bbox 1321 2530 1357 2555; x_wconf 83' lang='lat' dir='ltr'><strong>iv,</strong></span> <span class='ocrx_word' id='word_1_637' title='bbox 1373 2522 1401 2557; x_wconf 89' lang='grc'><strong>5)</strong></span> <span class='ocrx_word' id='word_1_638' title='bbox 1421 2530 1455 2550; x_wconf 88' lang='lat' dir='ltr'><strong>ne</strong></span> <span class='ocrx_word' id='word_1_639' title='bbox 1470 2524 1583 2550; x_wconf 89' lang='lat' dir='ltr'><strong>verbum</strong></span> <span class='ocrx_word' id='word_1_640' title='bbox 1606 2523 1725 2559; x_wconf 83' lang='lat' dir='ltr'><strong>quidem</strong></span> <span class='ocrx_word' id='word_1_641' title='bbox 1751 2525 1798 2552; x_wconf 83' lang='lat' dir='ltr'><strong>ha-</strong></span> 
     </span>
    </p>
   </div>
   <div class='ocr_carea' id='block_1_100' title="bbox 1001 2555 1571 2627">
    <p class='ocr_par' dir='ltr' id='par_1_100' title="bbox 1001 2555 1571 2627">
     <span class='ocr_line' id='line_1_100' title="bbox 1001 2555 1571 2627; baseline -0.011 -2"><span class='ocrx_word' id='word_1_642' title='bbox 1001 2555 1078 2627; x_wconf 48' lang='grc' dir='ltr'><strong>ὺθῗὶῖ.)</strong></span> <span class='ocrx_word' id='word_1_643' title='bbox 1096 2590 1196 2627; x_wconf 61' lang='grc' dir='ltr'><strong>δμοηι.</strong></span> <span class='ocrx_word' id='word_1_644' title='bbox 1210 2599 1247 2618; x_wconf 85' lang='lat' dir='ltr'><strong>Iv.</strong></span> <span class='ocrx_word' id='word_1_645' title='bbox 1264 2592 1307 2623; x_wconf 82' lang='grc'><strong>17,</strong></span> <span class='ocrx_word' id='word_1_646' title='bbox 1325 2599 1352 2627; x_wconf 88' lang='lat' dir='ltr'><strong>p.</strong></span> <span class='ocrx_word' id='word_1_647' title='bbox 1364 2592 1427 2624; x_wconf 87' lang='lat'><strong>609,</strong></span> <span class='ocrx_word' id='word_1_648' title='bbox 1440 2593 1483 2620; x_wconf 86' lang='lat' dir='ltr'><strong>ed.</strong></span> <span class='ocrx_word' id='word_1_649' title='bbox 1501 2592 1571 2621; x_wconf 81' lang='lat' dir='ltr'><strong>Pott.</strong></span> 
     </span>
    </p>
   </div>
   <div class='ocr_carea' id='block_1_101' title="bbox 1038 2625 1798 2665">
    <p class='ocr_par' dir='ltr' id='par_1_101' title="bbox 1038 2625 1798 2665">
     <span class='ocr_line' id='line_1_101' title="bbox 1038 2625 1798 2665; baseline 0.009 -14"><span class='ocrx_word' id='word_1_650' title='bbox 1038 2625 1192 2665; x_wconf 45' lang='lat' dir='ltr'><strong>(7)”Catal.</strong></span> <span class='ocrx_word' id='word_1_651' title='bbox 1210 2627 1287 2665; x_wconf 64' lang='lat' dir='ltr'><strong>scipt.</strong></span> <span class='ocrx_word' id='word_1_652' title='bbox 1307 2625 1385 2656; x_wconf 74' lang='grc' dir='ltr'><strong>εέει..</strong></span> <span class='ocrx_word' id='word_1_653' title='bbox 1399 2636 1424 2654; x_wconf 88' lang='lat' dir='ltr'><strong>c.</strong></span> <span class='ocrx_word' id='word_1_654' title='bbox 1438 2628 1490 2655; x_wconf 74' lang='lat'><strong>15:</strong></span> <span class='ocrx_word' id='word_1_655' title='bbox 1506 2627 1662 2665; x_wconf 69' lang='lat' dir='ltr'><strong>Clemens...</strong></span> <span class='ocrx_word' id='word_1_656' title='bbox 1679 2636 1798 2665; x_wconf 66' lang='lat' dir='ltr'><strong>quarta</strong></span> 
     </span>
    </p>
   </div>
   <div class='ocr_carea' id='block_1_102' title="bbox 998 2661 1797 2698">
    <p class='ocr_par' dir='ltr' id='par_1_102' title="bbox 998 2661 1797 2698">
     <span class='ocr_line' id='line_1_102' title="bbox 998 2661 1797 2698; baseline 0.009 -11"><span class='ocrx_word' id='word_1_657' title='bbox 998 2666 1058 2698; x_wconf 70' lang='lat' dir='ltr'><strong>post</strong></span> <span class='ocrx_word' id='word_1_658' title='bbox 1081 2661 1189 2698; x_wconf 64' lang='lat' dir='ltr'><strong>Petrum</strong></span> <span class='ocrx_word' id='word_1_659' title='bbox 1215 2662 1303 2688; x_wconf 75' lang='lat' dir='ltr'><strong>Itonia:</strong></span> <span class='ocrx_word' id='word_1_660' title='bbox 1327 2670 1478 2697; x_wconf 74' lang='lat' dir='ltr'><strong>episcopus;</strong></span> <span class='ocrx_word' id='word_1_661' title='bbox 1500 2664 1630 2698; x_wconf 76' lang='lat' dir='ltr'><strong>siquidem</strong></span> <span class='ocrx_word' id='word_1_662' title='bbox 1657 2661 1797 2694; x_wconf 64' lang='lat' dir='ltr'><strong>sel-unda</strong></span> 
     </span>
    </p>
   </div>
   <div class='ocr_carea' id='block_1_103' title="bbox 729 2696 1793 2735">
    <p class='ocr_par' dir='ltr' id='par_1_103' title="bbox 729 2696 1793 2735">
     <span class='ocr_line' id='line_1_103' title="bbox 729 2696 1793 2735; baseline 0.009 -16"><span class='ocrx_word' id='word_1_663' title='bbox 729 2727 734 2732; x_wconf 41' lang='lat'><strong><em>.</em></strong></span> <span class='ocrx_word' id='word_1_664' title='bbox 760 2727 765 2733; x_wconf 39' lang='grc' dir='ltr'><strong><em>Ι</em></strong></span> <span class='ocrx_word' id='word_1_665' title='bbox 876 2727 883 2735; x_wconf 80' lang='lat'>_</span> <span class='ocrx_word' id='word_1_666' title='bbox 900 2734 903 2735; x_wconf 19' lang='grc' dir='ltr'><em>ν</em></span> <span class='ocrx_word' id='word_1_667' title='bbox 998 2696 1080 2723; x_wconf 78' lang='lat' dir='ltr'><strong>Linus</strong></span> <span class='ocrx_word' id='word_1_668' title='bbox 1092 2696 1253 2735; x_wconf 77' lang='lat' dir='ltr'><strong>fuit,t_erlius</strong></span> <span class='ocrx_word' id='word_1_669' title='bbox 1264 2696 1417 2735; x_wconf 68' lang='lat' dir='ltr'><strong>Anqcletus,</strong></span> <span class='ocrx_word' id='word_1_670' title='bbox 1433 2696 1537 2725; x_wconf 75' lang='lat' dir='ltr'><strong>tametsi</strong></span> <span class='ocrx_word' id='word_1_671' title='bbox 1546 2699 1664 2735; x_wconf 80' lang='lat' dir='ltr'><strong>plerique</strong></span> <span class='ocrx_word' id='word_1_672' title='bbox 1680 2701 1793 2729; x_wconf 78' lang='lat' dir='ltr'><strong>Lamm-</strong></span> 
     </span>
    </p>
   </div>
   <div class='ocr_carea' id='block_1_104' title="bbox 587 2726 1796 2794">
    <p class='ocr_par' dir='ltr' id='par_1_104' title="bbox 587 2726 1796 2794">
     <span class='ocr_line' id='line_1_104' title="bbox 587 2726 1796 2772; baseline 0.012 -21"><span class='ocrx_word' id='word_1_673' title='bbox 587 2732 612 2752; x_wconf 88' lang='lat' dir='ltr'><strong>c.</strong></span> <span class='ocrx_word' id='word_1_674' title='bbox 628 2726 670 2768; x_wconf 60' lang='lat'><strong>{5.</strong></span> <span class='ocrx_word' id='word_1_675' title='bbox 687 2726 848 2762; x_wconf 89' lang='lat' dir='ltr'><strong>Opinionem</strong></span> <span class='ocrx_word' id='word_1_676' title='bbox 876 2727 947 2755; x_wconf 84' lang='lat' dir='ltr'><strong>hanc</strong></span> <span class='ocrx_word' id='word_1_677' title='bbox 998 2739 1059 2757; x_wconf 84' lang='lat' dir='ltr'><strong>rum</strong></span> <span class='ocrx_word' id='word_1_678' title='bbox 1074 2726 1215 2758; x_wconf 60' lang='lat' dir='ltr'><strong>secundum</strong></span> <span class='ocrx_word' id='word_1_679' title='bbox 1230 2738 1287 2766; x_wconf 84' lang='lat' dir='ltr'><strong>post</strong></span> <span class='ocrx_word' id='word_1_680' title='bbox 1305 2726 1415 2760; x_wconf 73' lang='lat' dir='ltr'><strong>Petrum</strong></span> <span class='ocrx_word' id='word_1_681' title='bbox 1427 2726 1576 2768; x_wconf 59' lang='lat' dir='ltr'><strong>apostolum</strong></span> <span class='ocrx_word' id='word_1_682' title='bbox 1595 2726 1796 2772; x_wconf 54' lang='lat' dir='ltr'><strong>plen?</strong></span> 
     </span>
     <span class='ocr_line' id='line_1_105' title="bbox 587 2760 1166 2794; baseline 0.01 -7"><span class='ocrx_word' id='word_1_683' title='bbox 587 2760 613 2788; x_wconf 89' lang='lat' dir='ltr'><strong>d.</strong></span> <span class='ocrx_word' id='word_1_684' title='bbox 626 2761 838 2794; x_wconf 69' lang='lat' dir='ltr'><strong>Klrchengesch.</strong></span> <span class='ocrx_word' id='word_1_685' title='bbox 852 2761 871 2794; x_wconf 91' lang='lat' dir='ltr'><strong>l,</strong></span> <span class='ocrx_word' id='word_1_686' title='bbox 883 2763 943 2794; x_wconf 75' lang='grc'><strong>121,</strong></span> <span class='ocrx_word' id='word_1_687' title='bbox 998 2765 1166 2794; x_wconf 80' lang='lat' dir='ltr'><strong>Clementem.</strong></span> 
     </span>
    </p>
   </div>
   <div class='ocr_carea' id='block_1_105' title="bbox 1032 2775 1166 2793">
    <p class='ocr_par' dir='ltr' id='par_1_105' title="bbox 1032 2775 1166 2793">
     <span class='ocr_line' id='line_1_106' title="bbox 1032 2775 1166 2793; baseline -0.007 0"><span class='ocrx_word' id='word_1_688' title='bbox 1032 2775 1166 2793; x_wconf 81' lang='lat' dir='ltr'><strong>ementem.</strong></span> 
     </span>
    </p>
   </div>
   <div class='ocr_carea' id='block_1_106' title="bbox 1033 2801 1790 2841">
    <p class='ocr_par' dir='ltr' id='par_1_106' title="bbox 1033 2801 1790 2841">
     <span class='ocr_line' id='line_1_107' title="bbox 1033 2801 1790 2841; baseline 0.004 -13"><span class='ocrx_word' id='word_1_689' title='bbox 1033 2801 1073 2841; x_wconf 62' lang='grc' dir='ltr'><strong>(ἒξ)</strong></span> <span class='ocrx_word' id='word_1_690' title='bbox 1085 2801 1292 2841; x_wconf 45' lang='grc' dir='ltr'><strong>ηενγωπγῑβι.</strong></span> <span class='ocrx_word' id='word_1_691' title='bbox 1313 2803 1390 2835; x_wconf 63' lang='lat' dir='ltr'><strong>Itan,</strong></span> <span class='ocrx_word' id='word_1_692' title='bbox 1407 2812 1431 2831; x_wconf 70' lang='grc' dir='ltr'><strong>ο.</strong></span> <span class='ocrx_word' id='word_1_693' title='bbox 1447 2803 1481 2841; x_wconf 69' lang='grc'><strong>52</strong></span> <span class='ocrx_word' id='word_1_694' title='bbox 1496 2814 1502 2831; x_wconf 93' lang='lat'><strong>:</strong></span> <span class='ocrx_word' id='word_1_695' title='bbox 1520 2804 1708 2834; x_wconf 71' lang='lat' dir='ltr'><strong>[innumerum</strong></span> <span class='ocrx_word' id='word_1_696' title='bbox 1725 2808 1790 2841; x_wconf 71' lang='lat' dir='ltr'><strong>(Ha--</strong></span> 
     </span>
    </p>
   </div>
   <div class='ocr_carea' id='block_1_107' title="bbox 998 2835 1644 2872">
    <p class='ocr_par' dir='ltr' id='par_1_107' title="bbox 998 2835 1644 2872">
     <span class='ocr_line' id='line_1_108' title="bbox 998 2835 1644 2872; baseline 0 -7"><span class='ocrx_word' id='word_1_697' title='bbox 998 2836 1093 2872; x_wconf 75' lang='lat' dir='ltr'><strong>clcsia)</strong></span> <span class='ocrx_word' id='word_1_698' title='bbox 1109 2835 1267 2865; x_wconf 69' lang='lat' dir='ltr'><strong>Clementem</strong></span> <span class='ocrx_word' id='word_1_699' title='bbox 1283 2847 1298 2864; x_wconf 75' lang='grc' dir='ltr'><strong>ιι</strong></span> <span class='ocrx_word' id='word_1_700' title='bbox 1317 2840 1396 2866; x_wconf 74' lang='grc' dir='ltr'><strong>Ιιυινυ</strong></span> <span class='ocrx_word' id='word_1_701' title='bbox 1412 2839 1566 2868; x_wconf 69' lang='lat' dir='ltr'><strong>ordinatum</strong></span> <span class='ocrx_word' id='word_1_702' title='bbox 1579 2841 1644 2869; x_wconf 71' lang='lat' dir='ltr'><strong>edit,</strong></span> 
     </span>
    </p>
   </div>
  </div>
