1875 3101
57 143 101 172 185

55 199 163 229 videtur.
178 194 303 223 scribens
316 203 324 221 :
345 192 379 220 Et
393 192 525 225 Clemens.
539 194 580 220 uir
597 193 770 227 apostolicus.
784 192 830 228 qui
842 194 869 224 Α

56 247 106 279 post
126 241 232 268 Petrum
247 239 395 268 Romanam
418 238 567 266 Ecclesium
583 239 664 271 rexit,
687 238 780 266 scribit
794 237 830 265 ad

56 288 194 318 Corinthios
206 287 256 323 (9).

85 335 110 362 2.
129 334 292 362 Clementem
306 335 435 359 nostrum
449 328 519 358 Lino
531 329 641 358 demum
662 330 832 358 successisse

58 383 158 408 censent
174 377 344 414 Augustinus
360 374 558 413 (10),0ptatus
574 375 748 404 Milevitanus
762 375 831 410 (ll),

60 426 253 456 Cmtitutiones
267 422 447 460 apostolorum
459 421 517 457 (l2)
528 425 556 449 et
569 419 716 456 Catalogus
730 419 831 450 Roma-

61 480 146 501 norum
159 472 332 507 pontiﬁcum,
346 478 362 498 a
375 468 549 497 Bollandistis
562 467 589 495 in
601 466 741 503 Propylao
751 475 829 496 men-

61 520 95 548 sis
109 518 168 546 laii
183 517 337 553 evulgatus.

90 564 115 594 8.
134 563 252 597 Denique
267 569 322 590 non
334 560 433 589 Linum
449 559 550 591 solum.
564 558 611 586 sed
625 561 653 586 et
662 557 767 586 Cletnm
778 565 828 586 seu

61 610 205 638 Anacletum
213 613 279 636 ante
286 608 452 636 Clementem
460 609 584 633 nostrum
595 603 723 631 Romanae
737 603 828 632 Εεοιθ

61 651 103 678 sue
121 650 300 686 gubernacula
319 650 450 681 tenuisse.
478 648 596 678 Irenaeus
612 647 668 684 (l5)
684 647 833 676 contendit:

56 696 260 731 θεμελιώσαντες
278 695 325 724 οὖν
345 698 392 724 καὶ
407 697 631 733 οἰκοδομήσαντες
651 696 677 722 οἱ
701 695 830 732 μακάριοι

62 742 201 770 Ἀπόστολοι
215 742 440 778 τὴνἙκκλησίαν,
454 743 528 778 Λίνῳ
541 742 592 778 τὴν
613 741 663 778 τῆς
678 741 831 777 ἐπισκοπῆς

56 787 209 824 λειτουργίαν
217 788 396 823 ἐνεχείρισαν.
412 788 513 816 Τούτου
527 787 575 814 τοῦ
587 787 668 815 Λίνου
682 786 789 818 Παῦλος
801 787 830 814 ὲν

54 836 106 866 ταῖς
119 834 183 870 πρὸς
192 834 326 870 Τιμόθεον
331 834 500 866 Ἐπιπολαῖς
517 833 654 869 μέμνηται
663 841 670 848 ⁶
680 832 830 869 διαδέχεται

54 880 77 907 ἃ
90 881 163 908 αὐτὸν
189 880 382 916 ¹Δνέγκλητος⁴
402 880 472 916 μετὰ
493 879 588 906 τοῦτον
608 879 636 906 δὲ
657 878 743 914 τρίτῳ
755 879 831 915 τόπῳ

55 927 100 954 ἀπὺ
112 927 161 954 τῶν
181 927 350 954 ’Δποστόλων
364 926 413 963 τὴν
426 926 580 962 ἐπισκοπὴν
596 924 745 961 κληροῦται
758 925 832 962 Κλή-

56 982 110 1009 μης.
123 975 138 1001 ὑ
149 974 195 1001 καὶ
205 972 338 1009 ἑωρακὼς
346 973 410 1004 τοὺς
420 972 572 1008 μακαρίους
588 971 774 1003 ’Λποστόλους,
785 971 832 998 καὶ

55 1019 235 1055 συμϐεϐληκὼς
255 1019 360 1051 αὐτοῖς,
385 1018 434 1045 καὶ
455 1018 495 1045 ἔτι
516 1017 626 1044 ἔναυλον
646 1017 677 1044 τὸ
701 1017 832 1053 κήρυγμα

53 1066 99 1092 τῶν
118 1065 294 1098 Ἆτωστόλων,
313 1065 361 1092 καὶ
381 1063 432 1100 τὴν
450 1063 598 1100 παράδοσιν
612 1062 666 1099 πρὸ
683 1062 832 1099 ὀφθαλμῶν

99 1121 112 1137 ν
124 1121 149 1139 ι.
162 1121 187 1140 τ,
207 1112 233 1139 λ.

277 1157 333 1182 stat
340 1152 474 1181 Eusebius
485 1151 534 1188 (Η.
545 1151 579 1180 Ε.
589 1159 632 1185 nl.
647 1151 692 1185 15,
710 1152 754 1184 l5.
769 1152 828 1188 54),

55 1202 154 1234 docens,
165 1200 263 1229 Linum
273 1200 308 1227 ab
323 1206 396 1227 anno
409 1198 444 1226 68
463 1206 551 1234 usque
563 1198 597 1226 ad
613 1205 660 1226 an.
673 1197 718 1231 80,
735 1198 827 1226 Anen-

54 1248 141 1276 cletum
154 1246 249 1280 80-92,
261 1245 429 1273 Clementem
445 1243 543 1273 92-101
566 1251 594 1279 ι).
621 1243 673 1272 Cb.
691 1252 719 1271 n.
733 1243 826 1272 sedem

54 1294 191 1322 Romanam
205 1292 340 1321 tenuisse.

84 1339 204 1367 Eandem
231 1336 394 1366 sententiam
432 1335 614 1371 Hieronymus
640 1335 667 1362 in
695 1333 825 1370 Catalogo

52 1386 197 1420 scriptorum
210 1383 450 1412 ecclesiasticarum
465 1390 490 1411 c.
502 1382 537 1409 15
550 1381 685 1415 tuebatur,
697 1385 726 1409 ut
740 1388 824 1417 supra

51 1432 156 1459 vidimus
171 1431 238 1466 (14).

80 1471 104 1500 t.
123 1472 216 1500 Varias
236 1472 290 1500 has
312 1471 464 1500 sententias
488 1471 526 1499 ita
549 1473 753 1508 componebant
775 1473 828 1502 viri

50 1520 114 1547 decu
135 1524 161 1547 et
181 1519 337 1555 priscorum
353 1523 381 1547 et
401 1520 585 1547 recentiorum
611 1523 779 1556 temporum.
797 1525 828 1548 ut

50 1565 222 1600 conjicerent,
248 1565 347 1595 Linum
374 1569 402 1593 et
426 1567 530 1595 Cletum
557 1566 714 1594 viventibus
738 1567 829 1595 adhuc

51 1612 169 1646 apostolis
180 1611 269 1639 Paulo
278 1615 307 1640 et
317 1611 397 1639 Petro
408 1611 595 1639 Romanorum
611 1611 731 1640 ﬁdelium
745 1613 831 1641 fuisse

51 1656 175 1684 antistites
183 1665 191 1690 ;
199 1655 365 1684 Clementem
374 1659 476 1687 autem.
486 1655 542 1684 illis
556 1655 672 1684 lortasse
682 1657 730 1685 del
730 1658 830 1693 unctis,

51 1709 92 1728 seu
107 1701 155 1729 sub
169 1700 278 1729 Nerone
293 1701 424 1737 martyrio
445 1702 584 1730 coronatis
611 1702 680 1737 (15),
706 1711 721 1730 a
736 1703 829 1736 Petro,

51 1747 79 1773 ad
92 1750 199 1775 mortem
222 1751 398 1783 properante,
417 1747 549 1776 Romana:
566 1747 695 1778 Ecclesiae
721 1748 831 1784 episco-

51 1799 106 1826 pum
119 1801 177 1822 esse
191 1793 362 1822 ordinatum.

81 1838 149 1867 lianc
163 1841 328 1867 sententiam
346 1840 409 1867 tuiti
425 1845 492 1868 sunt

79 1887 105 1919 α)
123 1884 234 1913 Ruﬁnus
261 1885 357 1921 (Praei.
382 1886 410 1913 in
436 1885 464 1913 S.
482 1885 632 1915 Clementis
653 1885 803 1923 Recognit.)
820 1897 828 1917 :

127 1931 207 1966 Cujus
223 1931 262 1958 rei
282 1931 350 1958 hanc
365 1932 513 1966 accepimus
527 1940 585 1959 esse
600 1933 742 1966 rationem.
758 1934 830 1969 quod

125 1977 205 2005 Linus
224 1982 250 2005 et
267 1977 357 2004 Clelus
375 1977 482 2012 [uerunt
502 1977 609 2013 quidem
631 1983 692 2006 ante
706 1978 829 2007 Clemen-

127 2029 175 2050 tem
185 2024 300 2058 episcopi
313 2024 342 2050 in
353 2023 416 2050 urbe
423 2023 517 2057 Roma,
529 2024 575 2052 sed
586 2025 725 2059 superstite
736 2025 827 2059 Petro,

124 2069 250 2102 uidelicet,
267 2074 296 2097 ut
315 2069 357 2097 illi
380 2071 547 2105 episcopatus
575 2079 668 2098 curam
691 2077 827 2107 gererent,

126 2116 177 2150 ipse
197 2124 258 2143 vero
282 2116 447 2150 apostolatus
469 2116 589 2151 impleret
611 2117 734 2152 ofﬁcium.
752 2117 829 2146 Sicut

128 2161 258 2188 invenitur
282 2162 365 2188 etiam
383 2161 454 2196 apud
475 2161 625 2190 Ctesaream
651 2163 758 2198 fecisse;
781 2163 828 2192 ubi

671 137 842 166 νηοαειιιιι
861 136 1055 167 νΑιιιοιιυιί.

968 192 1208 228 comprehenderis,
1221 201 1274 221 non
1287 193 1338 221 sibi
1353 201 1466 221 consone
1479 194 1671 228 respondebunt

971 238 1036 266 anni
1062 239 1219 274 pontiﬁcum
1243 236 1424 266 Romanorum
1452 238 1529 266 annis
1555 238 1670 274 impera-

970 288 1067 311 torum.

917 329 946 365 γ)
967 328 1040 357 Beda
1065 329 1244 362 venerabilis,
1269 328 1413 362 Rabanus,
1438 328 1544 366 Haylno
1566 333 1595 358 et
1612 330 1670 359 alit.

970 374 1028 403 Cir.
1041 374 1160 402 Coteler.
1177 374 1221 403 ed.
1260 373 1318 402 PP.
1333 380 1432 410 apost.,
1445 380 1467 404 ι.
1482 376 1493 404 l
1507 396 1517 410 ,
1533 384 1561 412 p.
1575 376 1630 404 ωε
1642 381 1671 405 et

970 427 997 456 p.
1015 419 1079 448 387.

915 466 1089 502 Conjecturte
1107 465 1172 494 huic
1194 465 1330 495 Eusebius
1349 467 1457 500 obstat,
1475 468 1590 500 docens.
1607 469 1672 497 Cle-

881 514 1000 538 mentem
1015 517 1089 538 anno
1099 510 1209 538 demum
1224 510 1259 539 92
1273 511 1365 539 sedem
1379 512 1562 549 episcopalem
1576 521 1672 543 ascen.

881 557 966 589 disse,
982 556 1018 584 2‘
1034 556 1116 585 annis
1132 565 1147 584 a
1163 560 1251 585 morte
1266 556 1295 585 S.
1307 557 1380 585 Petri
1398 560 1591 595 praeter-lapsis,
1605 568 1674 597 quo-

881 610 942 630 rum
958 602 992 629 l2
1005 602 1084 635 Lino.
1103 606 1130 630 et
1155 602 1258 637 pariter
1272 603 1306 630 l2
1319 603 1469 634 Anencleto
1483 606 1670 642 assignantur.

882 649 935 677 Sed
953 649 999 676 vix
1012 649 1133 680 credam.
1149 648 1297 677 Eusebium
1315 650 1353 684 id,
1368 651 1542 680 documentis
1559 652 1670 686 fultum,

881 695 1038 731 scripsisse.
1058 695 1188 724 Fortasse
1205 705 1253 732 per
1269 698 1445 726 traditionem
1468 699 1520 734 ipsi
1542 700 1671 727 innotue—

880 744 934 771 rat.
952 740 1050 768 Linum
1064 746 1092 769 et
1106 742 1284 770 Anencletum
1304 743 1338 771 l2
1359 752 1447 773 annos
1462 744 1612 773 Romanam
1626 753 1672 774 re-

880 787 954 815 xisse
977 786 1140 817 Ecclesium.
1173 788 1242 816 Cum
1263 793 1352 817 autem
1369 790 1459 825 ipsum
1479 790 1585 823 lateret,
1608 791 1672 820 illos

882 832 1055 867 conjunctos,
1073 841 1127 860 una
1142 841 1201 860 cum
1217 834 1315 862 vivente
1329 834 1413 862 adhuc
1430 835 1521 869 Petro.
1535 836 1672 872 guberna-

847 862 870 893 B
882 862 943 905 culti
959 862 1096 912 tenuisse;
1121 878 1178 907 ﬁeri
1199 883 1318 915 poterat,
1334 884 1380 913 ut,
1395 862 1556 918 Catalogur;
1575 881 1672 911 lrenal

882 924 1043 960 respiciens,
1065 933 1172 953 summa
1189 925 1288 953 ﬁducia
1304 934 1382 955 suam
1404 927 1484 956 nobis
1503 932 1672 964 proponeret

882 969 1123 1004 computationem.

917 1016 944 1044 5.
964 1015 1020 1044 Nec
1041 1016 1076 1044 de
1091 1015 1237 1052 Epiphanil
1260 1017 1420 1053 conjectura
1445 1022 1598 1051 taceamus,
1621 1018 1672 1055 qui

881 1059 892 1086 l
909 1060 1006 1092 Clem..
1022 1068 1047 1088 c.
1064 1061 1118 1095 54,
1133 1062 1205 1090 male
1226 1062 1432 1098 interpretatus,
1453 1063 1637 1098 Clementem,
1651 1072 1671 1093 ι

882 1105 963 1134 Petro
977 1107 1145 1140 ordinatum,
1162 1109 1238 1144 pacis
1252 1116 1335 1137 causa
1357 1109 1484 1138 cessisse
1499 1108 1568 1138 Lino
1588 1115 1673 1137 sutu-

881 1155 953 1185 mat;
976 1152 1045 1180 Lino
1060 1157 1151 1181 autem
1173 1155 1343 1183 successisse
1366 1155 1492 1189 Clctum,
1513 1155 1591 1184 Cleto
1607 1155 1672 1185 Cle-

881 1201 999 1226 mentem
1016 1203 1157 1234 resumpto
1173 1200 1347 1234 pontiﬁcatu,
1361 1201 1513 1229 arbitratur
1525 1202 1594 1238 (16).
1612 1201 1672 1232 Nos

880 1242 952 1270 hanc
965 1243 1144 1278 quaestionem
1166 1245 1265 1273 iterum
1288 1246 1467 1282 attingemus.
1480 1247 1515 1276 de
1534 1251 1670 1284 tempore.

880 1296 936 1323 quo
958 1288 969 1315 l
992 1289 1141 1318 Clementis
1170 1291 1287 1327 epistola
1315 1292 1418 1328 scripta
1443 1293 1545 1327 luerit,
1571 1293 1671 1330 dispu-

879 1337 981 1361 tantes.

914 1377 974 1405 Jam
993 1378 1028 1406 de
1041 1385 1127 1407 morte
1143 1379 1294 1410 Clementis
1307 1381 1391 1410 verba
1417 1382 1560 1412 iaciamus.
1583 1383 1671 1413 Euse-

879 1422 942 1450 bius
964 1424 1115 1456 contendit,
1137 1424 1305 1454 Clementem
1330 1435 1419 1455 novem
1442 1436 1531 1457 annos
1553 1437 1672 1460 munera

879 1469 1029 1505 episcopali
1041 1470 1177 1503 functum,
1190 1472 1273 1499 tertio
1283 1471 1396 1508 Traiani
1409 1481 1483 1502 anno
1494 1474 1553 1510 (101
1566 1483 1592 1510 p.
1604 1475 1644 1504 Cb
1658 1476 1671 1512 )

880 1518 997 1543 mortem
1012 1516 1124 1544 obiisse.
1141 1516 1181 1545 Ad
1197 1525 1228 1545 ea
1245 1522 1349 1552 autem,
1364 1527 1425 1554 qua:
1439 1528 1522 1556 supra
1537 1520 1672 1555 diximus,

881 1566 910 1590 et
924 1562 995 1589 inl'ra
1009 1563 1142 1597 dicemus,
1161 1564 1344 1598 attendentes.
1359 1574 1450 1593 novem
1464 1567 1573 1602 quidem
1598 1568 1671 1603 regi-

881 1609 964 1637 minis
983 1617 1072 1638 annos
1093 1610 1227 1638 Clementi
1251 1611 1397 1640 tribuimus
1423 1614 1467 1648 (a.
1488 1613 1583 1651 68-77)
1605 1622 1670 1642 cum

880 1655 980 1690 Caveo,
999 1656 1148 1690 Dodwello,
1162 1657 1272 1686 Fleurio
1287 1662 1315 1686 et
1335 1658 1411 1692 aliis;
1426 1666 1488 1686 eum
1504 1664 1595 1688 autem
1611 1660 1671 1695 jam

880 1702 933 1729 sub
948 1701 1119 1737 Vespasiano
1132 1703 1292 1731 defunctum
1307 1711 1370 1732 esse
1385 1709 1522 1740 putamus.
1535 1704 1587 1738 Qui
1602 1713 1675 1734 vero

880 1746 998 1776 Eusebio
1015 1748 1095 1776 ﬁdem
1111 1748 1213 1777 habere
1232 1750 1308 1781 velit,
1325 1758 1388 1777 cum
1407 1751 1467 1786 ipso
1481 1751 1576 1778 credat
1589 1758 1672 1787 opor-

879 1796 930 1826 tet,
954 1793 1028 1820 brevi
1045 1797 1178 1829 tempore,
1202 1804 1228 1823 a.
1245 1795 1375 1827 lOl-l53,
1391 1803 1449 1822 non
1473 1795 1564 1824 minus
1585 1804 1674 1832 quam

879 1841 983 1873 septem
998 1846 1046 1866 seu
1060 1843 1124 1866 octo
1139 1840 1280 1875 pontiﬁces
1294 1840 1386 1868 sedem
1404 1840 1556 1868 Romanam
1570 1849 1674 1870 ascen.

879 1884 964 1919 disse,
974 1885 1100 1920 quamvis
1112 1893 1166 1913 una
1178 1889 1285 1913 tantum
1303 1886 1457 1922 persecutio
1469 1886 1521 1914 hoc
1535 1887 1674 1923 temporis

879 1931 997 1967 spatium
1013 1932 1212 1966 perturbasset.

916 1976 1050 2005 Eusebius
1060 1981 1087 2006 et
1106 1977 1289 2014 Hieronymus
1306 1979 1336 2014 (l.
1349 1978 1368 2006 l.
1381 1986 1406 2006 c.
1419 1979 1458 2014 c.)
1474 1982 1589 2006 mortem
1605 1977 1671 2007 Cle-

878 2023 978 2051 mentis
992 2024 1067 2051 nulla
1088 2024 1122 2052 de
1137 2025 1270 2060 martyrio
1292 2025 1430 2053 mentione
1449 2025 1572 2053 instituta
1591 2031 1673 2053 com-

877 2073 1042 2097 memorant.
1057 2069 1177 2098 Iremeus
1199 2078 1309 2105 quoque
1324 2070 1380 2106 (Ill,
1396 2071 1435 2107 3),
1460 2071 1604 2107 pontiﬁces
1619 2078 1671 2098 us-

877 2121 931 2149 que
946 2114 980 2142 ad
997 2113 1183 2142 Eleutherium
1201 2122 1359 2148 recensens,
1382 2123 1476 2143 eorum
1499 2123 1668 2151 quemquam

877 2161 1039 2196 martyrium
1051 2168 1163 2196 passum
1177 2165 1274 2196 praeter
1285 2160 1482 2197 Telesphorum
1499 2161 1571 2188 haud
1584 2161 1667 2197 signi-

125 2215 182 2234 cum
196 2208 252 2242 ipse
280 2213 347 2236 esset
363 2216 490 2243 prwsens,
507 2208 649 2237 Zachaaum
664 2214 751 2238 tamen
765 2219 782 2238 ιι
800 2220 828 2239 se
843 2214 866 2241 ι)
880 2206 953 2235 ﬁcat.
975 2207 998 2234 A
1022 2207 1123 2235 Ruﬁno
1143 2215 1209 2235 vero
1231 2213 1258 2235 et
1285 2208 1396 2236 Zosimo
1419 2208 1548 2236 Clemens
1572 2211 1674 2236 noster

126 2253 280 2280 ordinatum
305 2254 417 2281 habebat
440 2255 602 2290 episcopum.
626 2255 661 2282 Et
676 2256 724 2283 hoc
747 2256 824 2284 modo

127 2305 265 2336 utrumque
281 2308 369 2327 verum
384 2300 515 2327 uidebitur
526 2308 535 2325 :
552 2305 581 2327 ut
595 2306 620 2328 et
635 2301 677 2328 illi
690 2307 751 2329 ante
769 2301 827 2330 Cle-

125 2352 234 2374 mentem
249 2351 420 2374 numerentur
442 2347 572 2382 episcopi,
595 2351 621 2374 et
636 2347 755 2376 Clemens
781 2354 826 2376 ta-

126 2401 180 2420 men
191 2397 250 2426 post
259 2393 359 2419 obitum
367 2392 439 2420 Petri
450 2392 560 2420 docendi
569 2394 712 2428 susceperit
726 2394 822 2422 sedem.

81 2438 103 2472 β)
120 2437 275 2465 Chronicon
289 2437 397 2466 Damasi
411 2447 418 2466 :
435 2437 498 2465 Nisi
515 2443 632 2473 tempora
654 2440 824 2474 pontiﬁcatus

127 2481 186 2509 Lini
199 2488 278 2519 atque
289 2482 358 2511 Cleti
372 2483 420 2510 sub
431 2484 518 2518 spatio
529 2484 689 2518 prwsulatus
705 2484 736 2512 Β.
750 2484 825 2512 Petri

80 2559 115 2594 (9)
133 2560 160 2587 in
175 2560 240 2588 lsai.
267 2570 291 2589 c.
303 2569 351 2589 LII.

81 2595 134 2631 (10)
152 2595 200 2631 Ep.
213 2597 250 2624 55
264 2597 297 2623 ad
319 2596 450 2625 Generos.
467 2606 473 2624 :
492 2597 571 2626 Petro
585 2600 711 2626 successit
726 2598 821 2631 Linus.

51 2631 109 2658 Lino
118 2630 246 2663 cum,
263 2632 390 2659 Clementi
404 2632 556 2660 Anacletus.

78 2671 87 2703 l_
91 2666 130 2700 11)
145 2665 205 2703 Lib.
220 2674 261 2703 It:
278 2666 411 2703 Call-edra
425 2676 479 2695 una
492 2673 546 2700 est;
561 2669 708 2703 seditprior
715 2668 823 2700 Petrus.

50 2700 87 2725 cui
95 2702 214 2728 successit
220 2701 314 2734 Linus,
321 2702 388 2729 Lino
395 2702 524 2732 Clemens.
533 2700 658 2730 Clementi
670 2703 689 2730 Α
695 2704 823 2732 nacletus.

82 2735 134 2767 (12)
149 2735 206 2764 Lib.
219 2744 271 2767 VII.
287 2745 312 2765 ε.
326 2737 361 2764 46
379 2746 384 2763 :
406 2738 461 2773 Τῆς
477 2738 504 2764 δὲ
516 2737 825 2799 ῬωῇαίωνἘκκλησιας

82 2778 120 2799 νος
133 2771 180 2799 μὲν
195 2772 211 2798 ό
227 2771 363 2799 Κλαυδίας
372 2773 479 2799 πρῶτος
496 2773 549 2799 ὑπὸ
594 2774 685 2799 αύλου.
709 2774 824 2799 Κλὴιιτλε

52 2769 120 2809 NW:
133 2771 180 2809 μὲν
195 2771 363 2809 όγΙςλαυῆῐας
372 2769 479 2809 πρῶιῑξος
496 2769 685 2809 ὑπὺγΠαύλου,
706 2769 824 2809 νΚλῆμηξ

51 2803 74 2828 ῖιὲ
84 2803 146 2839 μετὰ
153 2806 198 2844 seu
212 2807 294 2834 Δινου
311 2803 425 2835 θάνατον
440 2803 485 2834 in?
501 2808 568 2844 ἐμοῦ
585 2803 687 2844 Πέτρον
701 2803 824 2844 δεύτὲρόξ

52 2841 266 2878 κεχειροτόνηται.

876 2258 979 2288 martyr
993 2254 1145 2289 appellatur
1161 2254 1229 2289 ll'l).

912 2298 950 2326 Ex
966 2298 1042 2326 Actis
1057 2299 1191 2335 Itiartyrii,
1206 2299 1266 2327 sine
1278 2299 1362 2327 dubio
1378 2299 1573 2335 supposititiis,
1584 2298 1671 2326 Lum-

875 2353 958 2380 perus
984 2345 1126 2372 historiam
1149 2346 1272 2381 martyrii
1289 2345 1318 2373 S.
1340 2345 1490 2374 Clementis
1513 2346 1557 2373 his
1572 2345 1672 2373 verbis-

875 2390 977 2418 rel'ert:
992 2400 1002 2416 ‹
1016 2391 1195 2423 Clementem,
1210 2400 1225 2418 ιι
1242 2391 1414 2422 Mamertino.
1432 2391 1508 2419 urbis
1522 2391 1666 2426 praelecto,

876 2436 937 2464 ﬁdei
953 2445 1036 2464 causa
1052 2441 1227 2469 accusatum.
1253 2437 1391 2472 Trajanus
1407 2438 1433 2465 in
1458 2437 1670 2466 Chersonesum

875 2481 946 2509 ultra
969 2481 1086 2509 Pontum
1108 2481 1245 2511 Euxinum
1267 2483 1408 2518 relegavit.
1426 2482 1532 2510 Invenit
1546 2489 1612 2510 vero
1625 2482 1672 2510 ibi

911 2561 969 2624 (165)
994 2561 1060 2589 Adv.
1071 2562 1152 2594 Ιιιτν..
1168 2561 1187 2589 ι.
1201 2569 1244 2596 In,
1259 2569 1286 2591 c.
1299 2563 1334 2597 3,
1358 2563 1432 2599 apud
1463 2562 1563 2590 Euseb.
1577 2561 1664 2590 ILE.

881 2610 909 2630 γ’
924 2610 951 2624 υ.

910 2631 967 2665 (lt)
987 2630 1044 2667 Cir.
1062 2638 1144 2666 supra
1155 2637 1213 2660 not.
1235 2631 1286 2667 (7).

911 2666 967 2701 (15)
987 2666 1126 2704 [ridiculus
1155 2666 1245 2704 Rom.
1259 2667 1360 2696 Pontif.
1381 2675 1464 2704 supra
1482 2673 1668 2702 memoratus,

875 2701 971 2740 Linum
985 2702 1118 2740 Capitone
1138 2707 1165 2730 et
1179 2702 1252 2730 Rufo
1272 2711 1345 2732 coss.
1361 2704 1392 2739 (i.
1404 2701 1429 2732 e'.
1455 2713 1480 2732 ιι.
1491 2704 1538 2738 67,
1554 2712 1581 2740 p.
1592 2704 1664 2740 Ch.)

875 2746 891 2764 ο
907 2737 977 2765 vivis
993 2737 1149 2766 decessisse
1164 2742 1288 2766 annotat.
1366 2737 1369 2739 ’
1531 2737 1534 2738 ⁷
1554 2737 1563 2740 ⁷
1647 2737 1652 2740 ⁷
1667 2747 1674 2761 ι

910 2772 968 2808 (l6)
987 2771 1090 2808 llazres.
1102 2781 1189 2805 uvu,
1207 2781 1235 2800 n.
1246 2774 1272 2800 6.

910 2806 968 2870 (ἓξ)
987 2806 1115 2845 Lumper.
1141 2808 1262 2838 Historia
1278 2807 1537 2843 theologica-critica,
1580 2812 1601 2836 ι.
1626 2807 1660 2842 Ι,
