1875 3101
209 155 261 190 tu"

760 156 806 184 AD
826 155 855 184 S.
874 148 1086 183 CLEMENTEM
1105 150 1117 178 l
1135 149 1252 178 PAPAM
1788 148 1831 177 188

207 219 279 247 intra
290 218 346 246 duo
357 216 443 245 millia
455 215 689 247 Christianorum,
701 213 757 249 jam
766 213 813 241 diu
827 214 860 240 ad
875 210 996 240 caedendi
1011 212 1034 240 A
1049 219 1132 255 ριενίι
1142 222 1170 246 ει
1183 218 1270 245 minio
1281 215 1397 244 notavit.
1410 214 1463 242 Sed
1480 215 1569 251 ipsius
1582 215 1677 246 editio,
1689 218 1718 242 et
1731 222 1831 250 omnes,

208 265 354 293 marmoris
367 272 437 299 opus
457 263 660 290 damnatorum.
677 260 751 288 lnter
762 260 881 287 maxima
905 261 996 286 autem

208 311 307 339 horum
328 309 447 336 lidelium
468 307 641 336 incommoda
657 306 726 334 illud
740 310 811 338 erat,
824 305 898 340 quod
917 307 996 332 sexto

207 355 336 383 milliarlo
350 362 448 389 aquam
465 353 589 381 humeris
604 352 664 380 suis
685 352 831 387 deportare
853 350 994 378 deberent.

205 401 332 429 Pontifex
355 404 446 428 autem
475 407 572 427 eorum
600 399 778 426 miseratione
803 400 913 430 tactus,
931 402 995 424 cum

206 448 269 484 agni
288 447 432 482 cujusdam
450 446 546 478 ductu,
562 446 609 473 ubi
625 445 687 473 fons
709 447 794 477 esset,
808 443 994 478 cognovisset,

205 502 278 525 eam,
295 498 324 520 ut
336 493 495 525 eﬂ‘oderent,
507 491 674 520 Christianis
687 491 818 519 ostendit.
833 489 939 523 Quibus
950 497 997 517 ne-

204 539 355 575 quidquam
368 539 558 567 laborantibus
573 537 604 566 S.
616 537 742 566 Clemens
758 538 816 573 ipse
829 545 891 565 eum
904 537 995 564 locum

205 585 258 612 levi
275 586 328 612 ictu
348 585 496 620 percussit,
511 588 540 612 et
562 584 625 612 fons
640 584 714 611 illico
728 583 839 612 exsiliit.
855 583 897 611 Ad
912 583 996 610 mira—

204 633 260 660 culi
279 633 362 667 hujus
385 633 484 660 famam
502 637 559 660 tota
584 632 724 668 provincia
742 636 912 665 accurrente,
926 640 996 660 cun-

205 678 312 712 ctisque
332 678 365 706 ad
383 677 463 706 tidem
482 677 618 705 traductis
632 681 659 705 et
672 677 829 713 baptizatis,
844 677 915 705 intra
930 677 995 706 anni

205 724 325 758 spatium
355 722 528 758 septuaginta
559 722 684 751 ecclesiae
714 727 896 756 constructae,
921 722 994 750 idola

203 773 296 801 omnia
322 772 479 806 confracta,
506 773 607 809 templa
634 771 857 806 circumjecentis
875 769 995 804 regionis

203 819 306 853 diruta,
322 827 473 855 omnesque
496 820 550 847 luci
566 827 652 855 usque
668 818 701 846 ad
722 821 845 846 trecenta
865 816 994 844 milliaria

204 867 232 894 in
247 866 363 894 circuitu
377 866 480 894 concisi
495 866 580 894 fuere.
598 865 735 900 Trajanus
750 872 826 896 vero,
842 868 872 890 ut
884 865 992 890 tantum
1009 884 1032 912 Β

203 912 243 939 rei
258 912 422 940 Christianae
433 920 610 948 progressum
626 911 745 943 sisteret,
760 909 930 938 Clementem
945 916 994 935 an-

201 958 286 986 chora
301 959 334 986 ad
350 958 452 986 collum
469 959 550 994 ligata
565 958 594 986 in
610 965 686 985 mare
707 956 829 992 demergi
843 954 992 984 mandavit.

202 1004 237 1031 At
252 1005 320 1032 mari
335 1013 423 1040 usque
437 1004 471 1032 ad
491 1004 592 1036 locum,
611 1011 667 1038 quo
680 1001 822 1030 Pontiﬁcis
839 1009 940 1036 corpus
951 1000 995 1036 ja-

201 1051 300 1082 cebat,
325 1049 485 1083 recedente,
511 1049 579 1077 illud
598 1048 704 1076 tumulo
731 1054 815 1075 saxeo
836 1046 864 1074 in
893 1046 994 1082 templo

201 1096 319 1132 quodam
344 1103 500 1124 marmoreo
527 1094 671 1123 conditum
701 1092 852 1123 Christiani
880 1093 993 1121 invene-

201 1147 266 1171 runt
281 1142 350 1179 (l8).
362 1152 372 1169 ι

237 1189 269 1217 ΙΙ.
289 1189 437 1217 Clementis
461 1188 630 1223 temporibus
657 1195 721 1216 eum
743 1186 908 1222 gravissima
932 1185 992 1213 dis-

202 1236 295 1264 sensio
311 1235 436 1264 Corinthi
449 1238 544 1262 exorta
567 1238 640 1262 esset
654 1234 726 1262 inter
743 1233 842 1260 lratres
854 1232 923 1268 (l9),
940 1231 993 1259 Ec,

201 1283 284 1310 clesia
305 1280 429 1308 Romana
455 1281 701 1308 luculentissimam
725 1279 869 1315 epistolam
894 1278 992 1306 Corin»

201 1327 268 1354 thiis
287 1327 415 1362 scripsit,
435 1334 490 1361 qua
513 1334 562 1354 eos
581 1326 615 1353 ad
637 1333 733 1362 pacem
760 1324 992 1359 concordiamque

201 1377 359 1406 revocaret,
381 1377 408 1401 et
433 1373 512 1401 [idem
535 1373 661 1404 illorum,
677 1376 705 1400 et.
729 1379 812 1408 quam
835 1378 933 1398 recens
956 1370 991 1399 ab

206 1420 341 1455 apostolis
356 1423 538 1454 susceperant
560 1416 736 1446 traditionem
762 1422 937 1446 renovarent.
952 1416 991 1445 Ita

201 1465 319 1493 lreuzeus
337 1465 405 1501 (20).
418 1465 494 1494 llanc
507 1465 653 1502 epistolam
667 1464 779 1492 nomine
792 1463 922 1491 Ecclesia:
936 1462 992 1491 Ro-

201 1519 290 1539 mana:
303 1511 471 1539 Clementem
493 1515 620 1539 nostrum
638 1510 785 1545 scripsisse
803 1509 888 1537 rel'ert
904 1509 991 1537 Euse-

1048 264 1081 292 ad
1097 263 1243 291 Junianam
1267 266 1381 295 exactae,
1404 262 1478 290 vitiis
1501 262 1628 290 laborant
1650 270 1706 290 non
1731 263 1832 298 paucis.

1047 310 1107 344 Quo
1133 309 1235 337 laetum
1260 313 1319 341 est.
1342 313 1373 336 ut
1399 308 1536 337 Henricus
1562 308 1833 341 Wottonus,eColl.

1047 356 1077 385 S.
1093 356 1172 384 Joan.
1195 356 1297 391 Evang.
1317 354 1351 382 Α.
1373 354 1408 382 Μ.
1431 355 1557 382 codicem
1581 360 1685 382 mstum
1706 355 1743 383 de
1767 363 1835 382 novo

1046 407 1174 430 accurate
1189 401 1349 438 inspiceret,
1370 405 1398 428 et
1412 404 1518 428 textum
1539 400 1690 428 Iunianum
1712 402 1834 436 octogies

1046 448 1203 476 emendaret
1211 452 1238 476 et
1251 448 1400 484 suppleret.
1413 446 1459 474 Sic
1468 446 1570 482 prodiit
1577 447 1590 474 1
1596 447 1646 475 718
1652 447 1709 474 Can
1713 447 1835 482 tahrigia:

1045 495 1129 523 editio
1136 493 1324 526 Wottoniana,
1336 494 1365 521 in
1376 501 1441 528 qua,
1450 500 1511 528 quae
1518 493 1633 521 aberant
1639 502 1654 520 a
1662 497 1737 521 msto
1750 501 1836 520 exem-

1046 540 1126 576 plari,
1145 540 1339 568 minutioribus
1359 539 1432 575 typis
1458 539 1594 574 impressa
1617 538 1737 566 invenis.
1763 537 1837 565 Hauc

1045 586 1192 614 editionem
1214 585 1374 613 Gallandius
1390 585 1444 613 sibi
1459 584 1629 620 sequendam
1655 592 1765 612 summo
1778 584 1837 619 jure

1045 633 1169 666 censuit,
1189 632 1237 668 qui
1261 632 1374 667 insuper
1395 632 1469 659 notis
1483 635 1511 659 et
1528 631 1697 666 conjecturis
1719 631 1836 658 aliorum

1045 679 1169 706 virorum
1193 678 1375 711 eruditorum,
1393 678 1482 710 Millii,
1500 677 1577 711 Birii,
1592 676 1695 713 Freyii,
1720 681 1791 708 etc..
1812 678 1836 705 in

1045 724 1212 753 elaborauda
1225 732 1275 753 sua
1295 724 1415 752 editione
1430 728 1472 752 est
1489 731 1567 751 usus.
1583 723 1707 758 Denique
1728 730 1756 750 a.
1770 723 1836 750 1839

1045 771 1144 799 Oxonii
1158 779 1174 799 e
1188 771 1374 807 typographeo
1396 770 1553 798 academico
1569 769 1672 805 prodiit
1686 769 1775 796 editio
1790 770 1838 796 ele-

1045 817 1207 853 gantissima
1225 816 1365 844 Guilielmi
1387 815 1545 848 Jacobsoni,
1568 815 1616 850 qui
1633 814 1759 842 codicem
1777 814 1837 842 Ale-

1045 863 1210 890 xandrinum
1228 863 1327 890 iterum
1348 862 1463 894 evolvit,
1487 865 1592 889 textum
1616 860 1722 896 passim
1745 867 1837 887 emen-

1045 909 1129 941 davit,
1145 909 1318 944 conjecturas
1341 908 1437 936 doctas
1452 906 1610 943 proposuit,
1633 910 1661 933 et
1682 906 1838 932 atmotatio~

1045 955 1127 984 nibus
1142 955 1259 982 aliorum
1273 962 1340 982 suas
1359 954 1460 988 adjecit
1479 952 1548 990 (24).

1079 1001 1135 1029 Nos
1149 1009 1211 1029 cum
1225 1000 1369 1028 Gallandio
1387 1005 1415 1028 et
1435 999 1600 1031 Jacobsono,
1617 1006 1661 1032 ea,
1684 1006 1747 1034 qua:
1768 998 1837 1034 apud

1045 1047 1219 1080 Wottonum,
1235 1051 1307 1075 msto
1322 1046 1412 1075 codici
1428 1046 1507 1082 plane
1522 1045 1720 1077 adhaerentem,
1739 1044 1838 1072 vitioso

1043 1095 1087 1123 vel
1109 1094 1235 1123 obsoleto
1256 1101 1333 1121 more
1348 1093 1452 1128 scripta
1473 1092 1696 1124 inveniebantur,
1720 1091 1837 1118 mutavi-

1043 1147 1122 1176 mus;
1133 1148 1215 1168 voces
1227 1144 1255 1168 et
1269 1140 1387 1172 litteras,
1403 1147 1464 1175 quae
1481 1139 1509 1166 in
1525 1138 1619 1166 codice
1632 1137 1746 1169 desunt,
1760 1138 1838 1165 uncis

1042 1186 1225 1221 lnclusimus,
1246 1192 1273 1215 et
1291 1185 1476 1214 Jacobsonum
1498 1185 1622 1220 aliosque
1643 1183 1720 1211 viros
1741 1183 1838 1211 doctos

1042 1231 1128 1261 duces
1147 1233 1304 1261 habuimus.

1078 1279 1121 1306 lll.
1143 1277 1310 1306 Clementem
1333 1277 1487 1305 Romanum
1507 1277 1541 1304 ad
1562 1276 1726 1304 Corinthios
1750 1278 1836 1311 serip-

1042 1327 1130 1359 Iisse,
1149 1332 1230 1353 nemo
1247 1324 1367 1360 negabit.
1388 1323 1475 1351 Fuere
1499 1327 1603 1356 tamen,
1622 1322 1669 1358 qui
1691 1323 1837 1358 epistolam

1041 1377 1164 1400 nostram
1188 1379 1243 1398 non
1264 1370 1407 1406 genuinam
1423 1373 1553 1405 putarent
1576 1377 1628 1397 nec
1643 1369 1718 1396 illam
1740 1377 1836 1396 cense-

1041 1423 1114 1452 rent,
1129 1425 1212 1454 quam
1229 1418 1336 1454 antiqui
1351 1417 1448 1445 Patres
1467 1416 1614 1444 laudarunt
1628 1421 1657 1445 et
1670 1416 1835 1452 allegarunt.

1040 1465 1196 1494 Praesertim
1206 1464 1249 1493 Jo.
1262 1464 1401 1493 Tolandus
1413 1464 1482 1501 (25),
1493 1463 1597 1491 Christ.
1612 1463 1682 1500 Aug.
1691 1463 1770 1500 Salig
1783 1464 1836 1499 (26)

1041 1517 1069 1541 et
1085 1512 1229 1540 Cishertus
1246 1511 1373 1544 Voetius,
1411 1511 1494 1539 theol.
1515 1510 1656 1546 professor
1679 1510 1709 1537 in
1730 1510 1836 1538 Acade-

186 1557 343 1591 ,bius(2l);
359 1558 493 1594 multique
506 1558 552 1585 alii
566 1561 688 1585 veterum
705 1556 787 1592 hujus
800 1555 923 1591 epistulas
937 1564 990 1584 me-
1003 1568 1025 1597 c
1041 1559 1095 1586 mia
1118 1558 1298 1593 Ultrajectina
1315 1558 1372 1594 (27)
1391 1557 1562 1586 authentiam
1587 1558 1715 1593 epistola:
1732 1561 1836 1585 nostra

200 1604 351 1632 minerunt.
368 1602 422 1631 Sed
438 1608 500 1631 ante
514 1611 578 1632 sate.
591 1611 647 1631 xvn
661 1611 758 1631 omnes
774 1603 856 1631 medii
876 1607 904 1631 et
922 1603 989 1631 inle-

200 1650 283 1678 rioris
296 1651 346 1678 aevi
364 1650 483 1686 theologi
499 1650 570 1678 hanc
583 1649 674 1677 Patris
686 1650 830 1686 apostolici
843 1649 989 1685 epistolam

199 1695 367 1732 deperditam
381 1697 521 1732 lugebant.

237 1742 315 1770 Anno
335 1746 426 1771 autem
448 1742 519 1770 £632
539 1742 660 1778 Cyrillus
684 1741 810 1774 Lucaris,
831 1741 987 1777 patriarcha

197 1788 531 1824 Constantinopolitauus,
547 1788 696 1825 Anglorum
721 1788 781 1824 regi
797 1788 897 1816 Carolo
912 1787 923 1815 l
938 1796 988 1816 an-

199 1834 385 1869 tiquissimum
401 1833 434 1862 V.
454 1838 482 1861 et
499 1833 532 1861 N.
551 1833 583 1861 T.
607 1834 730 1862 codicem
751 1834 824 1862 dono
845 1835 939 1869 misit;
961 1839 989 1863 et

198 1887 274 1912 ecce,
290 1879 323 1907 ad
339 1879 442 1907 calcem
460 1880 681 1915 praestantissimi
704 1880 787 1915 hujus
810 1881 915 1908 codicis
924 1881 986 1910 Ale-

199 1924 326 1952 xandrini
339 1924 455 1960 epistola
469 1925 514 1952 illa
529 1924 688 1958 Clementis,
701 1925 805 1953 dudum
818 1925 986 1959 desiderata,

198 1969 390 1997 inveniebatur
397 1970 454 2006 (22)
464 1978 528 1998 cum
542 1970 694 2007 fragmento
705 1972 819 2000 alterius
830 1972 986 2008 libri,quem

198 2016 341 2051 catalogus
354 2016 442 2043 codici
457 2017 582 2052 praeﬁxos
599 2018 641 2045 his
656 2019 754 2046 litteris
770 2018 860 2054 signat
873 2028 879 2045 :

200 2071 323 2094 ..μεντος
333 2062 426 2098 Ennio]
438 2063 468 2089 Β.
484 2063 540 2098 (25)
552 2063 577 2091 id
592 2068 635 2091 est
644 2064 801 2100 Κλήμεντος
815 2064 942 2100 ἐπιστολὴ
952 2065 984 2100 β’.

237 2107 384 2143 Utramque
403 2108 474 2136 hanc
485 2108 634 2137 Clementis
650 2110 792 2145 epistolam
808 2118 840 2138 ex
858 2111 987 2138 vetustis-

197 2153 268 2180 simo
283 2153 330 2180 illo
344 2153 440 2181 codice
457 2154 563 2189 primus
573 2155 695 2182 omnium
709 2154 807 2183 Omnii
819 2156 890 2184 l655
900 2156 986 2184 edidit

197 2196 334 2225 Patricius
353 2197 462 2231 Junius,
478 2199 550 2234 regis
568 2199 718 2235 Anglorum
742 2201 983 2236 bibliothecarius;

1040 1609 1185 1641 negarunt,
1202 1606 1242 1633 illi
1254 1605 1401 1640 imperiose
1416 1604 1491 1632 nulla
1501 1603 1648 1632 alierentes
1660 1609 1835 1640 argumenta,

1039 1651 1085 1679 hic
1100 1651 1342 1680 hallucinationem
1356 1651 1457 1687 potius,
1471 1658 1553 1686 quam
1569 1650 1835 1679 demonstrationem

1039 1697 1192 1733 proferens.
1209 1697 1297 1731 Quam
1314 1698 1385 1725 male
1406 1700 1596 1732 praeconcepta
1613 1697 1749 1732 opinione
1766 1698 1835 1725 due—

1039 1746 1086 1771 tus
1101 1743 1129 1771 id
1146 1743 1242 1779 egerit,
1257 1743 1332 1771 audi.
1347 1742 1531 1775 Admirantur,
1550 1743 1649 1778 inquit,
1670 1744 1836 1779 singularem

1042 1789 1161 1817 divinam
1176 1790 1379 1825 providentiam,
1394 1798 1454 1826 qua:
1469 1791 1581 1823 curavit,
1597 1795 1628 1817 ut
1642 1791 1677 1817 ab
1697 1792 1835 1825 apostolo-

1039 1845 1099 1863 rum
1113 1837 1261 1871 discipulis,
1284 1837 1399 1872 virisque
1415 1837 1582 1871 apostolicis,
1603 1841 1627 1863 et
1648 1837 1835 1869 apostolorum

1038 1883 1136 1910 seculo
1150 1883 1290 1917 proximis,
1306 1887 1352 1909 aut
1369 1882 1435 1909 nihil
1450 1882 1619 1914 scriberetur,
1633 1887 1681 1909 aut
1694 1883 1764 1910 nihil
1774 1891 1835 1910 cou-

1037 1935 1187 1957 seruaretur
1199 1934 1224 1956 et
1240 1928 1274 1955 ad
1288 1933 1406 1963 posteros
1420 1933 1553 1960 manaret.
1570 1932 1618 1955 aut
1648 1929 1748 1956 saltem
1767 1928 1835 1955 nihil

1038 1975 1072 2001 ab
1086 1975 1162 2002 initio
1178 1974 1304 2002 Ecrlesia:
1316 1983 1397 2010 usque
1418 1975 1445 2001 in
1460 1974 1530 2001 hunc
1544 1973 1614 2001 diem
1626 1980 1786 2008 superesset,
1801 1975 1834 2002 de

1036 2029 1087 2056 quo
1100 2029 1151 2048 non
1161 2020 1340 2053 dubitaretur,
1352 2025 1398 2047 aut
1411 2020 1481 2055 quod
1497 2028 1543 2054 per
1565 2020 1652 2047 tineas
1667 2020 1832 2057 blattasque,

1037 2071 1085 2094 aut
1097 2067 1181 2094 alium
1196 2068 1310 2103 quamvis
1327 2067 1376 2094 Dei
1389 2067 1534 2094 exercitum
1550 2066 1705 2094 mutilatum
1722 2076 1775 2095 uolt
1789 2077 1833 2095 es-

1036 2118 1096 2140 set:
1112 2117 1141 2140 ut
1156 2113 1208 2140 soli
1221 2113 1367 2148 Scriptura:
1381 2117 1457 2140 tanto
1473 2112 1618 2140 evidentius
1631 2121 1682 2140 sua
1696 2119 1833 2142 constaret

1036 2161 1199 2192 auctoritas,
1217 2160 1308 2195 illique
1322 2160 1373 2187 loli
1387 2164 1455 2187 esset
1467 2159 1577 2195 propria
1586 2160 1831 2194 incorruptibilitu

1037 2211 1062 2234 et
1078 2207 1225 2234 mentitas.

197 2250 279 2270 voces
293 2242 449 2278 deperditas
459 2247 487 2271 et
501 2244 605 2272 litteras
618 2248 754 2274 vetustate
767 2253 875 2279 exesas,
889 2246 985 2281 spatiis
1000 2257 1023 2285 υ
1071 2251 1127 2280 Nos
1141 2253 1265 2280 eamdem
1274 2272 1281 2284 ,
1297 2260 1380 2288 quam
1396 2251 1523 2280 Clemens
1538 2252 1700 2287 scripserit,
1729 2254 1832 2282 habere

197 2291 226 2316 et
243 2288 399 2317 interstitiis
413 2293 552 2323 accurate,
571 2295 601 2318 ut
619 2291 743 2328 putabat,
757 2291 900 2326 dimensis,
917 2301 984 2329 sup-

312 2358 520 2397 ljistoriatheol.
543 2359 618 2392 erit.,
634 2363 655 2388 t.
668 2359 689 2392 l,
703 2369 728 2396 p.
741 2361 776 2389 52
790 2369 832 2397 sq.

234 2393 292 2434 (19)
313 2393 418 2434 Seditio
432 2397 508 2434 ntota
528 2399 618 2434 iuerat
645 2393 744 2434 contra
757 2393 932 2434 presbyteros
946 2399 982 2434 (c.

196 2427 260 2467 ᾗ),
273 2427 328 2467 ἑὴιεί
354 2429 457 2467 injuste
478 2430 642 2467 muneribus
656 2431 714 2467 suis
729 2427 930 2467 de'jicieb'antur
945 2427 982 2467 (ο.

196 2462 253 2501 μ).
271 2462 452 2501 εξτιὶθιιιεῷμυδ
474 2463 513 2501 (in
530 2462 871 2495 UllmanniStud.'etKrit.
901 2462 982 2501 isti,

197 2497 313 2539 E5139].
331 2506 358 2534 p.
372 2499 407 2526 55
418 2497 494 2539 sqq.)
508 2501 803 2539 autumat,_luctionetn
818 2503 906 2539 illam,
923 2497 984 2539 qua;

195 2532 299 2573 Christi
314 2532 376 2562 esse
398 2532 579 2573 gloriabatur,
596 2536 740 2567 revixisse,
760 2542 787 2564 et
801 2537 873 2565 sicut
887 2532 983 2566 a'uéto-

197 2570 307 2596 ritatem
326 2570 618 2610 apostolorum-dubet
631 2572 821 2610 auctoritatem
838 2574 982 2610 presbyte-

197 2605 362 2643 I'orum,_qui
378 2605 413 2643 ab
429 2604 561 2643 apostolis
576 2604 684 2643 fuerant
700 2604 983 2643 instituti,'sprev'isse

195 2646 229 2666 ac
236 2639 374 2674 rejeciSse.
384 2639 438 2668 Sed
444 2640 569 2668 Clemens
576 2640 633 2674 ipse
640 2646 817 2670 recentiorem
824 2639 983 2672 Corinthiu-

197 2682 257 2710 rum
269 2675 430 2703 seditionem
443 2675 477 2702 ab
492 2675 538 2702 illa
554 2676 639 2710 priori
652 2677 720 2705 bene
730 2679 885 2710 distinguit,
897 2687 922 2708 c.
935 2681 979 2708 t7.

269 2688 430 2712 acutorutlclll
443 2688 477 2702 au
492 2688 545 2712 luit
554 2688 639 2710 prtun
652 2688 720 2705 uene
730 2688 885 2712 wsungult,
897 2688 922 2708 ε.
935 2688 979 2708 Μ.

233 2698 885 2771 ᾗέὸῖ“λὶὶὶζ“ἧὶὲἓνῖ”ιιί’ῗδῗ’Χρἱιῖἲίὖᾶὖῖῗῑῆὲὶἷ
897 2698 981 2750 ἒιέιῖζ

160 2750 166 2761 ‘
196 2750 260 2777 V,U.
543 2761 548 2764 -

231 2780 288 2815 (21)
307 2780 342 2808 Η.
359 2779 390 2807 Ε.
408 2788 448 2813 III,
465 2780 497 2808 16
509 2785 536 2808 et
549 2780 595 2808 58.

243 2815 402 2855 2‘2)_Codes_
418 2824 468 2843 ms.
478 2816 658 2855 epigrapheq
665 2821 807 2855 praestat}
823 2818 980 2855 Κλήμεντος

196 2850 264 2886 πρὸς
291 2850 450 2888 Κορρνθίορς
461 2851 614 2888 ᾃὲπιστολή.
638 2850 695 2880 Cfr.
719 2850 979 2888 Jacobsou,"l’ull‘t't

195 2885 294 2921 «potu,
312 2885 366 2919 t.'|,
380 2894 407 2922 p.
423 2886 487 2914 205.

1034 2299 1191 2334 epistolam,
1210 2299 1309 2326 exinde
1330 2299 1396 2327 satis
1410 2299 1550 2334 probatur,
1563 2299 1628 2334 quia
1640 2306 1685 2331 ea,
1705 2308 1769 2335 qua
1784 2308 1831 2328 ve-

1070 2366 1130 2408 βὸλ
1139 2366 1197 2406 Cl‘r.
1206 2366 1358 2408 lacobsonl.
1366 2374 1401 2398 c.,
1408 2373 1434 2401 p.
1441 2374 1476 2394 XI.
1487 2365 1680 2408 inscriptionis
1692 2367 1722 2394 in
1740 2368 1830 2396 fronte

1034 2402 1156 2438 epistolae
1168 2402 1255 2438 ipsius
1269 2411 1301 2438 ne
1316 2404 1436 2438 litteram
1448 2402 1557 2438 quidem
1573 2402 1708 2438 integram
1725 2409 1830 2438 praises

1033 2435 1377 2477 Codqnisl‘lushlacobson',
1392 2437 1410 2465 l.
1425 2435 1570 2477 c.’p._2l_4.

1071 2471 1180 2512 (illus.
1192 2471 1340 2512 Clementis
1352 2471 1484 2512 βοωπιηῇ
1501 2472 1530 2500 S.
1544 2473 1639 2507 lgnatii
1655 2477 1683 2500 et
1704 2473 1736 2501 S.
1747 2473 1827 2512 Poly-

1034 2507 1111 2541 carpi
1127 2507 1238 2533 Patrum
1253 2507 1476 2541 apustolicorum,
1487 2516 1547 2542 qua:
1562 2514 1725 2542 supersunt.
1741 2507 1827 2536 Acce-

1033 2541 1101 2578 dunt
1112 2541 1140 2568 S.
1153 2540 1248 2577 lgnatii
1261 2546 1288 2568 et
1297 2541 1472 2578 S.l’o|ycarpi
1483 2543 1623 2578 martyrio.
1633 2544 1672 2570 Ad
1687 2544 1770 2571 tidem
1779 2552 1827 2571 co-

1033 2577 1124 2604 dicum
1141 2577 1289 2606 recensuit.
1305 2577 1529 2604 adnotationibus
1550 2577 1690 2605 variorum
1715 2584 1745 2607 et
1766 2581 1826 2608 suis

1041 2609 1195 2640 illustravit,
1223 2610 1357 2638 indicibus
1371 2610 1500 2637 instrinxit
1511 2610 1673 2638 Cuilielmus
1687 2609 1826 2638 Iacobum

1037 2644 1133 2681 ΛἎΜ..
1148 2645 1216 2681 anlze
1235 2645 1265 2672 li.
1283 2643 1374 2672 Maria:
1394 2644 1569 2681 Magdalente
1582 2645 1825 2681 vice-principalis,

1037 2679 1142 2713 collegii
1158 2679 1319 2707 Exouiensis
1331 2687 1416 2713 nuper
1428 2681 1529 2707 socius.
1547 2679 1569 2706 ll
1584 2679 1663 2707 tomil

1072 2714 1128 2752 (25)
1148 2713 1176 2741 lu
1200 2714 1486 2752 Catalogo_lil_iroruiit
1510 2715 1620 2752 Christo
1639 2719 1668 2743 et
1691 2716 1824 2752 apostolis

1035 2751 1215 2782 ascriptm'um
1231 2760 1255 2776 (ι.
1270 2750 1311 2777 18.
1328 2749 1360 2776 Τ.
1378 2749 1386 2776 l
1400 2750 1481 2784 Opp.,
1497 2758 1522 2784 p.
1539 2750 1601 2777 592.

1072 2785 1137 2821 (26)Δ
1149 2785 1184 2812 De
1196 2785 1325 2821 diplycllis
1343 2793 1454 2812 veterum
1465 2806 1472 2817 ,
1497 2793 1521 2812 (τ,
1537 2786 1564 2818 5,
1581 2785 1642 2821 μ,
1659 2794 1687 2821 p.
1706 2787 1750 2815 '59.
1764 2785 1819 2813 Cir.

1036 2819 1178 2846 Mosheint.
1197 2819 1284 2847 lusu.
1302 2821 1425 2854 majores.
1444 2828 1471 2854 ιν.
1485 2821 1547 2848 215.

1073 2855 1129 2891 (‘27)
1145 2854 1239 2891 Srlrct.
1266 2857 1387 2888 ἀῆναι..
1415 2865 1442 2890 p.
1464 2863 1491 2889 I,
1508 2865 1533 2891 ν.
1563 2855 1621 2883 105.
1646 2856 1704 2885 Cir.
1729 2855 1819 2885 Grabii

1036 2890 1173 2926 ,Ἐνυώ-9.,
1189 2895 1209 2918 ι.
1222 2890 1239 2923 Ι,
1255 2899 1282 2926 p.
1293 2891 1355 2919 “260.
