1875 3101
63 226 134 257 enim
148 226 178 253 in
199 224 317 260 epistola
340 227 436 251 nostra
461 222 547 250 multa
564 221 682 257 proferri
705 221 851 251 videntur,
867 220 891 249 Λ

63 280 179 310 quorum
197 271 271 299 nulla
285 274 328 299 est
342 277 405 298 cum
419 269 547 301 consilio,
563 268 722 296 Corinthios
737 267 771 294 ad
784 274 851 294 con-

64 318 186 348 cordiam
200 317 331 348 vocandi,
355 316 494 352 cognatio.
509 315 619 347 Priora,
643 315 743 349 inquit.
766 313 854 340 decem

63 366 152 400 capita
173 363 296 400 quaedam
318 362 414 389 habent
428 362 537 397 vestigia
557 369 653 388 manus
675 360 793 395 fallacis,
808 359 854 386 sed

65 421 114 439 non
131 412 173 439 ita
189 410 275 438 multa
288 417 298 437 :
311 409 476 444 persequitur
491 412 585 435 auctor
599 412 753 435 constanter
768 407 855 434 consi-

66 459 130 486 lium
143 466 233 485 suum.
253 457 289 484 At
303 457 389 491 capite
403 455 447 482 XI
461 459 486 482 et
504 453 564 482 XII
581 454 617 481 ad
637 453 715 489 ﬁdem
728 458 753 481 et
768 453 856 488 hospi-

65 505 196 532 talitatem
210 501 446 531 commendandam
461 500 572 533 accedit,
586 501 615 528 in
629 507 680 536 quo
690 500 766 528 nulla
778 501 856 535 plane

67 555 174 585 apparet
189 549 350 577 coherentia
363 555 422 575 cum
433 546 650 583 precedentibus.
661 546 793 579 Quocirca
806 553 855 580 pa-

67 604 124 623 rum
136 595 222 628 abest,
242 595 305 630 quin
325 595 381 622 haec
392 593 481 627 capita
499 592 648 620 existimem
664 592 769 619 intrusa
788 599 854 619 esse.

66 642 143 670 Redit
165 641 200 669 ad
221 632 374 669 institutum
396 639 515 668 Clemens
531 639 616 673 capite
633 637 723 670 XIII,
745 638 811 665 etin
825 645 856 665 eo

66 689 150 724 pergit
167 688 202 715 ad
211 696 237 715 τ.
251 686 321 715 XXI
327 686 350 715 ι.
367 685 425 713 Hoc
435 693 495 713 uero
507 685 593 720 capite
603 689 717 720 repente,
729 684 804 711 nulla
815 684 856 718 ip-

67 743 125 761 sum
132 735 236 761 ratione
247 734 383 765 invitante,
394 731 429 759 ad
437 735 620 767 argumentum
628 731 702 766 longe
710 729 784 757 aliud
794 737 857 764 pro-

66 785 153 815 perat,
172 779 208 806 ad
224 779 445 807 resurrectionem
470 785 612 812 corporum
625 781 803 808 mortuorum,
823 778 856 803 de

65 835 117 862 qua
129 826 165 853 ad
176 830 255 860 caput
262 833 346 859 usque
357 824 409 852 XX
416 823 489 851 νιιι
496 823 614 851 disserit.
622 822 716 858 Capite
724 822 777 850 XX
783 822 855 850 VIII

65 873 186 900 instituti
199 872 241 899 sui
252 870 387 899 recordari
396 870 498 898 videtur
509 870 622 901 iterum;
636 874 713 904 atque
721 869 799 904 hujus
809 876 856 895 ca-

64 919 128 954 pitis
141 918 249 946 initium
262 917 325 945 bene
335 917 452 944 concinit
464 916 513 951 [ini
528 916 625 951 capitis
638 914 692 942 XX
695 915 710 942 I
713 935 720 947 ,
733 915 857 950 difﬁcilli-

65 973 105 992 me
119 973 181 992 sero
192 972 252 992 cum
264 963 338 991 exitu
348 963 444 998 capitis
457 961 510 990 XX
517 961 554 989 γι
559 961 573 989 Ι
585 961 663 997 jungi
673 966 769 996 potest.
783 961 857 995 Qua-

64 1016 174 1046 propter
185 1017 244 1046 que
255 1009 288 1037 de
299 1009 457 1036 cadaverum
469 1009 497 1036 in
510 1009 592 1035 vitam
603 1007 690 1035 reditu
701 1008 858 1042 praecipiun-

67 1061 109 1084 tur
124 1064 172 1084 sea:
185 1056 331 1091 capitibus.
347 1054 465 1090 subjecta
483 1054 604 1082 uidentur
616 1062 672 1082 esse
691 1053 856 1081 Clementi...

66 1102 160 1139 Neque
171 1103 266 1130 melius
277 1102 400 1129 existimo
413 1100 446 1128 de
457 1100 589 1136 capitibus
600 1099 649 1127 XL
658 1099 748 1127 —XL
756 1100 776 1127 V
789 1105 814 1128 et
825 1100 858 1128 de

66 1150 153 1183 capite
169 1148 218 1176 LV
240 1148 334 1184 quibus
357 1155 389 1175 ea
406 1147 490 1180 legas,
505 1154 565 1182 qua:
587 1146 656 1174 nulli
669 1151 811 1180 potuerunt
830 1147 858 1174 in

65 1199 181 1222 mentem
202 1195 290 1223 uenire
306 1194 359 1222 nisi
380 1193 491 1226 homini,
513 1193 552 1220 rei
566 1200 646 1228 quam
669 1193 736 1228 agit,
748 1199 858 1227 prorsus

66 1241 227 1268 immemori.

101 1287 183 1321 Quod
192 1286 324 1314 Bemardi
332 1290 359 1314 et
368 1286 466 1315 Clerici
474 1286 571 1314 attinet
581 1285 858 1322 argumentationem,

65 1334 137 1362 bene
150 1333 294 1361 Wottonus
316 1332 374 1369 (55)
391 1334 428 1360 ita
447 1332 561 1361 disserit
577 1340 584 1359 :
601 1332 680 1360 Irriti
695 1337 782 1360 tamen
798 1337 860 1360 sunt

66 1381 147 1416 hujus
167 1385 290 1408 conatus.
320 1380 372 1414 Qui
399 1380 469 1407 enim
492 1380 541 1406 hoc
573 1379 652 1407 modo
669 1387 702 1407 ea:
727 1379 861 1407 Clemente

66 1427 254 1456 Alexandrino
275 1427 374 1463 arguit,
387 1431 434 1454 aut
453 1435 513 1454 eum
537 1434 590 1454 non
615 1426 696 1461 probe
717 1426 799 1458 novit,
813 1431 861 1453 aut

66 1475 142 1502 inata
154 1473 208 1508 ﬁde
221 1474 284 1508 agit.
298 1473 398 1501 Eadem
409 1473 478 1500 enim
492 1474 594 1500 ratione
608 1477 697 1500 actum
708 1473 758 1500 erit
771 1472 802 1500 de
812 1480 861 1499 au-

66 1521 171 1548 thentia
185 1524 211 1547 et
219 1520 270 1555 ﬁde
278 1528 369 1547 eorum
377 1520 505 1551 omnium,
514 1519 560 1555 qui
572 1527 589 1546 a
602 1518 734 1547 Clemente
744 1518 862 1546 Alexan-

676 137 847 192 PWMIA
868 161 1060 190 VABIOBUM.

1641 161 1691 189 1N

973 217 1124 246 Clementis
1133 220 1310 255 respOndent,
1320 218 1458 254 simulque
1468 218 1622 246 arctissime
1629 227 1694 248 cum

975 265 1111 300 capitibus
1124 265 1159 292 57
1173 269 1200 292 et
1212 266 1247 293 58
1259 267 1408 294 cohaerent.

905 308 940 345 (δ)
969 310 1059 346 Caput
1069 310 1187 346 denique
1198 311 1242 338 LV
1259 312 1297 339 nil
1310 312 1364 339 nisi
1384 311 1509 346 exempla
1528 311 1590 346 ejus
1604 311 1696 339 chari-

975 356 1040 383 tatis
1057 356 1173 392 profert,
1189 357 1224 386 de
1236 365 1291 393 qua
1309 357 1400 393 capite
1415 357 1590 385 antecedenti
1611 357 1696 385 verba

977 401 1086 430 tiebant.

905 446 941 483 (ε)
978 446 1063 474 Porro
1077 449 1209 476 nonnulla
1224 450 1325 485 capita,
1342 448 1495 478 Moshemio
1509 448 1694 484 displicentia,

974 493 1030 528 jam
1046 501 1061 520 a
1080 493 1226 523 Veteribus
1237 496 1385 523 laudantur
1396 499 1425 523 et
1439 496 1570 527 citantur,
1582 503 1608 523 e.
1628 504 1654 532 g.
1667 504 1695 526 ο.

977 539 1032 567 LIV
1049 541 1083 567 ab
1098 540 1217 577 Origene
1232 542 1259 569 in
1273 541 1373 570 loann.
1386 550 1406 575 ι,
1422 542 1515 576 29m.
1531 541 1604 570 XXV
1615 541 1697 577 ιρι-

976 586 1039 613 rillo
1053 586 1161 615 Hieros.
1178 587 1290 615 Catech.
1305 588 1350 620 18,
1364 588 1392 615 8.

906 630 944 666 (ζ)
981 631 1079 660 Omnia
1095 634 1185 669 capita
1207 634 1233 662 in
1253 634 1367 662 dubium
1381 639 1478 662 vocata
1492 634 1521 662 in
1536 634 1696 670 antiquissi-

977 686 1022 706 mo
1036 679 1083 706 illo
1099 679 1194 707 codice
1208 679 1393 707 Alexandrino
1404 681 1589 715 reperiuntur.

907 724 948 760 (η)
983 724 1073 758 Quum
1093 726 1208 760 epistola
1230 726 1378 754 Clementis
1400 727 1509 762 publice
1523 727 1550 754 in
1563 726 1697 756 Ecclesiis

977 772 1180 807 praeiegeretur.
1202 772 1248 800 vix
1273 773 1332 801 ﬁeri
1354 777 1473 809 poterat,
1488 777 1518 801 ut
1532 774 1567 801 ab
1586 773 1698 802 homine

979 818 1104 853 improbo
1116 818 1276 846 fmdarelur.

909 862 948 899 (0)
985 863 1055 899 Styli
1071 871 1103 891 ac
1115 864 1251 892 orationis
1262 864 1410 893 diversitas
1422 865 1521 892 nullibi
1537 865 1565 893 in
1579 865 1698 901 epistola

977 914 1072 938 nostra
1083 915 1124 938 est
1138 911 1309 946 reperienda.

942 954 986 983 Vl.
1002 955 1196 984 Recentiorum
1213 962 1367 993 temporum
1379 958 1431 986 viri
1448 958 1524 986 docti
1543 962 1572 986 et
1585 959 1699 986 authen-

909 1003 973 1030 tiam
988 1007 1015 1030 et
1028 1003 1204 1038 integritatem
1223 1004 1319 1040 prima:
1340 1004 1491 1033 Clementis
1514 1005 1637 1041 epistolae
1662 1005 1698 1033 ad

908 1057 993 1077 unum
1008 1057 1104 1078 omnes
1119 1054 1282 1086 agnoscunt,
1296 1054 1324 1079 et
1335 1051 1412 1079 nulla
1428 1051 1486 1087 jam
1500 1052 1610 1087 gravior
1617 1051 1700 1079 dubi-

908 1096 977 1123 tatio
984 1096 1036 1124 hac
1046 1096 1081 1124 de
1096 1105 1125 1125 re
1141 1102 1276 1125 movetur.
1290 1097 1378 1131 Quem
1391 1097 1557 1126 animlateat
1569 1098 1699 1132 primaeva

909 1142 1082 1177 simplicitas,
1093 1150 1147 1178 qua
1166 1146 1292 1176 ornatur.
1307 1144 1465 1179 evangelica
1485 1143 1632 1179 sapientia,
1645 1150 1700 1178 qua

908 1189 1028 1220 excellit,
1040 1189 1191 1224 apostolica
1203 1189 1370 1224 praedicatio,
1385 1196 1466 1227 quam
1478 1194 1559 1218 sonat
1566 1189 1624 1216 haec
1637 1188 1699 1216 Cle-

909 1235 1010 1262 mentis
1028 1235 1160 1270 epistola?
1175 1235 1272 1264 Nonne
1284 1237 1344 1264 viro
1361 1236 1512 1272 apostolico
1532 1243 1566 1264 ea
1582 1243 1614 1264 se
1630 1241 1700 1270 prae-

909 1279 956 1308 bet
968 1280 1177 1316 dignissimam?
1187 1281 1286 1310 Omnia
1300 1290 1369 1311 sane
1383 1282 1409 1310 ei
1425 1282 1576 1311 authentiaa
1596 1281 1700 1311 indicia

911 1327 1023 1355 adsunt.
1040 1327 1112 1355 Audi
1125 1327 1287 1356 Wottonum
1305 1329 1362 1365 (51)
1378 1337 1387 1357 :
1407 1328 1440 1356 In
1455 1329 1515 1362 illa,
1531 1328 1632 1365 inquit,
1647 1336 1701 1355 non

910 1373 1025 1400 violatur
1039 1374 1161 1409 temporis
1176 1375 1258 1407 ratio,
1272 1375 1340 1402 nihil
1353 1379 1448 1403 contra
1463 1375 1628 1412 (antiquam)
1647 1374 1700 1402 Ec-

910 1418 999 1446 clesia
1020 1418 1191 1455 disciplinam
1209 1420 1376 1453 instituitur;
1398 1421 1466 1449 nihil
1485 1426 1580 1449 contra
1600 1421 1702 1448 doctri-

911 1472 974 1491 nam
990 1464 1172 1493 Christianam
1192 1467 1361 1501 prwcipitur,‘
1376 1467 1461 1502 stylus
1476 1475 1508 1494 ac
1525 1466 1629 1496 dicendi
1646 1475 1702 1494 rne-

912 1511 1006 1539 thodus
1025 1512 1145 1546 proxime
1168 1513 1296 1540 accedunt
1313 1512 1348 1540 ad
1364 1511 1469 1540 Novum
1493 1513 1701 1547 Testamentum,

65 1567 148 1594 drino
167 1574 279 1602 usquam
294 1567 422 1598 citantur,
438 1567 606 1600 scriptorum.
622 1565 708 1593 Nemo
720 1566 791 1593 enim
806 1565 861 1593 Pa-

962 1565 994 1585 ue
1008 1557 1120 1593 aliquid,
1139 1558 1209 1594 quod
1223 1567 1275 1586 non
1289 1563 1329 1586 est
1344 1559 1460 1586 maxime
1473 1559 1529 1586 viro
1552 1559 1701 1594 apostolico

67 1619 142 1640 trum
150 1613 255 1648 majore
269 1612 376 1640 licentia
387 1620 452 1639 usus
466 1617 505 1640 est
517 1613 544 1639 in
558 1611 674 1640 citandis
695 1612 859 1645 auctoribus,

65 1659 122 1687 sive
137 1660 238 1692 sacris,
252 1659 306 1686 sive
320 1659 447 1691 ethnicis;
460 1666 519 1685 cum
534 1658 558 1686 ei
568 1658 596 1686 in
611 1666 683 1686 more
697 1659 742 1691 sit,
755 1666 808 1686 non
819 1659 862 1686 in-

67 1711 146 1741 tegra
162 1710 304 1733 auctorum
317 1705 394 1733 verba
406 1712 508 1739 semper
525 1704 648 1737 recitare,
666 1704 712 1732 sed
727 1712 775 1739 pro
788 1704 862 1732 arbi-

68 1754 121 1780 trio
143 1761 194 1779 sua
207 1761 276 1780 nunc
290 1752 454 1784 contrahere,
466 1760 536 1780 nunc
549 1751 582 1779 de
595 1760 644 1779 suo
663 1752 788 1785 inserere,
805 1752 862 1780 alia

65 1800 205 1831 omittere,
216 1799 272 1826 alia
286 1799 368 1826 variis
380 1798 466 1826 modis
480 1803 594 1826 mutare.

102 1855 261 1884 Moshemio
275 1854 394 1891 denique
410 1855 448 1884 ita
464 1855 682 1891 respondeamus
697 1864 704 1883 :

67 1914 108 1948 (α)
125 1913 220 1948 Capp.
233 1911 268 1940 XI
285 1917 314 1941 et
332 1912 380 1940 XII
399 1913 523 1948 epistola:
541 1916 645 1941 nostra:
666 1920 729 1941 cum
748 1917 861 1942 antece-

143 1959 275 1987 dentibus
290 1959 360 1987 bene
377 1959 527 1991 cohaerent,
542 1959 646 1994 quippe
660 1967 722 1995 quae
736 1959 862 1988 eamdem

143 2014 209 2034 cum
221 2006 265 2034 his
281 2006 421 2034 materiam
441 2009 571 2038 tractent,
589 2005 696 2034 incidite
709 2006 864 2034 Corinthio-

143 2060 206 2080 rum
215 2053 340 2088 exempla
353 2052 555 2087 hospitalitatis,
569 2051 681 2088 pietatis
693 2056 720 2079 et
736 2051 798 2080 lidei
813 2059 864 2089 op-

143 2102 267 2134 ponant.
283 2098 420 2134 simulque
441 2105 537 2133 pugnas
556 2098 728 2126 dissensionis
750 2097 793 2134 (c.
810 2097 863 2134 X1)

143 2144 304 2174 ostendant.

68 2203 110 2240 (β)
128 2203 187 2231 Nec
201 2204 293 2239 capita
307 2200 536 2231 XXIII—XXVIII
548 2210 564 2230 a
579 2202 697 2231 consilio
714 2201 863 2231 Clementis

912 1604 1031 1640 dignum,
1048 1604 1076 1632 in
1089 1612 1122 1632 ea
1137 1605 1275 1640 reperitur.
1288 1603 1321 1632 Et
1334 1605 1387 1633 alio
1400 1605 1461 1633 loco
1470 1604 1543 1640 (35):
1558 1604 1614 1632 Illa
1627 1606 1666 1632 vis
1675 1609 1702 1632 et

911 1651 1038 1687 ἐνέργεια.
1051 1650 1140 1678 divina
1153 1651 1247 1686 ubique
1262 1651 1289 1678 in
1300 1659 1329 1678 eo
1341 1650 1502 1687 (Clemente)
1513 1651 1703 1687 refulget,qu¢

911 1706 960 1725 suo
973 1697 1077 1733 fulgore
1091 1697 1209 1732 percellit
1223 1697 1344 1724 animum
1357 1697 1481 1733 legentis;
1492 1697 1568 1731 adeo,
1583 1702 1613 1725 ut
1627 1705 1703 1732 parte

911 1743 1011 1776 dicam,
1027 1742 1158 1777 Spiritum
1174 1742 1235 1776 Dei,
1250 1751 1301 1771 non
1318 1742 1449 1770 hominem
1469 1744 1536 1772 ineo
1555 1743 1703 1780 loquentem

947 1836 1025 1872 Hugo
1038 1835 1149 1864 Grotius
1158 1835 1215 1872 (56)
1226 1843 1280 1863 non
1293 1835 1429 1864 simulatae
1442 1835 1588 1865 vetustatis
1599 1834 1701 1863 indicia

913 1883 942 1912 in
961 1883 1077 1920 epistola
1094 1886 1190 1911 nostra
1214 1882 1329 1918 reperiri
1351 1883 1492 1910 contendit
1507 1890 1516 1910 :
1532 1882 1572 1910 De
1594 1880 1703 1910 Christo

912 1937 1012 1964 semper
1027 1929 1153 1964 loquitur,
1167 1937 1219 1956 non
1232 1933 1261 1955 ut
1276 1929 1434 1963 posteriores
1447 1927 1703 1964 πλατωνικὼτερον,

912 1976 958 2003 sed
974 1974 1128 2010 simpliciter
1149 1975 1243 2010 plane,
1258 1978 1283 2002 et
1297 1978 1327 2001 ut
1348 1974 1452 2001 Paulus
1466 1974 1609 2009 Apostolus
1623 1974 1702 2002 solet.

912 2022 975 2049 Alia
988 2029 1088 2057 quoque
1098 2021 1234 2057 dogmata.
1246 2026 1338 2056 postea
1348 2020 1475 2049 subtilius
1489 2021 1631 2056 explicata,
1646 2025 1703 2048 tra-

913 2073 968 2096 ctat
981 2068 1170 2104 ὰφελέστερον,
1184 2072 1211 2095 et
1226 2067 1329 2095 vocibus
1343 2067 1476 2104 κλήσεως,
1490 2066 1610 2103 κλητῶν,
1625 2066 1704 2093 ἔκλε-

913 2115 995 2148 κτῶν,
1008 2123 1086 2143 sensu
1098 2114 1177 2149 plane
1195 2113 1309 2141 Paulino
1323 2114 1419 2143 utitur.

948 2159 1006 2189 Vll.
1020 2160 1118 2196 Magna
1129 2160 1181 2188 fuit
1194 2160 1266 2196 apud
1286 2163 1394 2188 veteres
1405 2159 1529 2195 epistola
1539 2162 1643 2187 nostra:
1653 2165 1703 2186 au-

914 2207 1038 2239 ctoritas,
1046 2214 1127 2242 quam
1142 2205 1262 2234 lmnteus
1271 2205 1440 2242 ἱκανωτάτην
1453 2205 1564 2242 γραφήν
1577 2204 1704 2242 (57),Ειιο

145 2253 253 2277 remota
266 2253 340 2277 sunt.
355 2248 576 2277 Resurrectionis
588 2249 661 2277 enim
672 2249 800 2278 Clemens
815 2253 862 2277 aut

962 2254 1008 2282 lius
1024 2253 1145 2290 μεγάλην
1157 2261 1188 2280 τε
1201 2253 1250 2280 καὶ
1262 2251 1418 2288 θαυμασίαν
1433 2251 1491 2288 (58)
1506 2251 1634 2287 appellat.
1648 2250 1704 2279 Pu-

145 2296 211 2323 ideo
224 2295 358 2328 meminit,
372 2295 435 2331 quia
449 2295 608 2323 testelCor.
623 2295 669 2327 15,
681 2295 726 2328 12,
738 2295 863 2324 nonnulli

144 2342 353 2370 Corinthiorum
372 2342 603 2370 resurrectionem
625 2347 795 2370 mortuorum
811 2349 863 2370 ne-

144 2389 266 2425 gabant;
283 2393 330 2417 aut
348 2389 429 2422 ideo,
447 2393 534 2421 utea,
554 2396 616 2425 quae
634 2388 731 2417 Noster
745 2397 771 2417 c.
784 2389 817 2417 21
835 2393 864 2417 et

144 2436 184 2464 22
197 2437 232 2465 de
253 2437 342 2472 prunis
358 2436 545 2472 improborum
566 2436 690 2468 dixerat,
712 2435 864 2471 probaren-

146 2486 204 2511 tur.

69 2530 113 2566 (γ)
126 2529 228 2564 Capita
237 2528 390 2558 XL—XLV
401 2533 494 2564 aperte
503 2528 530 2556 id
543 2531 637 2564 agunt,
652 2531 682 2555 ut
693 2527 863 2561 Corinthios,

147 2578 245 2603 contra
260 2575 363 2603 clerum
386 2575 552 2602 rebellantes
563 2595 571 2608 ,
590 2574 624 2601 ad
640 2574 816 2601 concordiam
837 2579 865 2601 et

146 2621 344 2655 subiectionem
354 2625 524 2649 revocarent.
536 2620 644 2656 Optime
656 2620 738 2656 igitur
747 2620 864 2648 consilio

186 2711 216 2739 In
231 2710 308 2738 Notis
321 2710 355 2738 ad
367 2709 378 2737 1
389 2710 488 2742 Clem..
499 2717 526 2739 c.
538 2709 566 2738 9.

123 2745 172 2782 54)
184 2745 305 2808 Prata).
320 2753 392 2774 ccvt.

123 2783 173 2823 ἒξ)
189 2781 252 2823 1⁸ιὲ
273 2785 370 2823 .“ἴ⁵³¹·.
388 2815 415 2823 κ.
495 2815 500 2821 .

124 2813 174 2851 56)
191 2817 220 2844 In
232 2816 324 2852 Epist.
337 2816 372 2844 ad
388 2815 561 2852 Bigiitonium.
577 2814 647 2852 apud
671 2814 804 2852 Coteler.,
815 2813 860 2844 ed.

79 2850 273 2886 Putnapostl,
284 2857 304 2879 t.
315 2851 336 2884 l,
354 2859 380 2884 σι.
391 2851 453 2878 154.
467 2850 577 2887 (Sup-‘a,
594 2851 647 2879 col.
664 2850 722 2886 b7.)

109 2887 176 2924 (37)
187 2887 339 2920 Ads.luer.,
355 2893 398 2919 Ill,
414 2887 440 2914 5.

914 2300 985 2329 blice
997 2307 1069 2332 eam,
1087 2299 1239 2335 praesertim
1258 2298 1354 2327 diebus
1366 2298 1526 2330 Dominicis,
1542 2298 1570 2325 in
1583 2298 1704 2326 nonnul-

915 2347 948 2375 lis
959 2346 1088 2374 Ecclesiis
1104 2346 1188 2374 fuisse
1202 2344 1369 2381 praelectam,
1383 2344 1532 2380 Dionysius
1543 2344 1704 2372 Corinthius

915 2392 983 2428 (59),
993 2392 1128 2421 Eusebius
1138 2391 1205 2428 (40),
1215 2390 1397 2426 Hieronymus
1410 2389 1479 2426 (41),
1490 2393 1517 2417 et
1523 2389 1703 2427 Pbotins(42)

915 2443 1062 2467 testantur.

950 2484 1063 2512 Minoris
1078 2492 1138 2512 eam
1153 2483 1269 2511 Phntius
1291 2483 1350 2519 ipse
1368 2483 1533 2517 aestimabat,
1552 2483 1627 2519 quod
1641 2483 1704 2512 Cle-

914 2539 992 2559 mens
1008 2530 1126 2559 mundos
1141 2535 1218 2558 trans
1248 2537 1382 2557 oceanum
1398 2529 1515 2557 existere
1537 2535 1704 2565 supponeret

916 2577 952 2613 (c.
964 2577 1022 2612 ΞΟ),
1039 2576 1176 2612 phmnicis
1191 2575 1251 2603 avis
1271 2575 1397 2610 esetnplo
1412 2579 1542 2610 tanquam
1557 2575 1703 2602 verissimo

914 2627 1037 2651 uteretur
1051 2622 1089 2660 (c.
1109 2621 1168 2657 9.5),
1183 2621 1311 2657 quodch
1327 2620 1487 2649 Pontiﬁcem
1500 2620 1704 2657 Praesidemque

950 2706 1008 2741 (58)
1026 2706 1062 2736 ll.
1080 2706 1113 2735 E.
1129 2715 1170 2739 ιιι,
1184 2706 1228 2735 16.

952 2741 1009 2776 (59)
1025 2743 1102 2777 Apud
1115 2742 1216 2770 Euseb.
1233 2741 1269 2770 Η.
1288 2741 1321 2770 Ε.
1334 2751 1371 2777 Iv,
1388 2744 1436 2773 55.

950 2777 1006 2812 (1!!)
1026 2777 1061 2804 ΙΙ.
1077 2777 1109 2804 Ε.
1129 2787 1167 2808 ιιι.
1183 2778 1225 2806 16.

950 2812 1004 2846 (il)
1019 2813 1106 2839 tintul.
1125 2819 1216 2847 ιενψι.
1231 2812 1296 2839 eccl.
1309 2819 1335 2840 c.
1355 2812 1402 2841 15.

952 2848 1007 2883 (Η)
1025 2848 1150 2876 Biblioth.
1161 2849 1222 2877 cod.
1233 2855 1317 2884 cun,
