1875 3101
182 157 236 186 195

180 213 325 241 Dominum
369 217 495 242 nostrum
526 213 620 242 Iesum
657 212 800 241 Christum
834 214 975 249 appellans
988 216 1014 245 Α

179 259 217 295 (c.
232 259 291 295 56),
309 259 372 287 illas
382 258 438 287 Deo
452 259 648 288 convenientes
664 267 696 287 ac
704 259 880 288 sublimiores
894 259 930 287 de
939 266 973 288 eo

180 313 265 334 voces
280 313 335 333 non
352 306 522 341 protulisset.

215 351 284 380 Vill.
300 351 360 379 lam
379 351 415 379 de
429 355 563 386 tempore.
579 358 636 386 quo
650 351 739 386 prima
752 350 905 380 Clementis
914 351 973 387 epi-

178 398 250 426 stola
266 398 369 433 scripta
382 397 476 429 fuerit,
492 397 675 432 disputemus.

213 443 353 479 Scriptam
364 451 425 471 eam
436 450 498 471 esse
513 443 588 470 brevi
609 446 673 479 post
686 442 905 479 persecutionem
921 443 969 471 ali-

177 497 271 526 quam,
288 493 399 517 constat
412 497 444 517 ex
458 489 519 524 ipsa
529 488 658 524 epistola,
672 496 698 517 c.
709 487 730 516 l.
746 488 816 517 Esse
829 489 872 517 vel
885 488 972 517 Nero-

178 535 224 564 nis
238 536 281 564 vel
293 535 441 563 Domitiani
456 534 673 570 persecutionem
689 542 770 562 nemo
777 534 894 562 dubitat.
903 534 972 562 Gra-

178 581 373 617 hius,Pagius.
387 580 496 614 Orsius,
510 580 683 613 Gal-landius,
698 579 847 609 Wottonus
857 580 969 616 aliique,

179 627 296 657 Neronis
305 627 500 663 persecutione
516 626 671 660 desinente,
684 627 809 662 proxime
822 631 884 663 post
896 627 971 662 Apo-

178 674 314 701 stolorum
336 672 412 701 Petri
438 675 466 700 et
491 672 570 700 Pauli
586 673 767 709 martyrium,
788 673 863 701 circa
886 672 919 701 Δ.
935 672 971 701 68

178 720 312 754 scriptam
328 727 388 747 eam
403 716 466 746 esse
486 718 670 747 contendunt.
690 719 845 748 Cotelerius
866 723 970 752 autem,

177 764 371 794 Tillcmontius
385 769 413 794 et
427 765 596 802 Lumperus,
609 766 753 795 Domitiani
780 766 970 801 persecutione

177 811 331 845 desinente,
353 812 427 840 circa
447 819 475 840 a.
494 812 528 840 96
546 813 589 840 vel
609 813 645 840 97
664 820 724 840 eam
738 816 880 840 exaratam
895 813 970 840 arbi-

176 861 298 886 trantur.

743 156 791 184 AD
810 156 839 184 S.
857 155 1071 184 CLEMENTEI
1090 155 1100 183 Ι
1119 156 1235 185 PAPAM

1770 165 1816 193 196

1095 213 1253 243 Lardnerus
1266 218 1294 242 et
1308 214 1355 242 alii
1370 217 1525 252 exemplum
1535 217 1646 254 Iosephi
1657 218 1746 248 Flavii
1757 229 1817 256 pro-

1094 259 1227 292 ferebant,
1246 260 1292 295 qui
1314 269 1343 288 a.
1356 261 1392 288 95
1406 269 1433 296 p.
1447 262 1498 290 Ch.
1513 271 1542 291 ιι.
1556 264 1590 291 de
1604 265 1756 294 sacriﬁciis
1768 275 1818 295 non

1094 305 1174 333 aliter
1194 306 1357 341 disputavit,
1376 314 1408 335 ac
1430 308 1453 335 si
1477 309 1610 344 templum
1628 311 1723 339 adhuc
1735 309 1819 340 exsti-

1093 351 1173 380 tisset
1194 352 1262 387 (ιδ).

1058 395 1112 425 Sed
1124 405 1168 426 res
1183 401 1312 434 utraque,
1325 398 1439 435 Iosephi
1453 405 1480 429 et
1492 400 1653 435 Clementis,
1667 403 1752 439 longe
1766 404 1820 432 dis-

1022 442 1121 473 similis
1146 448 1199 472 est.
1214 443 1361 480 Josephus,
1380 454 1476 475 sacros
1491 448 1586 483 populi
1603 449 1648 476 sui
1676 449 1751 478 ritus
1771 450 1819 478 de-

1023 489 1160 522 scribens,
1181 498 1230 526 per
1247 491 1374 526 ﬁguram,
1400 492 1541 522 historicis
1561 501 1618 521 non
1644 495 1818 528 inusitatam.

1022 535 1162 570 presenti.
1176 535 1250 570 quod
1265 535 1394 569 dicimus,
1415 537 1549 565 historico
1569 539 1666 566 utitur.
1689 539 1820 567 Clemens

1022 585 1125 613 autem.
1137 585 1168 609 ut
1183 581 1346 610 Corinthios
1358 582 1393 610 ad
1407 583 1533 611 ordinem
1548 584 1719 612 servandum
1736 585 1820 613 addu-

1021 631 1106 660 ceret,
1119 627 1268 657 lectoribus
1278 628 1402 657 ordinem
1413 629 1521 658 Judaici
1536 630 1629 658 cultus
1643 635 1710 659 ante
1723 632 1818 660 oculos

1020 673 1109 708 ponit.
1124 673 1203 707 Quod
1221 673 1245 702 si
1261 677 1351 702 autem
1369 676 1500 711 templum
1518 676 1575 711 jam
1595 676 1696 705 fuisset
1707 677 1819 706 destru-

1020 721 1108 750 ctum,
1118 721 1176 746 tota
1192 717 1221 746 S.
1243 718 1334 748 Patris
1356 721 1557 756 argumentatio
1575 721 1675 750 fuisset
1696 722 1818 755 inﬁrma,

1021 761 1135 798 ipsaque
1157 763 1331 791 adversarios
1354 763 1508 798 invitasset,
1538 770 1568 793 ut
1590 766 1719 794 dicerent
1741 777 1748 795 :
1772 775 1817 800 en,

1020 808 1164 836 eversione
1184 810 1278 844 templi
1295 809 1539 846 Hierosolymitani
1559 811 1631 839 Deus
1652 812 1713 848 ipse
1734 817 1819 840 testa-

1022 858 1067 883 tus
1081 860 1134 887 est,
1159 856 1241 884 talem
1256 856 1381 884 ordinem
1406 857 1460 885 sibi
1479 865 1535 885 non
1558 866 1620 887 esse
1642 864 1817 895 exoptatum.

212 905 282 932 Tota
302 906 360 934 hac
382 905 498 941 quaestio
527 904 657 933 facillime
677 909 771 941 posset
793 905 919 938 dissolvi,
945 906 969 934 si
985 895 1008 924 Β
1056 901 1096 929 Ex
1111 902 1154 930 his
1169 901 1335 938 colligimus,
1357 903 1503 938 epistolam
1525 908 1649 932 nostram
1671 906 1818 934 desinente

175 954 285 986 tempus
316 951 479 979 Clementini
512 951 689 986 episcopatus
714 951 796 987 plane
819 955 967 980 constaret.

176 996 216 1024 Ex
229 1005 314 1033 supra
330 996 413 1026 dictis
427 1001 518 1025 autem
535 997 731 1030 intelleximus,
750 998 968 1026 ecclesiasticum

174 1041 326 1071 Clementis
340 1042 462 1078 regimen
480 1046 529 1070 aut
540 1043 623 1070 annis
643 1043 762 1076 68—77,
781 1047 828 1070 aut
844 1043 966 1071 92—101

174 1096 237 1118 esse
251 1089 437 1117 tribuendum.

210 1135 302 1168 Quum
316 1142 382 1162 vero
400 1142 446 1162 res
469 1134 507 1162 ita
528 1142 558 1163 se
580 1135 692 1168 habeat,
712 1135 858 1171 epistolam
881 1137 968 1173 ipsam

175 1181 367 1216 inspiciamus,
385 1181 517 1216 temporis
530 1180 632 1209 indicia
644 1181 847 1217 investigaturi.

175 1227 214 1263 (a)
232 1227 499 1262 Clemensomartyrii
517 1226 714 1262 Apostolorum
736 1227 811 1255 Petri
832 1232 860 1256 et
889 1228 968 1257 Pauli

245 1273 336 1308 capite
345 1272 363 1300 5
373 1273 541 1300 mentionem
555 1273 660 1301 faciens
679 1273 717 1300 ait
733 1280 741 1300 :
768 1273 909 1310 Ἔλθωμεν
922 1275 969 1302 ἐπὶ

243 1318 315 1351 τοὺς
327 1318 451 1353 ἔγγιστα
471 1319 633 1354 γενομένους
654 1318 781 1355 ἀθλητάς.
798 1319 863 1347 [nde
881 1328 968 1356 appa-

243 1368 296 1396 ret,
312 1364 456 1400 epistolam
467 1368 589 1392 nostram
600 1372 654 1392 non
670 1365 757 1392 multo
767 1369 828 1400 post
839 1373 968 1400 persecu-

245 1409 347 1438 tionem
359 1409 477 1438 Neronis
492 1415 632 1438 exaratam
646 1418 718 1438 esse.

174 1453 215 1493 (b)
232 1454 329 1490 Capite
346 1454 364 1482 6
385 1456 540 1491 persecutio
563 1463 652 1491 nuper
677 1456 852 1492 praeterlapsa
870 1457 907 1492 (c.
927 1457 965 1493 l),

200 1492 203 1495 ’
244 1501 312 1528 adeo
332 1505 458 1534 cruenta,
485 1505 513 1530 et
540 1502 689 1530 multitudo
716 1507 868 1539 martyrum
890 1492 967 1532 tanta

242 1548 426 1580 describitur.
448 1552 479 1576 ut
498 1548 627 1582 Neronis,
652 1557 706 1578 non
727 1549 876 1578 Domitiani
896 1553 1000 1595 tem-C

243 1601 309 1629 pora
329 1594 496 1623 indicentur.
515 1595 652 1631 Ingentem
669 1596 742 1624 enim
767 1596 964 1623 multitudinem

242 1641 297 1669 sub
315 1640 424 1670 Nerone
443 1642 594 1669 cruciatam
612 1643 707 1676 fuisse,
725 1641 839 1670 Tacitus
858 1641 964 1673 (eadem

242 1693 309 1713 sane
324 1686 428 1722 phrasi,
440 1695 493 1723 qua
508 1687 594 1715 utitur
614 1687 643 1715 S.
659 1687 751 1721 Pater,
768 1688 835 1715 πολὺ
851 1687 963 1724 πλῆθος)

242 1731 322 1760 nobis
342 1731 428 1760 refert
441 1733 512 1768 (43);
527 1733 561 1761 de
578 1733 734 1761 Domitiano
748 1737 840 1761 autem
853 1731 963 1761 Tertul-

242 1780 333 1807 lianus
344 1779 382 1807 ita
400 1779 523 1814 loquitur
541 1789 548 1807 :
566 1779 723 1806 Tentaverat
740 1784 765 1806 et
781 1779 962 1811 Domitianus,

240 1825 327 1857 portio
345 1824 461 1852 Neronis
473 1825 506 1852 de
523 1825 690 1858 crudelitate,
707 1825 753 1852 sed
772 1834 824 1861 qua
837 1830 862 1852 et
873 1826 962 1858 homo,

239 1871 319 1907 facile
337 1876 448 1905 coeptum
469 1872 604 1907 repressit,
627 1872 758 1899 restitutis
785 1872 868 1899 etiam
897 1880 962 1908 quos

240 1918 400 1954 relegaverat
412 1918 470 1954 (tt)

169 1964 208 2000 (ε)
233 1964 320 2001 Capp.
342 1965 360 1992 5
376 1969 405 1993 et
421 1965 450 1998 ὕ,
473 1965 565 1993 nullus
583 1968 623 1992 tot
638 1964 785 1993 illustrium
797 1969 962 2001 martyrum,

239 2011 287 2047 qui
303 2012 354 2039 sub
367 2011 520 2039 Domitiano
531 2011 605 2046 passi
619 2015 693 2043 sunt,
711 2012 868 2039 nominatur
884 2020 890 2038 :
906 2018 962 2038 non

239 2056 350 2085 Flavius
373 2057 511 2089 Clemens,
536 2064 592 2084 non
629 2057 734 2084 Acilius
756 2055 881 2089 Glabrio,
905 2064 961 2084 non

239 2103 331 2131 Flavia
342 2103 488 2136 Domitilla.
500 2111 555 2131 non
562 2102 682 2131 Joannes
693 2102 881 2138 Evangelista;
892 2111 961 2138 quo-

240 2156 301 2176 rum
320 2148 450 2183 aliquem,
471 2152 502 2175 ut
522 2147 677 2176 Cardinalis
692 2147 756 2175 Orsi
783 2146 841 2182 (45)
857 2151 959 2180 monet,

239 2195 338 2223 saltem
354 2198 534 2222 memorasset
549 2193 579 2222 S.
600 2192 692 2226 Pater,
708 2193 732 2221 si
746 2198 807 2229 post
829 2192 961 2221 Domitia-

238 2247 317 2267 neam
332 2239 549 2275 persecutionem
566 2238 733 2274 scripsisset.

168 2284 211 2320 (d)
230 2285 300 2312 Ante
314 2283 461 2312 Domitiani
476 2289 610 2320 tempora,
628 2288 657 2311 et
669 2284 750 2319 paulo
766 2287 829 2319 post
844 2283 960 2312 Neronis

238 2332 455 2368 persecutionem
466 2331 610 2367 epistolam
619 2335 739 2359 nostram
747 2329 877 2365 scriptam
886 2338 958 2363 esse,

238 2376 337 2404 suadet
347 2376 439 2404 cultus
448 2375 557 2404 Iudaici
569 2375 682 2408 mentio,
698 2375 726 2402 in
743 2375 845 2410 templo
860 2373 957 2402 Hiero-

237 2421 402 2456 solymitano
414 2424 480 2448 tunc
496 2420 586 2448 adhuc
607 2423 698 2448 stante
721 2419 848 2455 vigentis.
869 2419 954 2455 Capp.

237 2467 274 2494 40
292 2471 319 2494 et
335 2466 383 2494 ιι.
405 2466 447 2494 Ad
469 2466 656 2495 enervandum
682 2466 736 2494 hoc
762 2470 954 2501 argumentum

200 2550 257 2586 (λδ)
270 2551 369 2579 Annal.
383 2559 428 2585 xv,
445 2559 470 2580 c.
486 2551 580 2579 41-44.

200 2587 257 2623 (μ)
274 2587 396 2623 ᾼροιοᾳη
413 2595 438 2623 te.
454 2587 480 2614 5.

155 2645 163 2651 ,
201 2618 259 2683 ςις)
274 2618 442 2653 κιαι-,ἱρείη
457 2626 476 2649 ι.
487 2620 508 2654 l,
523 2629 550 2656 p.
564 2620 627 2648 M2.
644 2619 855 2655 ApudGalland.
866 2618 952 2654 ΒΜ..

165 2661 187 2683 ι.
218 2677 224 2683 .
243 2657 360 2683 Philem.
376 2665 402 2683 ι).
427 2664 465 2683 ix.

165 2661 187 2684 ι.
206 2657 224 2687 l.
243 2657 360 2690 Protea"
376 2665 402 2690 p.
427 2664 465 2684 Ix.

206 2665 224 2687 I.
243 2665 360 2690 ιἰὊιθκ..
376 2665 402 2691 p.
427 2665 465 2684 Ix.

202 2693 258 2727 (ια)
275 2692 407 2727 Antiquit.
426 2698 504 2727 tlt,c.
522 2690 566 2727 10.

201 2724 258 2763 (47)
274 2727 330 2754 Cir.
345 2724 555 2763 CrahiiSpicil“
571 2730 590 2753 t.
608 2726 676 2763 l,_p.

200 2760 258 2796 (ιδ’)
277 2762 399 2789 Historia
418 2762 497 2788 theol.
509 2762 583 2792 cril.,
595 2765 614 2788 t.
633 2760 695 2796 l,7p.
714 2760 809 2787 56-92.

202 2799 258 2835 (ιιι)
273 2797 596 2835 In_C«nnnIcntatiouihus
609 2797 642 2823 dc
660 2795 770 2823 Patrum
783 2795 949 2831 apostolico-

164 2832 226 2861 runi
242 2833 375 2867 tln-ologia
386 2832 492 2858 litorali.

158 2891 163 2897 ,
201 2869 257 2904 (ὕοι
274 2867 409 2902 I’utrolug.
428 2872 446 2894 t.
461 2867 480 2901 Ι,
496 2875 522 2902 p.
537 2866 567 2892 (il
586 2874 644 2901 sqq.

1019 946 1137 976 Neronis
1148 948 1341 983 persecutione
1354 953 1381 977 et
1394 953 1457 977 ante
1465 950 1603 978 excidium
1615 950 1818 987 Hierosolyma:

1020 995 1065 1031 (A.
1077 995 1175 1031 68-70)
1189 1003 1252 1023 esse
1263 996 1408 1032 scriptam,
1421 996 1451 1025 S.
1465 997 1634 1026 Clementem
1657 1003 1752 1027 autem
1770 1000 1818 1027 im-

1019 1041 1138 1069 mediate
1153 1041 1182 1069 S.
1198 1040 1280 1070 Petro
1293 1043 1474 1075 successisse,

1054 1087 1120 1121 Quae
1132 1095 1147 1115 a
1159 1087 1297 1116 Cotelerio
1310 1089 1426 1124 aliisque
1441 1090 1621 1125 objiciuntur,
1633 1091 1740 1119 nullius
1752 1097 1816 1120 sum

1019 1133 1160 1169 ponderis.
1177 1134 1241 1162 Inde
1251 1135 1336 1168 enim,
1348 1136 1421 1172 quod
1435 1135 1573 1170 Clemens,
1591 1145 1618 1165 c.
1639 1138 1687 1170 £7,
1701 1138 1815 1169 referat.

1018 1180 1134 1215 primam
1158 1179 1364 1209 Corinthiorum
1384 1182 1583 1210 dissensionem
1611 1184 1642 1210 ἑν
1668 1184 1743 1220 ἀρχῇ
1767 1185 1816 1211 τοῦ

1022 1225 1187 1260 Εὑαγτελίου
1198 1227 1345 1255 excitatam
1366 1235 1446 1261 esse,
1468 1230 1595 1257 concludi
1622 1238 1678 1258 non
1704 1236 1815 1266 potest,

1018 1268 1128 1305 longius
1150 1271 1281 1306 temporis
1297 1272 1416 1308 spatium
1432 1273 1466 1301 ab
1477 1274 1523 1301 illa
1535 1275 1624 1310 prima
1636 1275 1815 1304 dissensione

1018 1322 1081 1344 esse
1106 1317 1325 1352 praeterlapsum.
1356 1317 1480 1355 Namque
1509 1319 1539 1349 S.
1566 1328 1677 1356 quoque
1701 1321 1808 1350 Paulus

1018 1368 1114 1388 novem
1126 1361 1239 1390 circiter
1253 1363 1334 1391 annis
1346 1368 1407 1398 post
1422 1364 1563 1392 fundatam
1577 1365 1732 1393 Ecclesiam
1748 1366 1814 1394 Phi-

1019 1406 1181 1442 lippensem,
1202 1409 1230 1436 in
1248 1408 1371 1444 Epistola
1389 1410 1422 1438 ad
1437 1410 1628 1447 Philippenses
1653 1412 1701 1445 IV,
1718 1414 1765 1448 l5,
1779 1415 1813 1442 de

1017 1454 1088 1490 ἀρχῇ
1105 1455 1323 1489 τοῦΕὺαγγελίου
1339 1456 1471 1492 loquitur,
1489 1458 1744 1492 minimeinnuens,
1761 1460 1812 1488 Ec-

1017 1499 1129 1526 clesiam
1146 1497 1350 1535 Philippensem
1369 1505 1433 1529 ante
1452 1502 1554 1531 multos
1570 1503 1628 1538 jam
1643 1511 1733 1532 annos
1749 1513 1812 1534 esse

1017 1545 1169 1574 fundatam.

1051 1590 1107 1618 Nec
1121 1591 1149 1619 id
1163 1599 1214 1619 nos
1225 1596 1326 1624 movet.
1339 1592 1412 1629 quod
1424 1592 1455 1621 8.
1472 1592 1600 1622 Clemens
1609 1602 1635 1623 c.
1650 1595 1698 1628 42,
1714 1596 1810 1624 Eccle-

1016 1638 1086 1666 siam
1106 1638 1311 1666 Corinthiorum
1324 1639 1441 1675 ἀρχαίαν
1470 1641 1656 1676 appellaverit.
1694 1645 1810 1679 ’Δρχαία

1015 1684 1233 1717 enimEcclesia,
1257 1689 1288 1712 ut
1316 1685 1387 1713 bene
1407 1686 1599 1714 animadvertit
1630 1687 1806 1720 Dodwellns.

1015 1730 1119 1765 optimo
1134 1730 1197 1765 jure
1217 1738 1249 1758 ea
1267 1735 1442 1767 nuncupatur
1455 1739 1516 1767 qua:
1531 1733 1560 1759 ἐν
1574 1733 1645 1769 ἀρχῇ
1663 1734 1712 1760 τοῦ
1719 1735 1808 1769 Εὐαγ-

1015 1776 1116 1811 γελίου,
1132 1778 1159 1804 id
1177 1780 1220 1805 est
1240 1777 1336 1812 primis
1358 1777 1498 1813 praedicati
1518 1778 1659 1815 Evangelii
1677 1782 1809 1816 tempori-

1014 1823 1077 1853 bus.
1093 1827 1135 1851 est
1150 1823 1260 1851 fundata
1276 1823 1344 1859 (47).

1049 1869 1096 1897 lx.
1125 1868 1164 1896 De
1190 1869 1316 1898 doctrina
1344 1869 1373 1897 S.
1391 1869 1541 1898 Clementis
1572 1870 1805 1908 Lumperustt8),

1012 1910 1159 1947 Heynsius,
1167 1911 1266 1943 Junius
1285 1923 1318 1944 ac
1328 1913 1467 1943 VanGilse
1477 1915 1534 1952 (49)
1545 1919 1573 1944 et
1580 1916 1738 1946 Koehlerus
1747 1920 1805 1955 (50)

1013 1960 1201 1996 disputarunt.

1047 2007 1083 2035 Χ.
1104 2007 1233 2035 Secundae
1257 2007 1399 2036 Clementis
1419 2009 1537 2043 epistola:
1560 2017 1576 2037 a
1597 2010 1710 2038 nemine
1734 2013 1806 2040 anti-

1012 2055 1208 2090 quissimorum
1231 2054 1343 2082 Patrum
1364 2055 1393 2082 tit
1420 2056 1532 2083 mentio.
1552 2055 1619 2084 Nam
1643 2057 1713 2085 duas
1739 2059 1803 2086 Cle-

1012 2100 1112 2128 mentis
1124 2100 1254 2135 epistolas
1270 2100 1326 2134 jam
1340 2100 1453 2127 secunda
1470 2105 1532 2136 post
1550 2100 1692 2129 Christum
1707 2107 1803 2131 secuto

1011 2145 1138 2173 ﬁdelibus
1149 2149 1229 2173 notas
1246 2144 1341 2175 fuisse.
1357 2147 1434 2173 nullo
1445 2146 1526 2174 modo
1537 2155 1553 2176 e
1565 2148 1656 2176 verbis
1668 2149 1801 2187 Dionysii.

1011 2191 1218 2218 Corinthiorum
1242 2191 1374 2227 episcopi,
1396 2193 1498 2227 conjici
1519 2197 1610 2228 potest
1629 2195 1697 2231 (5|).
1711 2196 1800 2230 Quum

976 2237 1083 2270 Deuim
1094 2237 1232 2272 egregiam
1252 2237 1337 2270 illam,
1351 2237 1385 2265 de
1406 2246 1460 2273 qua
1480 2246 1563 2274 supra
1584 2239 1799 2276 disputavimus,

1009 2282 1159 2311 Clementis
1175 2283 1319 2319 epistolam
1336 2285 1472 2320 προτέραν
1495 2287 1683 2322 appellaverit.
1701 2289 1730 2316 id
1747 2298 1799 2318 non

1008 2335 1136 2365 respectu
1150 2331 1277 2357 secundae
1294 2331 1439 2366 cujusdam
1459 2332 1637 2362 Clementiuae
1661 2336 1797 2371 epistolae.

1008 2375 1056 2403 sed
1083 2376 1204 2411 epistola:
1230 2376 1344 2409 Soteris,
1366 2377 1481 2406 Romani
1507 2380 1661 2413 pontiﬁcis,
1695 2384 1799 2417 pariter

1006 2421 1080 2456 apud
1102 2421 1260 2450 Corinthios
1283 2423 1391 2457 publice
1410 2425 1556 2460 prazlectse,
1581 2426 1688 2456 dixisse
1710 2433 1798 2457 Inani-

1007 2467 1106 2495 l'estum
1120 2472 1171 2495 est.

1040 2558 1224 2601 (§t)_‘Dionys.
1238 2559 1303 2601 Cor:
1322 2560 1651 2601 apudhljlusebLHnEfw
1673 2565 1734 2593 23;
1756 2568 1795 2594 Ἐν

1002 2594 1119 2655 αρτηίδὲ
1139 2594 1225 2630 ταύτῃ
1240 2594 1372 2630 (epistola
1399 2596 1519 2633 Dionysii
1536 2598 1569 2625 ad
1588 2599 1734 2632 Solon-ni)
1753 2605 1794 2630 καὶ

1002 2637 1051 2655 της
1090 2629 1221 2655 λήιιεντοε
1243 2631 1311 2655 ποὺς
1332 2631 1492 2655 Κοοινθίηυε
1512 2634 1646 2655 iduum-rm
1671 2636 1792 2655 lll:.....-,

1001 2630 1051 2670 τῇς
1066 2630 1221 2671 Κλήμεντςς
1243 2639 1263 2656 π
1282 2631 1324 2672 ὸς,
1332 2631 1372 2657 Ko
1392 2630 1492 2664 ινθίούς
1511 2634 1545 2668 μέ
1569 2643 1649 2670 νηται
1671 2638 1679 2669 (
1695 2630 1793 2673 [lituis-

1001 2664 1069 2691 siusl
1083 2665 1237 2691 ὲπιστολτκ.
1258 2639 1345 2691 gntum
1365 2640 1507 2691 ξνέκαοεν.
1529 2643 1567 2691 ἐξ.
1578 2670 1695 2691 novatn"
1721 2674 1792 2691 sua...

999 2664 1069 2725 gius)
1077 2665 1237 2705 ἐπιστολῆς,
1258 2664 1345 2709 δηλῷν
1365 2664 1517 2708 ἁνξκαϐενί
1529 2664 1566 2713 ἐξ.
1578 2664 1695 2711 ἀξρχαῐὸυ
1721 2664 1792 2705 Eliso;

1016 2708 1047 2725 πι
1060 2707 1109 2734 της
1122 2700 1270 2734 ἐκκλησίας
1291 2709 1340 2734 την
1360 2702 1513 2734 ὰναγνωσιν
1536 2713 1621 2734 αυτης
1645 2709 1787 2734 ποιεῖσθαι.

999 2709 1047 2725 επι
1060 2709 1109 2735 της
1122 2709 1270 2761 exscripta;
1287 2709 1340 2745 ’την
1360 2709 1513 2745 αναχνωσιν
1536 2709 1621 2746 αὐτῆς
1645 2709 1787 2734 ποιεῖσθαι.

999 2735 1086 2779 eis:
1094 2742 1169 2779 γονν·
1177 2743 1199 2778 ι.
1216 2744 1251 2779 ηξ
1264 2743 1383 2779 suam
1393 2738 1675 2779 ovauewrhveréav
1686 2743 1789 2779 ἡμέραν

998 2768 1255 2814 Miseremini
1272 2768 1466 2814 ἀυεγῖώξιαμεν
1585 2768 1789 2814 (,εῑ‹›ιενίὲ“⁷›“ἓῆν

998 2805 1206 2845 ξπιαςεξλήνχῆν
1226 2805 1322 2845 ἕξομεν
1343 2808 1388 2834 ἀεί
1402 2805 1467 2845 arma
1487 2805 1726 2845 ἀὶμαγινῶσκοντεέ
1737 2805 1788 2840 volt-

998 2840 1143 2910 ξέἒῖσὲαι,
1157 2840 1195 2872 ὡς
1214 2842 1261 2868 καὶ
1273 2840 1323 2877 ῖτὴν
1337 2843 1473 2878 προτέραν
1495 2840 1559 2880 ήμῖῦ
1572 2845 1616 2872 διὰ
1634 2840 1787 2884 Κλήμὲντθς

1074 2884 1085 2901 ε
1100 2884 1157 2901 σαν.
1173 2886 1181 2901 ι
