1875 3101
62 168 103 196 191

653 162 823 191 ΡηοαῐλιιΑ
843 161 1035 190 γΑιιιοιιωί.

1616 162 1667 189 11⁸8

89 224 177 253 Seculo
189 227 278 251 autem
292 223 368 251 tertio
384 222 533 250 secundam
553 221 703 250 Clementis
723 223 825 257 episto-
841 227 861 254 Α
876 220 1029 248 Wocberus
1053 221 1140 248 tenuit
1160 220 1186 248 in
1205 221 1331 252 versione
1355 228 1403 249 sua
1424 220 1523 256 prior.s
1543 221 1662 256 epistula

62 271 142 298 lamin
157 277 205 297 usu
227 274 253 297 et
275 270 438 297 auctoritate
462 269 557 300 fuisse,
577 276 611 296 ex
633 269 827 303 Apostolorum

62 324 150 344 canone
166 315 198 343 85
211 316 398 343 demonstrare
414 318 529 342 conatus
536 318 578 341 est
593 313 826 348 Gallandius(52).

63 361 107 389 Sed
130 360 226 388 erravit
245 360 289 387 vir
307 360 494 388 doctissimus.
515 358 583 386 Nam
604 365 760 393 postremus
777 358 828 385 iste

60 414 133 435 canon
144 414 195 433 non
209 411 273 433 ante
288 406 367 433 finem
389 406 475 433 seculi
497 405 587 440 quinti
606 404 750 432 confectus
772 407 826 435 est,

61 453 185 488 utegregie
197 453 290 480 docuit
300 452 348 479 Dr.
359 451 540 480 Sebastianus
551 451 585 479 de
598 450 667 486 Drey
678 449 748 477 V.C.
757 448 826 484 (55).

87 498 191 530 Primus,
205 498 252 533 qui
271 497 398 526 secunda:
417 496 567 524 Clementis
585 496 708 531 epistolas
730 495 827 522 memi-

61 544 101 574 nit,
115 543 240 570 Eusebius
261 547 314 574 est,
336 549 460 573 monens,
481 545 509 569 et
537 541 649 568 alteram
678 539 827 568 Clementis

60 589 183 624 epistolam
198 588 334 623 proferri;
351 588 398 615 sed
421 595 481 614 eam
501 595 556 614 non
575 586 688 622 perinde
703 593 735 613 ac
752 586 828 621 prio-

61 643 107 662 rem
126 639 210 662 notam
228 641 302 666 esse,
325 634 455 669 quoniam
470 641 521 661 nec
536 637 642 661 veteres
656 641 688 660 ca
709 632 752 660 usi
767 631 828 659 fue-

60 681 105 707 rint
113 680 173 715 (54).

88 738 176 765 Deinde
189 738 258 766 inest
269 738 328 766 hrec
338 738 453 774 epistola
464 737 642 766 celeberrimo
657 736 695 764 illi
710 736 828 764 Alexan-

59 783 125 810 drino
139 784 232 816 codici,
249 785 276 812 in
299 784 394 813 Museo
411 783 568 812 Britannico
590 782 757 810 Londinensi
782 790 828 810 as-

59 834 160 857 servato.
176 830 273 858 Seculo
289 831 374 866 igitur
385 830 418 858 IV
433 834 460 858 et
480 829 502 857 V
515 830 643 857 Clemens
662 829 745 863 hujus
768 828 827 864 cpi-

59 875 123 902 stola
141 881 231 903 auctor
248 884 264 903 a
287 876 382 904 multis
401 876 558 911 putabatur.
575 874 636 908 Quo
650 874 724 909 jure.
736 875 824 902 nesci-

59 928 119 948 mus.
144 921 244 949 Pariter
270 930 322 949 nos
344 922 425 955 latet,
450 921 551 956 quibus
573 920 629 947 nixi
658 920 825 955 argumentis

59 965 220 1002 Hieronymus
235 967 293 1003 (55)
308 972 336 995 et
349 967 465 995 Photius
482 966 538 1002 (56)
550 966 622 994 hanc
648 966 794 1001 epistolam
809 973 826 993 a

59 1012 178 1039 veteribus
191 1013 365 1048 reprobatam
379 1012 588 1045 contenderim;
604 1019 665 1038 nam
692 1010 826 1039 Eusebius

58 1057 111 1084 talia
123 1065 174 1084 non
189 1058 304 1093 profert,
317 1058 486 1093 antiquiores
504 1061 594 1085 autem
614 1064 728 1093 prorsus
746 1056 780 1084 de
794 1063 826 1084 ea

59 1102 135 1129 silent.
154 1101 212 1130 Non
239 1110 334 1131 errare
359 1106 387 1130 te
411 1107 514 1139 putem,
538 1102 562 1130 si
584 1101 779 1138 Hieronymum
799 1106 828 1130 et

57 1145 167 1174 Photium
190 1147 302 1175 Eusebii
319 1148 403 1176 verba
424 1148 516 1175 minus
537 1153 612 1175 recte
633 1147 827 1182 interpretatos

56 1200 108 1220 esse
119 1193 305 1222 contenderes.
319 1193 390 1229 Ergo
404 1197 526 1221 veterum
541 1193 697 1221 testimonia
716 1192 829 1220 authen-

57 1240 110 1266 tiam
123 1240 200 1275 hujus
218 1240 345 1276 epistolae
359 1247 414 1268 non
429 1244 524 1275 aperte
540 1246 650 1274 negare,
666 1237 827 1274 antiquissi-

57 1293 148 1313 monnn
173 1290 263 1314 autem
290 1285 403 1314 Patrum
425 1285 566 1314 silentium
589 1288 746 1321 suspectam
765 1291 826 1312 eam

56 1330 164 1364 reddere,
175 1331 248 1360 clare
259 1331 442 1368 perspicimus
458 1332 527 1368 (57).

83 1397 141 1431 Qua
153 1407 234 1435 quum
249 1400 287 1428 ita
303 1401 369 1434 sint,
388 1400 532 1436 epistolam
548 1400 646 1436 ipsam.
666 1407 714 1428 seu
735 1400 827 1436 potius

56 1442 230 1479 fragmentum,
241 1447 316 1482 quod
329 1447 417 1474 adhuc
429 1450 554 1482 superest
565 1447 593 1474 in
603 1447 699 1475 codice
709 1445 827 1474 Alexan-

55 1489 133 1523 drino,
147 1491 276 1520 adeamus
288 1496 405 1527 oportet,
418 1493 627 1528 investigantes,
639 1500 704 1520 num
719 1493 827 1521 interna

54 1535 76 1561 ei
85 1535 161 1564 insint
175 1537 286 1569 indicia,
302 1538 402 1573 quibus
412 1537 539 1566 Clemens
550 1542 644 1566 noster
654 1538 715 1573 eius
730 1541 827 1566 auctor

55 1581 150 1615 probari
173 1584 269 1619 possit.
279 1568 283 1569 7
293 1568 444 1612 A-udiamus
470 1584 631 1612 Wottonum
647 1568 715 1621 (58).
731 1585 826 1619 Quoad
839 1568 862 1600 δ

54 1628 149 1662 stylum,
172 1630 271 1665 inquit,
300 1636 325 1658 et
345 1631 448 1658 dicendi
471 1631 621 1659 met/tadum
644 1631 770 1667 (epistola
792 1631 825 1668 ll)

54 1679 87 1700 est
100 1674 158 1703 adeo
171 1675 311 1704 dissimilis
326 1684 342 1703 a
357 1677 446 1711 priore
458 1685 489 1704 ae
508 1676 670 1708 indubitata,
685 1681 715 1704 ut
733 1678 825 1704 merito

54 1722 157 1749 dubitari
171 1723 264 1757 possit,
286 1731 320 1749 an
339 1723 374 1750 sit
395 1731 453 1750 vere
476 1722 628 1751 Clementis.
645 1722 745 1751 Eadem
768 1723 826 1758 jam

54 1767 159 1796 Joannes
165 1768 288 1796 Morinus
295 1772 447 1801 monuerat,
458 1768 553 1796 dicens
561 1768 617 1804 (59)
628 1778 635 1797 :
648 1767 727 1796 Illius
740 1769 825 1804 styltu

54 1817 79 1838 ut
89 1814 178 1847 prioris
191 1822 243 1841 non
256 1818 296 1841 est
307 1814 427 1848 simplex,
442 1813 488 1841 sed
502 1815 640 1849 argutula:
648 1823 659 1847 ;
673 1823 725 1842 non
736 1820 826 1849 sponte

54 1856 137 1890 dum.
161 1858 205 1886 sed
227 1866 277 1893 pro
296 1859 412 1886 auctoris
429 1864 507 1893 captu
527 1859 645 1887 studiose
657 1860 826 1894 elaboratus;

55 1912 99 1931 non
111 1905 279 1941 ἁπεριοδικδς
292 1911 317 1933 et
330 1914 525 1941 nonnumquam
545 1906 765 1939 ἀνανταπόδστος,
780 1907 826 1935 sed

54 1950 177 1978 uerborum
190 1951 330 1983 ambitum,
343 1952 484 1979 antitheses
497 1960 639 1987 earumque
654 1952 826 1980 redditionem

55 1997 178 2025 ambitiose
205 1998 324 2033 affectat.
356 1998 463 2026 Morino
489 1999 640 2026 assentitur
665 1999 825 2026 criticorum

55 2042 169 2078 princeps
186 2043 342 2072 Richardus
355 2044 450 2072 Simon
467 2044 536 2080 (60),
551 2052 632 2080 quem
645 2045 768 2080 plerique
782 2052 826 2073 se-

54 2089 102 2116 cuti
113 2094 182 2118 sunt.
194 2090 325 2119 Eamdem
340 2094 448 2126 partem
473 2090 631 2119 novissimis
656 2090 826 2127 temporibus

153 2155 222 2196 ζέω.
244 2156 329 2196 V_e_ler.
344 2157 396 2196 PP»
414 2162 434 2185 t.
449 2157 469 2190 l,
484 2157 589 2196 Proleg.
610 2167 637 2196 p.
657 2168 703 2188 xv.

87 2190 141 2226 (53)
157 2191 231 2229 Neue
256 2192 489 2229 Untersuchungen
512 2190 630 2222 uberdi'e
655 2196 834 2224 Constitutio-

877 267 1026 294 Clementis
1038 266 1105 302 (61).
1121 267 1293 301 Quicumque
1305 268 1453 295 secundum
1466 267 1546 295 istam
1564 269 1664 303 episto-

878 313 930 339 lam
944 316 1046 340 attente
1058 313 1182 348 legerint.
1195 321 1293 348 negare
1308 321 1363 340 non
1382 317 1518 348 poterunt,
1539 322 1665 349 magnam

878 358 951 386 inter
966 358 1053 394 ipsam
1065 362 1094 386 et
1111 358 1231 394 priorem
1251 359 1314 395 styli
1335 358 1522 387 diversitatem
1548 359 1666 388 interce-

877 403 953 432 dere.

911 448 1015 476 Praeter
1039 449 1178 477 silentium
1212 448 1468 484 antiquissimorum
1491 447 1607 476 Patrum
1634 456 1668 475 ac

878 494 942 530 styli
952 494 1139 522 diversitatem
1153 494 1179 522 id
1195 494 1277 522 ctiam
1292 494 1477 530 suspicionem
1499 495 1667 529 suppositio-

877 541 921 567 nis
935 540 1016 568 nobis
1035 540 1133 575 injicit,
1147 541 1221 576 quod
1231 540 1347 568 dimidia
1361 548 1425 576 pars
1437 541 1536 576 capitis
1556 540 1591 567 25
1610 541 1667 575 pri-

877 593 928 612 ma:
939 585 1060 620 epistola:
1075 586 1102 612 in
1117 585 1264 613 secundam
1280 593 1389 621 quoque
1403 589 1445 613 est
1460 589 1567 620 recepta
1579 593 1604 612 c.
1620 586 1664 612 ll.

909 628 981 656 Bene
1006 629 1081 656 addit
1101 628 1220 656 Crabius
1235 629 1303 666 (62),
1318 629 1392 657 haud
1406 630 1528 665 epistolae
1548 630 1667 658 formans

876 673 977 700 habere
990 673 1081 706 istam,
1095 681 1156 710 quas
1169 674 1289 702 secunda
1301 674 1449 702 Clementis
1463 674 1497 701 ad
1508 673 1667 702 Corinthios

877 718 988 751 dicitur,
1011 719 1124 755 ipsaque
1154 719 1334 755 inscriptione
1353 727 1416 748 cum
1437 723 1500 748 voto
1522 720 1616 755 juncta
1637 721 1666 748 in

879 763 1052 798 frontispicio
1063 771 1168 797 carere,
1184 765 1274 800 qualis
1291 771 1383 793 tamen
1402 764 1430 792 in
1449 766 1578 793 omnibus
1593 765 1667 801 Apo-

877 809 1010 837 stolorum
1041 816 1073 837 ac
1104 810 1226 837 virorum
1259 810 1474 845 apostolicorum
1504 811 1603 838 litteris
1630 810 1666 838 ad

878 855 1056 890 particulares
1075 854 1211 883 Ecclesias
1229 855 1311 888 datis,
1333 856 1415 891 inque
1428 855 1487 891 ipsa
1501 855 1589 890 prima
1604 856 1666 884 Cle-

842 896 863 924 B
877 900 986 932 ruentis,
1002 900 1082 935 plane
1097 903 1196 928 exstat.
1214 900 1339 928 llorniliaa
1353 901 1444 936 potius
1464 909 1546 936 quam
1560 902 1664 936 episto-

877 945 910 972 ιω
927 946 1043 973 similem
1065 950 1140 974 recte
1152 946 1287 980 judicavit
1312 946 1492 978 Vendelinus.
1510 947 1557 982 qui
1573 951 1666 974 tamen

878 990 970 1018 minus
991 995 1064 1019 recte
1084 991 1136 1027 ipsi
1155 991 1288 1019 Clementi
1302 999 1361 1019 eam
1380 991 1540 1027 adscripsit,
1557 996 1585 1018 et
1604 996 1666 1026 post

876 1042 939 1063 eum
960 1035 1113 1065 Dodwellus
1127 1036 1242 1064 Dissert.
1263 1034 1276 1062 1
1316 1037 1344 1064 in
1362 1036 1524 1073 lremeum,§
1541 1037 1577 1064 29
1596 1037 1664 1072 (65).

876 1080 1007 1109 Clementi
1025 1087 1121 1110 nostro
1137 1083 1207 1110 hanc
1222 1083 1366 1118 epistolam
1383 1082 1526 1111 vindicare
1551 1083 1666 1111 studue-

875 1131 940 1155 runt
946 1127 1100 1156 Cotelerius
1111 1128 1595 1165 (64),Coutantius(65),Gallandius
1606 1129 1665 1165 (66)

875 1176 903 1200 et
919 1171 1072 1208 Lumperus
1089 1173 1157 1210 (67).
1174 1173 1228 1202 Sed
1241 1174 1286 1201 vis
1298 1174 1326 1201 in
1337 1178 1429 1209 partes
1443 1181 1508 1202 suas
1519 1178 1545 1202 te
1556 1175 1667 1202 trahent

875 1219 927 1246 viri
939 1218 1102 1251 doctissimi,
1116 1226 1179 1246 cum
1195 1219 1316 1255 ipsorum
1336 1224 1496 1255 argumenta
1513 1219 1567 1247 sint
1583 1220 1664 1252 levia,

876 1263 984 1299 ipsique
995 1264 1083 1299 magis
1098 1263 1299 1299 objectionibus
1313 1264 1429 1292 aliorum
1446 1263 1547 1291 bellum
1559 1264 1666 1292 indise-

877 1308 943 1342 rint,
956 1315 1038 1344 quam
1053 1316 1131 1336 suam
1146 1309 1303 1344 opinionem
1316 1309 1502 1345 probaverint.
1519 1309 1587 1336 Illud
1601 1310 1666 1337 abs-

876 1361 930 1390 que
951 1355 1027 1381 omni
1050 1354 1134 1382 dubio
1159 1354 1269 1382 facilius
1288 1359 1361 1388 erat;
1380 1362 1443 1382 nam
1467 1355 1604 1382 neminem
1623 1355 1666 1383 fu-

876 1401 940 1435 giet,
954 1398 1141 1427 Hermannum
1152 1398 1301 1428 Venemam
1317 1399 1375 1435 (68)
1391 1399 1515 1435 aliosque
1529 1407 1666 1427 nonnum-

876 1452 958 1481 quam
973 1446 1089 1474 leviores
1100 1450 1197 1473 contra
1211 1445 1379 1474 authentiam
1391 1446 1474 1481 hujus
1486 1446 1608 1482 epistolae
1620 1447 1666 1474 ob-

873 1492 1007 1527 iectiones
1021 1500 1083 1520 esse
1094 1500 1187 1520 ausos.
1202 1491 1257 1520 Sed
1276 1493 1378 1520 nemini
1393 1492 1568 1521 defensorum
1583 1493 1666 1528 hujus

876 1538 999 1573 epistolae
1012 1538 1089 1566 ﬁrma
1103 1542 1262 1575 argumenta
1273 1546 1324 1574 pro
1332 1537 1471 1566 Clemente
1481 1542 1592 1567 auctore
1602 1548 1666 1576 pro~

877 1584 949 1613 ferre
959 1585 1085 1620 contigit.

907 1630 1000 1659 Placet
1015 1631 1094 1658 nobis
1107 1630 1201 1658 Grabii
1214 1631 1362 1664 sententia,
1374 1638 1390 1658 a
1405 1631 1544 1660 Moehlero
1558 1640 1666 1668 quoque

875 1680 983 1711 recepta
999 1675 1067 1711 (69),
1083 1675 1164 1703 istam
1185 1675 1267 1711 vulgo
1284 1676 1386 1704 dictam
1400 1677 1545 1712 epistolam
1566 1686 1665 1706 secun-

875 1721 938 1748 dam
953 1720 1103 1748 Clementis
1114 1720 1198 1749 fuisse
1208 1729 1290 1748 unam
1299 1729 1331 1750 ex
1343 1722 1464 1751 homiliis
1474 1724 1562 1751 eidem
1573 1724 1666 1760 (false)

875 1767 1034 1802 adscriptis,
1045 1767 1142 1802 quales
1158 1767 1250 1802 plures
1271 1776 1325 1796 una
1345 1768 1430 1797 fuisse
1448 1773 1523 1804 patet
1539 1778 1573 1797 ex
1591 1771 1664 1798 Ana-

875 1812 954 1841 stasii
969 1812 1131 1840 Antiocheni
1147 1812 1251 1846 Quaest.
1268 1813 1314 1841 96.

911 1857 1076 1890 Wocherus,
1092 1858 1168 1885 nullo
1189 1861 1265 1886 certo
1283 1858 1462 1887 fundamento
1485 1861 1578 1894 nixus.
1600 1861 1664 1890 Dio-

875 1904 965 1940 nysio,
982 1903 1107 1931 Corinthi
1128 1903 1270 1940 episcopo,
1289 1903 1360 1932 hanc
1377 1905 1520 1940 epistolam
1540 1907 1664 1935 tribuen-

875 1950 937 1978 dam
953 1958 1015 1978 esse
1026 1953 1104 1986 putat
1117 1949 1186 1986 (70).

911 1994 1029 2023 Crabius
1050 1999 1140 2023 autem
1157 2003 1227 2031 opus
1244 1995 1298 2024 hoc
1317 1997 1440 2032 spurium
1457 1998 1546 2026 medio
1563 1999 1664 2028 saeculo

875 2041 920 2075 Ill,
938 2047 1001 2078 post
1017 2041 1143 2078 Origenis
1172 2047 1307 2079 tempora,
1333 2043 1466 2072 Clementi
1491 2045 1662 2080 suppositum

875 2089 961 2118 fuisse
972 2090 1129 2125 suspicatur
1146 2090 1266 2127 (τι-78).

876 2161 938 2196 1111³,-
955 2165 1077 2196 quarum
1089 2161 1221 2196 respectu
1235 2157 1269 2185 de
1288 2158 1413 2196 pluribus
1432 2158 1579 2196 Clementis
1603 2161 1663 2196 epi-

876 2193 956 2220 stolis
974 2193 1046 2228 loqui
1061 2193 1191 2226 debebat;
1206 2193 1235 2220 2⁸
1254 2194 1382 2221 secunda:
1397 2201 1496 2221 nostra:
1513 2193 1663 2224 Clementis

57 2227 326 2267 uL‘undnganqnq
348 2228 395 2256 der
423 2227 554 2264 Ᾰροιιοιη
584 2229 726 2267 Τῠὺὶιηςθη
751 2232 861 2266 1352,13
876 2229 999 2267 epistolae
1009 2227 1147 2267 expressis
1165 2228 1257 2257 verbis
1275 2229 1370 2256 nullibi
1394 2229 1562 2265 Epiphanius
1584 2233 1662 2259 testi-

56 2266 78 2293 p.
92 2259 149 2293 370,
171 2262 234 2294 577,
251 2263 312 2291 M5.

89 2295 139 2330 (δέ)
158 2297 227 2325 Hist.
239 2299 303 2326 ccci.
315 2305 356 2327 in.
367 2297 421 2325 '58:
440 2298 536 2324 ’ἰστέον
550 2297 588 2329 δὲ,
601 2297 639 2329 ὡς
652 2298 699 2324 καὶ
712 2297 825 2330 δευτέρα
851 2315 853 2318 ι

56 2336 91 2369 '55
100 2328 165 2369 sinat
185 2333 292 2366 λέγεται
311 2332 359 2369 τοῦ
380 2332 536 2369 Κλήμεντος
558 2328 685 2369 truc-toll)
697 2342 703 2348 ·
719 2334 750 2360 οὐ
771 2328 826 2369 μὴν

56 2363 88 2403 ἔθ’
96 2365 188 2403 ὁμοίως
240 2368 358 2403 προτέρᾳ
366 2368 412 2394 καὶ
420 2363 521 2403 ἐάύτην
527 2363 665 2403 γνώριμον
679 2363 825 2403 ὲπιπάῖμέ-

56 2395 145 2439 οαί-ξει
159 2395 297 2439 μὴδέτόὺς
310 2395 440 2438 ἇρῇίαιους
453 2395 522 2439 ετξ-ἑῇ
534 2395 721 2439 ὶιῇάνὴμένους
735 2395 823 2439 {alia}.

70 2411 84 2424 α
93 2411 98 2413 ·
108 2411 225 2465 (1361.710:
233 2411 297 2434 τους
307 2411 440 2444 μρχαιους
453 2411 522 2439 curn
536 2411 721 2464 κῑχρημενους
736 2411 823 2438 ισμεν.

70 2434 136 2479 ε-(ξῡ)
174 2438 240 2466 atal.
260 2443 340 2479 script
357 2439 420 2466 εδει.
436 2445 461 2465 c.
478 2438 512 2465 15
527 2447 553 2479 :u
581 2443 656 2465 erlur
665 2443 692 2479 et
710 2438 826 2479 secunda

53 2475 214 2507 q'tqqrwmme
230 2473 350 2506 epistola,
364 2481 422 2507 qua:
437 2481 452 2499 a
465 2473 592 2500 ueteribus
606 2473 770 2507 reprobatur.

81 2503 217 2552 limiti-
229 2503 431 2552 9194:9935!!!
486 2508 618 2552 λεγρμέγη
632 2503 826 2552 δευτέρεψρδς

54 2541 108 2570 τεὺς
118 2541 214 2573 αὐτοὺς
227 2545 235 2577 (
246 2543 419 2578 Corinthios)
439 2543 478 2574 ὼς
498 2541 574 2575 νόοός
587 2541 823 2579 ἀὴοδοκιμάζεεέαι.

54 2571 175 2612 Praeterea
189 2576 303 2612 Photius
320 2581 408 2612 notat,
423 2579 566 2612 epistolam
586 2578 656 2605 hanc
674 2579 823 2606 secundam

53 2607 117 2649 dicta
127 2611 245 2649 quamdam
258 2607 484 2649 peregrina've'lut
497 2622 512 2641 e
526 2621 605 2641 sacra
620 2613 760 2649 Scriptura
782 2613 825 2640 in-

53 2643 151 2683 ἀμωτὲ,
167 2643 404 2683 interpretationes
423 2648 544 2676 locorum
557 2643 736 2683 quorumdam
759 2649 825 2676 alie-

46 2681 136 2708 uiam
146 2681 278 2716 proferre.
302 2691 354 2711 nec
368 2683 553 2711 continentem
566 2681 707 2711 ‘orationis
724 2691 763 2711 set
771 2683 824 2710 icm

52 2718 315 2752 acgnsequentiam
327 2725 448 2747 servare.

84 2747 135 2785 (57)
153 2747 282 2789 Ndnnulli
303 2753 484 2789 Epiphanium
508 2761 616 2789 quoque
635 2754 760 2788 epistolae
775 2761 826 2781 no-

52 2789 110 2824 ξξξε
121 2787 302 2824 Ιεέείηιρηίυτη
318 2787 438 2824 praebere
458 2787 636 2820 contendunt,
654 2787 759 2824 quippe
777 2790 824 2824 qui

52 2817 126 2858 (μετ.
138 2820 217 2858 27,76
236 2828 265 2852 et
279 2817 382 2858 50:15)
409 2824 443 2851 de
459 2824 581 2858 pluribus
595 2817 743 2851 Cleru'enii's
767 2817 825 2858 epi-

145 2857 225 2898 vgtfba
250 2854 478 2898 faciat._Sedmf'
502 2859 669 2898 Epiphanius
695 2854 826 2898 epistulas

52 2895 151 2925 quoque
166 2892 226 2921 illas
243 2894 277 2921 ad
292 2894 404 2929 virgines
420 2892 603 2922 Clementinas
621 2892 732 2930 putasse
749 2895 825 2922 video

874 2263 996 2290 monium
1009 2264 1119 2298 praebet.

921 2298 967 2332 58)
986 2298 1065 2326 Praef.

1112 2333 1209 2377 Biblig.
1256 2333 1278 2366 1,
1293 2334 1360 2377 c_.nA,
1372 2332 1580 2377 5.02.!‘Exercit.
1597 2336 1624 2363 9.

920 2368 966 2402 60)
982 2368 1052 2396 Bibl.
1064 2368 1152 2396 Clinia.
1179 2368 1211 2396 T.
1225 2370 1245 2401 l,
1261 2377 1285 2396 c.
1299 2369 1348 2402 38,
1359 2377 1385 2403 p.
1401 2367 1465 2396 282.

983 2403 1035 2445 ‘Die
1044 2403 1131 2431 llriel'e
1138 2404 1187 2431 der
1202 2404 1411 2445 apostoliscbelt_
1423 2403 1662 2445 Vae‘ter‘Clernuns

874 2437 929 2466 und
944 2437 1120 2473 Polycarpus,
1135 2447 1186 2466 neu
1203 2439 1339 2466 iibersetzt
1357 2438 1411 2465 und
1437 2439 1486 2465 mit
1508 2439 1662 2473 Einleitun-

874 2481 926 2509 gen
942 2471 1000 2509 und
1016 2471 1236 2509 Cotumentarien
1262 2473 1392 2509 versehen
1411 2481 1464 2500 von
1506 2471 1542 2501 Μ.
1556 2474 1579 2502 J.
1597 2473 1661 2501 Wo-

878 2508 1078 2548 cummagna.
1095 2509 1179 2548 l830._
1186 2516 1212 2544 p.
1228 2508 1297 2548 261:);
1303 2508 1365 2536 208.

911 2542 967 2578 (62)
985 2541 1113 2578 βρὶᾲζιᾚ.
1133 2548 1153 2570 t.
1166 2541 1231 2578 [λβ.
1245 2543 1309 2571 ‘268.

917 2577 961 2612 65)
978 2577 1071 2604 Grabii
1086 2576 1181 2638 Sgicil.
1192 2576 1212 2604 12
1224 2585 1250 2604 c.

916 2612 961 2639 6M
975 2611 1003 2638 In
1020 2612 1085 2638 edit.
1126 2611 1158 2638 P.
1174 2616 1250 2639 anost

987 2620 1003 2638 ll
1020 2620 1085 2638 ean.

905 2614 961 2647 (64)
975 2614 1003 2638 In
1020 2614 1085 2638 edit.
1101 2614 1158 2638 PP.
1174 2616 1261 2646 apart.
1278 2615 1299 2638 t.
1312 2614 1333 2644 1,
1348 2618 1376 2646 p.
1399 2614 1441 2638 181

905 2647 961 2684 (65)
981 2646 1067 2684 Epist.
1083 2645 1266 2684 Rom._ponti[.
1283 2651 1303 2674 ι.
1318 2647 1340 2679 1,
1353 2654 1379 2682 p.
1396 2646 1441 2674 54.

905 2681 961 2717 (66)
977 2681 1103 2717 Ilibliotlt.
1123 2686 1142 2708 ι.
1157 2681 1176 2708 1.
1193 2682 1296 2717 νγοιθκ.
1311 2689 1337 2716 p.
1355 2689 1410 2709 HV.

905 2717 960 2752 (67)
978 2716 1048 2743 Hist.
1059 2717 1144 2752 rl/lt’ol.
1160 2717 1220 2752 erit.
1235 2721 1254 2743 ι.
1269 2716 1289 2746 Ι,
1302 2724 1329 2752 p.
1345 2717 1392 2744 22.

905 2750 962 2787 (68)
973 2752 1030 2778 Cfr.
1046 2751 1169 2779 Gallam].
1186 2751 1256 2778 Bibl.
1275 2751 1293 2778 1.
1304 2750 1334 2779 ⁷ο.
1359 2760 1385 2787 p.
1404 2759 1471 2786 xvu,
1486 2755 1513 2780 et
1529 2750 1658 2786 Lumpet'.

1085 2306 1112 2333 p.
1129 2305 1198 2326 cavi.

1126 2611 1158 2638 P.
1174 2616 1261 2646 apart.
1278 2615 1299 2638 t.
1311 2610 1333 2644 1,
1348 2618 1376 2646 p.
1399 2609 1462 2639 182-

870 2788 889 2816 1.
907 2797 944 2818 c.,
957 2795 990 2823 pi
999 2787 1044 2814 27.

917 2821 964 2856 69)
976 2821 1080 2849 Patrol.
1097 2825 1118 2848 ι.
1137 2821 1158 2853 1,
1175 2828 1202 2856 p.
1219 2821 1254 2848 65
1271 2829 1312 2856 sq.

918 2857 963 2892 70)
980 2857 1010 2884 L.
1024 2865 1049 2884 c.
1065 2864 1093 2891 p.
1108 2856 1171 2883 204.

906 2891 1012 2929 (71-78)
1034 2891 1137 2927 Spiril.,
1150 2896 1170 2919 ι.
1183 2892 1204 2925 I,
1217 2898 1244 2928 p.
1255 2891 1318 2919 suo.
