1869 3104
72 131 138 160 549
534 142 537 144 '
564 135 743 165 EPISTOLE.
760 137 806 165 AD

984 154 994 166 η.
1011 154 1046 160 -
1061 138 1244 168 ΡΚΟἝΜῙΑ.
1668 142 1722 171 55η

97 207 1712 232 mum

351 306 431 385 S.
486 308 866 388 CLEMEN
870 311 1022 389 TIS
1087 310 1463 390 ROMANI

727 443 756 472 S.
774 443 877 472 PETRI
897 444 1068 474 DlSClPULI

303 529 709 596 EPISTOL/E
748 533 930 600 DUIE
974 533 1078 597 AD
1124 537 1502 603 VIRGINES

248 655 362 680 LATINI!
382 659 422 680 ΕΤ
442 658 573 681 αΔιιιεε
593 660 719 690 νειιτιτ,
742 661 986 686 υιεεειιτΑτιοΝε

875 662 1017 686 ΔΤῙΟΝΕΜ
1041 665 1102 688 PRO
1123 665 1233 688 EARUM
1255 666 1439 689 AUTHENTIA
1457 667 1612 691 PREFIXl'I'

788 742 1002 761 πενιιιιιπωδεωῠς

262 816 349 872 Ι).
387 816 474 871 D.
504 815 915 874 CLEMENS
953 819 1000 874 Ἥ

792 816 915 874 aus
953 819 1530 881 VILLEGOUR'I‘

596 938 714 961 Ismara:
728 937 859 963 Eccnesue
876 939 989 961 nouum
1003 939 1172 961 CARDINALIS.

164 997 286 1030 (Lutetia
299 998 458 1031 Parisiorum,
470 1000 535 1032 apud
553 1000 701 1025 Ludovicum
713 1001 797 1032 Vives,
809 1003 940 1033 editorem,
954 1003 1023 1034 i855,
1037 1005 1098 1029 tn-8.
1113 1004 1150 1030 Ex
1164 1005 1228 1037 typis
1241 1005 1359 1031 Friderici
1374 1007 1473 1038 Boutet,
1488 1008 1622 1041 Repetite.)

1019 1134 1152 1173 ipgulrnur
1163 1142 1211 1172 non
1224 1136 1250 1173 in
1260 1136 1338 1173 doctis
1350 1137 1461 1163 humanae
1471 1138 1598 1170 sapientiae
1611 1140 1703 1173 verbis,

1000 1166 1044 1190 sed
1057 1166 1082 1190 in
1092 1166 1201 1191 doctrina
1212 1167 1321 1199 spiritus.

1396 1210 1423 1244 (l
1435 1213 1490 1238 Cor.
1503 1219 1528 1243 ιι,
1545 1213 1593 1244 ts.)

517 1286 818 1333 EPISTOLA
855 1288 1263 1336 DEDICA'l‘ORIA

431 1466 493 1489 iu.
508 1466 547 1489 Ac
564 1468 636 1490 nev.
669 1459 707 1490 D.
728 1460 765 1490 D.
784 1460 812 1490 Ι.
830 1461 863 1491 Β.
879 1460 1021 1491 MALOU
1039 1469 1186 1492 EPISCOPO
1205 1470 1361 1494 BRUGBNSI

658 1543 842 1574 CLEMENS
871 1530 1127 1576 ViL'LacouaT

369 1633 510 1654 EPISCOPUS
527 1632 709 1653 ιυριειικκειε
728 1631 761 1653 ΔΟ
780 1632 969 1657 BANTONENSIS,
991 1633 1107 1653 PONTIF“

669 1633 709 1653 SIS
728 1631 761 1653 AC
780 1632 969 1657 BANTONENSIS,
991 1633 1143 1654 PONTIFICIO
1161 1634 1239 1655 SOLIO
1257 1636 1407 1658 ASSISTENS.

276 1696 512 1726 ILLUSTRISSIME
522 1703 561 1725 Ac
577 1695 860 1725 REVERENDISSIME
881 1695 1029 1729 Pamsun.

100 1769 246 1799 Prorsus
261 1767 447 1808 ignorabam
461 1767 501 1798 ab
513 1766 735 1806 Amplitudine
752 1771 806 1797 tua
819 1765 927 1797 denuo
939 1765 1042 1797 editas
1057 1764 1170 1802 fuisse,
1187 1774 1259 1796 cum
1271 1765 1396 1798 duabus
1411 1767 1564 1807 Epistolis
1577 1769 1616 1800 ad
1628 1771 1694 1802 Co-'

63 1818 209 1850 rintbios
225 1818 258 1849 in
277 1817 424 1849 Latinum
434 1816 501 1856 jam
515 1817 637 1848 dudum
654 1816 832 1852 conversis,
848 1816 956 1847 ambas
977 1815 1079 1846 sancti
1107 1814 1280 1846 Clementis
1295 1816 1453 1854 Epistolas
1474 1817 1516 1848 ad
1539 1820 1690 1860 Virgines,

68 1877 169 1908 quas,
186 1867 307 1899 Steculo
321 1869 527 1907 praecedenti,
543 1869 726 1900 Wetstinus
741 1867 939 1899 Basileensis
956 1876 973 1898 e
989 1867 1119 1898 Svriaco
1134 1866 1261 1897 Latinas
1276 1866 1403 1899 fecerat.

104 1919 183 1950 Hoc
204 1918 357 1957 cognitio,
374 1917 400 1947 si
425 1918 465 1949 ad
484 1927 534 1948 me
549 1918 646 1949 citius
663 1917 877 1957 pervenisset,
894 1916 1121 1956 proculdubio
1135 1916 1174 1948 ab
1196 1916 1254 1947 hac
1277 1917 1494 1956 publicatione
1510 1928 1560 1951 me
1582 1920 1689 1953 deter-

62 1970 201 2001 ruisset.
217 1968 387 2006 Quomodo
395 1966 714 2006 enimimperfectum
726 1966 1039 1998 aastimarelicuisset
1055 1965 1135 1996 mihi
1151 1973 1232 2004 opus
1248 1966 1335 2005 quod
1351 1970 1528 2000 recentiore
1540 1969 1686 2008 publica-

62 2023 157 2054 tione
172 2022 309 2061 dignum
317 2021 514 2060 judicaverat
528 2024 635 2052 tantus
649 2029 685 2052 ac
698 2015 927 2052 tam'eruditus
942 2019 1003 2056 vir,
1023 2023 1153 2059 propter
1167 2018 1347 2050 litterarum
1367 2020 1573 2060 splendorem
1591 2031 1627 2054 ac
1640 2031 1688 2054 sa-

61 2081 195 2104 crarum
212 2072 359 2111 peritiam
374 2072 620 2112 Scripturarum,
635 2073 759 2104 cunctis
773 2071 1001 2112 plaudentibus
1016 2071 1079 2111 piis
1097 2080 1132 2102 ac
1147 2071 1253 2108 bouis,
1267 2071 1306 2102 ad
1320 2073 1534 2113 episcopalem
1550 2075 1687 2115 dignita-

60 2130 130 2156 tem
156 2125 315 2156 evectus?
330 2123 391 2155 Sed
405 2132 466 2160 me,
484 2123 591 2155 labore
615 2124 741 2155 tandem
770 2123 930 2161 absoluto,
947 2124 1053 2155 dicere
1074 2123 1192 2163 puduit
1208 2135 1216 2154 :
1230 2125 1270 2155 In
1293 2133 1425 2155 vacuum
1449 2124 1601 2163 laboravi,
1617 2126 1685 2157 sine

61 2186 174 2213 causa,
191 2181 221 2207 et
234 2185 311 2206 vane
323 2174 542 2215 fortitudinem
555 2183 652 2204 meam
674 2175 854 2214 consumpsi
869 2176 890 2206 ⁸.

102 2228 407 2263 Verumenimvero,
425 2227 569 2258 eamdem
583 2227 675 2258 ambo
698 2227 858 2258 currimus
874 2228 969 2265 viam,
986 2231 1016 2259 et
1031 2227 1070 2259 ad
1085 2231 1201 2259 sanctae
1224 2227 1334 2259 Matris
1352 2224 1503 2257 Ecclesia)
1519 2225 1684 2257 tendimus

61 2279 331 2320 gloriﬁcationem
345 2281 377 2309 et
392 2277 602 2316 triumphum.
619 2279 683 2309 Nec
696 2278 809 2310 dubito
821 2279 903 2319 quin
915 2279 1018 2311 vivaci
1034 2288 1098 2320 qua
1120 2279 1224 2319 polles
1238 2278 1406 2311 oculorum
1428 2277 1681 2317 perspicacitate,

61 2341 174 2365 naevos
189 2331 343 2364 Wetstini
359 2330 577 2362 translationis
592 2331 768 2370 permultos
783 2333 1061 2370 animadverteris,
1077 2333 1137 2364 etsi
1149 2332 1223 2364 illos
1237 2330 1400 2363 indicandi
1417 2337 1483 2360 non
1498 2329 1681 2368 susceperis

61 2391 185 2418 curam,
199 2385 245 2413 tot
260 2381 334 2412 aliis
345 2381 623 2414 sollicitudinibus
639 2383 783 2415 intentus
803 2395 811 2414 :
832 2393 896 2416 non
912 2384 999 2415 enim
1023 2384 1132 2415 omnia
1147 2391 1319 2424 possumus
1338 2390 1462 2414 omnes.

100 2437 150 2467 En
166 2436 278 2475 igitur,
294 2434 480 2466 doctissime
504 2435 636 2473 Prmsul,
651 2437 691 2468 ad
707 2441 737 2467 te
754 2437 848 2475 redit,
864 2437 957 2468 novis
978 2427 1180 2469 vestimentis
1206 2436 1352 2471 indutus,
1367 2431 1565 2472 apostolicus
1582 2432 1681 2472 virgi-

61 2487 174 2518 nitatis
189 2494 303 2525 praeco,
321 2485 426 2517 dulcis
442 2488 499 2520 ille
516 2490 677 2521 Romanus
692 2489 852 2527 Clemens,
871 2490 1131 2521 beatissimorum
1158 2489 1242 2520 Petri
1260 2492 1292 2520 et
1307 2485 1397 2518 Pauli
1409 2493 1516 2516 comes
1534 2487 1565 2515 et
1580 2484 1681 2515 inter-

60 2547 148 2578 pres,
160 2537 339 2577 primorum
365 2536 619 2571 Christianorum
645 2539 782 2577 deliciaa,
808 2539 1037 2580 incipientium
1051 2543 1083 2571 et
1098 2539 1310 2579 perfecturum
1340 2538 1451 2570 doctor
1466 2540 1496 2568 et
1514 2536 1677 2576 magister,

60 2588 215 2620 Ecclesia)
228 2588 381 2628 sedisque
396 2589 547 2619 Romana)
559 2593 669 2619 vertex
684 2592 715 2619 et
730 2589 842 2619 decus.

101 2636 292 2686 Quidni-cor
305 2645 413 2668 meum
426 2639 561 2676 pandam
573 2638 588 2667 7
603 2637 739 2668 Erubuit
754 2636 899 2668 Pontifex
914 2636 970 2668 ille
986 2640 1106 2674 noster,
1123 2636 1200 2668 dum
1220 2635 1312 2666 illum
1328 2646 1346 2668 a
1358 2636 1499 2668 tenebris
1518 2638 1556 2666 ad
1570 2635 1677 2686 lucem

60 2683 213 2723 heretica.
223 2699 338 2722 manus
350 2691 488 2725 erueret,
504 2687 674 2727 noluitque
689 2691 765 2718 tunc
775 2686 880 2726 qualis
895 2690 979 2717 esset
991 2694 1153 2726 apparere.
1169 2685 1257 2717 Alter
1269 2686 1395 2717 Samuel
1414 2685 1505 2717 alteri
1520 2683 1607 2715 Sauli
1622 2684 1675 2714 di-

60 2752 132 2776 cere
147 2743 239 2775 visus
251 2746 301 2774 est
313 2753 321 2773 :
333 2742 436 2780 Quare
454 2740 638 2781 inquietain
657 2749 704 2771 me
716 2743 753 2771 ut
767 2739 990 2778 suscitarer,...
1007 2748 1076 2770 cum
1086 2738 1238 2770 Dominus
1257 2737 1422 2769 recesserit
1434 2745 1454 2766 α
1470 2740 1498 2766 ιο
1509 2733 1545 2763 ’Ῡ
1566 2733 1675 2764 Enim-

96 2837 105 2854 ί
121 2819 175 2866 Ita:
190 2843 264 2870 nix,
279 2835 307 2864 ι.
341 2833 354 2852 ’¹
375 2835 385 2863 i
401 2834 465 2871 Reg.
484 2842 580 2867 xxvm,
599 2833 643 2867 15,
661 2834 702 2861 id.
