1869 3104
186 171 237 199 5'31
586 167 615 196 S.
632 167 828 197 CLEMENTIS
844 169 854 196 l
870 168 924 197 ROl

1093 162 1208 196 OPERA
1223 161 1387 195 GENUINA‘.
1767 163 1813 192 35'

184 237 274 266 vero,
294 227 369 260 ﬁdei
386 225 556 259 Catholica:
571 225 674 257 hostis
688 225 825 266 gloriam
841 227 1000 266 propriam
1015 226 1178 267 quaesivit,
1195 226 1260 258 imo
1276 224 1429 258 Ecclesia:
1447 223 1722 261 humiliationem,
1742 224 1813 255 dum

183 279 372 310 thesaurum
387 275 612 308 absconditum
631 279 801 307 reseraret.

222 328 312 360 Beati
326 327 458 368 quidem
473 325 649 358 Clementis
663 325 824 365 Epistolas
839 325 880 356 ad
903 326 1056 366 Virgines,
1073 324 1227 356 laudibus
1242 323 1383 361 extulit;
1399 323 1469 359 sed,
1484 332 1558 356 cum
1574 323 1675 355 simul
1697 323 1814 354 imma-

182 379 319 410 culatam
334 377 451 409 Christi
467 383 618 415 sponsam
641 374 799 406 conviciis
815 375 996 414 impeteret,
1013 374 1235 407 adversarium
1257 373 1376 405 Christi
1393 381 1428 404 se
1443 373 1566 412 detegit
1581 377 1613 405 et
1627 373 1814 404 ministrum

181 431 316 465 Satanae,
331 427 388 468 qui
403 425 606 465 transﬁgurat
619 433 654 455 se
671 425 705 455 in
720 424 872 465 angelum
888 424 971 456 lucis
983 425 1004 455 ³.
1429 426 1433 429 ”

221 481 291 511 Non
307 486 420 510 omnes
434 477 491 517 qui
507 477 597 507 extra
613 473 790 505 Ecclesiam
802 479 889 512 sunt,
899 474 1011 506 hostili
1027 482 1155 514 semper
1169 473 1287 513 spiritu
1302 472 1492 513 loquuntur.
1509 474 1525 504 J
1529 473 1627 505 unius
1642 473 1810 512 Patricius,

181 526 499 565 Oxoniensis,.aliam
515 534 645 567 operam
673 528 776 560 sancti
806 528 981 560 Clementis
1002 528 1183 568 publicans,
1201 527 1235 558 in
1253 527 1429 558 Ecclesiam
1446 528 1621 558 Romanam
1637 535 1708 558 non
1723 527 1811 560 inve-

180 581 291 617 hitur;
307 587 380 619 quaa
408 577 564 611 catholica
594 583 724 611 sanctus
740 579 889 611 Clemens
904 589 1032 620 semper
1046 580 1137 618 dicitl
1155 587 1322 619 nunquam
1346 579 1381 610 in
1407 578 1586 610 Catholicos
1621 579 1809 620 detorquet;

180 633 233 664 his
248 639 321 672 quae
347 630 387 661 ad
405 638 514 670 pacem
533 630 767 660 restituendam
793 634 923 661 sanctus
953 629 1100 662 Clemens
1115 629 1247 669 profert,
1273 629 1313 660 ad
1328 629 1524 660 seditionem
1543 628 1806 670 discordiamque

180 682 393 724 spargendam
412 681 531 713 nullibi
546 680 709 717 abutitur;
728 681 761 711 in
779 682 902 712 Petram
928 679 1080 712 Ecclesiaa
1094 680 1257 712 immotam
1272 679 1367 711 inferi
1383 682 1489 719 portas
1505 687 1713 711 commovere
1742 688 1802 711 non

180 737 293 765 tentat.

222 785 359 816 Veniam
371 783 472 822 igitur
482 782 520 813 ab
539 782 691 814 omnibus
710 783 912 820 orthodoxis,
929 783 1107 823 praasertim
1129 791 1204 814 vero
1220 791 1237 814 a
1253 785 1284 813 te
1300 789 1408 822 spero,
1424 780 1615 812 ﬁdelissime
1639 781 1808 818 Praesul,si

178 835 306 866 beatum
318 833 514 866 Clementem
526 832 671 872 virgines
685 833 906 873 alloquentem
928 834 1026 865 novis
1049 833 1225 873 producam
1245 836 1276 864 et
1291 831 1508 872 dignioribus,
1525 831 1707 862 dummodo
1735 831 1806 861 mihi

178 896 241 919 non
258 887 404 923 illudam,
422 884 619 916 ornamentis
635 885 799 918 vestitum.
813 889 844 917 et
862 885 891 917 si
910 895 1042 917 sensum
1057 884 1231 917 verborum
1249 884 1320 925 ejus
1333 892 1352 916 a
1368 882 1526 915 Wetstini
1540 881 1807 919 interpretatione

176 950 308 980 prorsus
324 940 478 975 alienum,
495 945 560 969 non
573 937 673 968 semel
695 946 863 978 usurpem.
1002 964 1004 966 τ

218 993 310 1023 Nunc
325 990 405 1031 quid
422 990 456 1020 in
472 988 530 1019 hac
545 987 765 1027 publicatione
782 988 980 1020 intenderim
997 989 1061 1029 piis
1077 990 1228 1021 omnibus
1244 987 1421 1020 lectoribus
1437 985 1599 1018 declarare
1615 994 1725 1026 operm
1739 994 1807 1026 pre-

177 1043 259 1075 tium
271 1043 398 1083 judico.
413 1041 522 1072 fusius
537 1039 572 1070 in
582 1041 704 1080 praevia
718 1040 945 1072 dissertatione
960 1041 1183 1073 discussurus.

217 1095 336 1125 Doctus
350 1092 476 1128 Binius,
508 1090 566 1130 qui
581 1090 739 1122 scribebat
758 1091 816 1123 diu
830 1095 1003 1132 antequam
1033 1093 1260 1124 invenirentur
1288 1090 1441 1131 Epistolaa
1466 1089 1567 1121 sancti
1583 1089 1759 1121 Clementis
1772 1089 1807 1120 ad

176 1146 336 1185 .l’irgt'nes,
348 1151 504 1183 expresse
524 1143 695 1182 proﬁtetur
711 1152 765 1174 eas
784 1144 967 1181 exstitisse,
979 1147 1206 1186 canonicasque
1220 1145 1322 1176 fuisse
1338 1142 1525 1185 appellatas,
1536 1142 1622 1174 sicut
1635 1142 1806 1182 Epistolam

177 1195 313 1236 primam
332 1194 371 1225 ad
387 1192 585 1229 Corinthios,
603 1193 681 1233 quia
695 1193 726 1224 in
744 1194 889 1225 ﬁdelium
915 1195 1049 1227 coitibus
1065 1195 1266 1236 legebantur.

218 1245 278 1275 Hic
293 1252 352 1284 ego
365 1247 487 1274 tantum
503 1242 607 1276 dicam
623 1245 710 1285 quod
739 1246 766 1276 si
786 1255 840 1277 eas
857 1247 1058 1279 authenticas
1075 1257 1147 1279 esse
1163 1256 1229 1279 non
1258 1247 1393 1278 ﬁrmiter
1409 1245 1601 1283 tenuissem,
1613 1245 1693 1282 imo,
1713 1245 1741 1277 si
1757 1246 1810 1277 mi-

176 1297 303 1328 nimum
317 1295 412 1327 etiam
428 1294 563 1326 dubium
579 1297 618 1328 de
634 1306 745 1329 earum
760 1298 905 1338 genuino
919 1303 1050 1330 auctore
1066 1300 1099 1330 in
1115 1303 1221 1330 mente
1238 1298 1457 1335 remansisset,
1473 1297 1512 1328 ab
1530 1297 1580 1328 eis
1599 1298 1766 1328 vertendis
1780 1302 1809 1329 et

176 1348 368 1389 evulgandis
381 1355 514 1388 prorsus
529 1347 772 1386 abstinuissem,
790 1349 842 1381 vel
858 1349 1000 1381 rationes
1016 1350 1129 1381 saltem
1143 1350 1235 1381 dubii
1247 1350 1310 1380 mei
1327 1349 1565 1388 exposuissem.

216 1401 286 1430 Non
302 1398 447 1430 eamdem
463 1401 548 1429 certe
561 1398 768 1430 securitatem
796 1400 981 1439 exprimere
998 1401 1089 1432 valeo
1104 1400 1188 1432 circa
1204 1409 1318 1432 verum
1340 1407 1473 1431 sensum
1487 1399 1527 1429 ab
1552 1402 1684 1430 auctore
1705 1399 1811 1430 inten-

175 1457 244 1484 tum
262 1463 270 1483 :
287 1460 360 1483 cum
377 1450 463 1482 enim
477 1450 583 1482 adhuc
598 1451 805 1483 desideretur
820 1452 1036 1493 primigenius
1052 1462 1164 1485 earum
1177 1457 1286 1484 textus
1301 1453 1443 1487 Grmcus,
1459 1449 1643 1481 timendum
1657 1453 1708 1481 est
1722 1459 1810 1481 sem-

175 1514 234 1546 per
257 1513 298 1536 ne
328 1503 524 1543 quandoque
553 1504 709 1535 erraverit
736 1505 886 1545 Syriacus
908 1505 1079 1544 interpres.
1099 1506 1137 1537 Ut
1152 1507 1188 1538 ut
1211 1505 1264 1541 sit,
1281 1511 1345 1535 non
1362 1502 1476 1534 dubito
1503 1502 1585 1543 quin
1610 1503 1809 1541 Wetstinus,

176 1557 273 1588 etiam
295 1555 462 1594 Syriacum
483 1557 624 1593 vertens,
640 1555 752 1595 plures
770 1557 841 1596 ipse
857 1557 1019 1588 addiderit
1031 1566 1158 1590 errores
1173 1567 1180 1588 :
1197 1558 1337 1597 ideoque
1356 1564 1420 1587 non
1439 1557 1539 1586 semel
1557 1555 1596 1586 ab
1611 1555 1683 1596 ejus
1699 1558 1808 1587 sensi-

175 1605 237 1635 bus
255 1602 444 1634 exorbitavi.
459 1602 491 1633 Si
511 1607 597 1634 recta
610 1608 640 1635 et
656 1614 797 1645 congrua
811 1605 929 1637 fuisset
945 1606 1102 1638 Wetstini
1117 1607 1349 1644 interpretatio,
1364 1607 1445 1638 nihil
1462 1607 1529 1640 fere
1546 1609 1811 1648 redarguendum

175 1656 308 1687 essetin
323 1654 535 1686 translatione
546 1653 667 1685 Gallica
686 1655 721 1685 D.
740 1655 885 1686 Boistard
901 1656 941 1688 de
957 1657 1137 1698 Prémagny
1152 1667 1161 1687 :
1175 1658 1316 1697 ideoque
1335 1657 1708 1697 noninterpretationem
1724 1660 1810 1700 ejus,

175 1707 232 1738 sed
252 1705 477 1737 annotationes
493 1712 602 1744 carpo.

215 1758 295 1789 Cum
310 1764 386 1788 vero
402 1755 485 1787 nihil
501 1753 650 1786 absolute
662 1757 785 1785 certum
802 1754 842 1785 de
858 1755 1015 1788 ﬁdelitate
1027 1757 1078 1788 vel
1094 1758 1260 1790 erroribus
1286 1759 1501 1800 interpretum
1520 1762 1671 1795 amrmari
1696 1770 1810 1804 queat,

174 1804 306 1840 absente
318 1810 408 1838 textu
423 1804 600 1845 primitivo,
617 1812 675 1835 cur
689 1807 720 1835 et
734 1804 805 1844 ipse
822 1813 937 1837 novam
953 1806 1252 1848 interpretationem
1268 1818 1440 1850 aggressus
1452 1821 1524 1843 sum
1540 1814 1555 1844 τ
1572 1814 1654 1845 Huic
1669 1817 1812 1854 quaesito

173 1859 207 1890 in
221 1859 343 1899 ρνωυία
357 1857 581 1889 dissertatione
597 1855 803 1888 satisfaciam.
822 1858 932 1889 Dicam
948 1862 1056 1891 tamen
1076 1859 1213 1899 plurima
1229 1869 1328 1893 sacrm
1342 1863 1514 1902 Scripturae
1526 1864 1593 1896 loca
1608 1873 1625 1896 a
1641 1866 1814 1899 Wetstino

173 1914 228 1941 aut
244 1917 308 1941 non
323 1908 425 1939 fuisse
441 1907 559 1948 agnita,
576 1910 631 1938 aut
648 1907 730 1938 male
747 1907 873 1939 reddita
888 1908 990 1940 fuisse
1013 1918 1021 1938 :
1039 1910 1185 1949 quamvis
1202 1910 1235 1942 id
1249 1912 1374 1944 crcditu
1389 1913 1520 1945 diﬂicile
1539 1915 1638 1946 videri
1654 1922 1756 1956 queat
1774 1919 1811 1950 de

172 1960 245 1990 viro
261 1963 324 1990 tam
341 1959 399 1990 diu
414 1958 447 1989 in
465 1959 565 1990 sacris
578 1959 696 1991 litteris
712 1964 853 1992 versato.
870 1961 943 1999 Sed,
961 1961 989 1992 si
1005 1961 1073 1993 haec
1088 1962 1157 1994 loca
1169 1964 1310 2003 agnovit,
1325 1973 1383 1996 cur
1392 1973 1595 1998 communem
1609 1968 1705 1999 etiam
1722 1972 1811 2010 apud

173 2018 251 2040 suos
266 2008 565 2048 interpretationem
589 2009 787 2049 abjudicavit
802 2011 817 2040 ?
835 2011 969 2043 Errores
988 2012 1145 2043 Wetstini
1172 2013 1390 2046 aberrationes
1406 2016 1599 2048 traductoris
1617 2008 1810 2052 Gallici—in-

173 2062 350 2093 duxerunt.

211 2112 374 2163 Praacipua
391 2111 491 2151 igitur
505 2112 584 2163 mihi
610 2121 689 2143 cura
712 2112 862 2145 incubuit
879 2118 925 2152 ut,
940 2116 975 2147 in
991 2115 1050 2147 hac
1065 2116 1148 2149 silva
1163 2117 1370 2157 densissima,
1385 2121 1513 2152 divinas
1525 2122 1713 2163 detegerem
1732 2134 1810 2158 sen-

171 2162 289 2192 tentias
306 2170 426 2201 easque
438 2161 687 2194 manifestarem.
705 2163 754 2194 An
771 2167 894 2195 rectum
910 2165 971 2196 iter
984 2167 1159 2204 tenuerim,
1171 2167 1297 2208 judicet
1310 2169 1385 2208 pius
1400 2179 1436 2201 ac
1452 2161 1742 2209 eruditus—lector,
1763 2176 1811 2206 in-

172 2211 286 2252 primis
300 2215 405 2242 textus
422 2211 648 2243 antecedentes
664 2215 940 2253 consequentibus
951 2216 1122 2256 jungendo
1151 2223 1182 2250 et
1201 2221 1426 2259 comparando.
1445 2221 1641 2254 Dialectices
1659 2224 1752 2256 enim
1766 2235 1811 2258 re-

172 2261 266 2302 gulas
294 2270 358 2293 non
387 2262 555 2302 ignorabat
579 2267 711 2294 sanctus
751 2264 915 2304 Clemens,
946 2276 1005 2299 nec
1036 2270 1178 2309 supponi
1210 2271 1306 2302 debet
1334 2276 1443 2303 contra
1465 2272 1539 2304 illas
1568 2273 1718 2308 voluisse
1744 2278 1810 2309 dis-

172 2322 295 2344 serere.

209 2358 376 2419 Praeterea,
392 2372 436 2419 ne
453 2372 558 2419 unum
574 2364 707 2404 quidem
723 2369 846 2398 textum
862 2376 985 2400 novum
997 2369 1177 2409 introduxi,
1193 2372 1249 2404 sed
1264 2381 1395 2413 semper
1409 2377 1565 2410 Wetstini
1581 2379 1808 2419 interpr-emno

171 2414 278 2446 oculis
292 2415 373 2446 meis
387 2415 531 2455 subjecta
548 2420 608 2453 est,
624 2417 701 2449 dum
717 2418 916 2459 irregulares
931 2425 962 2452 et
984 2427 1144 2455 contortas
1165 2424 1235 2464 ejus
1251 2425 1433 2460 locutiones
1451 2431 1643 2462 rectitudini
1665 2414 1808 2463 naturali

171 2465 392 2496 restituebam.
412 2467 477 2520 l‘lec
491 2465 618 2520 primus
635 2468 719 2499 viam
736 2469 818 2501 hanc
835 2470 1004 2510 ingressus
1016 2481 1088 2504 sum
1113 2483 1120 2504 :
1139 2474 1233 2506 multi
1250 2475 1337 2507 enim
1359 2481 1432 2509 ante
1448 2487 1511 2517 me,
1529 2479 1564 2510 in
1594 2479 1809 2520 antiquorum

172 2518 342 2570 auctorum
349 2516 574 2570 explicatione,
588 2520 738 2558 audaces,
750 2525 786 2552 ut
800 2522 848 2553 sic
864 2523 990 2563 loquar,
1003 2524 1205 2564 conjecturas
1217 2527 1411 2567 emiserunt,
1422 2537 1495 2569 quaa
1513 2536 1637 2570 postea,
1648 2516 1688 2562 ab
1699 2532 1809 2564 omni-

172 2565 233 2597 bus
245 2566 400 2623 Ieruditis,
421 2571 456 2598 ut
474 2570 625 2601 veritates
652 2571 858 2604 inconcussas
874 2578 1010 2614 recepta)
1025 2581 1111 2607 sunt.
1125 2578 1192 2616 Ego
1208 2586 1284 2609 vero
1304 2565 1480 2618 rarissime,
1496 2565 1555 2612 nec
1565 2565 1673 2613 forsan
1689 2584 1806 2621 semel,

172 2621 271 2671 meris
282 2621 418 2649 innixus
435 2627 508 2650 sum
519 2621 736 2661 conjecturis;
757 2624 826 2661 sed,
842 2628 877 2655 ut
898 2624 1088 2664 plurimum,
1104 2635 1179 2666 pars
1200 2628 1345 2667 quwdam
1360 2633 1468 2662 textus
1479 2632 1583 2671 agniti
1597 2633 1637 2663 ad
1656 2634 1807 2667 notitiam

172 2669 289 2721 partis,
305 2678 371 2721 prae
386 2671 578 2703 confusione
596 2673 769 2706 verborum
785 2675 916 2715 ignotae,
934 2685 983 2707 me
1010 2677 1158 2709 deduxit.
1172 2678 1204 2709 Si
1222 2677 1290 2710 fere
1312 2679 1434 2721 ubique
1449 2669 1547 2712 verba
1568 2682 1728 2714 Wetstini
1755 2686 1808 2716 ab-

172 2719 365 2776 dicaverim,»
377 2721 473 2776 etiam
501 2725 631 2762 quando
648 2726 755 2766 ipsius
773 2727 888 2759 sensui
904 2729 1039 2766 stabam,
1057 2729 1178 2760 nedum
1196 2719 1504 2772 adversam—potius
1525 2740 1649 2764 morem
1667 2734 1735 2774 ipsi
1754 2745 1807 2776 ge-

171 2781 258 2823 rere,
271 2773 465 2807 existimavi.
489 2777 543 2808 Sic
558 2779 646 2810 enirn
662 2780 810 2821 loquitur
822 2780 856 2812 in
868 2789 1002 2813 suorum
1017 2782 1274 2823 Prolegomenon
1290 2785 1502 2817 conclusione
1520 2794 1527 2814 :
1541 2795 1558 2814 κ
1572 2773 1806 2819 Conversionis

171 2819 294 2857 Latina;
317 2825 393 2857 vitia
407 2830 439 2858 et
454 2827 684 2870 iuelegantiam
702 2819 863 2874 benignus
894 2834 994 2866 lector
1017 2819 1212 2868 condohabit
1235 2837 1362 2870 homini
1384 2838 1418 2870 in
1434 2846 1533 2878 opere
1560 2846 1648 2871 novo
1671 2843 1704 2870 et
1727 2839 1805 2871 satis

207 2899 218 2916 ⁸
231 2899 252 2928 ΙΙ
268 2900 332 2930 Cor.
351 2909 390 2937 xi,
408 2903 452 2930 Η.
