1869 3104
78 178 123 205 3Ϊῦ
520 174 698 203 EPISTOLE
717 175 759 202 AD
777 175 816 202 νυ

943 197 947 205 .
961 192 997 198 --
1012 176 1194 205 ΡΒΟΟΕΜΙΑ.
1628 176 1681 205 353

80 233 201 266 molesm
214 239 323 272 parum
339 234 523 268 exercitato,
546 236 577 264 et
592 233 770 264 amicorum
793 234 889 265 etiam
905 234 1064 270 consiliis,
1077 235 1154 266 licet
1168 234 1315 274 undique
1330 234 1495 273 expetitis,
1510 234 1678 266 destituto.

77 285 225 323 Quosdam
241 284 335 314 etiam
350 283 408 323 qui
423 282 459 314 in
476 284 600 312 textum
611 282 784 321 'Syriacum
802 282 1001 322 irrepserunt
1017 292 1199 320 errores...,
1217 284 1314 315 etiam
1341 291 1392 314 me
1420 292 1485 314 non
1511 288 1676 322 monente,

79 334 161 366 facile
173 333 319 374 corriget.
339 345 354 362 ι

116 394 212 425 Prima
226 393 323 433 hujus
339 392 401 424 loci
416 394 510 426 verba
529 393 685 425 Wetstini
713 394 902 426 modestiam
934 395 1175 429 commendant:
1200 395 1378 436 posteriora
1396 405 1469 437 quae
1495 405 1560 429 non
1589 398 1683 429 intel-

82 443 186 474 lexerit
202 447 256 474 aut
271 443 462 483 neglexerit,
475 444 679 475 conﬁtentur.
692 444 883 476 Modestiam
903 444 1018 482 laudo;
1035 445 1215 476 tenebrosis
1232 445 1325 484 locis,
1341 451 1497 486 quantum
1512 447 1544 478 in
1555 456 1605 478 me
1622 453 1681 486 est,

80 494 171 524 lucem
185 492 302 531 aﬂ‘ero;
328 493 570 533 negligentiam,
593 495 621 526 si
634 503 706 535 quae
720 495 830 534 fuerit,
847 504 993 535 reparare
1010 505 1119 528 conor.
1136 498 1252 529 Nonne
1278 499 1325 529 sic
1340 499 1496 530 Wetstini
1523 499 1606 531 votis
1628 500 1684 531 ob-

79 546 209 582 tempero
222 544 238 573 ‘I

111 607 239 638 Omnem
260 606 328 638 fere
344 614 525 638 sermonem
542 615 638 638 suum
655 609 784 637 sanctus
805 606 952 638 Clemens
968 616 985 638 e
998 607 1142 640 fontibus
1166 610 1266 641 sacris
1280 610 1471 648 desumpsit.
1488 611 1592 643 Nullis
1608 621 1684 653 ergo

78 656 226 687 laboribus
252 666 398 697 parcens,
425 656 556 687 eosdem
581 656 686 687 fontes
714 656 845 688 assidue
861 657 960 693 adivi.
978 666 1072 698 quos,
1085 660 1194 698 utjam
1215 660 1336 692 dictum
1358 667 1418 700 est,
1442 664 1627 696 Wetstinus
1643 675 1683 697 ne

79 705 244 744 suspicatus
268 706 401 745 quidem
421 705 523 737 fuisse
551 706 691 738 videtur.
718 706 807 737 Unde
833 710 940 737 textus
960 707 1141 746 deprompti
1164 708 1296 747 fuerint,
1317 710 1384 742 fere
1413 712 1536 753 ubique
1561 715 1682 751 notavi,

78 753 175 784 saltem
190 754 320 794 quando
338 754 463 794 phrasis
479 754 557 786 satis
570 755 693 794 integra
711 754 858 794 apparuit
873 766 880 784 :
895 763 959 786 non
975 755 1062 786 enim
1079 756 1270 789 vocabulum
1292 763 1463 800 quodlibet
1487 774 1613 797 sacrum
1630 767 1684 798 in-

78 805 164 836 dicari
178 806 301 844 debuit,
317 815 358 837 ne
370 806 550 838 innumerae
566 805 670 838 forent
685 810 778 837 noue.
792 806 982 837 Versionem
998 806 1160 847 adoptavi,
1176 817 1241 840 non
1251 812 1458 854 Septuaginta
1469 817 1684 856 Interpretum

77 863 123 890 aut
148 858 280 890 alterius
314 859 460 899 cujusvis
477 858 688 895 traductoris;
707 858 764 890 sed
780 857 934 897 Vulgata),
954 858 1015 888 etsi
1039 858 1183 890 nondum
1212 864 1355 901 tempore
1383 866 1484 896 sancti
1510 866 1683 898 Clementis

77 912 222 942 existeret.
239 912 320 948 lmo,
336 913 370 942 in
385 910 507 942 caeteris
522 909 615 946 locis,
632 907 870 949 quandolibera
886 907 966 938 mihi
982 911 1105 947 poterat
1121 917 1193 940 esse
1209 910 1380 944 verborum
1396 913 1482 945 idem
1497 915 1682 956 signiﬁcan-

76 962 147 993 tium
161 961 287 999 electio,
305 961 431 1001 praetuli
446 960 514 991 fere
530 967 658 998 semper
671 966 766 990 voces
782 966 800 989 a
815 958 951 998 Vulgata
971 962 1185 990 consecratas.

109 1024 213 1055 Lector
227 1026 370 1056 attentus
389 1028 421 1054 et
436 1022 599 1062 prudens,
615 1021 710 1052 modo
727 1019 898 1060 primitivaa
911 1019 1063 1051 Ecclesia;
1080 1021 1236 1061 tantisper
1252 1023 1365 1056 calleat
1382 1026 1552 1064 spiritum,
1567 1035 1680 1058 move-

76 1073 151 1104 bitur
163 1073 217 1104 has
236 1074 376 1114 legendo
395 1073 572 1112 Epistolas,
590 1072 781 1103 extrinsecis
799 1080 881 1111 quas
901 1071 1039 1111 praabent
1054 1072 1306 1107 authenticitatis
1323 1077 1590 1116 probationibus,
1608 1088 1683 1110 sen-

76 1123 184 1164 tietque
198 1133 295 1165 quam
311 1124 446 1155 insulsae
463 1124 598 1164 viroque
617 1122 704 1162 gravi
726 1122 868 1162 indignae
886 1122 951 1153 sint
965 1123 1184 1155 cavillationes
1200 1126 1237 1156 D.
1256 1126 1296 1157 de
1311 1128 1498 1169 Prémagny.
1516 1129 1590 1160 Sine
1606 1128 1682 1161 fuco

75 1178 123 1205 aut
136 1175 313 1206 ambitiosis
329 1175 525 1206 ornamentis
542 1177 686 1205 sanctum
701 1174 895 1210 Pontiﬁcem,
914 1173 1030 1212 spiritu
1047 1175 1224 1214 apostolico
1242 1177 1373 1215 plenum
1386 1201 1394 1215 ,
1409 1179 1553 1211 locutum
1566 1180 1683 1217 fuisse.

75 1235 158 1260 nemo
171 1227 310 1268 partium
326 1228 433 1260 studio
452 1227 577 1259 alienus
588 1248 598 1264 ,
614 1225 820 1256 inﬁciabitur.
836 1226 919 1256 Hinc
934 1225 1047 1256 doctus
1061 1227 1180 1257 Junius
1196 1228 1351 1259 Patricius
1361 1229 1426 1268 jam
1443 1229 1596 1261 odoratus
1611 1230 1684 1262 fue-

75 1283 115 1310 rat
129 1280 396 1312 authenticitatem
413 1281 524 1320 primas
541 1279 642 1312 sancti
657 1278 830 1311 Clementis
846 1278 998 1317 Epistolas
1011 1279 1049 1310 ad
1065 1280 1260 1312 Corinthios.

108 1340 221 1371 Monita
234 1349 310 1381 quas
325 1340 505 1379 virginibus
520 1341 657 1378 dantur,
673 1349 691 1371 a
706 1340 879 1380 Scripturis
898 1340 1013 1378 sacris,
1030 1344 1065 1373 ut
1077 1340 1143 1382 jam
1159 1341 1248 1377 dixi,
1265 1342 1322 1373 sed
1337 1343 1512 1382 prmsertim
1526 1352 1544 1375 a
1559 1345 1687 1386 scriptis

75 1390 279 1428 apostolorum
295 1393 327 1421 et
342 1391 631 1431 evangelistarum,
648 1393 819 1422 eruuntur.
836 1390 884 1421 Ad
901 1391 1032 1423 eosdem
1055 1392 1249 1432 quandoque
1277 1393 1447 1424 revertitur
1470 1402 1586 1425 sensus
1610 1395 1684 1434 pius

77 1440 209 1472 Pontifex
226 1452 234 1472 :
250 1444 316 1472 tam
330 1442 444 1472 ardens
460 1445 507 1472 est
521 1441 591 1481 ejus
613 1440 812 1471 desiderium
833 1440 1014 1480 virginibus
1030 1441 1100 1472 suis
1122 1441 1302 1481 inspirandi
1323 1450 1463 1473 amorem
1485 1442 1638 1475 virtutum
1653 1448 1686 1475 et

82 1491 223 1523 vitiorum
243 1491 428 1523 horroreml
444 1492 584 1532 Oblique
604 1491 790 1532 perstringit
807 1491 1003 1523 Christianos
1019 1492 1220 1533 hypocritas,
1245 1493 1302 1533 qui
1327 1494 1470 1526 carnales
1487 1503 1604 1526 sensus
1625 1496 1687 1527 sub

79 1541 257 1573 vestimento
281 1542 410 1582 pietatis
438 1541 657 1578 occultabant;
682 1540 841 1580 praecipue
865 1549 940 1572 vero
965 1541 1100 1580 perfidos
1122 1541 1289 1573 haereticos
1312 1542 1370 1582 qui
1388 1542 1454 1582 jam
1474 1547 1551 1574 tunc
1574 1543 1685 1575 Eccle-

77 1591 149 1622 siam
163 1592 359 1628 lacerabant,
376 1600 523 1632 quosque
537 1591 651 1631 pagani
668 1590 787 1630 smpius
802 1590 1040 1622 confundebant
1054 1599 1127 1622 cum
1141 1591 1227 1622 veris
1244 1590 1361 1622 Christi
1376 1592 1559 1633 discipulis.

106 1653 159 1683 His
172 1651 384 1691 temporibus,
396 1652 666 1692 quemadmodum
682 1651 789 1687 hodie,
803 1651 937 1682 castitati
951 1660 985 1682 se
998 1651 1197 1683 devovebant
1213 1651 1352 1691 duplicis
1371 1654 1498 1692 generis
1514 1663 1661 1693 persona;
1677 1666 1686 1686 :

75 1704 177 1743 primo,
189 1704 247 1744 qui
261 1704 304 1735 ad
319 1702 535 1734 ministerium
552 1710 675 1733 sacrum
691 1701 902 1738 vocabantur;
918 1702 1036 1733 deinde
1052 1703 1108 1741 qui
1127 1702 1160 1732 in
1174 1702 1294 1733 saculo
1309 1708 1525 1741 remanentes,
1538 1704 1686 1736 homines

74 1755 118 1786 vel
132 1755 278 1791 femina,
296 1754 336 1785 ad
353 1753 581 1793 perfectionem
607 1751 823 1791 evangelicam
842 1751 1025 1782 tendebant.
1043 1751 1208 1782 Prioribus
1230 1756 1359 1783 sanctus
1378 1752 1526 1784 Clemens
1542 1762 1686 1785 comme-

74 1809 162 1837 morat
176 1804 357 1837 vocationis
376 1803 626 1837 sublimitatem.
643 1810 684 1833 ne
699 1801 854 1841 degeneri
866 1802 1110 1833 conversatione
1133 1802 1220 1833 illam
1239 1803 1433 1842 deprimant.
1462 1805 1511 1841 Et,
1529 1806 1685 1844 quoniam

75 1853 224 1885 humilitas
240 1856 352 1885 custos
367 1856 415 1884 est
428 1852 502 1883 vitae
516 1850 670 1890 angelicae
685 1859 780 1890 quam
799 1851 917 1881 ducere
931 1850 1049 1881 debent
1064 1852 1242 1890 prasserlim
1255 1851 1372 1882 Christi
1390 1853 1542 1890 ministri,
1555 1859 1686 1886 sanctus

74 1904 208 1935 Pontifex
222 1903 410 1944 superbiam
421 1923 429 1938 ,
445 1909 641 1941 quacunque
659 1909 693 1931 se
718 1903 818 1931 vertat
833 1903 864 1931 et
879 1900 1051 1931 abscondat
1062 1922 1070 1936 ,
1087 1903 1311 1941 persequitur,
1327 1902 1464 1942 ejusque
1481 1904 1616 1936 latebras
1630 1906 1686 1936 de-

74 1956 142 1994 tegit
155 1956 188 1986 in
204 1954 451 1995 praedicatione,
468 1952 676 1988 exorcismis,
692 1951 881 1992 cmterisque
899 1951 1022 1983 actibus
1039 1952 1135 1984 etiam
1150 1954 1374 1987 sanctissimis.
1390 1956 1469 1988 Cum
1482 1952 1592 1989 autem
1605 1967 1686 1998 prin.

73 2008 202 2046 sumptio
219 2016 255 2038 ac
271 2005 438 2037 temeritas
459 2004 616 2044 plurimos
630 2004 665 2035 in
679 2004 895 2043 perditionem
914 2004 1105 2036 induxerint
1116 2027 1124 2042 ,
1141 2009 1307 2040 cautiones
1329 2008 1473 2048 suggerit
1491 2010 1610 2049 quibus
1625 2020 1685 2051 pe-

73 2058 201 2089 riculum
215 2057 391 2089 devitetur.

105 2118 264 2159 Utrisque,
282 2118 319 2150 id
333 2118 381 2148 est
395 2114 521 2147 clericis
536 2117 567 2145 et
586 2114 767 2154 virginibus
786 2114 817 2145 in
835 2115 954 2146 saeculo
971 2114 1175 2155 degentibus,
1192 2120 1227 2148 ut
1246 2121 1390 2149 sanctum
1406 2119 1553 2151 timorem
1568 2121 1685 2152 animis

73 2174 174 2198 eorum
189 2166 338 2203 incutiat,
351 2165 474 2204 lapsum
490 2163 620 2194 exhibet
635 2164 847 2202 quarumdam
865 2164 1086 2196 columnarum
1098 2174 1170 2205 qua;
1182 2166 1382 2198 inconcussas
1397 2171 1427 2199 et
1443 2168 1584 2201 immota)
1596 2170 1684 2202 credi

73 2220 218 2254 poterant.
236 2217 295 2248 Eis
307 2220 413 2247 tamen
429 2216 570 2247 animum
586 2216 692 2252 addit,
710 2225 889 2248 memorans
908 2217 1025 2257 gratias
1046 2218 1343 2259 protectionemque
1361 2228 1378 2250 a
1391 2219 1470 2252 coelo
1494 2226 1684 2261 praeparatas

71 2266 228 2298 animabus
243 2265 347 2298 cautis
361 2274 397 2297 ac
413 2265 637 2304 prudentibus.
1314 2296 1320 2302 ,
1658 2284 1660 2287 τ

108 2325 305 2360 Wetstinus,
320 2324 376 2365 qui
392 2327 475 2355 certe
491 2323 614 2355 laudari
631 2329 771 2356 meretur
785 2326 873 2366 quod
890 2326 992 2358 sancti
1009 2327 1182 2359 Clementis
1196 2329 1348 2368 epistolas
1373 2340 1439 2363 non
1463 2332 1684 2371 depravaverit

70 2374 180 2406 absona
196 2374 358 2414 elegantia
369 2382 441 2414 quae
453 2382 584 2404 sensum
599 2383 709 2406 earum
725 2375 936 2407 intervertere
952 2377 1121 2415 potuisset,
1135 2378 1364 2418 negligentiam
1381 2381 1544 2413 interdum
1559 2392 1612 2414 eas
1627 2384 1684 2415 de-

72 2423 266 2456 decorantem
284 2425 431 2463 admisit,
448 2434 521 2465 qua:
537 2426 674 2457 multum
690 2435 806 2458 nocere
821 2427 933 2459 debuit
948 2428 1090 2467 ipsarum
1105 2430 1298 2462 auctoritati.
1316 2432 1406 2464 Adeo
1424 2442 1533 2472 parum
1558 2435 1683 2465 curavit

71 2476 260 2516 conjungere
283 2478 424 2509 auctoris
438 2478 490 2509 sui
506 2479 735 2518 cogitationes,
753 2483 788 2510 ut
805 2489 859 2511 eas
878 2481 987 2520 potius
1014 2480 1201 2521 disjungere
1226 2483 1392 2516 studuisse
1414 2485 1573 2517 videatur.
1594 2487 1680 2518 Nihil

71 2528 167 2557 tamen
181 2527 313 2559 facilius
329 2531 394 2559 erat
413 2538 508 2570 quam
524 2531 676 2570 phraseos
689 2532 846 2572 regularis
862 2533 1068 2564 constructio.

103 2589 202 2621 Venia
217 2591 301 2622 mihi
316 2592 508 2624 concedatur
522 2594 550 2624 si
567 2593 707 2625 laborem
728 2595 852 2625 viribus
873 2594 953 2626 forte
969 2595 1049 2626 meis
1074 2596 1275 2636 superiorem
1297 2598 1539 2638 assumpserim.
1557 2600 1680 2630 Homo-

71 2646 180 2680 nymus
193 2643 283 2674 filius
297 2644 420 2675 Patrem
444 2645 602 2677 honorare
620 2646 730 2678 voluit.
747 2649 902 2679 Praeterea
917 2648 1036 2687 sapius
1058 2648 1141 2680 clare
1164 2650 1313 2689 exprimit
1332 2651 1444 2681 beatus
1469 2651 1617 2683 Clemens
1631 2659 1682 2682 sa-

71 2699 299 2728 cramentorum
318 2696 469 2729 Ecclesia)
485 2706 579 2728 usum
591 2721 599 2736 ,
614 2702 790 2737 praesertim
808 2699 922 2730 divine
936 2699 1158 2738 Eucharistim,
1176 2710 1338 2741 SﬂCl‘thllO
1357 2702 1593 2743 exomologesis
1608 2711 1681 2742 pec-

71 2750 227 2784 catorum:
243 2748 465 2781 intemeratam
481 2750 608 2782 extollit
622 2751 837 2791 virginitatem
853 2752 1049 2784 beatissimaa
1063 2754 1183 2792 Maria),
1197 2763 1268 2794 quaa
1283 2753 1352 2785 C(eli
1369 2754 1541 2785 Dominum
1557 2761 1681 2793 gremio

71 2804 127 2828 suo
141 2801 268 2838 gestare
284 2799 413 2831 meruit.
436 2801 558 2831 Pectori
575 2809 647 2831 meo
661 2801 765 2832 dulcis
783 2805 849 2833 erat
864 2803 1068 2842 reproductio
1082 2804 1178 2844 hujus
1195 2804 1334 2844 antiquae
1353 2804 1423 2835 fidei
1442 2805 1592 2835 Romana)
1606 2812 1679 2843 quae

71 2854 191 2887 semper
199 2849 313 2881 eadem
321 2849 396 2887 fuit,
406 2856 454 2882 est
469 2854 499 2881 et
509 2850 581 2882 erit.
591 2852 738 2883 Sanctum
748 2852 942 2884 Clementem
958 2861 1063 2884 amare
1079 2854 1172 2885 debet
1187 2854 1301 2890 Gallia,
1311 2862 1383 2893 qua:
1396 2853 1435 2884 ab
1451 2853 1521 2892 ipso
1536 2852 1679 2892 suscepit

74 2896 176 2935 plures
191 2899 353 2932 antistites
371 2910 460 2940 suos,
475 2911 716 2942 generososque
734 2908 899 2944 martyres.
913 2906 1013 2936 Nemo
1028 2909 1134 2938 autem
1152 2913 1225 2937 eum
1243 2902 1315 2944 plus
1334 2904 1470 2944 diligere
1483 2913 1521 2937 ac
1533 2903 1677 2936 venerari
