1869 3104
190 156 244 184 535
580 158 609 186 S.
627 157 825 186 CLEMENTIS
841 158 851 185 Ι
869 157 953 187 ROM.
969 157 1073 186 PONT.
1092 157 1206 186 OPERA
1222 156 1386 186 GENUINA.
1758 160 1806 188 356

189 215 285 247 debet
298 223 394 254 quam
408 214 584 255 episcopus
598 216 656 256 qui
672 216 758 248 claro
777 216 848 256 ejus
864 217 995 248 nomine
1009 217 1196 256 insignitur,
1209 217 1334 257 quique
1348 223 1518 248 successor
1532 219 1580 248 est
1594 217 1699 248 sancti
1714 217 1808 258 hujus

190 265 357 305 Eutropii,
377 266 521 306 episcopi
541 270 572 298 et
593 267 760 308 martyris,
779 277 877 308 quem
898 267 938 299 ad
958 268 1228 309 evangelizandos
1251 267 1407 299 Santones
1431 266 1544 298 beatus
1565 266 1717 299 Clemens
1741 268 1807 307 ipse

189 315 332 346 miserat.

229 364 341 395 Latine
354 363 541 406 Galliceque
558 364 644 397 hunc
657 365 774 397 librum
791 366 900 404 edidi;
918 374 982 398 non
1000 366 1088 398 enim
1111 374 1169 406 pro
1188 365 1268 396 solis
1286 364 1497 405 popularibus
1511 365 1593 398 meis
1613 366 1808 405 scribebam,

189 414 246 445 sed
263 423 321 454 pro
336 414 488 448 omnibus
502 414 596 446 etiam
612 417 772 448 extraneis
781 417 900 458 quibus
910 417 977 448 1]th
991 417 1086 448 lectio
1104 418 1257 457 prodesse
1270 420 1403 457 poterat.
1417 416 1572 448 Caeterum
1589 418 1807 449 necessarium

188 470 256 497 erat
276 475 440 506 opponere
458 466 660 499 translationi
676 469 820 500 confusas
834 468 989 500 Wetstini
1012 473 1135 500 textum
1160 468 1283 501 clarum
1304 472 1336 499 et
1350 468 1507 499 lucidum.
1530 468 1656 499 Utinam
1673 468 1808 499 aediﬁca-

188 516 278 548 tione
301 521 332 548 et
357 518 607 551 sanctiﬁcatione
625 521 771 552 omnium
787 520 944 553 lectorum
971 522 1059 553 Deus
1074 521 1225 561 Optimus
1248 520 1410 552 Maximus
1426 519 1599 559 adimpleat
1614 520 1724 551 cordis
1746 522 1805 552 mei

187 565 351 596 desideria
369 567 377 596 l

227 613 368 653 EPistoln
385 614 464 653 hinc,
480 617 624 651 Antistes
639 622 772 660 optime,
788 622 917 662 longior
933 622 1100 662 apparebit
1113 621 1321 662 quibusdam,
1338 621 1515 660 prmertim
1525 621 1674 662 longiore
1687 621 1807 654 disser-

186 664 308 716 tatione
335 674 408 698 eam
443 668 674 710 subsequente.
701 673 810 711 Aliud,
834 682 941 714 spero,
964 674 1127 714 judicium
1157 674 1230 712 erit,
1250 676 1450 706 momentum
1475 671 1573 712 hujus
1589 671 1666 702 libri
1685 672 1807 711 ponde-

186 716 298 748 rantis.

225 765 258 795 Si
273 766 353 806 quid
369 767 404 798 in
420 768 481 800 hoc
494 777 604 808 opere,
623 771 718 802 velin
735 771 810 803 aliis
826 771 1100 811 publicationibus
1114 772 1208 810 meis,
1221 772 1329 804 minus
1343 776 1490 805 exactum
1508 773 1558 804 vel
1569 772 1804 810 orthodoxam,

185 820 295 848 contra
311 818 521 857 voluntatem,
532 819 611 850 mihi
629 820 773 859 elapsum
785 820 895 858 fuerit,
913 821 974 852 hoc
990 825 1093 852 totum
1109 821 1248 862 subjicio
1264 823 1454 854 correctioni
1475 827 1590 854 sanctas
1617 823 1730 854 Matris
1751 824 1806 853 Ec-

184 868 291 900 clesim
307 870 466 907 Romanae,
483 869 630 911 sacrique
645 870 736 902 illius
755 872 906 910 Verticis,
921 871 1043 913 quibus
1059 871 1204 912 spondeo
1217 880 1253 904 ac
1264 872 1341 913 juro
1356 874 1572 906 omnimodam
1589 884 1626 907 ac
1636 875 1804 912 sinceram.

183 918 297 960 intimo
314 929 354 952 ex
367 922 474 959 corde,
489 923 674 955 ﬁdelitatem
691 928 722 955 et
736 924 965 956 obedientiam.

222 968 286 1004 Qui
301 969 380 1000 mihi
394 971 561 1010 inspiravit
576 976 610 1003 ut
622 972 682 1004 hoc
693 982 776 1013 opus
791 973 849 1005 tibi
877 974 1071 1011 dedicarem,
1085 974 1205 1006 Prtesul
1219 975 1436 1015 ornatissime,
1456 978 1555 1016 Deus,
1571 977 1722 1010 omnium
1737 977 1804 1009 fons

183 1016 352 1056 bonorum,
367 1020 498 1059 spiritui
514 1025 571 1053 tuo
586 1021 809 1055 indesinenter
822 1024 918 1061 adsit,
933 1027 1031 1065 teque
1056 1025 1116 1056 diu
1130 1024 1283 1057 Ecclesia;
1297 1025 1408 1065 decus,
1425 1028 1570 1060 ﬁdelium
1600 1029 1715 1062 lumen
1735 1029 1803 1060 ani-

184 1076 318 1107 marum,
334 1075 366 1102 et
381 1072 558 1104 Prmsulum
573 1074 751 1114 exemplar,
768 1076 966 1108 incolumem
982 1081 1101 1109 servet.

222 1122 312 1153 Tuus
327 1123 360 1154 in
378 1124 505 1156 Christo
521 1128 554 1156 et
569 1124 669 1156 Maria
682 1124 923 1157 addictissimus
936 1135 1064 1165 servus,

1328 1204 1349 1241 ἰ-
1371 1203 1476 1235 CLEM
1481 1203 1564 1240 ENS,

1079 1279 1247 1303 EPISCOPUS
1277 1280 1486 1302 RUPBLLENSIS
1514 1279 1556 1301 ΒΤ
1578 1278 1802 1301 SANTONEISIS.

393 1339 535 1365 Scribebam
545 1340 667 1372 Rupellie,
681 1340 723 1365 die
732 1342 816 1366 octava
825 1340 963 1366 Natlvttatls
975 1341 1002 1367 Β.
1016 1342 1048 1367 ll.
1059 1342 1089 1368 ν.
1102 1342 1171 1368 1851.

190 1432 1796 1447 —__—_—____

757 1504 812 1542 DE
834 1507 990 1542 DUABUS
1014 1509 1221 1541 EPISTOLIS
1280 1514 1287 1518 '

358 1599 694 1657 SANG'I‘I
731 1597 1235 1657 CLEMENTIS
1261 1597 1632 1656 ROMANI

791 1714 866 1758 AD
900 1712 1188 1759 VIRGINES

587 1817 1065 1876 DISSERTATIO
1103 1817 1259 1874 ΡΒᾸΕ
1268 1817 1388 1878 VIA

220 1933 257 1964 In
290 1939 354 1972 qua
369 1929 564 1971 expenditur
589 1938 702 1961 earum
731 1927 961 1960 authenticitas
985 1931 1016 1998 ett
1036 1927 1232 1960 refelluntur
1255 1928 1454 1969 objectiones
1478 1937 1552 1969 quas
1571 1928 1649 1962 huic
1663 1938 1768 1971 oppo-

924 1976 993 1998 nun
1009 1976 1060 1998 ur.

924 1976 1060 1999 nuntur.

318 2137 402 2157 IA'I‘IO
421 2137 496 2158 110νῶ
515 2137 597 2158 HUIUS
608 2137 821 2158 PUBLICATIOIIS.

213 2221 264 2249 Diu
286 2221 439 2250 desideravi
453 2226 481 2249 et
498 2221 612 2256 quaesivi
631 2221 700 2249 duas
714 2221 802 2250 sancti
816 2220 965 2250 Clementis

178 2265 295 2294 Romani
337 2266 472 2302 Epistolas
509 2266 543 2293 ad
571 2265 696 2302 Virgines
715 2287 724 2300 ,
763 2274 824 2302 quas
860 2267 965 2294 sincqu

177 2313 353 2348 praecedenti,
388 2311 480 2340 divina
509 2311 617 2340 favente
638 2311 823 2345 Providentia,
847 2312 965 2340 inventa:

176 2358 294 2386 fuerant.

211 2404 346 2432 Noveram
359 2404 470 2439 quidem
499 2404 601 2432 acriter
625 2405 809 2440 impugnatam
834 2403 920 2432 fuisse
947 2411 963 2431 a

176 2449 452 2486 pseudo-reformatis
486 2457 581 2477 earum
621 2449 866 2481 authenticitatem,
902 2456 964 2484 quae

176 2496 260 2524 etiam
275 2495 438 2531 quibusdam
447 2495 596 2525 Catholicis
618 2502 720 2529 anceps
742 2498 770 2522 et
795 2495 877 2522 dubia
904 2495 963 2523 visa

177 2542 276 2570 fuerat.
291 2541 360 2569 Cum
375 2545 466 2570 autem
479 2545 554 2570 certe
570 2542 669 2570 scirem
683 2543 711 2569 in
723 2541 766 2569 his
778 2541 892 2576 reperiri
903 2549 963 2576 quae

177 2587 297 2624 perfecte
310 2587 497 2622 congruebant
514 2587 677 2614 testimoniis
695 2586 784 2614 sancti
804 2585 962 2622 Hieronymi

175 2637 205 2661 et
218 2633 305 2661 sancti
316 2632 471 2668 Epiphanii,
487 2633 648 2668 suspicabar
662 2640 678 2660 a
692 2632 836 2669 discipulis
849 2632 961 2660 Lutheri

175 2683 204 2708 et
217 2679 324 2707 Calvini
341 2679 398 2706 base
418 2678 589 2713 antiquitatis
607 2684 783 2706 monumenta
806 2678 892 2706 fuisse
917 2685 962 2706 re-

176 2726 290 2762 probate
305 2725 441 2761 praecipue
454 2732 487 2752 ex
499 2724 563 2752 odio
583 2724 759 2759 virginitatis.
771 2728 799 2752 et
812 2732 828 2752 a
847 2724 961 2759 quibus-

175 2770 238 2798 dam
253 2769 398 2798 catholicis
414 2768 475 2797 ideo
498 2776 553 2796 non
577 2768 663 2796 fuisse
676 2769 795 2797 admissa
814 2768 887 2804 quod
904 2768 961 2796 haec

977 2132 1002 2160 Α
1050 2126 1168 2155 Prorsus
1179 2127 1317 2154 ﬁrmatum
1331 2129 1374 2155 est
1387 2127 1459 2161 quod
1475 2134 1674 2161 persenseram.
1690 2129 1805 2165 quando

1017 2174 1045 2201 in
1059 2173 1263 2209 possessionem
1279 2179 1366 2199 meam
1381 2172 1468 2200 ambae
1492 2173 1552 2200 ista
1563 2173 1693 2209 Epistolte
1710 2184 1805 2211 perve-

1016 2224 1126 2251 nerunt,
1151 2225 1253 2254 easque
1272 2222 1374 2246 attente
1398 2219 1581 2247 consideravi.
1602 2220 1723 2256 Insuper
1750 2222 1804 2250 sola

1017 2264 1156 2297 Wetstini,
1175 2265 1222 2299 qui
1238 2265 1288 2292 has
1302 2271 1317 2292 e
1337 2263 1450 2300 Syriaco
1465 2265 1492 2292 in
1516 2264 1642 2293 Latinum
1668 2271 1803 2299 verterat.

1016 2311 1181 2346 negligentia
1195 2310 1320 2338 suﬂicere
1333 2310 1399 2338 mihi
1414 2311 1472 2339 visa
1485 2316 1536 2344 est,
1552 2316 1582 2339 ut
1592 2311 1676 2340 lector
1691 2321 1804 2349 respue-

1014 2360 1056 2383 ret
1071 2355 1204 2390 scriptum
1226 2354 1294 2382 adeo
1309 2354 1477 2382 inconditum
1502 2365 1508 2383 :
1538 2357 1645 2385 etiamsi
1669 2359 1750 2385 enim
1764 2359 1802 2385 vel

1015 2400 1128 2428 minime
1147 2400 1336 2428 attenderetur
1346 2400 1469 2433 ruditati,
1485 2409 1519 2429 ne
1542 2401 1631 2430 dicam
1645 2403 1801 2439 imperitia.

1014 2444 1183 2477 Latinitatis,
1212 2445 1365 2478 rarissime,
1386 2450 1417 2473 ut
1444 2447 1501 2482 jam
1526 2446 1594 2480 dixi,
1613 2452 1708 2477 textus
1728 2449 1801 2477 Scri-

1014 2496 1101 2527 ptura:
1116 2491 1250 2527 interpres
1264 2491 1455 2520 animadvertit
1469 2496 1496 2520 et
1506 2494 1617 2529 agnovit
1627 2503 1635 2528 ;
1646 2503 1699 2523 nec
1711 2496 1801 2524 forsan

1013 2538 1106 2566 minus
1130 2545 1194 2565 raro
1222 2539 1344 2566 auctoris
1381 2538 1424 2565 sui
1452 2539 1532 2574 plene
1556 2547 1669 2568 sensum
1698 2543 1797 2578 attigit.

1013 2585 1078 2612 Inde
1106 2584 1209 2612 factum
1236 2588 1279 2612 est
1315 2590 1343 2612 ut
1371 2585 1479 2621 sapius
1512 2587 1726 2623 inintelligibilis
1755 2595 1801 2617 aut

1013 2631 1148 2666 barbarus
1187 2630 1310 2666 prodibat
1347 2630 1411 2665 tius
1449 2632 1538 2659 sancti
1572 2632 1726 2662 Clementis
1762 2636 1799 2662 lac

1011 2677 1072 2705 bor.

1047 2721 1192 2755 Exhorrui,
1208 2721 1306 2753 fateor,
1319 2720 1390 2748 hanc
1400 2721 1586 2750 ditlicultatum
1599 2723 1695 2751 silvam
1713 2725 1800 2760 ingre-

1012 2768 1131 2796 diendo:
1147 2774 1198 2794 nec
1211 2766 1324 2794 deerant
1339 2767 1458 2795 rationes
1481 2767 1580 2802 quibus
1605 2769 1641 2796 ab
1656 2769 1700 2797 his
1719 2770 1800 2797 exiri.

175 2823 192 2843 a
209 2816 345 2851 suspectis
355 2816 483 2844 manibus
502 2814 592 2844 oblata
618 2822 675 2843 non
693 2814 762 2844 satis
777 2818 884 2843 mature
895 2822 964 2850 pon-
978 2808 1000 2836 Β
1015 2813 1111 2842 candis
1125 2813 1216 2841 dumis
1228 2820 1392 2840 removerer.
1408 2812 1460 2841 Hic
1473 2813 1545 2841 enim
1565 2815 1643 2842 labor
1656 2816 1733 2851 exigi
1748 2824 1799 2843 non

174 2860 317 2892 deruunt

1016 2863 1106 2896 potest
1127 2859 1161 2888 ab
1175 2859 1304 2895 episcopo
1327 2858 1402 2887 mille
1430 2859 1493 2888 aliis
1513 2860 1644 2896 gravibus
1665 2862 1746 2890 curis
1760 2862 1797 2889 il-
