1869 3104
83 145 131 174 357

525 149 705 180 EPISTOLIE
733 153 779 182 AD
814 153 983 184 VIRGINES.
1001 171 1035 176 —-
1052 155 1233 184 PROCEMIA.

1635 159 1687 186 35%

83 206 158 251 tento.
177 201 306 232 Praeterea
331 206 452 234 sciebam
476 210 610 238 sectarios
635 219 690 239 non
716 212 851 247 aquiores
865 215 888 244 Α
902 214 949 241 sed
964 218 992 242 et
1003 214 1142 249 defunctus
1159 214 1246 242 adhuc
1260 215 1363 242 locutus
1374 220 1413 242 est
1424 216 1445 248 ',
1460 215 1596 251 dum,per
1609 216 1688 251 plura

82 247 177 293 futuros
190 256 249 277 esse
263 256 325 285 erga
340 252 572 283 elucubrationem
588 264 687 289 meam,
706 261 850 293 postquam

82 292 193 327 ejusdem
219 296 326 330 generis
341 296 426 325 fetum
450 307 464 326 a
481 300 570 328 sodali
591 302 694 330 editum
709 292 766 330 tam
777 292 850 332 idire

83 338 238 367 incesserint.
267 340 460 377 Expendebam
487 353 598 381 quoque
622 348 771 383 modicum,
802 349 850 385 qui

81 386 173 419 sperari
197 390 298 421 posset,
321 388 402 424 hujus
425 393 550 426 opusculi
579 392 723 423 fructum:
750 395 850 425 fratres

82 430 144 457 enim
157 432 239 458 nostri
254 438 389 467 errantes,
406 435 458 464 hoc
473 437 548 465 edito
572 439 672 473 libello,
688 448 742 468 non
759 442 850 470 minus

81 483 152 510 quam
173 481 250 505 antea
274 479 427 515 virginitati
444 481 545 510 infensi
561 489 652 518 erunt,
668 486 773 515 etiamsi
789 488 850 516 luce

80 521 169 549 clarius
184 523 344 558 probaretur
357 527 530 557 authenticas
541 537 603 558 esse
621 531 709 559 sancti
724 532 850 562 Clemen-

125 567 253 603 Fpistolas
273 571 307 598 ad
324 571 459 608 Virgines.
470 573 530 602 Non
544 575 678 610 siquidem
691 577 755 606 huic
780 586 850 614 pon-

80 613 135 640 tiﬁci
145 614 247 643 felicior
262 617 403 653 obtingere
417 627 480 648 sors
494 625 583 655 potest
593 629 676 657 quam
686 623 750 652 divo
762 613 850 654 Paulo

79 660 145 694 cujus
160 665 217 688 erat
244 663 408 708 discipulus.
437 666 571 695 Catholici
602 670 652 697 hoc
671 678 743 698 novo
768 679 849 708 argu-

79 708 158 732 mento
170 713 222 733 non
249 707 373 744 indigent
389 714 420 737 ut
447 710 601 740 doctrinam
622 719 725 743 sancta;
752 707 849 745 matris

79 749 192 796 Ecclesiae
200 755 416 783 commendatam
429 756 557 786 habeant.
583 758 714 795 Tandem,
731 763 846 796 aiebam,

78 795 302 832 siDeoplacuerit
326 802 465 830 emendari
487 808 514 832 et
542 807 708 841 explicatum
737 795 848 844 prodire

77 850 136 877 opus
149 843 230 877 istud,
259 845 346 873 lucem
376 855 409 875 ac
431 849 610 884 voluntatem,
628 857 659 879 ut
678 843 846 888 perficiatur,

77 887 207 923 inspirabit
220 890 270 918 uni
287 899 321 919 ex
336 896 376 920 tot
391 894 445 929 piis
471 894 630 926 doctoribus
644 887 691 933 qui
716 899 847 929 insudant

76 934 145 963 hodie
153 936 178 963 in
188 937 318 966 eruendis
335 942 362 967 et
374 940 534 976 evulgandis
545 946 585 970 tot
599 947 721 972 veterum
736 944 846 974 Patrum

75 979 197 1008 thesauris
211 981 393 1012 absconditis.

105 1023 209 1060 Semper
227 1030 319 1055 tamen
335 1031 516 1063 perseveravit
529 1032 559 1060 in
570 1040 614 1061 me
627 1039 717 1062 motus
733 1035 848 1065 interior

74 1075 121 1101 quo
133 1070 164 1097 ad
179 1070 251 1100 hunc
271 1073 395 1101 laborem
409 1077 537 1111 urgebar.
556 1078 599 1106 An
628 1080 674 1107 ille
690 1085 781 1110 motus
798 1090 847 1111 su-

74 1116 239 1149 pernaturalis
257 1117 341 1146 fuerit
370 1127 422 1147 nec
437 1120 580 1154 alllrmare,
610 1131 662 1151 nec
687 1132 848 1161 negareau-

73 1159 125 1188 deo.
136 1160 224 1189 Dicam
239 1163 414 1193 solummodo
423 1165 496 1200 quod
510 1174 559 1202 per
576 1168 667 1202 plures
678 1159 764 1198 annos
778 1179 847 1200 cun-

73 1209 177 1235 ctantem
191 1212 305 1236 sanctus
319 1209 444 1240 Clemens
458 1212 533 1241 intus
548 1220 662 1248 arguere
679 1223 722 1243 me
735 1216 848 1244 videba-

71 1253 125 1284 tur;
138 1253 212 1287 quasi
223 1253 413 1289 lidejussorcm
420 1260 447 1283 et
455 1256 609 1291 adjutorem
623 1261 714 1294 operis
727 1260 845 1289 oﬁ'erens

72 1302 124 1323 sese
138 1306 145 1324 :
161 1301 189 1325 ut
201 1299 430 1334 quemadmodum
445 1302 503 1337 ipse
519 1304 703 1340 virginitatem
718 1306 846 1336 laudibus

70 1348 245 1376 exornaverat,
262 1346 408 1381 cautisque
426 1348 538 1376 monitis
562 1357 622 1377 eam
640 1352 843 1386 praemunierat,

70 1387 105 1415 sic
115 1396 161 1424 ego
175 1389 357 1425 Epistolarum
372 1401 483 1421 suarum
494 1395 732 1424 authenticitatem
746 1402 844 1426 contra

70 1433 230 1464 oblocutores
241 1437 351 1466 naviter
371 1438 508 1468 firmarem
526 1450 534 1469 :
554 1442 599 1477 qui
623 1442 692 1469 enim
711 1445 796 1478 aperit
814 1453 843 1472 οι

70 1485 189 1508 mutorum
203 1483 225 1516 ι,
246 1480 343 1517 etiam,
361 1486 471 1520 quando
496 1487 565 1520 vult,
590 1488 800 1524 loquacissimos
816 1494 844 1519 et

68 1526 253 1558 audacissimos
273 1535 365 1559 mutos
376 1532 467 1561 etlicit.

97 1571 180 1605 Quare
191 1575 299 1605 diutius
316 1578 493 1612 hasitassem,
506 1587 569 1608 cum
584 1581 667 1617 hujus
681 1582 778 1618 libelli,
793 1593 842 1621 per

67 1621 206 1665 totsascula
233 1622 404 1657 absconditi,
421 1626 571 1660 publicatio
585 1628 620 1656 ad
643 1630 775 1665 majorem
794 1631 842 1660 Dei

67 1662 169 1697 gloriam
187 1671 214 1694 et
245 1668 282 1695 ad
305 1674 409 1698 sanctae
436 1672 532 1701 matris
551 1662 695 1702 Ecclesiae.
710 1675 841 1705 honorem

67 1715 166 1745 vergere
181 1716 244 1741 nata
256 1715 350 1742 esset?

95 1755 168 1785 Certe
181 1759 204 1786 si
219 1759 279 1787 sola
292 1761 449 1797 eloquentia
465 1763 493 1791 in
509 1765 620 1801 scriptis
633 1766 754 1802 antiquis
765 1775 840 1803 quaa-

66 1810 169 1839 reretur,
182 1808 210 1835 in
221 1809 361 1839 oblivione
376 1813 494 1848 relinqui
510 1816 663 1849 potuissent
677 1818 765 1845 sancti
778 1818 840 1848 Cle—

66 1853 296 1900 mentisAEpistola
315 1864 383 1892 quas
409 1859 605 1899 publicamus:
632 1862 693 1890 libri
721 1872 840 1900 namque

65 1898 308 1931 Superabundantes
334 1903 471 1937 politioris
498 1906 660 1936 litteratum
679 1913 706 1937 et
731 1898 839 1939 eximiae

64 1949 165 1976 pocseos
179 1947 361 1983 undequaque
371 1949 405 1977 ad
416 1958 466 1978 nos
477 1958 670 1986 pervenerunt.
686 1955 718 1982 Et
733 1956 838 1984 utinam

65 1991 195 2023 periissem
209 1997 249 2021 tot
271 2002 356 2030 opera
379 1996 460 2031 plena
486 1998 656 2029 foeditatibus
674 2005 702 2029 et
718 2002 837 2031 immun-

63 2033 128 2064 ditiis
150 2038 245 2066 vitium
271 2040 410 2075 eleganter
436 2042 655 2074 insinuantibusl
681 2046 802 2080 Utinam.
822 2058 838 2079 e

63 2085 160 2117 contra,
184 2086 341 2113 conservati
375 2086 501 2121 fuissent,
528 2097 624 2118 eorum
651 2093 731 2126 loco,
756 2095 837 2123 innu-

62 2128 121 2155 meri
146 2136 305 2159 sanctorum
330 2132 443 2162 Patrum
478 2136 599 2165 thesauri
639 2139 741 2174 injuria
767 2145 837 2169 tem-

61 2178 146 2206 porum
179 2177 302 2212 amissi,
345 2179 540 2217 coalestemque
576 2183 739 2219 sapientiam
779 2188 837 2223 spi-

60 2222 156 2250 rantes!

185 2322 307 2343 PRB'I'IUI
320 2323 400 2345 ιιωυς
410 2326 563 2348 ἊΟΝῊΙΕΝΤΙ
574 2329 693 2354 ANTIQUI.

90 2355 194 2393 Verum,
211 2362 262 2389 has
277 2363 350 2391 inter
363 2364 484 2398 divitias,
506 2367 575 2394 tanti
602 2369 683 2396 nullae
704 2369 834 2397 aestimari

59 2401 147 2450 debent
159 2407 256 2441 quanti
270 2408 392 2436 virorum
419 2411 630 2446 apostolicorum
647 2415 748 2450 scripta
775 2423 835 2450 qua:

58 2448 136 2498 prima
147 2450 368 2498 Christianorum
381 2457 495 2493 vestigia
509 2459 590 2487 nobis
616 2448 754 2495 detegunt,
765 2448 835 2496 prte-

57 2497 127 2527 cipue
136 2499 224 2524 autem
239 2497 263 2525 si
279 2505 311 2525 ex
327 2499 370 2527 his
386 2500 420 2527 ad
435 2509 486 2529 nos
505 2503 600 2530 reboet
628 2504 752 2539 quaedam
764 2505 833 2533 echo

57 2543 150 2567 remota
163 2543 312 2577 pontifici:
335 2546 412 2574 vocis
428 2555 488 2582 qua:
502 2548 612 2583 penitus
625 2549 762 2577 exstincta
777 2558 834 2578 cre-

57 2584 171 2616 debatur.
186 2588 267 2622 Quis,
283 2598 376 2626 porro,
394 2600 491 2626 sonus,
507 2598 570 2629 post
585 2595 772 2630 apostolorum
785 2604 833 2624 vo-

56 2637 118 2666 cem,
131 2632 231 2662 clarior
257 2637 338 2665 nobis
360 2638 402 2666 vel
417 2639 528 2668 charior
546 2647 608 2668 esse
627 2644 719 2675 potest
750 2649 832 2678 quam

56 2683 102 2704 vox
113 2679 198 2707 sancti
213 2679 364 2710 Clementis
378 2691 440 2719 quae
455 2685 536 2714 toties
551 2685 580 2713 ln
607 2686 728 2714 fidelium
754 2688 833 2715 emti-

56 2721 103 2750 bus
117 2731 195 2756 aures
213 2731 334 2757 attentas
352 2728 488 2765 implevit,
504 2736 615 2767 pectora
637 2737 733 2761 sancta
757 2741 833 2762 com-

54 2770 144 2799 movit!
158 2769 218 2800 Non
233 2773 317 2803 modo
330 2781 449 2812 namque
473 2777 532 2813 ipse
551 2777 647 2807 vivens
661 2779 830 2814 praedicavit,

901 260 1012 293 saecula,
1028 261 1115 296 ipsius
1130 261 1232 296 scripta
1255 260 1381 290 ﬁdelibus
1399 261 1564 296 legerentur.
1578 260 1617 288 Eo
1637 269 1688 297 pu-

900 306 958 333 rior
983 314 1052 342 aqua
1065 311 1158 334 manat
1170 315 1224 343 quo
1239 307 1306 336 fonti
1321 308 1501 344 propinquior
1523 312 1575 335 est.
1601 307 1687 335 Nemo

900 360 965 380 vero
978 353 1066 380 nescit
1082 352 1161 380 fidem
1177 361 1209 381 ac
1233 353 1342 381 vivendi
1357 354 1472 382 formam
1497 354 1572 382 cordi
1598 354 1685 381 sancti

900 396 1049 425 Clementis
1066 398 1213 427 instillatas
1239 398 1326 427 fuisse
1347 400 1383 427 ah
1408 400 1475 435 ipsis
1491 399 1622 435 apostolis
1635 399 1687 427 Pe-

899 447 943 470 tro
955 449 982 471 et
993 443 1078 471 Paulo
1093 452 1209 479 quorum
1222 445 1375 481 discipulus
1390 450 1460 474 erat.
1473 446 1576 474 Horum
1595 453 1687 475 mores

900 490 1091 518 sanctissimos
1105 497 1197 517 coram
1210 490 1327 520 intuitus
1340 495 1393 525 est,
1405 493 1566 528 caaterisque
1577 492 1686 519 intuen-

899 534 950 562 dos
965 542 998 562 ac
1014 535 1161 565 imitandos
1179 538 1322 573 proposuit
1349 548 1356 566 :
1385 538 1484 574 dignus
1502 538 1624 574 profecto
1638 537 1686 573 qui

899 580 935 608 ab
958 581 1019 616 ipso
1041 581 1122 610 Petro
1146 583 1174 610 in
1209 591 1398 612 successorem
1426 584 1573 620 eligeretur
1592 593 1599 611 :
1625 584 1686 619 ejus

899 627 1000 662 quippe
1016 628 1144 661 scientia,
1155 629 1222 661 vita,
1239 629 1400 666 martyrium
1415 630 1484 658 satis
1508 631 1659 665 probarunt
1671 637 1687 657 a

899 672 969 699 coelo
997 672 1159 709 inspiratam
1189 674 1276 703 fuisse
1313 679 1370 702 tam
1406 675 1535 703 eximiam
1570 675 1685 703 electio-

898 725 971 745 nem.

934 762 1020 797 Quale
1046 763 1097 791 fuit
1120 765 1195 794 illius
1218 766 1348 794 meritum
1371 766 1453 802 cujus
1481 766 1687 802 prmdestinatio

897 808 1017 844 gloriosa
1032 809 1067 837 ab
1083 809 1143 845 ipso
1160 810 1240 838 beato
1260 810 1343 838 Paulo
1365 811 1494 846 praedicta
1521 811 1578 838 est!
1599 809 1686 844 Quem

898 855 1023 883 certatim
1051 856 1176 884 laudibus
1196 857 1312 884 efferunt
1331 857 1459 885 maximis
1487 856 1609 893 Ignatius
1629 856 1687 884 An-

898 900 1051 934 tiochenus,
1068 901 1186 930 lrenaaus
1208 902 1411 938 Lugdunensis,
1426 902 1553 930 Clemens
1568 903 1686 930 Alexan-

897 946 1004 978 drinus,
1030 946 1172 982 Origenesl
1202 947 1348 981 Eusebius,
1369 948 1548 981 Athanasius,
1564 948 1685 984 Cyrillns

898 989 1174 1027 Hierosolymitanus,
1203 992 1320 1028 Optatus
1354 992 1537 1025 Milevitanus,
1567 993 1686 1028 Epipha-

897 1036 972 1068 nius.
988 1037 1117 1070 Basilius,
1132 1037 1327 1073 Hieronymus,
1342 1037 1476 1071 ‘Rufinus,
1502 1038 1685 1073 Augustinus,

896 1082 1050 1110 Eucherius
1064 1082 1266 1118 Lugdunensis,
1283 1083 1476 1119 innumerique
1490 1084 1553 1111 aliil

931 1128 991 1156 Non
1008 1129 1074 1156 sola:
1088 1129 1178 1157 sancti
1189 1129 1339 1157 Clementis
1360 1130 1395 1157 ad
1417 1130 1542 1166 Virgines
1556 1129 1685 1166 Epistolte

896 1179 1049 1210 temporum
1066 1175 1195 1210 injuriam
1223 1176 1376 1210 subierant,
1403 1177 1520 1213 plurima
1545 1177 1598 1204 alia
1614 1177 1684 1204 tanti

896 1221 1034 1256 pontificis
1049 1223 1153 1257 scripta
1178 1222 1280 1250 amissa
1295 1227 1370 1256 sunt,
1391 1227 1419 1251 et
1439 1231 1501 1259 qua:
1524 1226 1682 1258 supersunt,

896 1272 942 1295 aut
958 1269 1052 1296 mutila
1078 1273 1127 1297 aut
1152 1275 1281 1305 corrupta
1305 1271 1337 1298 ad
1362 1279 1413 1299 nos
1426 1271 1588 1299 transmissa
1606 1275 1682 1299 sunt.

895 1313 1025 1342 Dominus
1040 1319 1131 1343 autem
1160 1316 1205 1351 qui
1230 1316 1345 1344 custodit
1372 1325 1433 1344 oua
1448 1317 1606 1345 Sanctarum
1621 1324 1684 1343 uto-

895 1368 954 1386 rum
969 1360 991 1392 ³,
1021 1367 1119 1396 eaque,
1137 1367 1199 1388 cum
1228 1361 1278 1389 sibi
1306 1362 1408 1397 placet,
1433 1362 1548 1393 revelat,
1580 1361 1684 1396 scripta

895 1406 977 1433 etiam
992 1413 1087 1433 eorum
1114 1406 1290 1442 quandoque,
1314 1415 1363 1442 per
1390 1408 1549 1443 quemlibet,
1574 1407 1684 1435 etiamsi

894 1450 1025 1478 Ecclesiae
1038 1451 1180 1478 catholicae
1195 1457 1367 1485 extraneum,
1381 1451 1549 1480 manifestat.

931 1496 987 1532 Sic,
1014 1504 1087 1525 anno
1110 1497 1192 1530 1653,
1218 1497 1396 1526 doctissimus
1412 1497 1511 1526 Junius
1531 1497 1680 1532 Patricius,

855 1553 878 1585 ο
894 1542 1059 1571 Oxonicnsis
1072 1563 1080 1576 ,
1096 1543 1182 1571 edidit
1201 1543 1294 1571 Grmce
1310 1543 1461 1580 Latineque
1474 1545 1590 1580 primam
1608 1544 1683 1578 ejus-

896 1590 956 1617 dem
971 1590 1060 1617 sancti
1073 1589 1223 1618 Clementis
1242 1589 1392 1625 Epistolam
1408 1590 1442 1617 ad
1465 1589 1633 1622 Corinthios,
1649 1597 1684 1617 ex

896 1636 1089 1671 antiquissimo
1116 1636 1303 1671 manuscripto
1332 1635 1527 1664 Alexandrino.
1554 1634 1610 1667 Sic,
1626 1634 1684 1663 fere

895 1680 991 1709 diebus
1006 1681 1121 1713 nostris,
1133 1680 1251 1708 Joannes
1266 1679 1387 1708 Iacobus
1406 1680 1570 1712 Wetslinus,
1586 1687 1602 1708 e
1619 1688 1683 1715 pro-

894 1725 1055 1753 testantium
1083 1727 1164 1754 etiam
1181 1733 1271 1761 grege,
1293 1724 1404 1761 Syriace
1419 1733 1450 1754 ac
1475 1725 1571 1754 Latine
1585 1725 1681 1758 edidit,

894 1770 1019 1807 Lugduni
1034 1771 1208 1805 Batavorum,
1221 1771 1290 1799 duas
1304 1772 1372 1799 alias
1386 1772 1474 1799 sancti
1487 1772 1633 1799 Clementis
1646 1772 1679 1799 ad

894 1816 1021 1852 Virgines
1041 1817 1190 1853 Epistolas,
1219 1825 1289 1853 quas
1303 1825 1338 1845 ex
1366 1817 1478 1853 antiquo
1492 1818 1681 1852 manuscripto

895 1863 1009 1899 Syriaco
1036 1863 1105 1891 Novi
1131 1863 1309 1897 Testamenti,
1331 1863 1426 1899 Alepo,
1453 1863 1488 1891 ab
1516 1863 1681 1899 imperatore

893 1908 1046 1936 Turcarum
1063 1909 1159 1941 misso,
1174 1909 1257 1938 eruit.

928 1955 1046 1983 Litteras
1070 1956 1158 1983 sancti
1186 1954 1336 1983 Clementis
1361 1955 1395 1982 ad
1417 1954 1576 1983 Corinthios
1596 1959 1677 1983 vocat

892 2006 1004 2030 sanctus
1025 2001 1143 2030 fremens
1161 2002 1358 2036 potentissimas
1374 2002 1396 2029 ⁸.
1423 2001 1544 2029 Primam
1568 2001 1602 2029 ad
1626 2009 1674 2030 eos

893 2049 1042 2084 Epistolam
1061 2053 1175 2076 sanctus
1190 2048 1372 2084 Hieronymus
1388 2051 1507 2076 testatur
1532 2049 1678 2084 specialius

891 2102 952 2122 esse
965 2094 1041 2121 valde
1055 2093 1156 2122 utilem.
1178 2103 1188 2120 ‹
1211 2092 1274 2120 “me
1290 2092 1415 2125 videtur,
1440 2094 1496 2127 ait,
1521 2094 1676 2122 characteri

892 2140 1027 2175 Epistolas,
1040 2147 1100 2175 quae
1114 2140 1166 2167 sub
1177 2139 1254 2166 Pauli
1269 2139 1379 2166 nomine
1394 2138 1427 2166 ad
1438 2139 1565 2168 Hebraeos
1580 2140 1676 2173 fertur,

891 2186 1035 2214 convenire
1050 2186 1088 2213 ⁸.»
1108 2185 1181 2213 Idem
1203 2188 1314 2213 sanctus
1337 2185 1434 2213 doctor
1450 2186 1556 2214 dubitat
1576 2186 1611 2214 de
1624 2194 1674 2213 au-

856 2228 878 2255 D
892 2232 1062 2260 thenticitate
1079 2231 1238 2267 posterioris
1269 2231 1392 2268 epistolae
1406 2232 1494 2260 sancti
1526 2232 1675 2262 Clementis

889 2277 924 2305 ad
936 2277 1106 2305 Corinthios.

1045 2376 1104 2400 ρυιε
1129 2376 1268 2397 Αετιιηυκτ
1295 2378 1454 2398 Νοςτκλῐιωι
1487 2378 1676 2400 ειηδτοιλιυιι

1150 2413 1415 2433 AUTHENTICITATEI.

889 2376 1017 2397 IOIINTA

924 2458 962 2487 De
978 2460 1112 2488 ambabus
1136 2460 1267 2496 Epistolis
1285 2470 1355 2497 quas
1369 2462 1460 2495 hodie,
1485 2467 1547 2498 past
1561 2462 1675 2491 Wetsti«

887 2513 964 2536 num.
978 2505 1161 2540 publicamus,
1175 2507 1284 2535 locutus
1299 2511 1341 2534 est
1356 2512 1468 2536 sanctus
1479 2507 1672 2544 Hieronymus,

885 2550 933 2578 lib.
948 2559 957 2578 I
979 2556 1072 2579 contra
1084 2551 1256 2580 Iovinianum
1269 2573 1278 2586 ,
1291 2553 1386 2582 dicens
1399 2562 1406 2582 :
1435 2563 1445 2580 t
1460 2553 1492 2581 Hi
1508 2559 1572 2582 sunt
1585 2563 1673 2583 eunu-

885 2597 931 2624 chi
945 2605 1016 2632 quos
1045 2598 1178 2626 castravit
1195 2606 1251 2626 non
1276 2600 1438 2632 necessitas,
1463 2600 1511 2628 sed
1533 2601 1669 2635 voluntas,

885 2647 996 2679 propter
1010 2651 1124 2679 regnum
1147 2645 1290 2673 caelorum.
1306 2645 1346 2673 Ad
1359 2646 1410 2674 hos
1425 2649 1452 2673 et
1466 2645 1592 2674 Clemens
1608 2655 1671 2674 suc-

886 2697 981 2718 cessor
992 2690 1110 2725 apostoli
1135 2689 1209 2718 Petri
1224 2691 1333 2726 scripsit
1345 2692 1491 2727 epistolas;
1507 2698 1671 2728 omnemque

862 2735 864 2738 '
884 2741 954 2769 pene
967 2743 1122 2763 sermonem
1138 2744 1218 2764 suum
1233 2737 1267 2764 de
1282 2738 1449 2773 virginitatis
1464 2739 1583 2774 puritate
1602 2747 1670 2767 con-

884 2780 988 2808 texuit:
1002 2784 1029 2808 et
1044 2781 1173 2817 deinceps
1188 2782 1266 2810 multi
1279 2783 1432 2818 apostolici,
1442 2787 1470 2811 et
1484 2788 1628 2819 martyres,
1642 2786 1671 2812 et

86 2857 95 2875 '
108 2857 170 2897 Sep.
185 2869 215 2896 ι,
226 2861 273 2891 2|.
312 2864 324 2882 ⁸
338 2865 421 2895 Hebr.
435 2875 473 2901 ιι,
489 2866 515 2895 4.
554 2867 565 2884 ³
579 2867 653 2898 Psal.
669 2877 768 2905 xuttt,
780 2870 826 2898 2f.

929 2879 967 2906 Ill,
982 2880 997 2900 c
1032 2873 1059 2901 3.
1096 2873 1154 2900 'De
1173 2874 1264 2909 arripi.
1290 2873 1367 2908 εδει..
1382 2882 1408 2903 c.
1426 2873 1470 2902 l5.
