1869 3104
200 132 252 170 $59

596 142 624 170 S.
643 141 841 170 CLEMENTIS
858 141 868 168 l
885 141 969 170 ROM.
987 142 1090 171 PONT.
1109 143 1224 171 UPERA
1240 139 1403 172 GENUINA.

1774 144 1818 174 ὅθί.

200 200 322 228 illustres
335 203 389 228 tam
404 201 549 228 sanctitate
565 208 647 235 quam
663 201 819 236 eloquentia
831 201 903 233 viri,
917 208 986 237 quos
1000 211 1023 239 Α
1039 201 1079 229 las
1088 201 1121 229 ad
1129 201 1385 230 Corinthios.Patet
1394 202 1478 230 etiam
1488 201 1581 230 Graece
1593 202 1728 237 scriptum
1743 201 1821 231 {uiuo

199 254 234 275 ex
248 246 367 282 propriis
384 247 494 281 scriptis
508 254 590 275 nosse
601 247 731 282 perfacile
748 251 816 275 est»

235 294 274 322 De
289 295 387 323 iisdem
400 294 531 330 Epistolis
549 294 590 322 sic
606 294 726 330 l0quitur
741 297 855 321 sanctus
872 293 989 329 Epipha-

199 340 263 368 nius
275 340 286 356 °
303 350 310 368 :
327 348 337 365 ι
353 340 414 375 lpse
426 339 552 368 Clemens
579 340 641 367 illos
664 347 712 375 per
725 340 818 366 omnia
839 338 941 367 refutat
959 339 988 366 in

199 385 244 414 his
258 393 327 421 quas
341 386 453 421 scripsit
465 385 589 420 epistolis
601 385 783 414 circularibus
798 392 860 421 qua:
875 385 902 412 in
923 392 988 413 san-

198 431 252 459 ctis
267 431 399 460 Ecclesiis
411 432 571 466 leguntur...
580 431 773 467 Virginitatem
784 430 912 458 Clemens
923 430 987 458 edo-

198 477 256 504 cuit
271 485 279 510 ;
294 477 340 505 isti
357 478 512 512 repudiant.
530 476 577 504 Ille
589 477 673 504 etiam
687 476 816 504 Davidem
831 480 858 503 et
873 475 985 503 Samso-

198 530 261 550 nem
273 530 423 558 omnesque
434 523 582 558 prophetas
592 522 780 556 commendat;
792 522 924 550 Ebionitae
935 521 984 550 de-

198 570 345 595 testantur.
353 578 363 594 1

233 612 297 642 Haec
320 614 415 647 verba,
453 614 607 642 certissime
637 614 705 642 adeo
731 614 805 642 clare
836 613 984 649 designant

196 660 328 695 epistolas
344 667 413 695 quas
438 660 472 688 dc
487 659 651 696 Virginitate
668 661 779 696 scripsit
795 664 908 689 sanctus
921 661 984 690 Cle-

196 713 285 740 mens,
312 711 343 733 ut
367 706 401 734 de
426 714 521 734 earum
540 707 685 734 existentia
707 706 827 734 dubitari
853 711 981 742 nequeat.

196 751 353 785 Enimvero,
368 758 480 781 sanctus
501 753 639 785 Clemens,
655 753 735 788 juxta
758 753 869 780 beatum
886 752 983 781 Hiero-

195 807 319 836 nymum,
327 800 448 828 omnium
461 799 582 827 virorum
592 800 804 835 apostolicorum
815 803 982 835 martyrum-

195 854 248 882 que
262 847 408 874 sanctitate
423 854 455 874 ac
479 847 636 882 eloquentia
657 847 805 874 illustrium
823 847 871 882 qui
897 847 980 875 hocce

1040 247 1216 283 archetypum
1231 249 1347 276 duarum
1361 248 1543 284 Epistolarum
1559 249 1592 276 ad
1610 247 1734 284 Virgines
1750 256 1758 273 :
1771 256 1823 276 ver-

1039 293 1081 321 sio
1093 294 1193 329 quippe
1210 293 1323 330 Syriaca
1334 295 1411 330 plura
1427 294 1599 323 conservavit
1614 294 1747 322 vocabula
1768 302 1822 329 quc

1038 347 1113 367 mere
1126 339 1221 368 Graeca
1233 345 1297 368 sunt
1307 340 1329 376 (l
1337 341 1356 376 ).
1368 340 1504 376 Tempore
1511 347 1567 376 quo
1577 344 1691 368 sanctus
1707 340 1821 375 pontifex

1038 385 1159 420 scripsit,
1172 386 1246 413 nulla
1255 385 1433 421 probabiliter
1456 386 1592 414 existebat
1617 386 1709 413 adhuc
1734 393 1821 413 sacra-

1036 435 1097 458 rum
1122 430 1327 466 Scripturarum
1343 432 1433 460 versio
1465 431 1571 464 Latina,
1591 431 1688 458 saltem
1713 431 1823 458 authen-

1036 476 1091 503 tica
1104 483 1111 502 :
1128 480 1156 505 et
1169 477 1233 505 inde
1248 477 1348 512 conjici
1362 480 1454 512 potest
1467 484 1517 504 cur
1528 476 1623 504 Grece
1636 476 1732 511 potius
1746 484 1821 511 quam

1036 521 1132 549 Latine
1146 525 1259 549 sanctus
1272 522 1399 550 Clemens
1412 529 1496 557 opera
1514 530 1565 550 sua
1584 521 1731 557 scripserit
1743 529 1750 547 :
1764 529 1822 549 cum

1033 568 1125 599 enim,
1157 572 1188 595 ut
1219 568 1387 603 plurimum,
1422 576 1456 596 ex
1484 568 1575 596 verbis
1605 568 1695 596 sacris
1723 575 1824 595 sermo-

1034 620 1097 640 nem
1113 620 1193 640 suum
1209 613 1338 646 texuerit,
1366 613 1454 641 multo
1473 613 1643 640 commodius
1659 616 1687 640 et
1702 613 1823 640 securius

1034 655 1120 683 citare
1130 660 1237 691 poterat
1251 657 1457 686 translationem
1472 657 1595 686 Graecam
1608 665 1669 693 que
1691 658 1719 686 in
1740 659 1822 685 mani-

1033 699 1086 728 bus
1108 701 1232 728 omnium
1259 705 1329 734 erat,
1361 709 1443 737 quam
1468 702 1619 730 sententias
1645 701 1673 728 in
1699 700 1822 728 Latinam

1032 750 1139 775 vertere
1157 747 1287 783 linguam.
1303 746 1468 784 Utiturergo
1477 747 1579 783 jugiter
1592 747 1723 774 versione
1731 745 1820 773 Graeca

1033 790 1139 820 Veteris
1151 792 1330 826 Testautenti,
1347 794 1431 822 etiam
1459 793 1570 829 quando
1585 792 1618 819 ab
1635 791 1770 820 Hebraica
1783 791 1821 818 le—

1031 837 1124 866 ctione
1137 839 1250 867 recedit.
1263 838 1342 872 Quod
1356 843 1433 867 certe
1444 846 1570 874 magnam
1581 838 1695 866 denotat
1705 837 1822 872 antiqui-

195 892 286 919 thema
300 892 472 920 tractandum
499 896 694 928 susceperunt,
715 893 933 928 antesignanust

1084 892 1115 912 :m
1133 886 1247 913 istarum
1263 885 1456 921 Epistolarum.
1479 884 1648 913 Vetustatem
1669 884 1755 911 etiam
1782 891 1822 910 ar-

193 937 250 966 lmo
265 938 299 967 de
311 939 407 967 iisdem
422 939 552 974 Epistolis
575 942 694 967 testatur
721 942 833 967 sanctus
861 938 980 975 Epipha-

192 985 257 1013 nius
271 992 330 1018 eas,
346 986 436 1013 adhuc
450 993 502 1014 suo
528 989 662 1021 tempore,
692 986 721 1013 in
749 985 880 1014 Ecclesiis
895 986 980 1015 lectas

192 1029 288 1059 fuisse.
305 1030 434 1064 Quaedam
449 1032 561 1067 insuper
577 1035 672 1059 narrat
696 1039 756 1067 qua:
767 1032 795 1059 in
811 1032 854 1059 his
869 1031 980 1067 Episto-

192 1077 237 1109 lis,
254 1081 281 1105 ει
293 1085 429 1113 nusquam
441 1078 518 1110 alibi,
534 1081 650 1106 sanctus
664 1077 790 1106 Clemens
805 1081 923 1105 tractat:
939 1079 979 1105 vi-

191 1123 302 1156 delicet,
325 1132 386 1159 qua:
411 1125 539 1156 attinent,
562 1124 613 1152 hac
640 1125 669 1152 in
697 1132 746 1157 re,
773 1123 808 1151 ad
835 1123 977 1157 Davidem,

191 1169 352 1198 Samsonem
367 1174 394 1197 et
410 1171 568 1205 prophetas.
746 1174 749 1177 '

226 1215 390 1244 Lambertus
404 1215 538 1243 Gruterus
553 1215 717 1247 Venradius.
733 1215 780 1251 qui
792 1215 847 1243 duo
864 1215 921 1243 fere
931 1223 981 1244 sa:-

189 1261 252 1289 cula
264 1265 327 1290 ante
343 1261 512 1290 Wetstinum
527 1261 677 1292 scribebat,
690 1268 821 1296 expresse
838 1261 917 1296 ponit
928 1261 979 1289 has

189 1304 328 1342 Epistolas
344 1307 416 1334 inter
432 1307 519 1334 sancti
543 1306 692 1334 Clementis
717 1306 819 1341 scripta
833 1313 894 1342 quae
905 1306 979 1334 desi-

189 1353 330 1381 derantur.
360 1352 434 1380 idem
464 1353 548 1381 sentit
573 1352 719 1386 Baronius,
740 1353 786 1380 cui
803 1352 979 1381 Rondininus

188 1399 346 1427 consentire
356 1398 473 1427 videtur.

222 1444 316 1473 Abhas
333 1444 491 1477 Gratianus,
504 1444 551 1480 qui
566 1452 654 1480 nuper
665 1444 699 1472 de
709 1444 803 1472 Graeco
813 1445 840 1473 in
854 1444 976 1474 Italicam

187 1489 310 1525 linguam
322 1490 445 1517 traduxit
458 1490 574 1525 primam
588 1490 737 1525 Epistulam
750 1490 838 1518 sancti
851 1490 977 1519 Clemen-

188 1537 226 1565 tis
244 1535 278 1563 ati
291 1536 459 1571 Corinthios,
478 1544 561 1572 super
589 1536 647 1564 haec
662 1537 742 1565 verba
769 1545 830 1573 quae
847 1545 924 1565 num.
942 1537 977 1565 58

1029 931 1089 966 guit
1102 932 1225 960 narratio
1239 933 1351 961 lotionis
1368 933 1467 968 pedum
1481 939 1552 968 quae,
1568 931 1742 967 temporibus
1763 937 1825 965 apo-

1030 977 1144 1010 stolicis,
1157 985 1172 1005 a
1182 983 1317 1013 provecta:
1329 978 1418 1006 atatis
1438 977 1599 1005 mulieribus
1613 976 1705 1003 adhuc
1713 982 1823 1011 perago-

1029 1022 1121 1056 batur,
1132 1028 1159 1051 et
1169 1032 1240 1059 quae,
1257 1024 1286 1052 nl
1299 1024 1388 1058 fallor,
1409 1024 1511 1059 ubique
1533 1023 1652 1051 cessavit
1680 1025 1744 1058 post
1766 1021 1823 1049 dies

1030 1070 1243 1105 apostolicorum
1259 1071 1392 1099 virorum.
1411 1070 1497 1099 Nemo
1526 1069 1622 1097 mirari
1642 1069 1726 1097 debet
1751 1068 1822 1103 quod

1029 1120 1143 1144 sanctus
1156 1116 1282 1145 Clemens
1304 1117 1383 1145 initio
1396 1120 1423 1145 et
1436 1116 1490 1144 ﬁne
1517 1116 1614 1143 harum
1639 1115 1822 1150 Epistolarum

1029 1166 1143 1190 vocetur
1156 1161 1310 1198 Discipulus
1324 1162 1399 1190 Petri
1413 1162 1539 1197 apostoli,
1554 1169 1617 1189 cum
1632 1160 1726 1196 potius
1754 1159 1822 1187 beati

1029 1205 1107 1234 Pauli
1119 1207 1271 1243 discipulus
1291 1212 1437 1236 censeatur
1452 1216 1460 1234 :
1476 1206 1608 1243 Origenes
1631 1206 1720 1238 enim,
1735 1206 1823 1233 sancti

1029 1252 1178 1282 Clementis
1197 1254 1272 1281 aetati
1292 1258 1348 1281 tam
1369 1254 1487 1287 vicinus,
1505 1254 1546 1281 sic
1567 1253 1626 1288 ipse
1651 1252 1777 1287 loquitur
1795 1251 1823 1278 in

1030 1299 1181 1327 Philocalia
1196 1297 1206 1315 '
1227 1307 1234 1325 :
1251 1298 1372 1327 Clemens
1389 1299 1535 1332 Romanu,
1548 1299 1623 1326 Petri
1639 1298 1757 1333 apostoli
1781 1298 1822 1324 ai-

1028 1343 1156 1378 scipulus.
1176 1342 1270 1380 Siqua
1285 1348 1415 1380 praetcrea
1431 1344 1498 1373 ﬁdes
1513 1344 1679 1380 quibusdam
1695 1343 1824 1379 Ηιεοςιιὶ-

1029 1391 1130 1418 tionum
1144 1390 1183 1426 (‘2)
1199 1391 1405 1419 narrationibus
1421 1391 1601 1423 concedatur,
1617 1390 1726 1418 nullum
1742 1390 1824 1417 disci-

1027 1436 1123 1472 pulum
1138 1436 1181 1464 vel
1195 1437 1324 1464 comitem
1335 1437 1423 1473 magis
1438 1437 1579 1465 assiduum
1605 1444 1638 1463 ac
1663 1436 1821 1463 unanimem

1028 1482 1125 1510 habuit
1139 1483 1238 1511 beatus
1263 1482 1365 1511 Petrus
1384 1490 1467 1518 quam
1487 1486 1613 1511 sanctum
1640 1481 1821 1509 Clementer».

1028 1527 1100 1562 Quid
1111 1533 1202 1558 autem
1220 1529 1393 1562 incredibile,
1409 1530 1464 1557 imo
1481 1528 1545 1564 quid
1558 1536 1615 1556 non
1628 1527 1750 1555 maxime
1760 1534 1824 1561 pro-

189 1581 274 1617 hujus
288 1581 416 1617 Epistolas
431 1570 606 1617 reperiuntur
618 1591 626 1610 :
655 1582 708 1616 Qui
721 1570 800 1610 cani:
812 1587 901 1610 cutus
926 1587 977 1615 est,
991 1570 1013 1598 θ
1029 1574 1119 1602 habile
1137 1574 1210 1610 (1¹¹()(1
1224 1578 1337 1602 sana“
1348 1574 1487 1607 Clemens,
1505 1574 1551 1613 qui
1565 1573 1708 1601 Romanus
1726 1576 1787 1600 ml
1797 1575 1823 1599 ⁸⁸

187 1636 220 1656 ne
231 1628 382 1661 insolescat,
407 1629 491 1656 sciens
522 1629 606 1656 alium
620 1637 676 1656 esse
695 1630 740 1665 qui
754 1630 778 1657 ei
792 1630 978 1657 continentiam

186 1673 291 1700 donat:
316 1674 374 1701 ait:
390 1683 399 1700 α
413 1674 530 1707 Quidam
557 1675 681 1702 sentiunt
703 1675 778 1703 hunc
802 1675 892 1716 locum
905 1675 979 1703 desio

185 1720 264 1755 gnari
280 1727 296 1747 a
310 1725 407 1748 sancto
420 1720 573 1756 Epiphanio
596 1725 623 1748 et
646 1728 662 1748 a
688 1725 786 1750 sancto
798 1721 975 1757 Hieronymo,

185 1767 297 1803 quando
311 1770 438 1795 asserunt
452 1771 577 1795 sanctum
591 1767 760 1796 Clementem
773 1768 807 1796 de
820 1768 978 1804 virginitate

186 1814 371 1842 disseruisse:
393 1813 440 1842 sed
455 1814 581 1849 quamvis
599 1821 729 1849 expresse
753 1814 791 1842 ibi
814 1814 916 1842 mentio
931 1814 978 1841 ﬁat

186 1859 220 1886 de
234 1859 360 1887 castitate
373 1864 400 1887 et
411 1860 592 1891 continentia,
608 1867 670 1886 cum
686 1859 744 1887 hac
756 1859 855 1895 raptim
870 1863 975 1887 tantum

185 1905 324 1938 dicantur,
345 1905 451 1934 videtur
465 1906 637 1941 probabilius
650 1906 685 1934 de
711 1906 754 1934 his
782 1906 904 1934 materiis
928 1913 977 1934 ex-

185 1951 294 1979 tensive
306 1952 396 1984 modo,
422 1956 449 1980 et
473 1960 507 1980 ex
524 1952 650 1988 professo
673 1957 822 1980 tractatum
848 1952 933 1980 fuisse
948 1952 976 1980 in

185 1998 304 2033 quodam
315 2006 347 2025 ex
361 1999 488 2033 capitulis
502 1999 590 2026 sancti
599 1998 747 2026 Clementis
757 2007 818 2034 quae
831 2007 897 2027 casu
913 2006 976 2034 per-

186 2043 288 2071 ierunt.
303 2043 440 2071 Firmatur
453 2044 511 2071 haec
530 2045 688 2079 conjectura
703 2046 848 2072 ratiocinio
872 2050 899 2073 et
919 2054 975 2074 non

185 2089 314 2125 ambigua
327 2090 480 2117 assertione
489 2090 682 2125 praedictorum
698 2095 883 2119 sanctorum.)

222 2134 282 2162 Non
296 2135 336 2163 sic
351 2135 474 2171 profecto
490 2136 599 2164 locutus
618 2136 715 2165 fuisset
738 2137 907 2165 honorabilis
922 2138 976 2165 iste

187 2181 315 2215 scriptor,
332 2182 355 2210 si
369 2182 402 2209 ad
415 2190 478 2210 eum
498 2183 668 2217 pervenisset
686 2184 782 2212 notitia
808 2185 975 2213 inventionis

187 2226 371 2261 Epistolarum
400 2236 468 2263 quas
496 2229 585 2257 denuo
613 2230 642 2258 in
663 2229 750 2258 lucem
772 2230 890 2263 edimus,
914 2235 976 2266 post

186 2271 353 2300 ‘Wetstinum
369 2277 396 2301 et
407 2273 440 2300 D.
456 2274 490 2302 de
503 2273 665 2312 Prémagny.
680 2275 826 2309 Praeterea,
841 2284 898 2304 non
912 2281 975 2304 tan-

186 2320 245 2344 tum
258 2318 378 2353 capitula
391 2319 515 2354 quaedam
527 2319 649 2348 indicant
662 2322 750 2348 sancti
766 2321 934 2357 Epiphanius
949 2327 976 2350 et

186 2362 379 2398 Hieronymus,
396 2364 443 2392 sed
459 2364 593 2399 Epistolas
605 2365 734 2402 integras.
744 2365 891 2395 Veniamus
903 2376 976 2396 nunc

184 2407 219 2434 ad
235 2408 410 2442 probationes
424 2409 596 2437 iutrinseeas.
609 2409 700 2437 Prima
713 2411 819 2438 eruitur
836 2419 869 2439 ex
884 2411 975 2446 lingua

187 2453 358 2488 primigenia.
370 2454 500 2487 Quamvis
512 2459 625 2483 sanctus
639 2455 768 2485 Clemens
781 2460 855 2484 esset
874 2456 975 2484 Roma-

187 2508 251 2533 nus,
267 2501 341 2528 nulla
356 2506 541 2530 memorantur
555 2502 643 2538 ipsius
658 2503 762 2538 scripta
785 2511 846 2538 quae
872 2503 972 2530 Latino

186 2553 313 2573 sermone
328 2547 502 2582 evulgaverit.
518 2547 611 2576 Graece
625 2549 737 2584 scripsit
751 2549 846 2576 ambas
860 2548 971 2583 Episto-

222 2647 234 2664 ⁶
248 2647 346 2683 Epiph.
360 2654 455 2676 contra
470 2649 617 2682 Ebionitas,
634 2650 731 2678 hmres.
747 2651 791 2683 50,
806 2659 830 2677 n.
851 2651 895 2679 15.

223 2717 261 2752 (l)
282 2717 412 2753 Exemplo
424 2720 477 2746 sint
490 2720 548 2746 islrc
558 2728 639 2747 voces
653 2729 660 2747 :
674 2719 858 2751 Eucharistia,
872 2720 971 2752 asotia,

186 2752 344 2791 kiudymos,
366 2752 485 2791 promist
505 2756 618 2787 schema,
642 2756 722 2787 laxis,
740 2755 869 2786 diathcke,
893 2764 970 2791 agon,

187 2789 327 2826 uult/leui,
343 2790 530 2824 philadelphia,
548 2790 707 2823 philoxenia,
722 2791 898 2826 pliilargyria,
911 2789 969 2824 imi-

186 2822 323 2859 loproteja,
340 2822 514 2859 ραταίιείὲιαὶ,
532 2822 584 2852 etc.

222 2858 260 2894 (Ξ)
273 2858 347 2894 Opus
362 2859 574 2896 Recognitionum
589 2860 661 2895 quod
676 2861 711 2889 ab
732 2860 852 2897 antiquis
876 2865 971 2888 sancto

1028 1620 1212 1651 Christianus.
1227 1618 1320 1648 Romae
1333 1624 1430 1649 sancto
1444 1619 1525 1648 Petro
1538 1619 1699 1651 adhmserit,
1720 1618 1823 1653 ipsius-

1027 1674 1081 1702 que
1096 1666 1248 1702 discipulus
1263 1666 1346 1694 fuerit
1360 1666 1407 1694 diu
1425 1669 1572 1701 antequam
1587 1668 1703 1693 sanctus
1716 1663 1821 1692 Paulus

1028 1712 1142 1740 Romam
1153 1712 1278 1740 veniret?

1024 1767 1029 1771 ‘
1062 1759 1174 1786 Certum
1188 1761 1231 1787 est
1259 1762 1385 1786 sanctum
1413 1758 1580 1787 Clementem
1602 1757 1698 1785 Roma
1727 1762 1823 1785 natum

1027 1805 1115 1833 fuisse
1135 1809 1212 1841 patre
1231 1805 1334 1833 Fausto
1350 1813 1431 1841 quem
1460 1804 1666 1832 Faustinianam
1697 1804 1825 1839 plerique

1027 1852 1182 1884 nominant,
1198 1854 1284 1879 matre
1300 1859 1365 1879 vero
1377 1850 1518 1878 Mathidia.
1530 1851 1553 1878 Α
1567 1850 1732 1885 parentibus
1741 1850 1826 1877 Athe-

1026 1905 1088 1930 nas,
1104 1898 1149 1925 ubi
1164 1902 1230 1925 tunc
1255 1897 1373 1925 maxime
1389 1891 1523 1925 ﬂorebant
1537 1897 1639 1928 studia,
1659 1896 1696 1924 ad
1712 1897 1826 1924 discen-

1026 1943 1090 1970 dam
1108 1942 1309 1978 philosophiam
1337 1943 1438 1970 missus
1463 1947 1506 1971 est
1522 1950 1529 1969 :
1543 1941 1674 1979 brevique
1698 1950 1826 1977 tempore

1026 1990 1149 2018 scientiae
1161 1990 1289 2025 princeps
1302 1989 1354 2016 fuit
1365 1989 1548 2017 existimatus.
1565 1989 1634 2017 Cum
1653 1993 1748 2017 autem
1761 1989 1825 2024 opi-

1025 2035 1138 2062 nionum
1153 2036 1271 2063 varietas
1286 2035 1433 2070 ancipitem
1447 2035 1524 2062 illum
1540 2034 1659 2062 ediceret
1669 2042 1825 2069 quamnam

1026 2082 1189 2110 sententiam
1199 2081 1409 2116 amplecteretur
1416 2080 1450 2108 de
1464 2080 1672 2108 sublimioribus
1678 2081 1825 2116 religionis

1024 2129 1232 2164 quaestionibus.
1244 2128 1272 2155 in
1281 2134 1379 2155 manus
1393 2126 1530 2162 Principis
1543 2126 1735 2161 apostolorum
1749 2127 1824 2154 inci-

1025 2175 1099 2204 disse
1114 2175 1212 2207 fertur,
1228 2178 1256 2202 et
1269 2175 1304 2202 ab
1314 2174 1408 2209 ipsoin
1415 2173 1679 2201 comitemitinerum
1689 2181 1825 2209 assump-

1028 2226 1082 2255 tus,
1092 2221 1132 2249 sic
1140 2221 1243 2249 subtali
1252 2221 1383 2256 magistro
1394 2219 1520 2255 profecit,
1532 2224 1571 2252 ut,
1584 2220 1680 2247 eodem
1690 2220 1821 2255 iubente.

1029 2267 1231 2304 praedicationis
1239 2275 1338 2294 munus
1345 2273 1539 2301 nonnunquam
1547 2265 1682 2301 impleret.
1690 2265 1823 2299 Magnum

1028 2314 1127 2342 deinde
1150 2313 1265 2341 Paulum
1293 2312 1416 2345 audivit,
1442 2311 1625 2347 eumdemque
1657 2311 1824 2347 aliquandiu

1028 2362 1175 2390 comitatus
1187 2365 1228 2389 est
1245 2367 1251 2386 :
1264 2360 1308 2388 cui
1328 2360 1365 2387 ita
1380 2367 1410 2387 se
1424 2359 1559 2394 probavit,
1575 2364 1605 2387 ut
1616 2359 1651 2387 ab
1666 2359 1730 2394 ipso
1749 2360 1824 2387 inter

1029 2408 1181 2444 praecipuos
1197 2411 1224 2435 et
1238 2406 1429 2434 sanctissimos
1445 2405 1584 2440 Evangelii
1600 2406 1823 2433 collaboratores

1028 2454 1110 2482 fuerit
1125 2456 1284 2480 numeratus
1297 2452 1317 2479 '.
1331 2450 1399 2483 lmo,
1414 2451 1523 2486 probati
1534 2451 1698 2486 scriptores,
1712 2455 1743 2478 ut
1757 2460 1823 2479 san-

1024 2504 1086 2528 ctus
1112 2499 1311 2535 Hieronymus,
1344 2497 1524 2532 probabiliter
1549 2501 1647 2532 putant
1674 2506 1691 2524 a
1721 2504 1821 2526 sancta

1024 2546 1108 2574 Paulo
1121 2550 1246 2574 sanctum
1260 2543 1429 2572 Clementem
1447 2543 1532 2572 fuisse
1553 2544 1710 2572 adhibitum
1730 2549 1764 2572 ut
1780 2546 1819 2572 in.

967 2652 977 2668 ⁷
989 2651 1094 2679 Philoc.
1110 2659 1135 2678 c.
1148 2651 1193 2678 25.
1231 2650 1242 2667 ⁸
1254 2649 1373 2685 Philipp.
1387 2657 1425 2682 Iv,
1440 2649 1468 2676 3.

1024 2720 1158 2747 Clementi
1171 2718 1315 2750 tribuitur,
1344 2717 1407 2744 fuse
1431 2722 1527 2744 narrat
1551 2716 1705 2745 relationes
1729 2718 1817 2745 δειλαί

1024 2756 1172 2782 Clementis
1187 2762 1248 2782 cum
1261 2757 1357 2780 sancto
1371 2752 1463 2780 Petro.
1476 2752 1498 2779 A
1523 2751 1620 2779 Graeco
1641 2753 1671 2780 in
1689 2752 1813 2780 Latinuu

1024 2798 1133 2817 versum
1145 2793 1187 2817 est
1204 2797 1217 2815 a
1238 2786 1348 2814 Ruﬁno.
1368 2787 1470 2815 Omnes
1488 2787 1658 2814 conﬁtentur
1678 2789 1714 2815 ab
1734 2788 1807 2815 hare

1023 2825 1086 2852 ticis
1097 2827 1255 2858 corruptum
1264 2824 1348 2851 fuisse
1359 2823 1457 2851 librum
1465 2823 1538 2850 hunc
1547 2824 1699 2859 caeteroqui
1708 2823 1808 2852 sublinit

1022 2860 1193 2896 philosophia
1206 2859 1325 2895 plenum.
