1869 3104
57 147 97 175 56f

56 206 233 240 terpretaretur
262 201 407 237 Epictetum
424 202 459 228 ad
484 202 608 229 llebmos
634 206 816 236 nuncupatam
832 204 854 232 Α

55 250 224 284 Clementique
235 248 373 276 dictatam.
387 247 458 274 Idem
469 247 579 282 quidam
601 247 756 282 conjectant
784 246 818 274 de

55 296 158 324 secunda
172 295 240 322 beati
255 293 325 321 Petri
341 293 471 328 Epistol'a.

83 341 188 370 Docebat
201 347 265 368 vero
279 340 359 367 talem
379 339 467 366 virum
480 339 514 366 de
532 338 689 374 virginitate
705 338 818 373 ejusque

54 387 162 415 custodia
181 387 312 418 scribere,
327 393 407 421 quem
421 388 557 412 testantur
571 385 675 420 antiqui
691 389 817 412 auctores

53 440 198 468 peromnem
210 432 292 459 vitam
308 431 335 458 in
346 438 413 466 pura
430 435 579 465 sanctaque
591 431 747 465 virginitate
759 438 817 464 per-

52 479 169 506 mansisse
187 478 234 513 (3).
251 477 379 505 Permisit
393 476 500 504 demum
525 475 654 504 Dominus
671 480 699 503 ut
715 476 816 511 pretio-

51 535 90 554 sus
103 526 143 553 ille
162 526 307 553 thesaurus
331 525 426 551 tandiu
453 524 625 552 desideratus
641 532 657 551 a
680 529 815 553 sectatore

51 571 343 606 pseudo-reformationis
358 574 384 596 et
408 570 585 603 inveniretur,
608 576 635 597 et
656 578 815 606 agnoscere.

50 620 95 646 tur,
106 621 130 643 et
144 615 342 642 defenderetur.
352 614 392 642 Ne
407 618 496 642 autem
513 615 576 642 talis
587 615 707 643 inventio
719 616 747 643 in
762 617 814 644 ful-

50 667 149 688 mentum
161 661 249 688 veniat
266 661 407 687 catholica:
421 660 561 691 doetrinm,
571 660 632 688 inde
641 661 813 689 occasionem

49 707 118 733 sumit
127 707 247 733 inventor
262 706 432 734 declamandi
447 710 544 733 contra
557 705 718 739 Ecclesiam,
735 707 812 742 quia,

48 753 69 779 in
84 753 121 779 his
131 751 268 787 Epistolist
282 753 349 780 nihil
364 752 509 786 reperitur,
526 755 555 779 ut
567 752 605 779 ait
626 753 681 785 ille,
694 753 728 780 de
739 753 813 780 hier-

47 798 138 828 archia.
151 798 214 825 nihil
234 798 268 825 de
287 798 449 825 monachatu
473 803 500 825 et
517 799 667 831 emnobiis,
685 799 752 826 nihil
778 799 812 826 de

46 843 150 871 terminis
163 848 189 871 et
202 843 327 871 formulis
341 844 468 879 loquendi
486 852 535 879 per
555 845 670 872 concilia
693 847 810 874 inventis

44 893 67 915 et
78 890 189 921 sancitis,
203 897 217 916 a
232 890 335 924 quibus
350 878 391 916 vix
404 897 434 917 se
444 878 622 918 abstinuisset
648 891 810 919 saeculorum
826 878 846 906 Β

45 934 194 968 sequentium
210 934 340 969 scriptor.
359 942 369 960 ι

72 980 156 1007 Studio
167 984 246 1007 secta;
265 987 323 1007 suae
337 980 467 1015 abreptus
482 983 509 1007 et
519 980 682 1012 obcaecatus,
697 980 810 1008 Wetsti-

43 1034 85 1054 nus
99 1034 146 1054 non
159 1026 351 1054 animadvertit
366 1034 405 1058 se,
427 1027 473 1054 tali
491 1027 701 1059 declamatione,
718 1028 808 1055 infen-

43 1079 91 1099 sum
109 1073 222 1107 praebere
240 1073 428 1100 monumentis
442 1073 523 1100 etiam
540 1073 640 1111 quibus
666 1074 724 1109 ipse
750 1076 808 1101 sin-

42 1125 92 1145 cera
103 1119 246 1145 acimmota
259 1118 434 1146 veneratione
444 1119 573 1146 adhaaret.
587 1118 806 1154 Agnoscitcerte,

42 1172 90 1191 cum
103 1166 221 1192 omnibus
235 1165 362 1196 eruditis,
377 1164 611 1192 authenticitatem
627 1165 720 1200 primae
742 1165 805 1201 Epi-

42 1210 104 1237 slolat
115 1210 194 1238 sancti
209 1209 360 1237 Clementis
372 1210 406 1236 ad
428 1209 586 1237 Corinthios
608 1218 689 1245 quam
704 1211 807 1238 invenit

41 1262 66 1282 ac
81 1256 206 1290 evolgavit
219 1255 321 1282 Junius
330 1255 465 1283 Patricius
480 1255 655 1291 Anglicanus.
671 1255 698 1283 ln
715 1257 806 1285 multis

40 1308 106 1335 porro
119 1302 195 1335 hujus
210 1301 338 1337 Epistolas
350 1302 428 1334 locis,
445 1301 598 1330 hierarchia
617 1303 690 1330 clare
704 1312 807 1331 metuo-

40 1352 110 1378 ratur,
119 1347 162 1375 sed
173 1347 271 1375 nullihi
297 1347 389 1374 forsan
406 1347 576 1382 splendidius
597 1356 678 1383 quam
702 1356 729 1376 n.
758 1349 803 1381 40,

38 1393 64 1419 de
86 1401 134 1428 quo
156 1394 312 1421 exscribere
334 1393 411 1428 juvat
422 1393 504 1420 verba
532 1401 592 1428 qua:
621 1398 776 1429 sequuntur
794 1404 802 1422 :

40 1445 47 1460 ‹
64 1436 162 1464 Summo
175 1437 311 1466 sacerdoti
329 1445 378 1465 sua
394 1438 488 1464 munia
505 1438 607 1466 tributa
622 1444 702 1472 sunt,
718 1443 746 1467 et
759 1447 802 1467 sa-

38 1482 171 1510 cerdotibus
182 1483 258 1511 locus
274 1484 402 1518 proprius
421 1485 576 1519 assignatus
591 1489 645 1516 est,
660 1489 686 1512 et
711 1485 802 1514 levitil

38 1534 76 1553 sua
87 1529 170 1555 munia
178 1529 350 1556 incumbunt.
367 1528 453 1556 llomo
467 1529 553 1558 laicus
568 1530 711 1566 praeceptis
725 1531 802 1560 laicis
816 1546 838 1575 ο

37 1572 219 1607 constringitur.
242 1583 253 1601 ι

65 1617 136 1645 Unice
148 1623 175 1645 ut
194 1619 378 1646 hierarehiam
391 1623 572 1654 agnoscerent
593 1625 620 1648 et
638 1628 802 1649 veneraren-

38 1666 74 1689 tur
85 1664 175 1698 scn'pta
190 1664 282 1692 fuerat
297 1664 354 1692 hazc
376 1664 496 1700 Epistola
511 1665 544 1692 ad
559 1665 730 1699 Corinthios,
754 1668 801 1702 qui

36 1711 128 1738 monitis
141 1711 227 1738 sancti
243 1711 395 1739 Clementis
408 1711 580 1744 obedientes,
595 1711 628 1738 ad
639 1713 801 1741 submissio-

36 1760 84 1780 nem
96 1759 121 1782 et
130 1763 220 1790 pacem
229 1756 335 1784 reversi
351 1759 424 1783 sunt.
441 1756 479 1784 De
493 1757 656 1784 monachatu
668 1761 695 1784 et
707 1765 801 1785 emno-

35 1797 76 1826 biis
99 1809 184 1828 verum
201 1805 244 1829 est
271 1806 396 1829 sanctum
421 1802 588 1830 Clementem
600 1811 649 1830 nec
678 1804 798 1832 locutum

35 1842 112 1877 fuisse,
129 1854 176 1874 nec
200 1847 278 1882 loqui
296 1848 427 1883 potuisse,
443 1856 504 1875 cum
521 1853 640 1884 tempore
664 1857 715 1878 suo
742 1851 794 1878 ista

35 1898 77 1916 non
92 1891 252 1927 existerent;
271 1893 319 1921 sed
335 1895 456 1929 virgines
470 1895 550 1922 docet
577 1895 638 1930 pius
664 1897 796 1930 pontifex,

34 1941 56 1963 ιιι
68 1938 129 1966 inter
139 1941 284 1968 saeculares
299 1941 326 1968 in
339 1940 433 1968 eadem
445 1941 537 1968 vivant
557 1942 722 1976 perfectione
737 1952 797 1978 qua:

33 1989 44 2007 a
59 1985 183 2012 monachis
194 1990 289 2021 postea
310 1989 337 2013 et
356 1986 501 2014 coenohitis
515 1987 659 2014 observata
674 1993 726 2016 est.
741 1989 796 2017 Nec

32 2028 129 2057 diniteor
141 2032 219 2059 etiam
238 2032 284 2060 his
299 2032 327 2059 in
342 2032 471 2068 Epistolis
485 2040 539 2060 non
555 2034 670 2068 reperiri
691 2034 796 2062 formu-

33 2073 64 2101 las
73 2075 187 2112 loquendi
200 2078 393 2106 conciliorum.
409 2077 478 2106 Hinc
493 2086 544 2114 ego
554 2087 664 2115 quoque
681 2081 795 2108 authen-

31 2119 141 2149 licitatem
168 2123 266 2151 harum
300 2123 483 2158 Epistolarum
512 2124 593 2152 facile
620 2126 792 2160 concludam,

31 2164 95 2192 modo
104 2166 142 2194 his
153 2168 337 2196 sanctissimis
352 2169 469 2197 cmtibus
483 2169 550 2196 nihil
564 2170 732 2199 detrahatur.

807 2219 828 2246 Ι)

175 2266 291 2286 ΙΝευιεΑζ
306 2267 439 2287 νιετετιπι
463 2268 611 2288 ικνιῑετινιῖε
617 2283 623 2289 .

55 2299 152 2329 Gratum
172 2304 294 2330 animum
310 2305 390 2331 unice
403 2305 554 2338 exprimere
568 2307 714 2334 voluissem
730 2315 792 2343 erga

30 2343 170 2375 Wctstinum
189 2357 239 2384 pro
258 2350 389 2377 beneﬁcio
409 2350 482 2385 quod
511 2350 641 2379 Ecclesiae
655 2356 682 2379 et
701 2353 793 2380 erudi-

29 2393 82 2418 lioni
93 2395 211 2428 ῃιέειίιίι
223 2396 274 2424 has
289 2397 453 2431 publicando
467 2400 554 2427 sancti
569 2398 718 2426 Clementis
728 2399 791 2434 Epi-

29 2438 163 2472 stolas;sed
173 2441 294 2469 dolorem
309 2443 388 2470 simul
404 2445 531 2473 cohibere
551 2452 606 2472 non
628 2444 700 2476 licet,
717 2446 789 2480 quod

29 2484 96 2515 gratis
105 2489 155 2513 tam
170 2487 303 2523 injustum
317 2489 512 2517 seexhihuerit
526 2498 589 2526 erga
606 2494 729 2517 sanctam
744 2490 792 2518 Ec-

69 2572 77 2587 ’
91 2571 117 2599 S.
133 2571 201 2601 lren.
215 2574 282 2603 Ααυ.
304 2575 381 2610 hicn,
396 2577 415 2606 l.
429 2584 471 2608 ιιι.
488 2577 548 2606 c.5.

51 2668 160 2713 Θέρος
184 2673 386 2713 testiinonium
404 2676 541 2713 invenitur
568 2678 595 2704 in
629 2679 790 2713 quihusdam

30 2704 204 2748 ξξίξξξριετὶὺυς
214 2708 351 2748 ρᾷιῃὶιιιωέιςΔ
416 2711 508 2746 lgnatii
524 2704 651 2748 martyris
662 2714 695 2740 ad
711 2704 787 2740 Phili-

30 2737 191 2782 ttielpltenses.
213 2737 306 2778 lb'ique
317 2737 793 2782 alluditsancti:sipriesuriiritiochc-

31 2777 200 2818 Iisheqnsilio
217 2785 234 2804 a
248 2777 558 2818 sanctomClementeiad
575 2782 702 2818 Virgines
727 2784 792 2811 dato

138 2809 307 2853 VPqtrettthet
333 2813 487 2853 Filium,_et
501 2809 639 2851 Spiritum”
653 2809 788 2846 totum;

30 2847 47 2867 δι
60 2846 161 2873 vitiatus
174 2846 258 2875 fuerit
269 2848 321 2877 iste
347 2846 545 2888 sanetilgnatii
566 2853 653 2886 locus,
670 2862 732 2881 cum
761 2855 789 2882 in

146 2893 279 2927 ΡΛϊιιοι,
295 2897 354 2927 Gn.
375 2897 399 2929 l.

513 142 693 170 EPISTOLIE
711 142 755 169 AD
773 141 943 169 VlRClNES.
962 156 995 162 —-
1017 141 1197 169 ιικυωΜιΑ.

1601 141 1653 167 515⁸2

869 199 978 226 clesiam
997 200 1140 227 occasione
1166 199 1247 235 hujus
1264 200 1466 235 publicationis.
1480 199 1654 228 Credenduni

869 249 910 271 est
926 249 991 272 tunc
1004 245 1039 272 ab
1059 245 1104 271 illo
1116 245 1289 279 pra-focatam
1307 245 1392 273 fuisse
1408 247 1581 274 conscientia:
1594 255 1654 281 pro-

869 292 934 326 pria:
949 299 1040 318 vocem
1057 291 1130 319 intus
1155 296 1249 318 contra
1272 291 1360 326 ipsum
1376 292 1583 325 reclamantem;
1607 293 1654 320 sed

868 337 930 364 talis
949 341 990 364 est
1006 337 1105 371 saepius
1122 337 1244 363 conditio
1258 345 1353 364 eorum
1374 337 1421 372 qui
1452 345 1482 364 sc
1505 339 1655 373 tyrannica:

868 382 981 409 haeresis
992 383 1058 418 jugo
1071 383 1272 418 manciparunt,
1289 387 1319 409 ut
1335 390 1389 409 non
1417 384 1530 410 credant
1555 384 1606 410 sibi
1621 384 1650 410 li-

867 437 929 456 cere
945 431 1027 458 unius
1044 430 1167 457 veritatis
1180 429 1413 465 prmdicationem,
1428 430 1495 464 quin
1511 430 1592 457 simul
1608 430 1652 457 la:-

867 475 932 502 dant
946 475 1099 502 columnam
1110 479 1137 502 et
1153 476 1351 503 firmamentum
1364 476 1496 503 veritatis.

901 521 984 557 Igitur
1010 521 1162 548 Wctstinus
1185 521 1252 548 satis
1273 521 1377 549 insulse
1406 522 1542 549 invehitur
1555 523 1581 549 in
1598 522 1654 549 Ro-

866 573 973 592 manam
991 565 1152 597 Ecclesiam,
1166 565 1259 591 dicens
1275 565 1338 591 huic
1361 565 1505 600 displicere
1531 565 1653 600 discipli-

865 619 927 638 nam
943 611 969 638 in
986 611 1118 646 Epistolis
1133 611 1221 638 sancti
1235 611 1382 638 Clementis
1407 611 1534 638 traditam
1554 621 1560 638 :
1577 611 1652 638 ideor

864 664 917 691 que
945 657 994 685 has
1026 657 1060 684 ah
1088 656 1208 684 Ecclesia
1236 661 1356 684 semotas
1372 664 1420 692 per
1436 660 1475 683 tot
1496 656 1594 683 Stecula
1610 657 1651 683 lac

864 702 951 729 tuisse
968 711 996 729 :t
1017 702 1112 730 Solent
1134 702 1217 734 enim,
1247 702 1296 735 ait,
1320 702 1366 736 qui
1381 702 1408 729 in
1425 701 1547 729 Ecclesia
1561 701 1650 728 domi-

863 751 974 780 nantur,
988 756 1053 779 non,
1065 749 1137 783 quod
1149 756 1204 784 pra:
1215 757 1244 775 se
1257 747 1357 781 ferunt,
1369 756 1460 776 mores
1473 756 1537 780 suos
1552 753 1578 775 et
1592 747 1651 783 opi-

862 796 959 824 niones
971 797 1003 824 ad
1018 796 1169 824 doctrinam
1183 798 1247 824 olim
1262 798 1387 825 traditam
1402 797 1585 828 conformare,
1602 798 1649 825 scd

863 841 1014 869 doctrinam
1030 847 1148 870 veterem
1162 843 1194 870 ad
1213 852 1304 871 mores
1318 848 1345 871 ct
1361 843 1505 878 opiniones
1521 844 1563 870 sui
1579 847 1648 871 teni-

860 887 935 921 poris
961 887 1115 922 inflectere;
1133 893 1159 915 et
1175 889 1220 916 ubi
1240 889 1322 916 nimis
1340 889 1504 916 manifestus
1528 893 1570 916 est
1592 889 1650 916 dis-

861 939 971 964 sensus,
990 939 1035 960 aut
1049 933 1074 960 vi
1094 941 1184 968 agerc,
1198 938 1245 961 aut
1258 933 1374 962 flammis
1393 934 1477 961 libros
1493 934 1647 962 abolere....

859 977 970 1006 Minium
983 983 1074 1007 tamen
1087 979 1201 1008 decebat
1210 984 1239 1007 ut
1251 981 1284 1007 ab
1302 980 1344 1008 his
1363 981 1410 1015 qui
1426 989 1455 1008 se
1470 980 1648 1007 traditionum

859 1027 981 1051 veterum
997 1025 1190 1052 tenacissimos
1205 1033 1267 1053 esse
1285 1026 1446 1061 gloriantur,
1459 1025 1649 1060 repudiaretur

858 1069 985 1098 Clemens
1001 1075 1095 1098 noster
1110 1071 1156 1106 qui
1168 1071 1235 1098 vidit
1251 1072 1344 1099 heatos
1359 1071 1508 1107 apostolos,
1534 1075 1561 1098 et
1584 1078 1648 1097 cunt

858 1117 912 1143 illis
927 1120 1105 1144 conversatus
1117 1117 1177 1149 fuit,
1190 1121 1216 1144 et
1234 1117 1322 1144 adhuc
1341 1118 1367 1145 in
1383 1117 1497 1144 auribus
1513 1117 1648 1152 pradica-

858 1161 959 1187 tionem
977 1162 1211 1196 apostolorum,et
1226 1162 1398 1190 traditionem
1411 1170 1465 1198 pne
1489 1162 1576 1189 oculis
1598 1161 1649 1188 ha-

858 1206 1027 1234 heatmllas
1042 1206 1158 1241 injurias
1173 1208 1322 1242 protulisse
1338 1216 1392 1235 non
1405 1211 1560 1239 contentus,
1571 1206 1647 1233 addit

857 1250 1010 1278 Wetstinus
1027 1261 1036 1277 ε
1055 1251 1178 1278 Clericos
1193 1259 1247 1279 non
1263 1253 1319 1288 pati
1331 1260 1360 1280 se
1382 1252 1483 1288 privari
1509 1251 1647 1278 familiari-

856 1300 910 1324 tale
920 1305 981 1323 cum
998 1297 1172 1331 mulieribus;
1188 1297 1303 1326 feminas
1312 1298 1446 1325 dominari
1456 1298 1483 1325 in
1496 1297 1644 1328 Ecclesias,

856 1341 892 1369 ita
905 1347 933 1369 ut
949 1343 1151 1370 desacerdotaii
1167 1344 1252 1379 gradu
1264 1343 1449 1378 favorjudicet
1464 1343 1643 1373 feminarum;

855 1389 986 1422 praesules
1006 1388 1136 1416 Ecclesia:
1152 1389 1201 1416 has
1212 1389 1362 1417 Clementis
1378 1389 1525 1424 Epistolas,
1541 1387 1569 1415 in
1583 1387 1645 1422 qui-

854 1435 905 1463 bus
915 1436 1004 1464 victus
1017 1440 1071 1463 tam
1084 1437 1175 1464 tenuis
1191 1437 1409 1469 commendatur,
1436 1440 1464 1464 et
1488 1444 1522 1463 ne
1547 1435 1643 1462 umbra

853 1481 964 1516 quidem
982 1483 1153 1510 auctoritatis
1176 1482 1322 1518 reperitur,
1347 1482 1547 1517 contempsisse
1562 1485 1643 1517 atque

855 1527 1002 1561 abjccissc,
1017 1535 1079 1554 cum
1093 1528 1174 1555 hodie
1193 1528 1236 1555 vcl
1249 1527 1334 1555 intimi
1347 1528 1452 1555 ordinis
1468 1528 1584 1555 clericus
1609 1527 1642 1554 ad

855 1574 1015 1609 dignitatem
1032 1582 1110 1601 suam
1136 1575 1273 1610 pertinere
1286 1575 1403 1610 judicet,
1420 1578 1450 1602 ut
1477 1579 1504 1602 ct
1533 1575 1641 1602 lautiori

854 1621 917 1647 cibo
929 1624 1067 1654 vescatur,
1088 1624 1116 1648 et
1138 1621 1165 1648 in
1190 1621 1391 1656 spiritualibus,
1416 1629 1560 1656 personant
1580 1629 1643 1656 apo-

853 1667 915 1694 stoli
928 1667 969 1694 vel
979 1667 1117 1702 propheta:
1126 1667 1177 1694 sibi
1191 1670 1291 1694 sumat.
1313 1676 1322 1692 ι
1341 1666 1470 1699 Tandem,
1486 1667 1531 1694 vix
1551 1672 1642 1701 sperat

852 1711 1006 1739 Wetstinns
1017 1712 1066 1739 has
1078 1711 1214 1746 Epistolas
1230 1711 1402 1739 authenticas
1417 1712 1528 1746 agnosci
1544 1712 1578 1740 ab
1598 1712 1640 1738 his

851 1764 968 1791 quorum
992 1764 1082 1784 mores
1097 1764 1150 1784 non
1167 1760 1241 1788 sunt,
1267 1759 1297 1783 ut
1318 1756 1366 1790 ait,
1390 1756 1487 1783 harum
1507 1756 1640 1784 doctrinae

850 1803 1017 1831 conformes.

1227 1863 1263 1870 .-

1003 1901 1146 1921 RESPONSIO
1165 1901 1317 1922 INVECTIViS
1334 1902 1479 1922 “'ETSTI‘NI.

884 1938 1034 1966 Minoribus
1067 1939 1193 1973 expensis
1226 1943 1333 1974 poterat
1358 1938 1511 1966 Wetstinus
1536 1937 1636 1966 famam

849 1985 960 2011 zrlantis
976 1985 1112 2018 reformati
1129 1985 1181 2011 sibi
1191 1985 1496 2020 conquirere,qnamvis
1511 1984 1634 2012 dubitem

846 2038 911 2058 num
928 2030 1018 2066 reipsa
1033 2030 1219 2065 acquisiverit.
1245 2031 1317 2064 Quot
1337 2039 1453 2066 namque
1471 2032 1637 2066 persecutio-

845 2086 904 2110 nes,
914 2080 984 2114 apud
995 2088 1070 2112 suos,
1091 2081 1176 2108 subiit
1199 2085 1310 2116 propter
1324 2079 1506 2114 Epistolarum
1522 2080 1634 2107 istarum

844 2125 1070 2160 publicationem!
1090 2125 1152 2161 Ipsi,
1165 2127 1264 2154 nedum
1280 2126 1307 2153 in
1322 2126 1504 2161 patrocinium
1519 2126 1636 2153 authen-

845 2171 959 2198 ticitatis
976 2179 1056 2206 quam
1070 2172 1236 2204 vindicabat,
1251 2172 1371 2199 faverent
1389 2171 1634 2199 declamationibus

843 2217 902 2252 ejus
913 2222 1008 2245 contra
1019 2218 1168 2246 Ecclesiam
1184 2224 1211 2247 et
1228 2220 1330 2247 clerum
1349 2218 1525 2250 catholicum,
1540 2218 1567 2245 in
1587 2217 1634 2245 de-

844 2265 1020 2292 clamatorem
1038 2268 1127 2301 ipsum
1140 2266 1299 2294 debacchati
1318 2270 1393 2294 sunt.
1413 2265 1469 2292 lmo
1488 2264 1544 2292 fere
1562 2264 1635 2290 inter

845 2311 1077 2339 solosCatholicos
1091 2312 1274 2347 Epistolarum
1292 2311 1487 2339 authenticitas
1505 2309 1634 2337 defenso.

844 2363 888 2382 res
906 2359 933 2382 et
960 2356 1106 2384 advocatos
1134 2358 1256 2385 invenito
1273 2357 1323 2385 Hic
1345 2357 1502 2385 memorabo
1526 2360 1632 2383 tantum

843 2401 964 2428 Diarium
979 2402 1153 2436 eruditorum,
1169 2404 1271 2431 mensis
1288 2403 1352 2431 Jun.
1370 2403 1422 2431 vol.
1439 2402 1485 2434 .\'l,
1506 2402 1586 2434 1758,
1603 2410 1629 2436 p.

843 2447 905 2474 446.
919 2447 1042 2474 Diarium
1059 2449 1131 2476 istud
1154 2449 1254 2477 fatetur
1274 2450 1371 2476 harum
1388 2449 1571 2484 Epistolarum
1589 2448 1632 2474 in-

843 2494 999 2522 ventionem
1010 2503 1071 2522 esse
1085 2496 1195 2522 maximi
1207 2496 1352 2529 momenti;
1364 2495 1559 2523 Commentario
1572 2494 1633 2521 Tri-

844 2680 969 2714 plurihus
981 2680 1183 2714 exemplaribus
1189 2681 1288 2708 existat
1295 2680 1432 2715 ejusmodi
1445 2680 1630 2715 interpolatio,

864 2724 904 2742 ua:
922 2715 1098 2750 probabiliter
1121 2716 1242 2742 anterior
1255 2721 1296 2743 est
1308 2716 1450 2743 amissioni
1472 2719 1629 2743 nostrarum

843 2750 1038 2785 Epistolarum,
1067 2751 1232 2778 credendum
1257 2754 1298 2777 est
1321 2751 1356 2778 ab
1371 2751 1472 2778 eisdem
1500 2750 1629 2785 Epistolis

843 2789 994 2812 mutuatam
1012 2786 1096 2813 fuisse
1108 2786 1296 2814 invitationem
1309 2786 1433 2812 imitandi
1450 2790 1506 2812 tres
1512 2786 1626 2813 sanctis-

843 2821 917 2848 sima:
947 2817 1091 2848 Trinitatis
1121 2820 1356 2856 personaszquod
1384 2824 1457 2847 certe
1480 2828 1580 2848 novum
1600 2822 1626 2846 ei

841 2863 923 2890 grave
936 2856 1037 2890 praebet
1053 2856 1269 2883 authenticitatis
1282 2862 1484 2890 argumentum.
1503 2870 1505 2881 ι

1462 2903 1506 2932 .19.
