1869 3104
205 143 261 170 565

618 138 645 166 S.
664 136 860 165 CLEMENTIS
877 136 886 163 Ι
903 135 987 164 ROM.
1003 134 1105 163 PONT.
1124 134 1237 162 OPERA
1253 132 1413 161 GENUINA.

1779 128 1825 155 SM

204 201 336 231 roltiana,
350 200 419 236 Aug.
429 219 437 232 ,
457 198 537 231 “58,
552 206 579 233 p.
595 197 685 230 2076;
704 196 866 227 ϐυδαευς-ἀ.
881 196 909 223 ἰη
933 195 992 222 Vim
1009 195 1031 224 Δ.
1045 197 1157 229 paverat
1168 193 1311 229 dispoliari
1323 191 1514 227 ﬂagitaverunt
1526 193 1554 217 et
1567 187 1751 216 obtinuerunt
1762 192 1826 213 aiuiu

203 246 288 274 sancti
301 245 463 277 Clementis;
475 244 592 277 Caillau,
607 244 635 271 in
657 243 754 271 selecto
767 242 923 270 Collectione
942 241 994 268 Pa-

204 297 274 320 trum
288 292 327 329 (4)
339 301 346 326 ;
360 295 414 320 etc.

239 339 331 367 Hocce
349 338 515 374 judiciorum
531 337 679 366 discrimen
703 336 843 365 evidenter
867 335 994 363 demons-

203 389 259 413 trat
274 384 367 421 quibus
387 385 552 419 displicuerit
572 384 694 411 doctrina
706 385 733 410 in
754 383 880 417 Epistolis
895 383 992 409 nostris

204 432 322 465 tradita,
356 432 452 467 quique
484 431 545 458 illa:
578 439 679 465 semper
715 430 826 457 latuisse
857 433 992 464 pemptus-

203 482 270 506 sent.

240 535 318 569 Quod
339 536 429 564 sentio
443 533 560 562 candide
577 533 704 561 fatebor:
724 532 819 560 nescio
833 535 926 559 utrum
940 531 992 558 sub

204 581 404 610 infelicioribus
435 580 566 616 auspiciis
601 587 681 614 quam
706 579 758 606 sub
787 577 940 613 patrocinio
965 581 992 603 et

203 632 326 664 tempore
346 627 486 658 Wetstini.
513 627 554 653 hie
566 626 692 661 pretiosae
713 624 842 660 Epistola:
857 621 990 658 publicari

203 673 352 709 potuerint.
362 672 509 701 Calibatus
517 671 781 706 pseudo-reformatis
792 675 900 703 semper
914 667 990 695 adio-

204 719 228 747 si
252 719 359 755 quidam
372 719 531 753 reformatus
546 717 699 753 apologiam
713 714 886 744 incunabulis
898 713 991 740 Eccle-

203 763 251 791 siae
273 766 437 790 coaetaneum
466 761 495 789 in
518 762 606 789 iurem
636 760 755 789 edebat:
772 760 920 787 Lutherum
934 758 990 785 dis-

203 809 312 845 cipulus
325 809 437 837 Lutberi
453 808 598 844 pungebat.
612 807 680 840 Quis
691 807 777 839 favor,
792 815 825 835 ex
838 807 888 834 hac
903 810 987 842 parte,

203 856 372 891 sperandus?
385 855 412 882 In
427 862 555 890 proceres
568 855 633 882 cieri
653 854 792 886 catholici,
804 861 859 881 non
878 853 990 880 lacessi-
1006 866 1028 894 Β

202 907 258 933 tus.
277 902 455 930 indistinctim
477 901 628 928 calumnias
646 904 793 933 struxerat,
817 899 884 934 ipsis
901 899 989 934 impu-

203 948 287 975 tando
302 956 393 976 mores
416 955 572 983 perversos,
589 947 756 982 hypocrisim
771 954 803 974 ac
822 946 989 973 voluntatem

203 994 381 1022 comburendi
409 995 493 1022 libros
523 1002 639 1030 quorum
658 994 783 1022 doctrina
806 1001 860 1021 non
884 997 990 1028 poterat

201 1041 236 1069 ad
259 1049 365 1074 eorum,
397 1045 426 1069 ut
451 1041 559 1074 aiebat,
589 1041 750 1077 pravitatem
783 1044 811 1068 et
838 1040 989 1076 nequitiam

201 1087 313 1115 inﬂecti.

238 1132 382 1160 Maledicta
397 1141 448 1161 nec
458 1133 485 1160 in
500 1135 601 1161 sectam
611 1133 780 1162 accusatoris
793 1140 845 1160 nec
857 1132 885 1160 in
900 1131 990 1167 ipsum

198 1184 393 1208 accusatorem
405 1187 527 1215 regeram
543 1189 549 1207 :
566 1179 633 1215 quid
649 1181 721 1207 enim
738 1180 900 1215 prodessent
924 1187 992 1206 con-

199 1224 276 1263 Lviria
286 1225 298 1246 ν
313 1225 384 1257 Quid
399 1224 538 1252 vindicta?
552 1225 648 1255 Nemo.
666 1226 718 1253 nisi
741 1225 871 1257 insaniat,
884 1224 991 1252 ditIiteri

201 1278 294 1309 potest
318 1271 394 1300 mille
420 1272 521 1307 scripta
553 1277 686 1304 veterum,
712 1273 813 1308 injuria
838 1276 992 1307 temporum

202 1319 304 1348 amissa
318 1324 345 1348 et
358 1317 526 1350 oblitterata,
539 1318 670 1346 revixisse
684 1319 793 1346 tandem
804 1326 869 1346 cura
877 1322 904 1345 et
917 1318 993 1346 solli-

201 1366 324 1394 citudine
343 1367 493 1402 pmsertim
511 1365 671 1402 pontiﬁcum
688 1365 735 1400 qui
762 1365 844 1392 nullis
862 1372 992 1400 peperce-

201 1416 267 1440 runt
287 1413 425 1447 expensis,
446 1418 477 1440 ut
493 1413 544 1440 hos
563 1411 757 1447 conquirerent
770 1411 915 1438 thesauros
930 1410 994 1437 abs-

201 1457 338 1486 conditos.
365 1458 462 1485 Merito
485 1458 607 1486 omnium
630 1456 698 1485 risui
724 1463 754 1483 se
777 1460 925 1491 exponeret
945 1455 993 1490 qui

202 1505 364 1532 immensam
395 1511 556 1539 comparare
584 1504 696 1531 auderet
724 1501 849 1537 cujusvis
886 1502 994 1536 generis

202 1551 335 1578 librorum
359 1537 534 1585 antiquorum
554 1550 755 1577 multitudinem
771 1557 787 1576 a
802 1550 876 1577 clero
895 1548 992 1577 catlto-
1005 1537 1026 1566 ο

202 1597 257 1624 lico
270 1596 450 1629 deiectorum,
464 1604 526 1624 cum
542 1595 692 1624 rarissimis
704 1597 882 1624 sectariorum
899 1596 992 1624 inven-

202 1642 336 1670 tionibus.

237 1686 296 1715 Non
305 1687 355 1715 sibi
365 1688 540 1715 consentiunt
554 1687 647 1715 hostes
663 1688 749 1716 nostri
765 1687 862 1715 :modo
874 1695 992 1722 namque

203 1738 333 1760 accusant
348 1732 478 1761 Ecclesia:
491 1741 619 1768 proceres
638 1733 710 1768 quod
729 1733 829 1760 bellum
848 1733 991 1761 intulerint

202 1778 280 1805 libris
295 1781 417 1806 veterum
441 1778 642 1810 licentioribus,
664 1779 745 1805 modo
762 1779 829 1813 ipsis
857 1779 992 1813 imputant

202 1823 286 1858 quod,
308 1832 341 1851 ex
369 1824 512 1857 industria,
535 1825 620 1852 moliti
651 1824 752 1852 fuerint
778 1824 991 1852 destructionem

203 1877 316 1904 operum
332 1870 485 1898 castitatem
505 1875 683 1906 sanctamque
704 1870 876 1905 disciplinam
890 1869 993 1897 docen-

202 1915 282 1943 tium.

238 1961 330 1994 Quare
351 1962 441 1989 clerus
458 1962 610 1990 catholicus
636 1963 811 1990 insimulatur
825 1970 840 1989 a
854 1962 992 1990 Wetstino

203 2007 296 2033 nimiae
322 2006 517 2035 familiaritatis
542 2016 605 2035 cum
635 2007 807 2040 mulieribus,
836 2016 899 2035 cum
929 2008 992 2035 inde

205 2053 341 2087 praecipue
362 2053 664 2087 pseudo-reformationi
690 2053 834 2088 displiceat
863 2053 934 2089 quod
957 2053 993 2081 sit

205 2099 371 2126 continens?
391 2098 452 2126 “me
467 2099 548 2126 etiam
571 2099 683 2126 interse
694 2100 927 2135 pugnant.Arguit
941 2099 993 2126 Ec-

207 2144 297 2172 clesiae
319 2145 449 2179 praesules
467 2148 495 2172 et
510 2144 624 2172 clericos
644 2144 717 2179 quod
740 2145 953 2180 contempserint
966 2149 993 2172 ct

207 2190 358 2224 abjeecrint
377 2190 465 2218 sancti
477 2190 626 2218 Clementis
645 2191 791 2226 Epistolas,
813 2192 904 2220 studio
923 2192 993 2228 gulae

208 2237 236 2260 et
250 2234 383 2267 ambitus;
397 2234 470 2261 unde
488 2235 588 2269 gradus
605 2236 816 2268 ecclesiasticos.
831 2240 861 2264 ut
875 2245 923 2265 eos
940 2237 994 2265 eri-

211 2280 340 2311 niinatur,
351 2284 495 2315 usurpant;
509 2281 580 2308 unde
593 2289 701 2316 quoque
711 2282 762 2308 sibi
777 2287 906 2318 arrogant
929 2291 995 2318 apo-

211 2325 344 2352 stolorum
372 2326 414 2353 vel
438 2327 629 2361 prophetarum
663 2328 824 2362 qualitates!
854 2329 993 2361 Miserum,

211 2378 288 2402 sane,
304 2371 456 2406 perfugium
476 2372 598 2409 haeresis,
608 2380 667 2407 qua:
685 2381 754 2408 quos
779 2379 929 2406 aversatur,
955 2375 995 2402 sic

212 2416 314 2451 injuste
329 2416 503 2444 dehonestat!
521 2417 679 2452 Speravitne
692 2418 844 2447 Wetstinus
859 2420 903 2446 his
918 2420 994 2447 insa-

212 2462 257 2489 nis
270 2462 492 2490 accusationibus
505 2471 553 2490 ora
569 2464 695 2491 claudere
710 2472 804 2492 eorum
820 2466 878 2501 qui,
893 2466 919 2493 in
936 2466 994 2500 ipso

213 2506 431 2534 Lutheranorum
450 2515 538 2542 grege,
563 2516 626 2536 eum
641 2514 670 2536 ut
690 2509 862 2538 Socinianum
884 2512 995 2547 pestife-

215 2559 330 2587 rumque
340 2556 497 2580 novatorem
505 2553 695 2583 denuntiantes
703 2563 717 2582 a
723 2556 807 2590 gradu
823 2565 902 2592 quem
914 2565 990 2585 occu-

254 2640 275 2655 "
289 2639 487 2674 Prolegomen.,
499 2649 526 2668 n.
544 2641 588 2668 10.
626 2643 646 2658 ¹¹
667 2642 715 2678 Ερ.
729 2642 748 2675 l,
766 2644 832 2672 n.1,

256 2731 295 2764 (4)
315 2729 462 2770 Quareliic
478 2731 590 2770 ultimus
605 2733 720 2770 scriptor
734 2739 843 2762 nostras
859 2734 996 2769 Epistolas

221 2773 275 2792 non
292 2765 400 2791 admisit
411 2765 436 2791 in
451 2773 500 2792 sua
511 2765 678 2799 Collectione',
693 2777 753 2795 cum
765 2776 812 2797 eas
828 2765 998 2798 autﬁenticas

223 2807 283 2826 esse
292 2807 346 2839 non
372 2801 468 2839 peget?
495 2800 638 2839 Probabile
664 2807 708 2839 est
725 2808 772 2830 aut
785 2804 888 2830 nullum
902 2811 995 2831 earum

223 2833 360 2872 exemplar
374 2834 400 2861 in
412 2833 513 2872 manus
527 2836 595 2872 ejus
603 2838 742 2868 pervenire
759 2838 890 2872 potuisse.
904 2843 951 2865 aut
973 2840 996 2867 si

224 2868 361 2902 quoddam
371 2871 530 2903 pervenerit,
541 2868 641 2906 pedem
655 2872 715 2906 ejus
729 2868 923 2909 retrogressum
937 2881 997 2902 esse

1045 239 1130 268 1750?

1078 285 1147 313 Risu
1157 285 1238 320 digna
1250 287 1293 311 est
1308 283 1379 310 ratio
1394 289 1475 318 quam
1490 281 1569 308 all'ert
1579 279 1613 307 de
1627 276 1791 307 exorcismis
1803 277 1827 303 in

1043 330 1179 366 principio
1192 330 1321 357 Ecclesia:
1336 328 1476 358 adhibitis,
1491 333 1618 362 quosque
1633 324 1694 351 vult
1705 322 1827 350 confundi

1042 384 1105 404 cum
1133 383 1200 403 cura
1218 379 1392 410 aegrotorum.
1425 373 1490 400 lnde
1508 372 1592 400 etiam
1626 377 1726 397 ansam
1754 371 1829 395 sumit

1043 422 1192 450 accusandi
1224 421 1357 449 indirecte
1395 419 1543 447 hodiernos
1578 416 1713 444 Ecclesiae
1747 414 1827 444 ritus,

1043 468 1192 496 asserendo
1207 468 1271 495 olim
1293 467 1389 494 saltem
1413 472 1521 493 omnem
1538 463 1646 490 fraudis
1659 466 1688 489 et
1703 462 1829 496 impostu-

1043 522 1080 542 ra:
1094 514 1291 550 suspicionem,
1303 519 1412 540 onmem
1433 509 1538 539 sordidi
1554 514 1676 545 questus
1691 514 1768 542 spem
1787 508 1829 533 ab-

1042 560 1138 588 fuisse.

1139 659 1294 679 COIPENSAT
1299 658 1325 677 l0
1342 656 1501 677 INJUSTITIE
1521 652 1728 675 PRECEDENTIS.

1075 698 1240 730 Wetstinus,
1255 697 1282 724 in
1303 695 1452 723 Ecclesiam
1472 693 1638 721 catholicam
1655 691 1774 726 ejusque
1785 690 1830 716 cle-

1041 753 1099 773 rum
1115 744 1255 774 invehens.
1271 747 1351 771 sectze
1366 749 1422 769 sua:
1433 740 1545 775 vestigia
1561 743 1674 766 secutus
1689 740 1743 764 est.
1759 737 1831 770 Igno-

1040 799 1150 820 scamus
1165 791 1203 817 illi
1214 798 1220 816 :
1231 788 1369 816 nesciebat
1384 786 1510 814 fortassis
1527 784 1592 820 quid
1606 786 1712 818 ageret.
1726 781 1829 808 Nullum

1041 837 1104 864 inde
1120 836 1171 871 ipsi
1196 834 1369 862 commodum
1382 832 1502 860 obvenit.
1517 831 1616 858 Cultus
1633 828 1742 864 pseudo
1754 827 1832 854 refor-

1040 883 1106 911 mati
1120 881 1227 918 patroni
1248 881 1276 908 in
1291 880 1421 914 collegam
1436 878 1517 914 primi
1531 878 1755 904 insurrexerunt.
1777 873 1830 900 [ιὶ-

1039 937 1103 958 nam
1122 929 1186 956 hinc
1202 926 1335 963 potuisset
1346 924 1497 960 intelligere
1514 923 1541 950 in
1560 923 1621 950 solo
1632 921 1731 948 matris
1746 920 1831 946 Eccle-

1041 976 1088 1004 site
1101 975 1205 1010 gremio
1216 972 1356 1000 veritatem
1375 978 1437 998 cum
1449 969 1529 996 laude
1539 975 1605 995 vera
1620 967 1764 1002 dignoque
1780 964 1831 992 suf-

1041 1021 1128 1057 fragio
1143 1019 1254 1047 defendi
1275 1026 1307 1046 ac
1331 1015 1514 1053 propugnari!
1533 1014 1588 1042 Nec
1599 1013 1743 1041 Wetstino
1758 1019 1774 1038 a
1785 1010 1831 1039 Ca-

1041 1056 1150 1095 tbolicis
1162 1064 1339 1100 denegandus
1358 1067 1401 1090 est
1417 1069 1498 1097 quem
1515 1060 1540 1088 ei
1556 1058 1726 1087 consectarii
1745 1056 1831 1090 dispu-

1040 1116 1109 1145 tant,
1130 1111 1245 1138 mcritus
1261 1110 1359 1137 honos.
1375 1107 1443 1141 Quis
1462 1113 1545 1142 porro
1556 1109 1708 1133 extraneus
1719 1102 1831 1138 partium

1041 1158 1142 1187 studiis
1166 1157 1254 1192 ipsum
1286 1163 1341 1182 non
1369 1152 1492 1181 laudabit
1523 1151 1581 1179 baac
1614 1148 1794 1185 loquentem?
1813 1147 1831 1162 "

1045 1213 1055 1230 ι
1074 1203 1162 1230 Erunt
1183 1202 1254 1230 forte
1272 1200 1372 1236 quibus
1387 1199 1485 1226 harum
1506 1196 1694 1232 Epistolarum
1719 1194 1832 1229 scriptor

1041 1249 1178 1278 videbitur
1204 1252 1231 1276 et
1253 1245 1428 1274 matrimonio
1447 1251 1509 1271 esse
1527 1241 1660 1277 iniquior,
1680 1240 1830 1268 caelibatum

1041 1303 1108 1324 vero
1123 1295 1237 1322 nimium
1264 1292 1406 1323 extollere,
1425 1289 1535 1325 quando
1553 1288 1707 1323 virginibus
1736 1287 1831 1313 sanctis

1042 1339 1260 1369 excellentiorem
1281 1338 1308 1365 in
1336 1337 1414 1364 caelis
1439 1336 1528 1362 locum
1557 1333 1651 1361 datum
1681 1331 1715 1359 iri
1744 1331 1832 1358 statuit

1043 1394 1125 1423 quam
1147 1385 1309 1420 conjugibus
1327 1382 1430 1411 sanctis
1447 1382 1480 1413 “,
1496 1384 1522 1408 et
1538 1379 1679 1407 morosius
1697 1385 1783 1413 quam
1796 1376 1832 1402 rel

1043 1421 1212 1462 humanitas,
1224 1430 1265 1457 vel
1279 1428 1372 1456 saeculi
1387 1426 1476 1455 nostri
1491 1424 1664 1453 consuetudo
1685 1422 1750 1455 fertI
1766 1421 1832 1449 omni

1044 1485 1107 1505 cum
1119 1475 1282 1504 mulieribus
1305 1472 1491 1500 familiaritate
1505 1475 1531 1498 et
1545 1469 1714 1497 commercio
1731 1468 1834 1494 interdi

1045 1531 1118 1555 cere,
1128 1522 1286 1555 aditumque
1297 1526 1392 1547 earum
1405 1521 1433 1546 et
1444 1523 1599 1545 sermonem
1615 1515 1751 1549 defugere
1765 1514 1835 1549 jube-

1040 1578 1082 1603 re,
1098 1577 1131 1596 ue
1141 1567 1205 1603 quid
1218 1575 1252 1594 ex
1267 1565 1429 1600 contagione
1440 1562 1607 1591 incommodi
1619 1561 1802 1596 accipiamus,
1811 1564 1835 1586 ut

1041 1615 1132 1644 verbis
1146 1613 1262 1642 Caesaris
1275 1616 1348 1640 utar.

1079 1671 1091 1688 ι
1111 1661 1208 1692 Aliter,
1225 1659 1324 1690 fateor,
1337 1658 1370 1686 de
1390 1657 1516 1684 calibatu
1533 1658 1562 1683 et
1582 1653 1766 1682 matrimonio
1781 1660 1836 1680 sen-

1041 1708 1074 1735 tit
1089 1702 1215 1734 Clemens
1233 1711 1314 1738 quam
1338 1702 1488 1734 Lutherus;
1505 1704 1533 1728 at
1551 1700 1673 1727 nonduin
1692 1698 1835 1733 probatum

1041 1756 1084 1780 est
1097 1751 1172 1778 illum
1193 1750 1262 1777 male
1277 1747 1398 1776 sensisse
1421 1754 1429 1772 :
1451 1745 1547 1780 siquis
1565 1744 1638 1771 enim
1658 1743 1775 1778 genium
1793 1741 1835 1767 de-

1042 1797 1162 1828 fraudat,
1177 1799 1205 1823 ct
1219 1795 1373 1829 voluptates
1398 1792 1479 1820 etiam
1503 1791 1593 1818 licitas
1617 1788 1740 1824 spernit,
1757 1793 1789 1814 ut
1810 1794 1837 1813 eo

1043 1844 1141 1870 melius
1158 1846 1185 1869 et
1201 1841 1356 1876 expeditius
1367 1839 1500 1867 doctrinae
1513 1837 1654 1871 Evangelii
1668 1840 1696 1863 et
1712 1835 1837 1862 (iurandm

1042 1888 1172 1916 Ecclesia:
1186 1894 1285 1914 vacare
1293 1886 1449 1922 possit,cur
1462 1893 1517 1912 non
1533 1884 1560 1911 in
1573 1884 1659 1910 altera
1674 1883 1735 1909 vita
1755 1882 1837 1915 majus

1042 1941 1057 1961 a
1081 1933 1136 1960 Deo
1164 1933 1304 1968 praemium
1334 1934 1467 1967 speraret,
1492 1938 1575 1965 quam
1598 1929 1636 1956 illi
1659 1929 1708 1963 qui
1739 1932 1836 1964 partem

1041 1979 1174 2008 mercedis
1191 1987 1248 2007 sua
1259 1979 1315 2013 jam
1327 1978 1355 2005 in
1370 1977 1422 2005 hac
1435 1977 1490 2004 vita
1500 1975 1682 2010 receperunt?
1691 1974 1837 2003 Caeterum.

1041 2025 1168 2053 Clemens
1198 2032 1248 2052 nec
1268 2023 1423 2051 cailibatum
1455 2022 1543 2057 jubet.
1575 2029 1626 2048 nec
1653 2020 1772 2055 nuptias
1798 2027 1837 2044 ve-

1043 2075 1093 2104 tat,
1119 2074 1148 2098 ut
1175 2076 1232 2098 tum
1257 2078 1289 2097 ex
1327 2069 1387 2104 ipso
1418 2068 1478 2096 loco
1515 2067 1598 2094 modo
1641 2067 1730 2093 allato
1759 2068 1836 2101 patet.

1043 2121 1101 2144 tum
1115 2124 1148 2144 ex
1171 2116 1223 2142 alia
1245 2114 1368 2149 ejusdem
1381 2113 1504 2149 Epistula
1519 2113 1623 2147 scripta
1648 2110 1781 2138 adversus
1801 2117 1837 2135 ess

1044 2163 1089 2198 qui
1111 2162 1311 2189 matrimonium
1336 2161 1476 2196 rejiciunt,
1505 2167 1588 2193 quam
1603 2158 1704 2193 legisse
1727 2160 1837 2183 testatur

1009 2215 1033 2244 ο
1046 2207 1196 2244 Dionysius
1209 2206 1344 2234 Barsalibi
1358 2227 1365 2240 ,
1379 2206 1449 2242 apud
1465 2205 1599 2233 Asseman
1614 2205 1636 2220 "
1655 2213 1661 2231 :
1677 2211 1733 2230 nec
1752 2202 1838 2229 decas-

1044 2255 1146 2282 libatus
1158 2254 1270 2290 praemio
1280 2253 1430 2288 quidquam
1445 2251 1513 2278 dicit
1523 2251 1664 2278 diversum
1680 2249 1719 2277 ab
1736 2249 1772 2276 iis
1786 2254 1838 2283 qu:

1044 2299 1147 2327 Paulus
1159 2299 1290 2326 docuerat
1307 2298 1339 2325 ".
1353 2306 1362 2323 I

1045 2408 1238 2428 EXPENDUNTUR
1261 2409 1294 2428 AC
1321 2407 1514 2427 REFELLUN’I‘UR
1534 2406 1670 2426 RATIONES
1697 2404 1795 2429 QUIBIZS
1815 2404 1837 2422 1‘.

1081 2444 1115 2463 DE
1135 2444 1273 2463 PREIACNY
1286 2444 1311 2462 IN
1327 2443 1426 2462 DUBIUII
1442 2441 1567 2461 REVOCAT
1582 2439 1837 2461 AUTHENTICITATEI

1083 2478 1209 2498 AIBABUI
1228 2478 1415 2498 εΡιετοιΛιιυΙ
1433 2477 1530 2497 SANCTI
1550 2475 1719 2496 CLEIENTIS.

1084 2516 1239 2552 Stephanus
1246 2515 1412 2544 Franciscus
1424 2514 1552 2542 Boistard
1565 2515 1600 2542 de
1613 2513 1784 2549 Premagny.
1797 2512 1838 2539 h0-

1049 2563 1127 2587 nesta
1148 2559 1260 2594 familia,
1276 2559 1439 2595 Rothomagi
1453 2563 1548 2590 natus,
1559 2561 1603 2587 vir
1619 2566 1729 2594 magna
1746 2558 1838 2586 littera-

872 2644 892 2660 "
907 2644 1165 2682 Biblioth.'_0rient.,
1181 2651 1202 2675 t.
1214 2646 1248 2681 ΙΙ,
1264 2655 1292 2683 p.
1307 2648 1370 2676 155.
1407 2647 1451 2674 “1
1474 2647 1540 2676 Cor.
1559 2652 1612 2681 VII.
1637 2648 1665 2676 9.

1050 2737 1187 2779 adscitum
1205 2743 1383 2779 conspectum
1407 2738 1523 2779 hirsutae
1538 2739 1737 2779 translationis

1050 2773 1109 2800 tini.
1125 2773 1226 2801 Eadem
1244 2772 1383 2805 decausa,
1404 2782 1455 2809 ego
1470 2774 1530 2809 ipse
1541 2775 1637 2809 plures
1652 2782 1742 2802 annos
1753 2772 1835 2801 distuli

1050 2815 1140 2848 meum
1161 2809 1292 2848 laborem,
1302 2809 1349 2848 qui
1365 2809 1470 2837 utinam
1483 2809 1579 2838 adhuc
1594 2814 1693 2838 sancto
1706 2809 1836 2837 Cleuth

1049 2843 1178 2879 indignus
1192 2851 1247 2872 non
1260 2844 1308 2872 sit!
