1869 3104
56 165 99 192 565
505 163 687 191 EPISTOLE
705 139 750 191 ᾸΙ)
768 161 938 191 VIRGINES.
958 179 990 182 —
1012 161 1190 190 PROtEMlA.

1616 164 1670 192 366

55 226 121 252 tune,
141 221 207 248 inter
219 220 369 256 praecipuos
387 220 524 248 modernce
541 222 719 257 philosophia:
734 227 825 258 patro-
840 224 862 250 Λ
877 220 986 256 pidatus
1000 226 1084 254 esset,
1100 229 1189 256 przeco
1201 222 1289 248 lactus
1304 221 1331 248 iu
1344 221 1453 249 Oriente
1467 225 1495 249 et
1510 222 1668 255 Occidente;

56 275 112 300 nos,
123 274 232 302 quorum
247 267 352 295 amicus
366 271 434 298 erat.
450 272 587 299 versatus,
610 269 753 295 innumera
770 267 826 295 fere

55 314 168 348 opuscula
184 320 198 339 a
213 320 241 340 se
251 315 401 348 composita
421 314 485 349 legit
507 322 601 341 coram
613 314 758 341 Academia
772 314 826 341 Ro-

54 359 216 394 thomagensi,
249 360 329 394 cujus
356 361 508 387 membrum
534 365 604 388 erat.
633 361 725 388 Solam
760 368 825 388 vero

54 405 231 433 traductionem
242 405 372 433 Gallicam
387 410 541 434 nostrarum
556 406 738 441 Epistolarum
749 407 826 434 evul-

54 454 124 488 gavit,
134 453 254 489 quamvis
269 452 346 479 varia
357 452 535 480 scientiarum
552 453 700 487 penetralia
715 453 822 482 adierit.

54 498 180 534 Catalogus
209 498 457 533 manuscriptorum
484 505 546 532 qua:
571 498 681 532 reliquit
704 498 742 534 (5)
769 507 823 526 non

53 545 145 572 exhibet
158 544 291 571 hominem
304 544 364 571 ﬁdei
385 543 533 572 infensum.
554 543 609 572 Nec
623 549 713 572 tamen
730 546 823 580 ncgari

54 595 126 624 potest
140 590 326 617 adnotationes
348 590 410 625 ejus
426 590 558 625 plurimas
574 591 694 618 versioni
714 592 823 627 subjec-

53 640 87 662 tas
96 635 295 671 reprehensione
305 636 402 672 dignas
410 644 481 669 esse,
496 641 526 664 ut
539 638 642 673 patebit
653 645 686 665 ex
702 638 746 666 his
761 647 822 674 qua:

53 681 118 708 modo
129 682 246 709 dicturus
261 689 332 709 sum.

81 726 194 754 Ordinem
215 735 318 762 sequar
344 734 522 754 numerorum
542 735 613 763 quos
634 728 718 756 aﬂixit
737 729 768 757 D.
787 730 821 759 de

51 769 180 807 Prcmagny
194 772 220 798 in
233 772 294 799 suis
308 771 542 799 adnotationibus.

79 816 96 844 l.
116 815 160 844 Vix
177 817 306 844 morabor
322 821 351 843 ut
368 816 482 851 probem
512 821 609 843 contra
632 816 819 845 adnotatorem

49 869 93 888 non
112 869 203 889 nocere
221 861 407 896 Epistolarum
433 861 634 889 authenticitati
660 867 818 890 sanctorum

49 913 74 932 ac
92 906 220 933 beatorum
245 906 381 933 vocabula
408 905 509 940 quibus
531 905 618 932 utitur
635 910 746 934 sanctus
758 906 820 934 Cle-

50 958 120 978 mens.
133 949 163 978 Ut
176 951 210 978 ab
220 959 254 978 eo
269 951 394 978 adhiberi
411 951 559 986 potuerint,
571 951 707 979 snﬂicerct
721 952 820 980 unictts

47 995 128 1022 horum
142 997 284 1023 verborum
295 1004 362 1024 usus
376 997 404 1024 in
421 995 496 1024 Novo
505 996 690 1030 Testamento,
704 998 750 1025 ubi
763 997 818 1026 fre-

46 1045 143 1075 quenter
156 1041 342 1076 reperiuntur.

74 1087 100 1114 ll.
115 1086 242 1115 ludirecte
259 1092 289 1114 et
310 1092 485 1116 transeunter
507 1088 667 1123 perstringit
681 1089 815 1124 apostola-

45 1138 89 1160 tum
106 1133 170 1161 beati
185 1133 260 1162 Petri
277 1133 380 1162 Romte.
398 1134 445 1162 Ille
457 1138 549 1162 autem
566 1134 693 1162 incursus
709 1142 820 1170 respon-

44 1187 93 1206 sum
105 1188 153 1207 non
162 1184 283 1207 meretur
295 1188 303 1208 :
321 1180 457 1208 innumeri
470 1181 570 1216 quippe
585 1181 647 1209 libri
659 1181 814 1213 exstabant,

45 1229 146 1259 tempore
157 1225 185 1252 1).
193 1225 226 1253 de
234 1225 399 1261 Premagny.
412 1229 439 1254 et
453 1234 526 1254 nunc
540 1231 657 1259 exstant,
671 1227 818 1262 probantes

43 1271 131 1298 nullum
148 1272 321 1300 insulsiorem
337 1272 364 1299 in
381 1266 519 1300 mentibus
533 1273 705 1301 eruditorum
724 1281 810 1301 rema-

42 1326 94 1346 nere
107 1326 181 1353 posse
194 1319 394 1347 dubitationem
411 1328 494 1355 quam
509 1321 544 1348 de
561 1321 642 1356 longa
659 1321 747 1349 sancti
762 1321 815 1348 I‘e-

42 1364 69 1390 tri
78 1363 159 1392 Romae
173 1366 390 1393 comtnoralione
403 1375 410 1393 :
432 1366 459 1393 in
470 1366 522 1393 hoc
537 1367 610 1394 enim
625 1366 747 1394 historia:
759 1367 817 1394 iac-

41 1416 62 1438 to
76 1413 208 1440 unanimes
220 1416 285 1440 sunt
298 1420 361 1440 cum
377 1417 433 1440 tota
446 1418 520 1440 retro
535 1413 698 1449 antiquitate
712 1414 816 1443 doctis-

41 1458 90 1484 simi
103 1458 253 1493 scriptores,
267 1463 327 1486 tum
342 1459 414 1487 inter
422 1459 590 1492 Catholicos,
606 1464 663 1487 tum
677 1460 760 1488 etiam
772 1461 814 1488 in-

40 1507 73 1530 ter
88 1509 271 1539 protestantes.

877 266 924 302 qui
938 267 1068 294 eximium
1085 267 1219 295 [idei'suae
1233 267 1318 295 decus
1333 267 1449 302 accepit,
1476 271 1562 294 totutn
1586 275 1668 294 mun-

876 315 940 341 dum
973 314 1074 342 docens
1091 315 1238 349 justitiam,
1262 318 1288 342 et
1313 314 1346 341 ad
1375 314 1532 342 Occidentis
1558 314 1670 343 veniens

877 361 1036 394 terminum,
1051 366 1078 389 et
1095 362 1146 389 sub
1168 362 1304 397 praefectis
1326 362 1488 396 martyrium
1503 368 1602 395 passus
1617 361 1667 395 (ϐ).

876 409 913 436 ita
929 416 944 436 e
963 409 1064 435 mundo
1078 408 1214 444 migravit,
1230 412 1311 442 atque
1327 407 1354 434 in
1371 407 1459 434 locum
1474 411 1598 434 sanctum
1618 406 1669 433 ab-

875 455 916 485 iit,
932 454 1070 489 patientia:
1095 461 1222 488 magnum
1247 453 1387 488 exemplar
1411 453 1509 480 factus.
1527 452 1576 479 llis
1600 452 1668 479 viris

874 500 921 535 qui
939 500 1059 527 divinam
1076 501 1158 527 vitam
1175 500 1322 530 duxerunt,
1339 503 1483 535 aggregata
1507 502 1549 526 est
1571 498 1668 534 ingens

873 547 1022 574 electorum
1039 546 1197 577 multitudo,
1214 556 1223 572 ν
1241 549 1294 573 etc.

909 594 954 622 IV.
974 593 1089 621 Dubiam
1105 601 1166 620 esse
1188 593 1284 619 harum
1301 592 1486 627 Epistolarum
1501 591 1667 618 authentici-

873 644 968 672 tatem,
985 639 1048 667 inde
1062 639 1221 675 pronuntiat
1237 638 1268 666 D.
1283 638 1316 666 de
1331 638 1482 673 Premagny
1497 636 1667 673 quod,juxta

873 686 975 720 ipsum,
992 685 1162 720 impossibile
1175 685 1212 711 sit
1227 684 1364 719 conjicere
1378 683 1543 718 quibusnam
1559 683 1667 717 scripta:

872 732 985 760 fuerint.

907 777 940 805 Et
953 781 1045 805 tamen
1058 777 1145 813 magis
1159 778 1233 804 clara
1245 785 1308 805 esse
1320 785 1373 804 non
1386 779 1502 811 possunt
1512 775 1594 803 verba
1605 782 1666 809 quae

871 824 949 852 initio
963 823 1058 859 prima:
1074 823 1200 858 Epistolas
1213 823 1388 858 reperiuntur
1407 832 1413 849 :
1432 821 1559 849 Omnibus
1583 821 1664 855 virgi-

869 870 947 897 nibus
962 870 1044 896 beatis
1055 870 1100 904 qui
1111 870 1148 904 (7)
1162 870 1354 896 cormituerunt
1367 876 1469 895 servare
1484 867 1664 902 virginitatem

871 921 976 951 propter
994 923 1102 950 regnum
1127 915 1264 942 calorum.
1281 915 1321 942 Ad
1347 914 1397 942 hos
1422 915 1496 942 solos
1520 914 1664 948 utriusque

870 970 954 990 sexus
967 962 1087 997 virgines
1107 961 1226 996 scriptas
1241 960 1328 988 fuisse
1354 961 1403 988 has
1427 959 1563 994 Epistolas
1578 966 1664 994 θεειο-

869 1009 908 1036 vit
923 1012 1035 1037 sanctus
1049 1007 1230 1043 Hieronymus
1248 1017 1254 1034 :
1276 1007 1313 1034 ita
1329 1010 1359 1034 ut
1384 1007 1505 1033 animum
1522 1005 1589 1032 mire
1607 1004 1665 1031 dis-

868 1058 988 1081 tractum
1011 1054 1111 1081 habere
1136 1053 1261 1080 debuerit
1285 1051 1317 1080 1).
1334 1051 1367 1080 de
1383 1051 1534 1086 Premagny
1549 1050 1597 1086 qui
1613 1058 1663 1077 su-

868 1107 918 1135 pra
937 1100 1011 1127 dicta
1035 1100 1117 1127 verba
1142 1099 1218 1134 prius
1239 1099 1274 1126 ab
1294 1101 1354 1134 ipso
1369 1098 1465 1126 Latine
1482 1098 1662 1132 transcripta.

868 1147 967 1175 deinde
982 1147 1010 1174 in
1026 1150 1149 1174 nostram
1169 1146 1288 1180 linguam
1304 1149 1434 1177 verterat,
1457 1145 1568 1180 quando
1592 1144 1663 1171 dixit

868 1193 969 1228 conjici
993 1201 1047 1220 non
1072 1200 1154 1228 posse
1172 1192 1273 1228 quibus
1297 1191 1357 1219 ista:
1377 1192 1584 1220 destinarentur
1598 1190 1664 1226 Epi-

867 1239 954 1267 stolae.

902 1285 970 1313 Boni
985 1285 1106 1320 pastoris
1120 1283 1237 1311 oﬂieium
1254 1283 1384 1319 implebat
1405 1287 1520 1311 sanctus
1533 1282 1661 1310 Clemens

867 1331 931 1359 dum
955 1332 1116 1368 invigilaret‘
1129 1331 1290 1367 perl‘ectioni
1311 1339 1407 1358 eorum
1423 1331 1470 1366 qui
1484 1330 1660 1358 illustriorem

865 1379 956 1414 gregis
970 1378 1074 1406 Christi
1089 1379 1242 1413 portionem
1259 1378 1389 1405 efﬁciunt.
1407 1377 1527 1405 Dilectus
1538 1378 1659 1412 discipu-

866 1423 910 1450 lus
922 1424 981 1458 ipse
990 1424 1079 1450 locum
1090 1424 1117 1450 in
1128 1423 1206 1450 ccelis
1216 1423 1460 1451 honoratissimum
1472 1423 1512 1451 eis
1525 1423 1661 1458 assignat.

865 1468 1014 1505 Postquam
1038 1470 1111 1497 enim
1136 1469 1273 1496 nuntiavit
1289 1477 1336 1497 eos
1356 1469 1457 1496 habere
1473 1477 1572 1497 nomen
1591 1471 1661 1505 Agni

866 1514 914 1542 Dei
928 1518 955 1542 et
969 1513 1058 1542 Patris
1073 1514 1134 1549 ejus
1156 1514 1289 1549 scriptum
1308 1514 1335 1541 in
1356 1514 1494 1542 frontibus
1507 1515 1576 1546 suis,
1593 1515 1662 1542 dicit

67 1549 103 1576 lll.
117 1550 225 1578 Miratur
236 1551 311 1587 quod
324 1556 421 1580 sancto
435 1552 519 1580 Paulo
535 1553 630 1581 titulus
640 1553 731 1582 Divim’
745 1555 813 1585 Apo-
826 1569 847 1597 ρ
864 1569 912 1588 eos
937 1565 1049 1588 cantare
1080 1565 1144 1588 ante
1174 1560 1266 1588 sedem
1296 1561 1433 1588 canticum
1462 1569 1573 1594 novum,
1585 1562 1660 1596 quod

39 1598 89 1624 ιιυΙὶ
112 1606 126 1625 a
151 1604 382 1634 contemporanco
416 1601 568 1633 tribuatur,
596 1601 673 1636 isque
701 1606 814 1630 vocetur

39 1644 164 1678 Apostolus
178 1646 238 1674 sine
252 1647 374 1674 nominis
386 1647 572 1679 additione,et
587 1656 636 1683 per
651 1653 813 1677 antonoma-

39 1689 103 1716 siam.
121 1690 171 1718 Sed
189 1695 305 1719 sanctus
321 1692 447 1719 Clemens
469 1693 496 1719 in
524 1693 611 1728 prima
631 1693 752 1729 Epistola
779 1696 813 1723 ad

38 1733 174 1763 Corinthios
184 1755 192 1766 .
205 1744 267 1771 qua:
278 1737 438 1764 authentica
457 1738 491 1764 ab
503 1733 631 1766 omnibus
644 1741 811 1774 agnoscitur,

38 1778 110 1806 dicit:
128 1789 136 1805 t
157 1780 262 1809 Sumite
278 1781 428 1817 Epistolam
449 1782 520 1810 beati
535 1781 624 1811 Pauli.
642 1794 651 1810 ι
669 1784 812 1817 Quodnam

36 1828 124 1853 tantum
150 1827 300 1855 discrimen
323 1832 365 1855 est
393 1829 464 1856 inter
484 1828 601 1855 divinum
626 1834 653 1857 ct
683 1830 812 1859 beatum!

37 1868 128 1898 Nullum
147 1873 280 1908 proiecto.
311 1873 445 1902 Pra-lerea
463 1878 612 1910 utrumque
634 1877 809 1910 vocabulum,

36 1918 138 1951 tempore
150 1920 236 1946 sancti
244 1919 398 1947 Clementis
414 1920 600 1948 indilferenter
615 1922 808 1956 usurpabatur.

36 1960 90 1988 llinc
103 1963 126 1990 in
132 1964 203 1992 Actis
217 1967 344 2000 martyrii
356 1967 442 1993 sancti
455 1965 549 2001 lgnatii
561 1967 734 2001 Antiocheni.
749 1977 811 2004 quae

35 2008 119 2043 Scripta
133 2015 195 2038 sunt
214 2011 250 2038 ab
265 2012 328 2046 ejus
336 2012 490 2047 discipulis,
506 2013 605 2048 legitur
621 2014 659 2048 (η.
671 2014 698 2048 9)
719 2025 725 2042 :
745 2024 754 2040 ι
776 2015 810 2042 Ut

36 2056 209 2084 convenienter
230 2057 255 2085 ei
274 2057 349 2092 quod
378 2057 448 2085 dixit
476 2058 586 2086 divinus
610 2058 723 2092 Paulus,
751 2061 810 2096 ipse

35 2105 125 2134 quoque
135 2101 208 2129 lierct
221 2103 412 2137 spectaculum
423 2103 536 2136 mundo,
551 2108 578 2131 et
589 2106 693 2140 angelis
713 2109 738 2133 et
757 2106 808 2133 ho-

35 2145 145 2174 minibus.
161 2157 170 2173 ι
183 2147 269 2183 igitur
284 2147 336 2175 hac
352 2152 432 2177 aetate
441 2149 577 2184 ejusmodi
588 2158 670 2179 voces
685 2151 807 2180 adhiberi

34 2189 150 2219 solebant.

865 1615 947 1635 nemo
971 1611 1070 1642 pra-ter
1095 1607 1168 1637 illos.
1190 1611 1303 1635 cantare
1331 1610 1432 1642 potest,
1450 1608 1603 1642 additque:
1622 1608 1659 1635 lli

865 1659 926 1680 sunt
940 1654 985 1689 qui
1005 1662 1064 1680 cum
1084 1652 1238 1680 mulieribus
1251 1661 1302 1680 non
1321 1657 1383 1679 sunt
1405 1653 1568 1688 coinquinati
1583 1662 1591 1680 :
1607 1654 1660 1680 rir-

864 1700 937 1735 gines
957 1700 1027 1726 enim
1049 1704 1120 1726 sunt.
1145 1699 1181 1725 lli
1207 1703 1353 1734 sequuntur
1379 1699 1484 1734 Agnum
1505 1707 1659 1734 quocunque

864 1746 936 1773 ierit.
959 1746 997 1772 lli
1017 1746 1097 1779 empti
1123 1750 1184 1772 sunt
1207 1752 1240 1772 ea:
1255 1745 1404 1772 hominibus
1426 1745 1552 1779 primitia:
1566 1744 1619 1772 Deo
1632 1752 1659 1772 et

862 1793 938 1827 Agna
949 1792 981 1819 “.

899 1837 931 1865 V.
953 1837 1070 1865 Domino
1082 1838 1115 1865 de
1129 1837 1290 1873 Premagny.
1307 1841 1370 1872 post
1386 1836 1550 1864 Wctstinum
1567 1837 1657 1863 anim-

863 1883 1004 1912 advertere
1028 1884 1132 1919 placet.
1160 1883 1229 1910 nihil
1256 1884 1284 1910 in
1309 1883 1352 1910 his
1385 1882 1515 1918 Epistolis
1537 1883 1656 1909 inveniri

861 1931 965 1958 dictum
989 1930 1024 1958 de
1049 1929 1202 1957 hierarchia
1220 1934 1245 1956 et
1261 1929 1448 1957 ecclesiastica
1464 1928 1628 1955 auctoritate
1645 1938 1652 1956 :

860 1981 888 2005 et
899 1977 962 2004 inde
974 1976 1139 2004 concludere
1153 1976 1210 2002 vult
1221 1975 1332 2002 dubiam
1349 1983 1412 2002 csse
1427 1982 1521 2002 earum
1538 1974 1655 2000 authen--

861 2023 1004 2050 ticitatem.
1025 2022 1136 2049 Dixerat
1156 2029 1222 2048 vero
1234 2020 1389 2048 Wetslinus
1404 2020 1475 2046 hanc
1490 2019 1655 2046 authenticl—

861 2074 944 2097 tatem
974 2069 1062 2096 astrui
1076 2068 1190 2102 praecise
1215 2068 1263 2095 illo
1289 2069 1409 2096 silentio.
1441 2065 1580 2095 Wetstino
1595 2066 1654 2100 jam

860 2123 1023 2150 responsum
1037 2114 1110 2142 dedi.
1120 2113 1215 2142 Restat
1223 2123 1287 2150 ergo
1297 2119 1325 2142 ut
1341 2114 1522 2150 respondeam
1538 2113 1654 2141 adnota-

861 2160 913 2187 lori
930 2160 1029 2188 ibidem
1044 2160 1222 2195 quaestionem
1235 2161 1336 2187 nullam
1353 2159 1438 2188 fuisse
1448 2160 1482 2187 de
1498 2159 1653 2187 hierarchia

859 2211 885 2234 et
898 2207 931 2234 de
942 2206 1105 2233 auctoritate
1118 2207 1316 2234 ecclesiastica.
1333 2205 1430 2233 Omnia
1451 2211 1557 2241 tempus
1570 2209 1598 2233 et
1612 2205 1654 2233 lo-

60 2235 106 2264 Nec
120 2239 213 2266 mirum
230 2239 305 2275 quod
320 2240 403 2267 etiam
421 2246 485 2268 tunc
508 2245 620 2270 sanctus
632 2242 734 2272 Paulus
758 2252 807 2279 per
822 2241 844 2268 D
859 2260 921 2280 cum
938 2259 1018 2279 suum
1033 2251 1146 2280 habent.

34 2284 233 2312 antonomasiam
259 2285 409 2321 Apostolus
433 2287 523 2315 dictus
550 2288 642 2322 fuerit,
659 2298 721 2318 cum
746 2296 805 2318 tam

33 2327 144 2358 divinitus
160 2332 192 2358 ad
209 2333 394 2367 apostolatuin
418 2333 499 2361 fuerit
523 2340 647 2369 vocatus,
673 2345 706 2364 ac
729 2341 805 2365 tanto

32 2377 137 2404 encomio
152 2386 165 2403 a
179 2383 280 2406 sancto
297 2379 377 2406 Petro
389 2380 471 2407 fuerit
487 2381 624 2409 celebrata
639 2384 772 2417 sapientia
783 2385 806 2404 ¹δ

32 2419 82 2446 talis
95 2422 151 2454 viri,
167 2425 225 2458 qui,
237 2429 269 2451 ut
284 2426 322 2451 ait
335 2430 448 2453 sanctus
457 2425 584 2455 Clemens
600 2427 627 2455 in
643 2429 729 2463 prima
742 2428 805 2464 Epi—

31 2465 87 2492 stola
109 2469 139 2496 ad
153 2468 313 2499 Corinthios
323 2471 344 2487 "
359 2481 365 2499 :
387 2481 396 2498 (
412 2472 553 2500 Patientia:
575 2475 717 2509 praunium
731 2476 804 2504 obti-

30 2511 88 2543 nuit,
101 2521 160 2542 cum
174 2520 290 2545 catenas
305 2518 406 2553 septies
416 2523 564 2553 portasset,
580 2521 747 2556 vapulasset.
762 2523 802 2550 la-

58 2612 75 2627 “
91 2612 109 2640 ll
124 2614 194 2644 Petr.
209 2613 356 2647 "1,15,16.
388 2619 409 2634 ¹³
421 2619 454 2648 N.
465 2621 497 2648 .5.
537 2622 559 2637 ¹⁶
577 2623 689 2659 Apocal.
706 2633 761 2653 xw.

29 2712 484 2769 n‘i’.ﬂ?::.sre!aste.ke:ce
502 2721 573 2762 eihi
596 2722 798 2769 ιξιηεφίείερι

29 2748 50 2771 ll-
56 2748 525 2790 ~Art'hiepiscopntiﬂothomngensis
536 2748 603 2784 cumr
610 2748 798 2786 brevinotitia

29 2780 94 2807 huius
105 2787 221 2807 summa:
248 2786 338 2807 ΤΔ-δίη
354 2789 465 2807 omna:
482 2797 571 2807 --.......
585 2793 704 2807 ..ιηυηυιη
721 2794 781 2807 ,ιηλι

29 2786 94 2815 "illi
105 2786 338 2827 IactorisITanto
353 2786 466 2818 Praesuli
499 2797 572 2820 rates
585 2793 705 2827 rependo
720 2794 798 2821 debi-

29 2818 60 2853 E35
78 2825 123 2852 pro
137 2825 190 2848 isto
207 2826 307 2853 totque
328 2825 390 2852 aliis
410 2799 550 2853 beneﬁciis
566 2828 632 2853 mihi
653 2829 793 2853 praestitis.

29 2825 794 2899 istaista:"existatissatiasset:

29 2892 67 2913 ius
85 2894 144 2919 ante
164 2896 284 2921 niortem
301 2902 330 2922 se
345 2892 501 2931 projecisse.
518 2892 628 2926 Ubiit'5
649 2892 792 2928 Februarii

896 2297 940 2325 VI.
963 2297 1087 2333 Vitiligat
1108 2306 1218 2334 quoque
1242 2298 1274 2326 D.
1290 2299 1324 2327 de
1339 2298 1491 2334 Premagny
1506 2306 1589 2333 super
1603 2305 1653 2325 vo-

857 2344 964 2371 cabulis
982 2344 1104 2378 Apostoli
1125 2349 1153 2372 et
1172 2345 1319 2381 Evangelii,
1339 2346 1419 2381 quasi
1448 2345 1500 2372 hoc
1528 2349 1653 2380 tempore

856 2391 985 2425 usurpari
1007 2398 1063 2418 non
1088 2390 1244 2420 debuerint.
1260 2392 1354 2420 Liceat
1369 2392 1437 2419 mihi
1457 2392 1550 2419 dicere
1572 2391 1649 2418 litem

855 2435 927 2462 hanc
946 2442 1008 2462 esse
1032 2442 1206 2471 summopere
1226 2437 1370 2464 ridiculam
1388 2446 1395 2465 :
1415 2440 1560 2473 postquam
1575 2435 1650 2464 enim

855 2486 937 2507 voces
961 2479 1020 2508 ista:
1041 2488 1056 2507 a
1078 2480 1201 2513 Christo,
1217 2482 1252 2510 ab
1273 2483 1405 2517 apostolis
1427 2486 1454 2510 et
1475 2482 1650 2518 evangelistis

854 2525 984 2554 adhibitae
1000 2525 1112 2562 fuerint,
1130 2528 1194 2563 quis
1208 2528 1300 2556 dicere
1313 2529 1425 2557 auderet
1441 2536 1457 2557 a
1470 2533 1566 2557 sancto
1587 2528 1650 2556 Cle-

850 2732 923 2751 anno
939 2725 1019 2758 1767,
1036 2726 1116 2754 annis
1132 2730 1213 2755 natus
1227 2727 1271 2755 58.

886 2759 924 2802 (ιϐ)
946 2760 987 2802 Eii
995 2761 1115 2802 historia
1130 2763 1264 2802 discimus
1280 2763 1351 2793 duos
1364 2764 1450 2794 fuisse
1468 2765 1562 2794 Romae
1576 2774 1645 2802 prm-

847 2794 935 2823 fectos
951 2796 1047 2824 ultimo
1059 2796 1177 2825 Neronis
1193 2805 1277 2826 anno.

882 2830 1294 2882 (ἷέ.ΞῖτΞΡίέ.¹ξῖ;ξέἰ¹Ξ.ῐ¹9¹111ξῖίέ
1309 2836 1373 2874 ωε·
1384 2836 1506 2882 Enim
1517 2836 1644 2873 δίτίείιιιτ

845 2865 1017 2903 εὰνὶτεῐηοδ
1035 2865 1180 2904 utriusque
1195 2865 1290 2900 scitus.
