1869 3104
207 152 260 181 587

617 154 646 182 S.
665 153 863 181 CLEMENTIS
880 154 889 180 l
907 154 991 182 ROM.
1010 153 1111 182 ιιοΜ.
1129 154 1244 182 UPERA
1261 155 1423 184 GENUINA.
1790 158 1831 185 stu

207 215 298 239 mente
325 219 381 239 non
409 212 532 247 potuisse
556 211 700 240 adhiberi?
725 212 877 248 Utramque
904 221 997 241 vocem
1013 213 1137 247 Amagis
1162 213 1254 241 favere
1279 214 1428 249 virginitati
1455 213 1621 242 beatissima:
1643 211 1737 241 Mariae
1764 222 1832 249 quam

206 261 320 285 sanctus
336 257 464 285 Clemens
486 258 514 284 in
536 258 630 285 eadem
650 259 721 285 linea
737 263 862 294 usurpat,
877 259 1000 287 scribens

206 303 241 330 ad
255 303 415 332 Corinthios
430 304 545 338 primam
562 304 723 340 Epistolam,
741 309 771 332 ut
782 305 839 340 jam
855 305 922 337 dixi,
941 306 1001 334 sine

206 348 393 376 controversia
405 350 600 378 authenticam.
618 360 628 377 ι
641 351 776 386 Apostoli,
795 351 894 387 inquit,
910 360 937 379 n.
953 352 998 386 4-2,

206 395 284 423 missi
299 403 314 423 a
330 395 446 424 Domino
460 395 526 425 Jesu
541 397 662 430 Christo,
676 398 854 434 Evangelium
869 398 1000 433 praedica-

205 445 281 469 runt.
297 451 307 468 ι

242 487 297 516 Sed
312 489 410 525 quaerit
427 489 459 518 D.
480 490 515 518 de
530 490 682 526 Premagny
705 495 796 518 utrum
823 491 851 518 in
875 492 1000 520 versione

206 533 320 570 Syriaca
349 537 523 571 reperiantur
550 537 601 564 ista
629 537 762 564 vocabula
780 547 787 565 :
806 537 976 572 Evangelium
990 558 997 570 ,

204 580 368 615 Apostolus?
384 582 548 618 Respondeo
562 583 588 610 id
604 584 678 619 parvi
696 583 808 615 referre,
834 584 915 611 modo
937 592 999 612 sen-

205 633 254 655 sus
270 627 342 655 idem
356 629 535 664 exprimatur.
551 627 588 656 Ut
603 633 694 656 autem
711 629 863 657 curiositati
878 631 938 665 ejus
954 638 1000 658 sa-

204 673 353 705 tisfaciam,
366 674 456 702 dicam
471 674 498 702 in
511 674 625 711 Syriaco
636 676 751 710 exprimi
766 680 871 703 tantum
887 684 998 704 sensuum

204 719 281 747 verbi
294 720 427 754 Apostoli,
442 720 469 748 id
484 726 528 748 est
539 722 628 754 missi,
651 727 678 749 et
702 721 889 750 introductum
913 722 999 751 fuisse

204 766 371 794 vocabulum
387 766 536 803 Evangelii.
554 767 613 795 Non
636 769 758 796 consulit
779 776 835 796 sua:
856 769 934 796 fama:
951 770 998 804 qui

205 811 257 839 has
271 813 376 841 naenias
390 814 530 848 proponit.

239 857 296 886 VII.
317 857 369 892 Qui
386 860 501 888 libidine
522 860 729 889 contradicendi
752 862 888 897 abripitur
912 862 996 889 solem

203 904 293 939 ipsum
307 905 495 940 splendentem
509 912 632 942 negaret,
649 913 696 934 aut
710 908 770 942 ejus
783 909 958 936 existentiam
968 909 995 936 in

202 949 317 978 dubium
341 956 496 980 revocaret.
514 952 559 980 Sic
582 953 613 981 Ι).
629 954 662 981 de
677 954 828 992 Premagny
844 957 917 984 litem
933 965 996 985 sns—

203 997 270 1024 citat
291 998 398 1026 auctori
426 998 611 1034 Epistolarum
631 1001 695 1035 quia
715 1009 766 1029 nec
795 1011 995 1038 praecursorem

203 1042 310 1070 Domini
326 1044 478 1079 Baptistam
492 1047 649 1082 appellavit,
661 1055 711 1075 nec
727 1049 856 1076 dilectum
872 1050 996 1086 discipu-

201 1089 257 1117 lum
268 1090 477 1126 Evangelistam.
494 1093 559 1121 lnde
569 1094 651 1121 etiam
667 1096 810 1130 perpendit
823 1101 914 1125 utrum
935 1105 995 1125 am-

202 1134 244 1164 bae
269 1141 370 1165 nostrae
394 1137 523 1172 Epistolas
543 1140 704 1167 antecedere
721 1142 859 1176 potuerint
874 1143 997 1177 publica-

200 1181 304 1210 tionem
320 1186 348 1210 et
361 1183 545 1219 cognitionem
559 1185 699 1221 Evangelii
715 1188 802 1215 sancti
813 1187 937 1217 Joannis.
947 1190 996 1217 lili-

201 1236 264 1256 sera
279 1237 394 1264 prorsus
417 1230 574 1259 discussio!
591 1231 619 1259 Si
635 1234 707 1260 enim
724 1235 923 1263 antecesserint
938 1236 997 1264 ista:

201 1274 332 1310 Epistolte
354 1277 566 1312 publicationem
591 1278 729 1314 Evangelii
756 1281 845 1308 sancti
870 1281 995 1314 Joannis.

200 1329 252 1348 cur
266 1329 361 1349 eorum
380 1322 571 1358 antiquitatem
587 1324 746 1360 impugnat?
763 1325 826 1358 Sed,
840 1328 935 1362 procul
950 1329 998 1355 du-

200 1366 258 1400 bio,
275 1367 365 1394 adhuc
380 1367 532 1397 distractus
556 1374 615 1397 erat
641 1371 756 1406 legendo
774 1375 801 1400 et
816 1373 996 1401 exscribendo

200 1412 252 1440 has
267 1413 403 1447 Epistolas
417 1423 423 1441 :
438 1415 541 1449 pluries
556 1415 628 1443 enim
644 1416 680 1443 ibi
696 1421 809 1444 sanctus
820 1417 946 1446 C!emens
957 1419 998 1445 ci-

200 1459 270 1486 tavit
292 1459 468 1496 Evangelinm
485 1463 573 1489 sancti
588 1461 714 1490 Joannis.
732 1463 761 1491 ln
778 1465 837 1492 solo
852 1473 879 1492 n.
896 1465 930 1492 15
951 1474 997 1493 se-

199 1506 297 1533 cundm
309 1506 447 1542 Epistolm,
462 1508 503 1535 bis
520 1508 604 1544 hujus
618 1508 795 1546 Evangelium
811 1511 926 1538 adduxit
945 1522 951 1539 τ
970 1512 996 1539 l'

1052 259 1134 286 verba
1149 260 1237 287 sancti
1252 259 1342 288 Luem.
1357 260 1416 287 Non
1434 259 1514 288 facile
1536 264 1628 287 tamen
1642 260 1772 295 concipio
1784 262 1832 295 qui.

1052 303 1166 332 busnam
1179 306 1269 333 verbis
1283 310 1397 334 sanctus
1409 305 1500 334 Lucas
1513 307 1617 334 clarius
1632 306 1789 341 exprimere
1798 315 1833 342 po-

1051 351 1149 379 tuisset
1175 351 1297 387 Deiparaa
1318 353 1504 388 virginitatem
1527 361 1610 388 quam
1625 353 1678 380 hoc
1694 361 1833 382 sermone:

1051 397 1127 424 Dixit
1142 403 1229 425 autem
1239 398 1328 426 Maria
1342 399 1376 426 ad
1386 399 1515 435 Angelum
1525 407 1534 425 :
1545 399 1685 432 Quomodo
1702 399 1749 433 ﬁet
1762 399 1833 428 istud.

1050 444 1174 478 quoniam
1189 445 1274 472 virum
1290 453 1341 471 non
1356 446 1504 480 cognosco?
1528 445 1562 472 Et
1582 444 1746 479 respondens
1766 453 1834 479 ange-

1051 489 1103 519 lus,
1118 489 1187 515 dixit
1211 491 1235 517 ei
1250 498 1258 516 :
1275 489 1393 524 Spiritus
1419 495 1528 517 sanctus
1548 491 1714 525 :uperveniet
1730 491 1758 516 in
1773 495 1804 522 te,
1815 496 1834 517 (ι

1049 536 1133 562 virtus
1155 536 1289 563 Altissimi
1311 536 1481 563 obumbrabit
1503 537 1551 563 tibi
1566 545 1576 564 :
1591 537 1704 572 ideoque
1731 542 1757 564 et
1777 537 1834 572 quod

1050 586 1173 608 nascetur
1185 590 1217 609 ex
1233 588 1256 610 te
1269 588 1393 610 sanctum
1408 582 1547 610 vocabitur
1562 582 1650 610 Filius
1666 583 1761 610 Dei".

1086 628 1130 657 ιχ.
1154 629 1270 656 Miratur
1292 629 1376 657 etiam
1398 630 1544 657 adnotator
1560 637 1574 656 a
1591 633 1691 656 sancto
1705 629 1834 657 Clemente

1048 674 1173 702 adhiberi
1198 675 1257 703 htec
1281 676 1365 703 verba
1384 685 1392 703 ι
1410 675 1541 703 Dominus
1564 680 1656 703 noster
1670 674 1754 702 Iesus
1768 675 1833 703 Chri-

1049 724 1103 751 tus.
1119 720 1168 747 Dei
1194 719 1293 748 Filius.
1313 721 1443 756 Nunquid
1470 721 1555 756 igitur
1571 721 1694 748 insolita:
1709 726 1790 748 erant
1803 722 1834 748 liae

1049 772 1131 793 voces
1155 773 1216 800 quae
1240 766 1321 793 toties
1336 766 1510 801 reperiuntur
1524 769 1551 793 et
1569 766 1597 792 in
1614 765 1801 800 Evangelistis
1813 770 1833 792 et

1049 811 1076 838 in
1091 811 1220 846 Epistolis
1234 813 1420 848 apostolorum
1430 812 1442 839 ἲ)
1451 812 1529 845 Quod
1546 812 1568 839 si
1581 812 1640 839 haec
1653 812 1779 839 nondum
1791 812 1834 838 sul-

1050 858 1155 890 liciant,
1174 859 1284 886 remitto
1309 859 1399 886 adhuc
1421 858 1615 894 philosophum
1638 857 1834 892 Rothomagen-

1048 912 1106 932 sem
1136 904 1170 931 ad
1201 903 1359 940 Symbolum
1374 904 1562 939 apostolorum
1592 904 1665 939 quod
1694 903 1833 931 Christiani

1048 958 1155 983 omnes,
1173 953 1295 986 tempore
1317 950 1405 978 sancti
1427 949 1587 981 Clementis,
1604 949 1761 977 recitabant
1777 950 1835 976 sicut

1046 1002 1074 1025 et
1099 1005 1162 1030 nos,
1185 997 1334 1025 dicentes:
1352 996 1387 1023 Et
1412 997 1440 1023 in
1464 996 1558 1023 Iesum
1574 996 1719 1036 Christum.
1745 995 1834 1023 Filium

1046 1043 1104 1078 ejus
1120 1044 1226 1070 unicum
1242 1043 1385 1069 Dominum
1403 1048 1533 1070 nostrum.

1082 1088 1142 1116 Non
1155 1088 1271 1116 libenter
1281 1088 1345 1124 legit
1360 1088 1551 1116 simultaneam
1565 1088 1648 1115 trium
1660 1095 1832 1124 personarum

1047 1134 1261 1162 enuntiationem
1284 1142 1299 1160 a
1323 1138 1420 1161 sancto
1443 1133 1582 1162 Clemente
1597 1142 1774 1169 expressam.
1790 1135 1834 1161 Cur

1047 1187 1113 1207 vero
1126 1187 1180 1207 non
1195 1187 1271 1215 aeque
1284 1179 1461 1215 displicerent
1474 1180 1498 1207 ei
1513 1180 1596 1208 verba
1610 1180 1717 1208 Christi
1734 1181 1769 1208 ad
1782 1189 1834 1215 app-

1048 1226 1133 1254 stolos
1151 1237 1156 1254 :
1174 1226 1274 1252 Euntes
1288 1234 1360 1261 ergo,
1376 1226 1464 1253 docete
1479 1234 1568 1253 omnes
1583 1231 1688 1261 gentes,
1704 1226 1835 1260 baptizan-

1048 1277 1085 1300 tes
1105 1280 1149 1299 eos
1171 1272 1198 1298 in
1221 1272 1325 1299 nomine
1341 1271 1444 1304 Patris,
1460 1276 1483 1298 et
1501 1271 1576 1303 Filii,
1594 1276 1618 1299 et
1640 1271 1765 1306 Spiritus
1781 1281 1834 1300 san-

1047 1321 1133 1347 cti"!
1146 1319 1262 1347 Putatne
1276 1327 1291 1346 a
1307 1319 1451 1354 discipulis
1466 1319 1569 1347 Christi
1596 1320 1647 1347 hoc
1675 1325 1835 1356 praeceptum

1047 1373 1102 1393 non
1129 1365 1214 1392 fuisse
1237 1365 1352 1392 lideliter
1377 1368 1404 1392 et
1426 1364 1547 1399 quotidie
1560 1364 1761 1392 observatum?
1777 1365 1834 1392 Num

1047 1412 1185 1440 existimat
1202 1419 1218 1438 a
1231 1410 1327 1446 primis
1335 1410 1502 1438 Christianis
1510 1419 1564 1438 non
1571 1411 1751 1439 ell‘ormatum
1762 1412 1835 1439 fuisse

1047 1459 1155 1494 signum
1171 1457 1261 1485 crucis
1277 1457 1304 1484 in
1318 1457 1429 1484 nomine
1442 1456 1540 1488 Patris,
1556 1461 1583 1484 et
1596 1455 1670 1489 Filii,
1681 1462 1709 1484 et
1724 1457 1835 1493 Spiritus

1048 1503 1157 1532 sancti?
1178 1503 1316 1530 Audacter
1339 1502 1406 1529 dicit
1429 1509 1515 1537 usque
1541 1502 1573 1529 ad
1599 1510 1702 1530 annum
1721 1503 1776 1530 165
1789 1508 1835 1529 tres

200 1551 295 1579 Mirati
310 1557 371 1580 sunt
385 1554 448 1589 quia
464 1562 523 1581 cum
540 1555 648 1582 muliere
662 1556 818 1591 loquebatur
834 1557 874 1590 ¹⁷;
888 1557 918 1584 2⁸
930 1557 995 1585 Noli

1081 1548 1229 1576 nctissima:
1240 1547 1383 1575 Trinitatis
1392 1556 1525 1582 personas
1536 1556 1678 1583 nunquam
1692 1548 1836 1576 luissem-

199 1606 240 1625 me
248 1603 354 1634 tangere
365 1606 374 1626 :
384 1600 500 1627 nondum
508 1601 578 1627 enim
589 1603 696 1628 ascendi
706 1602 740 1628 ad
750 1602 859 1630 Patrem
868 1611 953 1631 meum
962 1604 993 1632 ¹⁸.

198 1643 268 1671 Cum
294 1652 360 1679 ergo
384 1649 498 1674 sanctus
520 1646 648 1675 Clemens
677 1647 803 1676 citaverit
826 1649 878 1676 hoc
907 1649 995 1676 sancti

199 1689 315 1718 Joannis
330 1690 520 1727 Evangelium,
536 1700 628 1721 nonne
645 1694 758 1721 evidens
768 1698 810 1722 est
827 1694 894 1722 illud
911 1695 996 1727 fuisse

199 1741 264 1764 ante
287 1741 398 1766 nostras
413 1738 550 1774 Epistolas
566 1740 718 1775 scriptum?
739 1739 809 1768 Hine
823 1741 906 1768 etiam
922 1745 996 1776 patet

199 1789 402 1817 praecursorem
427 1784 535 1812 Domini
550 1793 565 1812 a
581 1792 676 1813 sancto
701 1785 841 1814 Clemente
859 1791 889 1814 ut
904 1786 996 1822 Bapti-

199 1832 269 1855 stam
294 1828 382 1856 fuisse
405 1831 551 1865 agnitum:
574 1831 601 1858 in
628 1831 719 1866 primo
745 1831 881 1866 siquidem
906 1832 997 1867 capite

198 1872 338 1908 Evangelii
363 1875 452 1902 sancti
479 1875 604 1910 Joannis,
619 1877 710 1905 sexies
724 1877 822 1905 beatus
840 1886 996 1913 praecursor

197 1919 347 1954 Baptizans
364 1922 529 1956 appellatur.

234 1965 303 1994 Vlll.
324 1966 384 1994 Iam
401 1969 530 2003 superius
542 1969 599 1996 dixi
620 1977 692 2005 aegre
707 1970 821 1998 concedi
835 1977 917 2006 posse
931 1979 995 1998 san-

198 2013 274 2037 ctum
300 2010 468 2039 Clementem
508 2013 640 2041 strictiori
666 2015 777 2042 vinculo
805 2023 868 2043 cum
898 2020 995 2044 sancto

199 2055 284 2084 Paulo
294 2065 377 2092 quam
391 2065 454 2085 cum
468 2063 566 2086 sancto
581 2059 662 2087 Petro
676 2061 789 2096 ligatum
806 2062 891 2090 fuisse
901 2073 908 2091 :
920 2072 996 2091 com-

199 2103 318 2130 moratio
340 2111 460 2139 namque
480 2106 568 2132 sancti
591 2105 664 2134 Petri
680 2106 774 2136 Roma:
788 2109 873 2137 multo
887 2110 995 2138 diutur-

199 2148 272 2181 nior,
290 2149 522 2178 necessitudinem
537 2159 647 2186 quoque
662 2153 747 2180 multo
763 2155 906 2182 arctiorem
924 2156 996 2183 inter

200 2200 248 2220 eos
262 2194 415 2228 producere
428 2195 523 2222 debuit
534 2205 541 2222 :
551 2197 623 2231 quod
641 2197 780 2225 fatendum
791 2204 875 2231 esset,
887 2201 994 2228 etiamsi

1047 1595 1090 1623 bis
1104 1594 1278 1629 conjunctas.
1294 1592 1410 1620 Fallitur
1425 1602 1431 1620 :
1448 1593 1571 1628 quotidie
1587 1593 1661 1620 enim
1687 1594 1837 1628 conjunct:

1045 1641 1158 1669 fuerunt
1184 1640 1212 1667 in
1241 1639 1327 1666 forma
1351 1638 1534 1673 baptismatis.
1551 1643 1578 1666 et
1602 1638 1629 1665 in
1644 1639 1729 1674 signo
1744 1640 1836 1667 crucis.

1045 1687 1102 1714 lmo
1118 1686 1145 1714 in
1161 1686 1270 1721 scriptis
1286 1685 1373 1713 sacris
1388 1689 1414 1712 et
1430 1685 1456 1711 in
1473 1685 1619 1712 traditione
1633 1684 1720 1719 hujus
1738 1689 1836 1720 tempo-

1045 1733 1085 1761 ris
1107 1733 1168 1760 illas
1192 1732 1285 1760 unitas
1310 1731 1397 1759 fuisse
1419 1731 1561 1758 evidenter
1576 1735 1660 1766 patet.
1679 1731 1760 1758 Satis
1774 1731 1837 1758 enim

1045 1780 1119 1807 clare
1147 1783 1203 1806 tres
1226 1777 1408 1806 sanctissimae
1433 1776 1580 1804 Trinitatis
1601 1779 1740 1806 Personae
1760 1778 1838 1812 expri-

1045 1830 1158 1852 muntur
1181 1824 1262 1852 simul
1283 1824 1311 1851 in
1327 1824 1370 1852 his
1384 1823 1456 1850 beati
1472 1822 1549 1850 Pauli
1565 1822 1657 1850 verbis
1685 1823 1724 1850 ad
1750 1823 1838 1850 Corin-

1047 1871 1119 1899 thios
1132 1871 1244 1906 scriptis
1260 1880 1267 1897 :
1284 1869 1378 1896 Gratia
1394 1868 1503 1896 Domini
1534 1868 1619 1895 nostri
1642 1867 1711 1894 Jesu
1733 1867 1837 1897 Christi,

1045 1923 1069 1946 et
1086 1918 1203 1944 cliaritas
1222 1917 1279 1948 Dei,
1298 1921 1322 1943 et
1337 1915 1542 1942 communicatio
1556 1914 1643 1940 sancti
1659 1913 1794 1948 Spiritus,
1811 1914 1838 1939 sit

1046 1971 1104 1989 cum
1119 1962 1238 1989 omnibus
1253 1962 1324 1988 vobis
1333 1961 1374 1994 ¹¹;
1392 1964 1418 1988 et
1434 1959 1467 1987 ad
1502 1957 1612 1985 eosdem
1625 1959 1648 1974 “
1666 1969 1672 1986 :
1689 1959 1838 1994 Conﬁrmat

1046 2018 1093 2036 nos
1106 2009 1135 2036 in
1149 2009 1264 2040 Christo,
1277 2012 1302 2035 et
1318 2007 1394 2034 unxit
1409 2014 1456 2033 nos
1473 2005 1553 2038 Deus,
1569 2010 1594 2032 et
1606 2005 1728 2040 signavit
1749 2013 1805 2037 nos,
1818 2009 1838 2031 rt

1046 2056 1118 2082 dedit
1132 2055 1227 2090 pignus
1246 2053 1363 2088 Spiritus
1377 2053 1404 2079 in
1420 2051 1544 2078 cordibus
1558 2051 1669 2078 nostris.

1081 2101 1142 2128 Non
1157 2101 1247 2128 minus
1263 2100 1336 2127 clare
1350 2103 1461 2127 sanctus
1476 2097 1573 2125 Petrus
1585 2097 1695 2124 divinas
1711 2103 1838 2132 personas

1047 2148 1128 2175 simul
1141 2147 1303 2182 coniunctas
1316 2145 1452 2176 enuntiat,
1466 2145 1562 2172 dicens
1581 2153 1586 2171 :
1604 2142 1747 2172 Electis...
1759 2151 1839 2171 seta»

1047 2194 1111 2220 dunt
1133 2193 1327 2228 prwscientiam
1350 2191 1398 2218 Dei
1423 2191 1527 2222 Patris,
1550 2191 1577 2217 in
1601 2190 1837 2224 sanctiﬁcatione»:

200 2239 279 2266 nihili
289 2239 473 2274 penderentur
488 2245 528 2268 tot
543 2246 666 2269 veterum
678 2245 834 2271 testimonia
843 2254 903 2281 quae
915 2255 995 2275 sanc-

1077 2241 1176 2272 7iritus,
1186 2240 1213 2266 in
1230 2238 1406 2267 obedientiam
1419 2243 1443 2265 et
1454 2237 1632 2271 aspersionem
1645 2237 1791 2272 sanguinis
1803 2235 1838 2262 Je-

201 2289 258 2313 tum
277 2286 447 2314 Clementem
462 2289 552 2316 sancti
567 2288 640 2316 Petri
656 2290 782 2318 comitem
808 2291 895 2320 fuisse
918 2294 995 2321 evin-

201 2334 279 2364 cunt,
295 2336 322 2359 et
337 2339 400 2360 eum
416 2333 451 2361 ab
465 2333 518 2362 hoc
532 2335 658 2370 apostolo
672 2341 863 2365 consecratum
885 2340 994 2374 episco-

200 2384 265 2412 pum
280 2378 449 2406 unanimiter
462 2380 585 2409 tradunt.

237 2424 324 2453 Pudet
349 2434 392 2454 me
416 2427 581 2463 redarguere
597 2428 670 2463 quod
686 2429 831 2457 ainotator
847 2434 900 2458 tam
915 2440 992 2459 erro-

199 2478 252 2498 nee
266 2471 371 2506 profert
384 2472 418 2500 de
432 2473 546 2502 vocibus
561 2473 629 2501 Filii
647 2475 772 2510 Virginis,
789 2485 859 2511 quas
875 2478 992 2513 applicat

200 2521 315 2545 sanctus
325 2518 450 2547 Clemens
465 2519 578 2548 Domino
592 2525 687 2548 nostro
700 2521 765 2550 Jesu
780 2521 991 2559 Christo:quasi

200 2563 298 2591 titulus
320 2563 434 2600 Virginis
453 2566 591 2594 adhibitus
616 2568 738 2595 nondum
765 2568 864 2596 luisset
886 2570 920 2597 ad
945 2570 992 2598 de-

200 2609 363 2644 signandum
388 2609 555 2639 Genitricem
581 2612 742 2642 Salvatoris.
767 2613 896 2649 Nunquid
912 2615 942 2642 Ι).
958 2616 993 2644 de

200 2653 353 2691 Premagny
395 2655 423 2683 in
449 2656 561 2685 dubium
589 2659 729 2686 revocavit
757 2660 991 2688 authenticitatem

201 2701 324 2737 Symboli
341 2703 496 2736 apostolici,
512 2704 539 2730 in
554 2712 609 2740 quo
629 2705 751 2733 dicitur:
770 2706 859 2734 Natus
884 2715 917 2735 ea;
935 2707 993 2736 Ma-

201 2748 244 2774 ria
258 2747 378 2782 virgine?
393 2747 447 2774 Aut
471 2750 594 2784 nunquid
610 2750 693 2777 verba
709 2751 768 2779 haec
782 2752 928 2786 quamdam
943 2753 992 2780 ob-

201 2792 363 2820 scuritatem
382 2792 544 2821 involvunt?
565 2794 648 2822 Addit
670 2797 752 2824 verba
768 2797 856 2825 sancti
872 2797 991 2826 Matthtei

238 2850 259 2866 "
279 2849 360 2878 Joan.
377 2857 414 2880 Iv.
430 2850 476 2878 27.

531 2851 552 2867 "
572 2851 651 2880 Joan.
667 2861 713 2885 xx,
730 2854 773 2881 ΓΙ.

204 2886 228 2902 ι·
248 2884 270 2913 ιι
286 2885 351 2913 Cor.
369 2885 448 2921 1,21.

487 2885 510 2902 "
528 2886 629 2915 lPetr.
646 2895 666 2922 ι,
684 2889 709 2920 l,
721 2888 750 2916 2.

831 2854 851 2870 ’ν
873 2854 938 2881 Luc.
950 2863 969 2885 I.
987 2856 1031 2888 δι,
1046 2854 1092 2882 55.

789 2889 812 2905 υ
832 2888 935 2917 ann.
951 2899 977 2922 v,
994 2885 1030 2918 7."
1056 2890 1079 2906 "
1101 2887 1197 2915 Matth.
1210 2894 1260 2920 vn,
1274 2885 1303 2915 6.

1047 2298 1078 2317 su
1090 2287 1231 2316 Christi”.

1082 2333 1172 2368 Eque
1195 2337 1288 2366 aperte
1311 2334 1424 2358 sanctus
1444 2329 1564 2356 Joannes
1587 2328 1676 2356 dicit:
1698 2329 1766 2356 Tres
1785 2334 1838 2356 sunt

1045 2380 1090 2415 qui
1105 2378 1284 2406 testimonium
1298 2376 1363 2403 dant
1379 2377 1406 2403 in
1420 2375 1483 2403 caelo
1494 2382 1505 2401 :
1521 2374 1614 2406 Pater,
1624 2373 1743 2401 Verbum
1755 2374 1838 2409 etSpi-

1045 2426 1112 2452 ritus
1128 2430 1235 2450 sanctus
1247 2430 1256 2455 ;
1270 2427 1295 2449 et
1310 2422 1337 2449 hi
1350 2427 1403 2449 tres
1419 2430 1499 2448 unum
1516 2421 1616 2447 sunt".

1082 2470 1213 2506 Equidem
1238 2468 1395 2496 infidelibus
1414 2468 1493 2502 primi
1509 2466 1661 2494 Christiani
1684 2475 1743 2496 non
1765 2468 1838 2495 debe—

1045 2518 1111 2545 bant
1133 2515 1257 2544 revelare
1279 2514 1468 2549 imprudenter
1488 2512 1617 2548 mysteria
1634 2514 1782 2548 religionis
1796 2522 1838 2541 no-

1045 2569 1120 2595 strae,
1136 2571 1170 2590 ne
1186 2562 1238 2590 ista
1264 2562 1298 2588 ab
1318 2560 1359 2588 eis
1373 2560 1575 2591 deriderentur,
1592 2563 1619 2586 et
1635 2561 1836 2594 persecutiones

1045 2611 1131 2647 gratis
1155 2609 1391 2642 suscitarentur;
1414 2607 1531 2641 ideoque
1557 2606 1689 2635 Christus
1715 2608 1834 2635 dixerat:

1047 2658 1139 2685 Nolite
1154 2656 1219 2683 dure
1234 2660 1356 2682 sanetum
1372 2653 1494 2685 canibus,
1509 2661 1590 2688 neque
1605 2654 1722 2681 mittatis
1739 2662 1835 2688 marga-

1046 2704 1112 2730 ritas
1136 2707 1197 2729 ante
1216 2707 1325 2736 porcos;
1348 2707 1380 2726 ne
1401 2699 1470 2733 forte
1495 2699 1650 2726 conculcent
1674 2708 1721 2728 eas
1737 2700 1835 2735 pedibus

1046 2750 1113 2782 suis,
1125 2753 1151 2776 et
1166 2746 1447 2780 conversidirumpant
1459 2753 1504 2772 vos
1511 2744 1550 2778 ²¹;
1567 2746 1616 2773 sed
1631 2745 1701 2774 adeo
1715 2746 1835 2781 frequens

1045 2799 1104 2824 erat
1119 2795 1191 2822 inter
1205 2793 1328 2821 initiatos
1344 2792 1525 2821 sanctissimae
1537 2791 1683 2820 Trinitatis
1694 2793 1834 2821 invocatio,

1148 2852 1170 2868 ὀ
1190 2850 1285 2878 Matth.
1306 2859 1404 2884 xxvnt,
1430 2850 1474 2878 i9.
1530 2850 1551 2866 "
1574 2849 1597 2876 ll
1614 2849 1677 2877 Crr.
1706 2857 1770 2881 xm,
1798 2848 1832 2874 lS.
