1869 3104
46 197 89 223 M19

503 195 683 226 EPISTOLE
700 198 745 226 AD
761 197 933 228 VIRGINES.
948 212 985 220 --
999 197 1190 226 PROOEMIAJ

1595 194 1648 223 570

47 258 70 279 ut
82 254 170 278 auctor
190 250 297 286 Dialogi
318 250 485 287 Pbilopatris
508 256 553 288 qui
569 256 621 283 sub
635 255 744 290 Trajani
768 257 816 282 im-
829 258 852 286 Α
866 255 979 290 scipulis
999 256 1057 283 suis
1077 259 1106 282 ut
1118 263 1165 282 eos
1188 254 1239 289 ipsi
1252 253 1417 288 abjicerent.
1432 252 1541 287 quando
1554 252 1622 280 dixit
1638 261 1645 280 :

47 298 109 332 perio
121 297 236 332 scripsit,
247 297 298 324 hac
309 298 369 333 ipsa
383 298 488 326 ratione
498 299 668 329 Christianos
678 302 809 334 derideat,

45 346 68 370 ct
80 341 176 370 cuidam
190 341 262 369 ﬁdeli
276 343 349 370 dicat
364 352 370 370 :
385 343 454 370 Jura
471 345 535 372 mihi
548 354 593 380 per
605 346 689 373 Deum
704 348 773 378 caeli.
785 354 811 375 et

46 395 175 422 supremum
191 387 344 421 Dominum,
362 396 408 422 per
427 388 528 416 Filium
551 391 651 424 Patris,
668 401 714 427 per
729 393 812 427 Spiri-

46 439 91 460 tum
103 433 143 468 qui
158 441 173 459 ιι
187 432 265 460 P-atre
281 435 407 469 procedit,
423 436 508 463 Deum
531 445 613 464 unum
628 438 656 465 in
670 439 765 473 tribus,
786 444 811 466 et

47 480 128 506 trinum
141 479 167 505 in
179 487 240 507 uno.

73 525 202 552 Abstinere
224 525 366 553 debuisset
381 527 416 554 ab
441 528 515 555 omni
537 529 714 556 contentione
729 528 760 557 D.
776 529 811 557 de

45 570 175 605 Premag-ny
188 571 334 599 occasione
349 573 464 601 alterius
481 577 572 601 textus
586 582 667 609 quem
684 575 810 610 deprom-

46 618 119 649 pscrat
140 620 246 644 sanctus
270 617 388 646 Basilius
411 619 446 646 ab
469 619 523 647 alio
547 621 635 647 sancti
661 620 810 648 Clementis

45 670 110 696 opere
120 663 186 697 quod
201 663 291 698 periit.
308 664 348 692 En
372 665 418 692 ille
433 669 524 693 textus
546 673 553 692 :
578 666 696 695 Clemens
712 667 809 694 Roma—

45 716 83 734 nus
96 709 218 743 antiquior
238 709 303 736 dicit
317 719 326 734 :
347 710 414 737 Viuit
428 710 498 738 Deus
511 731 518 743 ,
543 716 569 739 et
583 711 712 739 Dominus
731 713 809 740 Jews

45 753 161 787 Christus,
185 759 210 782 et
232 754 349 788 Spiritus
363 761 470 784 sanctus
493 757 526 784 “.
551 757 674 785 Credidit
696 764 810 785 sanctus

44 799 141 827 Basilius
159 800 213 827 hinc
236 803 326 828 sancti
351 802 500 830 Clementis
520 803 604 830 verba
629 803 753 831 sullicerc
778 808 808 830 ut

43 846 187 874 stabiliretur
200 847 472 875 consubstantialitas
484 848 564 876 Verbi
579 849 664 876 divini
675 869 681 880 .
697 849 807 876 Ariani-

42 899 85 925 que
95 891 285 920 refellerentur.
300 893 357 920 Hoc
367 901 420 921 non
433 894 551 922 admittit
564 895 596 922 D.
605 896 638 922 de
646 895 806 931 Premagny.

42 938 98 970 Quis
108 946 168 965 vero
191 939 305 967 haerebit
321 940 392 967 inter
405 940 564 969 aﬁirmantis
578 944 605 968 et
620 941 744 976 negantis
758 949 806 968 au-

41 984 171 1011 ctoritatem
179 985 191 1011 ἲ

68 1028 95 1057 X.
121 1029 199 1066 Egre
226 1031 258 1058 D.
293 1030 327 1058 de
355 1030 508 1067 Premagny
528 1030 636 1059 videtur
667 1032 807 1066 suscipere

40 1076 106 1101 verba
116 1076 210 1110 quibus
225 1076 412 1111 Epistolarum
427 1082 524 1104 auctor
547 1077 643 1104 incitat
667 1078 702 1105 ad
716 1078 806 1105 imita-

41 1121 123 1148 tionem
137 1122 216 1149 trium
231 1123 388 1151 divinarum
407 1131 596 1158 personarum.
612 1123 731 1151 Remitto
755 1125 806 1152 hac

40 1167 102 1194 dere
122 1167 247 1196 lectorem
270 1169 306 1197 ad
321 1177 353 1197 ea
368 1178 429 1206 quae
450 1170 557 1205 subieci
579 1171 607 1198 in
631 1171 806 1199 adnotatione

40 1212 80 1239 ioci
91 1213 173 1247 hujus.

65 1258 185 1288 Xliluxta
199 1261 389 1289 adnotatorem
402 1263 516 1290 multum
532 1267 609 1291 nutat
621 1263 803 1298 Epistolarum

38 1311 171 1333 nostrarum
196 1308 349 1335 auctoritas
371 1317 404 1337 ex
420 1309 515 1337 fraude
542 1314 569 1336 et
587 1310 725 1345 hypocrisi
744 1318 805 1344 quae

38 1352 214 1384 exprobrantur
234 1354 402 1388 quihusdam
416 1355 610 1383 directoribus.
629 1355 691 1382 Non
706 1356 802 1390 major,

37 1396 79 1427 ait,
100 1396 253 1424 declamatio
277 1404 336 1434 erat
361 1404 474 1433 tempore
488 1399 679 1434 Cln'ysostomi.
707 1399 760 1427 Sed
779 1400 803 1427 si

38 1441 87 1468 inde
100 1450 191 1477 anceps
208 1448 282 1471 esset
296 1443 479 1479 Epistolarum
499 1447 657 1478 auctoritas,
673 1454 802 1481 sequere-

37 1492 72 1513 tur
81 1488 168 1516 dubias
178 1498 290 1525 quoque
310 1490 429 1524 judicari
454 1499 534 1526 posse
558 1492 701 1527 plerasque
715 1493 803 1520 sancti

37 1532 99 1560 Pauli
113 1534 243 1570 Epistolas
259 1544 266 1562 :
289 1536 317 1563 in
332 1536 375 1563 his
388 1537 460 1563 enim
476 1537 650 1564 vehementer
665 1539 803 1566 invehitur

37 1586 73 1605 vas
83 1580 215 1607 electionis
232 1585 331 1608 contra
345 1582 670 1617 pseudo-apostolos.Nos
681 1592 744 1612 vero
755 1585 801 1619 qui
817 1589 837 1618 ε

37 1628 141 1653 tenemus
156 1626 188 1653 ab
208 1627 288 1654 initio
303 1627 463 1655 mendacem
483 1635 515 1655 ac
531 1629 695 1656 homicidam
716 1630 801 1659 fuisse

36 1669 174 1703 daemonem,
191 1673 296 1700 scimus
315 1681 423 1708 quoque
437 1673 471 1700 ab
486 1674 658 1702 incunabulis
674 1675 801 1704 Ecclesiae

36 1717 86 1743 huic
99 1723 189 1753 praesto
203 1719 289 1747 fuisse
302 1720 443 1747 ministros
455 1728 572 1755 quorum
587 1722 715 1749 versutia:
726 1724 799 1750 omni

35 1766 136 1797 tempore
150 1765 276 1792 revelatio
294 1768 358 1791 sunt
371 1769 398 1792 et
413 1765 520 1792 fortiter
534 1766 662 1801 explosae.
676 1767 734 1795 Non
750 1768 799 1796 de-

36 1808 75 1835 luit
93 1809 191 1837 Satana:
206 1811 383 1846 suppositum
409 1811 437 1838 in
460 1812 520 1846 ipsa
535 1811 637 1840 Christi
654 1814 798 1849 societate;

35 1862 74 1881 nec
86 1859 166 1883 tamen
184 1857 374 1883 testimonium
397 1857 431 1884 de
451 1857 524 1884 illius
539 1858 650 1892 perﬁdia
668 1860 703 1887 ab
717 1867 800 1887 evan-

35 1900 121 1933 gelistis
131 1902 294 1936 praestitum,
311 1903 450 1929 inﬁrmare
466 1911 584 1938 unquam
600 1905 688 1939 potuit
703 1910 800 1933 caetera

35 1952 83 1978 qua:
92 1946 267 1981 scripserunt.

61 1991 196 2021 Occasione
207 1993 415 2028 possessionum
435 1997 462 2021 et
476 1994 702 2027 exorcismorum,
718 1996 800 2024 infert

35 2037 157 2067 adnotatur
175 2041 202 2067 in
218 2040 275 2068 illis
289 2040 396 2067 abditas
412 2038 498 2068 fuisse
514 2048 604 2068 meras
622 2041 748 2074 fraudes.
765 2043 800 2070 ab

34 2081 90 2109 Asia;
106 2082 200 2111 ludatis
221 2084 372 2112 derivatas.
392 2083 457 2111 lnde
481 2086 508 2111 in
533 2092 658 2120 campum
687 2087 799 2114 divertit

34 2128 182 2162 morborum,
196 2130 350 2165 praesertim
369 2137 463 2157 eorum
480 2130 525 2164 qui
540 2132 733 2160 convulsiones
751 2141 799 2168 pa-

34 2172 109 2206 riunt,
121 2175 216 2210 quibus
234 2175 329 2202 ﬁdeles
357 2175 468 2202 delusos
483 2175 569 2203 luisse
585 2178 700 2210 asserit,
719 2179 798 2213 quasi

34 2219 145 2246 daemonis
158 2220 334 2255 operationes
348 2220 375 2246 in
392 2219 434 2247 his
450 2221 626 2255 ﬁngerentur.
642 2221 709 2250 Post
728 2223 798 2251 hanc

33 2264 198 2299 irruptionem,
213 2265 394 2301 philosophus
411 2265 637 2301 Rotliomagensis
649 2268 707 2295 ait:
723 2269 798 2302 «Quo
815 2264 836 2291 Ι)

33 2310 103 2343 major
117 2311 264 2346 antiquitas
277 2311 409 2338 ambabus
422 2313 525 2340 nostris
534 2312 665 2348 Epistolis
676 2314 796 2348 dabitur,

32 2362 58 2381 eo
79 2357 181 2392 propius
212 2357 247 2384 ad
286 2356 421 2391 originem
450 2358 667 2386 Christianorum
694 2361 797 2388 abusus

32 2402 179 2430 adducentur
190 2411 197 2429 :
209 2403 283 2438 quod
297 2407 339 2430 est
355 2403 556 2431 incommodum
572 2411 598 2432 et
613 2406 720 2433 creditu
745 2407 798 2434 dif-

33 2446 97 2475 ﬁcile.

58 2494 87 2520 At
101 2495 160 2522 mihi
177 2496 343 2530 respondere
370 2495 546 2531 permittatur
560 2506 565 2523 :
580 2504 630 2524 cur
646 2501 733 2524 mutat
749 2498 798 2525 ad-

31 2545 123 2567 notator
133 2546 257 2569 naturam
276 2550 367 2570 rerum
382 2542 416 2570 de
428 2543 529 2577 quibus
545 2542 653 2570 locutus
669 2548 712 2571 est
735 2544 797 2578 Epi-

31 2586 143 2614 stolarum
172 2588 288 2615 auctor?
306 2587 346 2615 Ne
365 2595 449 2615 unum
472 2587 581 2622 quidem
610 2589 722 2615 verbum
753 2589 797 2616 ille

31 2632 125 2664 protulit
138 2633 170 2660 de
192 2634 334 2662 fraudibus
350 2638 397 2661 aut
420 2635 453 2661 de
471 2633 543 2661 ﬁctis
560 2633 679 2667 morbis,
695 2639 742 2661 aut
763 2634 797 2662 de

30 2679 236 2707 convulsionibus
258 2680 366 2707 diabolo
391 2680 540 2707 attributis.
559 2679 630 2715 Ergo
655 2680 682 2707 in
706 2687 796 2707 aerem

30 2721 122 2751 locutus
129 2729 170 2752 est
186 2724 218 2752 Ι).
233 2725 269 2753 de
282 2725 431 2762 Premagny
442 2745 449 2756 .
471 2726 587 2761 ejusque
601 2733 683 2760 opera
699 2726 789 2760 periit.

29 2767 169 2798 (lenissime
185 2769 313 2799 Christus
331 2772 428 2807 (velit,
453 2771 522 2798 nolit
547 2771 660 2799 criticus
680 2772 791 2806 noster)

31 2814 115 2849 "biecit.
125 2817 180 2853 ipse
197 2817 344 2851 daemones,
367 2819 550 2854 praecepitque
562 2818 693 2854 apostolis
708 2826 740 2845 ac
752 2817 794 2845 di-

824 926 844 952 B

60 2903 77 2916 "
95 2903 151 2932 Bas.
167 2903 205 2931 De
218 2903 311 2938 Spirit.
323 2903 398 2938 S.,c.
411 2906 456 2933 ‘29.
496 2907 517 2922 "
538 2906 633 2933 blattn.
648 2913 675 2937 ι,
691 2905 715 2933 8.

864 300 1001 328 Daemones
1019 300 1105 335 ejicite
1115 300 1149 327 ’⁷.
1179 299 1249 332 Quid
1273 299 1371 326 mirum
1397 298 1480 333 igitur
1503 298 1527 325 si
1553 302 1649 324 auctor

862 344 1045 380 Epistolarum
1072 346 1183 380 regulas
1207 349 1310 373 statuat
1335 352 1404 380 quas
1428 343 1505 379 sequi
1532 343 1649 371 debeant

861 392 1025 419 exorcistae?
1038 391 1108 424 Quid
1121 400 1202 427 porro
1215 393 1273 419 istac
1284 391 1406 419 redolent
1417 391 1469 418 nisi
1484 390 1647 421 castitatem,

862 437 1121 470 mortiﬁcationem,
1153 438 1354 465 humilitatem?
1381 437 1486 464 [ndicat
1515 436 1580 472 quid
1612 437 1649 464 sit

861 484 994 517 agendum
1009 488 1039 510 ut
1054 485 1167 518 spiritus
1199 484 1335 519 malignus
1355 483 1503 511 efficaciter
1528 483 1649 518 expella-

861 533 925 562 tur;
939 529 987 556 sed
1004 537 1058 556 non
1087 529 1148 557 ideo
1164 530 1268 557 fraudis
1284 529 1423 556 insimulat
1441 537 1488 557 eos
1503 529 1550 564 qui
1576 529 1648 556 hanc

861 574 1034 601 cxorcizantli
1050 575 1181 602 rationem
1197 583 1249 602 non
1262 572 1647 609 adhibuerim.lpseChristus

860 619 953 646 docuit
976 619 1124 655 discipulos
1153 629 1218 648 suos
1247 620 1411 654 quibusnam
1434 620 1518 646 armis
1549 619 1646 646 muniti

860 674 959 701 pravos
975 667 1089 701 spiritus
1101 666 1237 694 debellare
1254 666 1400 699 deberent;
1416 665 1463 693 sed
1479 665 1583 693 fraudis
1599 669 1648 692 aut

860 713 994 740 mendacii
1020 721 1081 740 reos
1102 721 1163 740 esse
1186 721 1240 740 non
1267 713 1454 748 pronuntiavit
1482 712 1592 748 quando
1620 714 1646 741 ei

860 763 1007 787 narrarunt
1030 768 1058 787 se
1073 763 1166 794 optato
1179 760 1302 787 caruisse
1323 759 1430 787 effectu.
1447 758 1514 786 Rem
1537 759 1576 787 sic
1598 767 1647 786 ex-

859 806 936 840 ponit
959 804 1130 840 Evangelista
1152 815 1158 832 :
1186 805 1259 832 Tunc
1281 805 1405 839 discipuli
1425 809 1591 832 accesserunt
1611 804 1645 830 ad

858 850 950 878 Jesum
965 856 1075 881 secreto.
1102 855 1125 878 et
1141 851 1285 877 dixerunt:
1303 851 1392 884 Quare
1411 859 1456 877 nos
1480 859 1532 877 non
1558 852 1646 885 potui--

860 904 918 923 mus
932 897 1024 930 ejicere
1044 896 1140 924 illum?
1156 897 1230 923 Dixit
1244 897 1299 924 illis
1322 897 1400 923 Iesus
1414 905 1423 924 :
1438 896 1549 931 Propter
1564 898 1646 924 incre-

859 942 998 969 dulitatem
1015 948 1138 970 vestram.
1155 943 1237 970 Amen
1248 963 1255 974 ,
1270 943 1373 977 quippe,
1388 942 1446 969 dico
1458 942 1541 974 vobis,
1559 944 1582 969 si
1598 942 1645 969 Ita-

859 987 965 1015 bueritis
987 988 1065 1023 ﬁdem
1085 989 1152 1016 sicut
1171 997 1283 1024 granum
1308 989 1419 1022 sinapis,
1441 989 1534 1016 dicetis
1561 989 1645 1016 monti

857 1034 937 1061 huic:
954 1035 1051 1063 Transi
1065 1036 1126 1062 hinc
1139 1036 1221 1062 illuc:
1237 1040 1261 1061 et
1276 1036 1411 1068 transibit,
1427 1041 1451 1062 et
1463 1035 1530 1062 nihil
1546 1035 1645 1069 impos-

857 1081 932 1108 sibile
950 1083 1000 1108 erit
1014 1081 1095 1109 vobis.
1123 1082 1180 1110 Hoc
1196 1088 1283 1110 autem
1308 1091 1388 1118 genus
1404 1090 1455 1109 non
1470 1081 1576 1116 ejicitur
1591 1081 1644 1108 nisi

855 1135 901 1161 per
916 1127 1060 1154 orationem
1075 1132 1099 1154 et
1113 1128 1247 1162 jejunium
1257 1128 1289 1155 ’⁸.

892 1172 1006 1200 Cessent
1017 1181 1082 1208 ergo
1098 1174 1250 1209 philosophi
1269 1173 1352 1208 hujus
1372 1172 1465 1200 szeculi
1488 1172 1515 1199 in
1539 1172 1643 1200 sanctis

855 1217 983 1245 Patribus
1011 1221 1166 1253 vituperare
1188 1226 1248 1254 quae
1272 1219 1298 1245 in
1320 1218 1430 1245 Christo
1453 1217 1572 1245 revereri
1595 1217 1642 1244 de-

856 1263 930 1295 bent,
947 1264 997 1291 nisi
1011 1264 1079 1292 forte
1089 1264 1199 1292 Christo
1211 1264 1442 1291 renuntiaverint.

891 1307 944 1335 Sed
965 1317 1009 1336 res
1024 1314 1120 1336 notatu
1141 1309 1301 1344 dignissima
1316 1314 1369 1339 est.
1379 1309 1522 1344 plerosque
1535 1307 1644 1335 lucreti-

855 1361 903 1381 cos
917 1358 944 1381 et
964 1355 1158 1390 philosophos,
1184 1355 1217 1382 ad
1242 1356 1328 1382 solam
1356 1354 1642 1382 commemorationem

854 1401 1008 1428 dannonum
1025 1405 1051 1428 et
1066 1401 1280 1429 exorcismorum
1293 1400 1493 1427 excandescere
1509 1404 1536 1428 et
1550 1399 1644 1435 exagi-

854 1447 908 1474 tari
925 1447 1003 1482 quasi
1021 1447 1071 1483 ipsi
1084 1455 1099 1474 a
1117 1447 1285 1475 daemonibus
1299 1446 1499 1474 obsiderentur.

891 1492 949 1520 XII.
981 1493 1128 1520 Auctorem
1159 1493 1341 1528 Epistolarum
1375 1493 1465 1527 arguit
1496 1492 1643 1520 adnotator

855 1540 933 1574 quasi
954 1543 1124 1566 narratorem
1151 1546 1246 1574 parum
1268 1546 1390 1566 veracem
1416 1547 1510 1566 COI‘Ulll
1531 1546 1591 1573 qua:
1608 1539 1643 1566 δά

855 1585 998 1611 Dominum
1015 1589 1139 1611 nostrum
1164 1583 1346 1618 pertinebant.
1365 1593 1374 1609 ‹
1387 1583 1525 1615 Clemens,
1542 1584 1640 1619 inquit,

852 1638 907 1658 non
929 1634 972 1658 est
993 1630 1110 1665 diligens
1126 1630 1226 1657 relator
1249 1629 1377 1656 itinerum
1397 1629 1511 1656 Christi.
1532 1629 1643 1664 Absque

851 1675 935 1703 dubio
952 1676 1040 1708 enim,
1067 1676 1160 1710 plures
1185 1675 1322 1702 comitatae
1345 1678 1409 1702 sunt
1425 1682 1485 1701 cum
1502 1675 1640 1705 mulieres,

852 1722 933 1756 paulo
958 1725 1022 1747 ante
1038 1728 1120 1755 quam
1139 1720 1221 1746 vitam
1239 1723 1456 1746 consummaret.
1476 1718 1535 1745 Non
1558 1719 1642 1746 semel

851 1767 1004 1801 hospitatus
1031 1771 1074 1793 est
1093 1773 1125 1792 ac
1147 1765 1321 1792 manducavit
1345 1765 1372 1791 in
1397 1765 1477 1791 domo
1499 1764 1591 1791 Maria:
1614 1768 1641 1791 ct

851 1812 976 1843 Marthae;
994 1818 1044 1838 nec
1061 1811 1142 1838 semel
1159 1811 1288 1837 mulieres
1303 1809 1459 1837 effuderunt
1473 1813 1641 1845 unguentum

851 1865 933 1892 super
946 1860 1027 1893 caput
1041 1860 1067 1884 et
1087 1857 1169 1891 pedes
1185 1856 1268 1887 illius,
1286 1865 1294 1882 ι
1312 1860 1366 1883 etc.

885 1903 981 1930 Nullus
1006 1909 1048 1930 est
1072 1903 1098 1929 in
1128 1910 1276 1937 pauperum
1302 1901 1404 1928 scholis
1436 1901 1569 1936 puerulus
1593 1903 1641 1927 aut

850 1947 968 1983 puellula
979 1956 1038 1982 qua:
1054 1947 1175 1974 eamdem
1193 1954 1225 1973 ac
1237 1945 1417 1981 philosophus
1437 1945 1641 1980 Rothomagcn-

851 1996 889 2022 sis
904 1993 1086 2021 eruditionem
1103 1992 1147 2019 hic
1170 1992 1321 2027 producere
1336 1999 1389 2018 non
1406 1991 1548 2017 valuisset.
1565 1989 1640 2016 Nun-

849 2039 917 2076 quid
939 2043 1082 2075 propterea
1098 2037 1156 2064 ausi
1181 2037 1298 2064 fuissent
1314 2037 1412 2063 docere
1425 2039 1472 2062 aut
1494 2035 1641 2070 reprehen-

850 2087 916 2114 dere
936 2086 1026 2113 virum
1051 2083 1253 2118 apostolicum,
1278 2089 1414 2109 summum
1440 2082 1594 2116 pontificem
1613 2084 1642 2108 et

851 2130 1017 2166 martyrem?
1029 2129 1065 2157 Ut
1080 2133 1170 2156 autem
1186 2128 1397 2155 reclamationes
1408 2127 1510 2154 domini
1526 2126 1560 2154 de
1573 2126 1640 2154 Pre-

850 2185 948 2212 magny
969 2176 1087 2210 alicujus
1109 2174 1238 2209 ponderis
1256 2177 1366 2205 essent,
1390 2173 1531 2200 debuisset
1555 2172 1641 2199 citare

850 2222 974 2257 quanlam
990 2222 1078 2248 sancti
1095 2220 1242 2247 Clementis
1259 2219 1340 2246 verba
1355 2226 1415 2254 quas
1429 2219 1487 2246 suis
1505 2218 1639 2245 reclama-

852 2268 972 2295 tionibus
995 2266 1167 2293 occasionem
1191 2272 1296 2299 aequam
1320 2264 1476 2296 dedissent;
1493 2263 1539 2290 sed
1564 2263 1640 2290 nulla

851 2321 965 2348 prorsus
980 2312 1115 2348 ejusmodi
1131 2311 1211 2339 verba
1224 2311 1355 2338 existunt.
1372 2310 1481 2337 Dicetur
1496 2309 1565 2337 forte
1579 2317 1635 2336 non

849 2367 957 2391 verum,
976 2359 1023 2386 sed
1047 2357 1332 2394 pseudo-Clementem
1346 2357 1392 2383 hic
1407 2356 1517 2391 impeti:
1535 2355 1639 2382 admitti

849 2409 938 2441 potest
964 2404 1099 2439 ejusmodi
1123 2403 1278 2434 excusatio,
1296 2402 1361 2437 quin
1375 2401 1534 2428 admittatur
1549 2401 1635 2435 hypo—

848 2452 935 2479 thcsis
960 2450 1077 2486 gratuita
1104 2456 1186 2484 quam
1214 2452 1303 2476 textus
1334 2447 1429 2475 sedulo
1465 2447 1638 2474 examinatus

851 2498 964 2532 respuit.

886 2542 963 2576 Quod
976 2546 1066 2569 autem
1084 2541 1228 2568 adnotator
1243 2545 1296 2567 tam
1322 2547 1417 2567 serena
1434 2539 1523 2566 fronte
1539 2539 1638 2566 asserit

850 2590 989 2617 Christum
1013 2597 1069 2616 non
1090 2587 1174 2615 semel
1198 2587 1365 2622 hospitalum
1396 2585 1481 2613 fuisse
1502 2586 1529 2612 in
1555 2585 1638 2612 domo

851 2636 963 2662 Marthae
977 2639 1004 2662 et
1019 2634 1121 2666 Mariae,
1139 2641 1233 2660 verum
1249 2638 1290 2660 est
1305 2633 1414 2667 quidem
1440 2631 1474 2658 de
1496 2631 1636 2666 prandiis;

847 2682 894 2710 sed
917 2681 1044 2708 facillime
1059 2680 1209 2708 contradici
1238 2683 1327 2714 potest
1343 2678 1433 2713 quoad
1452 2677 1636 2712 pernoclali0<

847 2734 929 2754 ncm:
952 2730 1059 2753 veteres
1082 2726 1155 2753 enim
1181 2725 1320 2752 tradidere
1342 2723 1482 2751 Christum
1509 2721 1637 2750 secedere

846 2776 1007 2800 consuetum
1023 2772 1050 2798 in
1068 2776 1187 2798 montem
1203 2775 1229 2798 et
1244 2770 1418 2798 solitudinem
1438 2768 1550 2804 quando
1564 2774 1631 2800 apo-

846 2817 906 2845 stoli
930 2817 982 2852 ipsi
1012 2817 1045 2844 ad
1063 2818 1180 2851 quietem
1204 2815 1364 2844 sumendam
1381 2815 1479 2843 lectum
1496 2814 1631 2849 petebant.

756 2905 777 2921 "
795 2903 891 2931 Matth.
907 2912 971 2935 xui,
987 2904 1020 2931 18
1034 2908 1058 2931 ct
1073 2911 1130 2938 seq.
