1869 3104
200 181 250 208 ὅτι

610 177 638 206 S.
656 176 852 205 CLEMENTIS
869 175 879 204 l
895 173 978 202 ΗΘΜ.
997 171 1099 200 ΡΟΝῙ.
1118 169 1232 197 OPERA
1249 165 1409 195 CENUINA.

1766 156 1814 184 ΞΗ

196 238 259 265 "rec
289 245 372 272 porro
395 237 506 264 traditio
535 236 635 271 optime
663 234 789 270 congruit
818 233 862 260 his
889 232 980 260 verbis
995 232 1016 261 Α
1031 232 1104 256 ctum
1130 230 1172 254 est
1192 233 1242 261 pro
1264 225 1395 272 prop—hem
1411 228 1509 272 novom
1526 217 1814 272 cubiculum-

196 284 355 319 Evangelii:
369 283 441 310 Exiit
468 284 495 310 in
519 289 632 310 montem
648 291 725 309 orare
740 289 749 308 :
763 286 788 308 et
809 285 866 308 erat
888 288 979 314 perno-

195 335 270 357 ctans
286 330 312 356 in
328 330 447 357 oratione
467 329 513 356 Dei
530 329 562 355 ".
581 328 620 355 En
637 329 737 355 factum
755 326 980 362 permutationis.

196 374 282 402 Visne
306 374 405 401 habere
416 373 665 401 consuetudinem?
680 373 713 399 Et
724 380 852 408 egressus,
862 371 900 398 ait
912 370 980 397 idem

195 420 362 455 evangelista
384 419 417 446 de
437 423 558 454 tempore
571 423 706 446 nocturno
721 418 844 452 loquens,
860 417 925 447 ibat,
940 423 981 442 se-

195 466 310 493 cundum
339 465 569 496 consuetudinem.
608 465 634 491 in
662 470 775 492 montem
802 462 977 492 Oliuarum".

195 512 296 539 Omnes
313 511 485 546 evangelislze
501 511 645 545 signarunt
671 511 767 538 sedulo
788 511 861 538 hunc
879 511 980 546 specia-

194 559 246 586 lem
269 559 358 585 locum
384 557 518 584 orationis
541 557 642 584 Christi
665 557 691 583 in
715 561 805 583 monte
827 556 978 587 Olivarum,

194 609 324 632 vocantes
347 604 422 631 illum
444 603 576 637 praedium
589 624 595 634 ,
614 603 654 629 vel
671 603 778 629 hortum
794 601 977 629 Gethsemani.

195 651 225 678 In
241 650 348 686 publico
359 671 366 683 ,
383 650 492 677 easdem
511 649 566 676 fere
582 649 730 676 relationes
744 648 870 675 Christus
885 647 979 674 habuit

193 705 257 724 cum
283 696 349 724 viris
374 700 402 724 et
432 696 593 723 mulieribus
617 702 624 721 :
655 695 688 722 ad
718 695 877 722 salvandum
905 695 976 722 enim

194 747 343 777 utrumque
363 749 457 770 sexum
480 746 610 774 verterat;
640 740 687 768 sed
711 740 854 775 privatim,
881 741 976 767 eodem

192 787 275 814 modo
291 794 345 814 non
369 794 398 814 se
421 786 553 821 gerebat:
569 785 683 820 ideoque
707 785 842 811 mirantur
862 785 976 820 apostoli

192 832 303 867 quando
317 840 378 859 eum
395 832 482 859 solum
496 831 597 861 vident.
613 830 738 865 quamvis
753 830 780 857 in
795 835 898 866 aperto,
914 838 975 857 cum

193 878 308 906 muliere
325 877 497 904 Samaritana
511 877 721 911 colloquentem.

229 923 265 950 Ex
290 931 323 951 eo
349 923 421 958 quod
442 926 553 950 sanctus
566 922 691 950 Clemens
708 922 810 949 Christi
825 922 907 950 verba
928 931 973 949 re-

192 970 286 997 tulerit
301 969 334 996 ad
354 969 465 996 Mariam
493 968 677 1004 Magdalenam
697 969 812 996 dicentis
831 979 836 995 :
854 968 918 996 Noli
936 978 975 996 me

193 1022 298 1051 tangere
310 1035 317 1048 ,
335 1015 499 1042 concludere
511 1014 593 1042 vellet
607 1014 767 1046 adnotatur,
789 1018 884 1042 contra
901 1013 975 1041 Wet-

192 1062 313 1092 stinum.
330 1061 363 1088 ab
388 1065 499 1087 auctore
516 1059 697 1094 Epistolarum
719 1060 816 1087 ntelius
836 1061 974 1095 cognitum

191 1108 277 1135 fuisse
290 1108 375 1134 sancti
390 1105 504 1133 Joannis
517 1105 689 1140 Evangeliutn
703 1113 784 1140 quam
800 1105 974 1140 Evangelium

191 1154 279 1180 sancti
293 1153 409 1180 lllattluei
425 1153 471 1188 qui
491 1152 561 1178 hanc
573 1151 805 1178 circumstantiam
821 1155 900 1179 taeet.
918 1151 975 1179 Hoc

190 1199 363 1226 ratiocinium
396 1198 557 1234 philosopho
585 1204 680 1232 parum
710 1198 861 1225 convenit:
887 1206 974 1234 neque

191 1245 264 1271 enim
287 1249 396 1271 sanctus
417 1243 576 1275 Mattbaaus,
595 1250 682 1278 neque
698 1243 790 1270 cmteri
804 1245 975 1279 evangelista:

190 1291 346 1322 voluerunt,
357 1290 411 1317 imo
426 1290 493 1317 velle
509 1293 656 1325 potuerunt
671 1290 792 1317 scribere
808 1291 898 1317 omnia
914 1299 974 1326 quae

190 1337 318 1364 Christus
351 1336 475 1372 gesserit.
507 1335 592 1371 Igitur
619 1337 654 1363 ab
686 1336 739 1364 hoc
770 1337 879 1364 silentio
905 1337 974 1364 nihil

191 1384 304 1411 omnino
316 1383 440 1411 concludi
456 1387 557 1418 potest.
572 1383 623 1416 Qui
639 1383 711 1411 enim
727 1383 904 1411 concluderet
926 1384 975 1411 do-

190 1430 295 1457 minum
319 1429 353 1457 de
373 1429 524 1465 Premagny
546 1429 613 1456 nihil
631 1430 704 1457 aliud
728 1430 874 1465 scripsisse
892 1438 973 1466 quam

191 1476 345 1504 versionem
361 1476 490 1503 Gallicam
507 1480 663 1504 nostrarum
683 1476 864 1512 Epistolarum
879 1497 886 1509 ,
911 1484 973 1504 cum

192 1522 329 1558 adjunctis
357 1522 594 1555 adnotationibus,
622 1524 686 1559 quia
713 1523 764 1551 has
787 1524 875 1551 solum
902 1527 973 1559 typis

192 1569 341 1601 mandavit,
354 1577 407 1597 non
421 1570 487 1598 satis
501 1570 579 1599 fama
598 1572 671 1600 illius
686 1572 854 1605 consuleret;
877 1572 974 1606 proba-
988 1574 1007 1602 C

191 1615 283 1643 bilitcr
316 1623 433 1651 namque
459 1625 528 1652 opus
555 1618 627 1645 istud
661 1618 758 1645 merito
786 1618 902 1646 inferius
931 1622 974 1646 est

192 1660 333 1694 sexaginta
348 1661 409 1689 aliis
422 1662 561 1697 opusculis
574 1663 633 1698 ejus
651 1671 711 1698 qua:
726 1664 912 1699 manuscripta
933 1672 974 1691 re-

191 1711 363 1735 manserunt.

226 1753 295 1782 Xlll.
314 1754 458 1782 Auctorem
480 1754 662 1790 Epistolarum
680 1758 791 1782 accusat
807 1754 838 1782 D.
854 1754 887 1782 de
909 1753 974 1782 Prc-

191 1801 388 1836 tnagny-quasi
411 1801 557 1828 inﬁdeliter
580 1801 699 1828 narrarit
719 1801 863 1829 historiam
889 1801 973 1829 Elisei

190 1851 218 1873 et
242 1846 430 1875 Sunatnitidis.
448 1846 500 1874 Sed
518 1854 578 1882 quae
594 1847 688 1882 paucis
703 1847 793 1875 verbis
809 1846 893 1874 refert
909 1854 974 1874 san-

190 1896 252 1920 ctus
267 1892 393 1920 Clctnens
408 1893 510 1928 optime
523 1893 691 1921 concordant
706 1901 768 1920 cum
785 1893 867 1920 rebus
882 1893 976 1921 relatis

190 1938 219 1964 in
239 1941 338 1972 quarto
349 1937 419 1966 libro
433 1937 686 1973 Regum,quamvis
710 1946 754 1966 res
775 1938 976 1966 minutissimas

191 1991 246 2011 non
264 1984 345 2012 fuerit
359 1988 543 2012 consectatus.
567 1984 715 2012 Arbilleam
731 1984 909 2020 philosophus
927 1992 973 2012 no-

192 2034 249 2057 ater
269 2030 413 2057 aestimavit
427 2029 499 2056 hanc
512 2029 690 2064 objectionem
705 2037 712 2055 ε
730 2030 836 2065 Eliseus
851 2035 975 2065 accepta-

192 2076 232 2102 vit
246 2077 403 2104 cubiculum
420 2076 445 2103 in
461 2077 542 2103 domo
556 2076 735 2103 Sunamitidis
749 2084 830 2111 :ergo
846 2085 900 2104 non
917 2081 977 2104 erat

194 2121 239 2148 hic
254 2121 385 2155 propheta
399 2124 545 2148 extraneus
560 2120 634 2147 omni
654 2121 776 2148 relationi
802 2130 864 2148 cutn
879 2123 976 2149 mulie-

195 2167 282 2194 ribus.
306 2166 376 2202 ΕΓεο
391 2171 488 2193 auctor
500 2166 680 2201 Epistolarum
697 2167 791 2194 falsam
808 2167 913 2194 induxit
929 2168 977 2203 Ity-

196 2212 343 2246 potbesim.
368 2211 440 2246 Ergo
464 2212 580 2238 honorat
605 2216 728 2239 sanctum
749 2212 914 2241 Clementem
930 2214 975 2249 qui

197 2259 270 2284 hunc
293 2265 347 2285 non
370 2257 464 2292 recipit
481 2258 559 2293 quasi
585 2258 698 2285 istarum
720 2257 901 2293 Epistolarum
926 2268 976 2286 au-

197 2307 299 2331 ctorem
304 2324 312 2331 .

235 2351 267 2379 Ut
286 2352 410 2379 funditus
434 2355 496 2378 ruat
517 2351 670 2386 lmjusmodi
692 2353 889 2388 argumentatio
912 2354 979 2381 satis

195 2398 248 2424 erit
255 2397 386 2424 adnotare
394 2397 604 2432 hospitalitatem
613 2406 693 2432 quam
702 2398 838 2426 interdum
848 2399 978 2433 propheta

196 2443 297 2477 reet-pit
314 2443 384 2477 apud
398 2442 610 2476 Sunatnitidem,
625 2451 678 2470 non
696 2443 781 2471 fuisse
798 2444 977 2472 cohabitatio-

196 2497 257 2517 netn
273 2497 355 2524 quatit
372 2489 495 2524 prohibet
512 2493 623 2517 sattctus
637 2489 774 2517 Clemens.

231 2535 375 2563 Enimvero
398 2535 496 2562 domus
520 2535 697 2563 Sunamitidis
720 2543 773 2562 una
797 2539 855 2563 crat
876 2544 908 2563 ex
934 2536 978 2564 his

196 2582 335 2618 opulentis
359 2582 573 2609 habitationibus
606 2590 667 2617 qua:
694 2583 853 2618 plerumque
891 2584 977 2610 servis

181 2627 345 2655 abundant.
373 2628 433 2662 Ipsa
452 2627 572 2654 declarat
595 2635 625 2655 se
647 2628 673 2654 in
690 2628 779 2655 medio
794 2628 884 2662 populi
903 2629 944 2655 sui
956 2629 978 2644 “

197 2674 277 2710 quasi
300 2673 449 2708 principem
470 2674 609 2707 habitare,
626 2679 653 2701 et
665 2675 738 2701 nulla
753 2683 782 2702 re
797 2675 928 2710 indigere.
948 2675 977 2702 ln

198 2719 243 2747 illa
256 2720 347 2750 domo.
357 2720 434 2754 quasi
449 2721 584 2747 transiens
594 2720 697 2747 habitat
708 2720 813 2748 Eliseus
823 2729 884 2747 cum
901 2729 979 2748 servo

199 2775 259 2794 suo.
284 2764 375 2799 Quare
402 2766 472 2793 enim
496 2766 546 2793 sub
562 2765 607 2792 dio
627 2766 831 2800 pernm-lasset?
851 2765 980 2798 Quamvis

199 2816 288 2839 autent
313 2813 412 2839 domus
438 2812 482 2838 illa
504 2813 592 2847 ampla
608 2812 676 2839 foret
691 2815 837 2846 vastaque,
859 2816 981 2839 constru-

1032 259 1235 308 separatum-ab
1243 259 1275 298 ea
1284 259 1587 297 ".Textusllebraicus
1601 268 1732 297 expresse
1746 259 1815 308 desi-

1032 304 1097 354 gnat
1110 315 1292 352 separationis
1306 321 1414 341 murum
1428 311 1476 347 qui
1491 310 1643 338 aediﬁcatus
1668 309 1722 333 est.
1735 350 1742 354 -
1755 304 1813 354 ⁸ξιοο

1032 350 1166 398 ignoravit
1191 361 1221 388 D.
1237 360 1271 387 de
1287 359 1449 393 Premagny,
1465 356 1581 390 ideoque
1602 350 1814 398 insuper-altilem

1028 396 1162 444 judicavit
1175 405 1438 442 argumentationem
1454 410 1542 430 suam.
1558 398 1678 427 Aliunde
1691 396 1814 444 noneti-

1029 442 1068 488 git
1091 455 1203 479 sanctus
1218 451 1344 478 Clemens
1369 453 1399 476 ut
1413 448 1487 475 nulla
1510 447 1546 474 sit
1572 445 1673 472 mulier
1689 444 1716 470 in
1735 442 1814 488 domo

1029 487 1111 534 quam
1125 497 1248 524 habitant
1259 496 1383 523 homines
1397 493 1527 529 virgines.
1537 490 1692 526 praesertim
1708 487 1815 523 quando

1029 545 1080 572 iter
1094 544 1217 575 faciunt,
1234 542 1282 570 sed
1302 547 1332 568 ut
1347 541 1451 576 fugiant
1473 537 1654 566 contubernia
1679 542 1744 562 cum
1759 541 1811 560 ntu-

1029 590 1158 621 lieribus,
1182 593 1208 616 et
1222 593 1251 615 ut
1266 587 1334 623 ipsis
1349 595 1403 614 non
1418 586 1575 613 ministrent
1595 582 1738 610 mulieres.
1758 579 1815 607 .Iam

1029 635 1085 663 dixi
1112 634 1267 662 cubiculum
1296 624 1378 659 Ε.ιῖεεί
1402 631 1475 666 apud
1504 628 1706 656 Sunamitidem
1733 625 1815 652 fuisse

1029 685 1203 717 separatum;
1220 679 1257 707 ibi
1273 687 1340 707 vero
1361 676 1543 705 ministerium
1559 682 1574 701 a
1588 673 1755 701 mulieribus
1764 680 1815 698 non

1027 726 1176 760 recipiebat
1199 733 1204 750 :
1223 725 1261 752 illi
1286 725 1356 751 enim
1373 723 1523 750 sufﬁciebat
1537 728 1632 749 servus
1646 718 1695 755 qui
1709 725 1816 752 semper

1028 772 1212 798 comitabatur
1227 779 1300 798 eutn.

1062 816 1157 844 vaos
1172 816 1269 851 qttmrit
1292 815 1414 842 invenire
1438 813 1553 841 criticus
1578 809 1766 847 philosophus
1789 809 1814 835 in

1028 860 1157 896 Epistolis
1184 861 1288 888 nostris
1313 864 1342 886 ut
1369 859 1560 886 auctoritatem
1594 863 1692 883 earum
1717 855 1814 881 elevet.

991 896 1011 925 Β
1026 906 1141 934 Grandis
1155 906 1245 940 igitur,
1258 905 1344 940 ipsius
1357 905 1471 939 judicio,
1493 911 1587 930 mevus
1600 906 1641 930 est
1656 900 1732 936 quod
1751 907 1815 934 qua-

1026 957 1066 979 ter
1081 956 1191 979 sanctus
1205 952 1331 978 Clemens
1343 949 1515 977 Christianos
1542 947 1740 976 nominaverit.
1756 952 1814 972 eum

1025 1005 1078 1024 vox
1097 997 1148 1024 ista
1165 1002 1203 1024 ter
1224 1001 1330 1023 tantum
1351 996 1379 1023 in
1401 995 1477 1022 Novo
1496 993 1676 1021 Testamento
1694 990 1814 1025 reperia-

1026 1047 1080 1071 tur.
1106 1043 1347 1078 Pcrspicacitatcm
1369 1042 1451 1076 hujus
1479 1039 1666 1067 adnotationis
1688 1038 1814 1073 judican-

1024 1089 1087 1116 dam
1107 1089 1233 1124 relinquo
1257 1087 1371 1115 cuilibet
1392 1087 1498 1114 lectori.
1520 1085 1550 1113 Si
1573 1085 1617 1112 cui
1642 1088 1741 1111 tamen
1766 1090 1816 1109 non

1025 1134 1159 1162 sufﬁceret
1176 1134 1227 1160 hoc
1245 1140 1418 1168 responsum,
1436 1132 1509 1160 scire
1527 1131 1608 1158 debet
1624 1130 1679 1156 hoc
1698 1128 1816 1156 vocabu-

1024 1181 1079 1207 lum
1094 1181 1162 1207 adeo
1184 1187 1327 1207 commune
1347 1179 1432 1206 fuisse
1458 1179 1509 1205 hac
1524 1181 1616 1209 aetate,
1640 1181 1671 1204 ut
1696 1183 1714 1202 a
1733 1175 1815 1210 genti-

1024 1225 1095 1253 libus
1111 1226 1211 1259 passim
1230 1225 1417 1256 adhiberetur,
1434 1224 1504 1251 sicut
1518 1227 1592 1258 patet
1605 1230 1638 1249 ex
1654 1222 1732 1248 Actis
1748 1229 1815 1247 mar-

1025 1271 1087 1306 tyrii
1102 1271 1194 1298 Sancti
1212 1271 1310 1306 lgnatii
1326 1269 1492 1301 Antiocheni,
1509 1272 1536 1296 et
1550 1277 1581 1296 ex
1600 1268 1725 1302 Epistula
1737 1267 1816 1294 Plinii

1025 1317 1059 1344 ad
1076 1317 1223 1350 Traianum
1238 1317 1435 1351 imperatorem,
1448 1316 1480 1343 de
1492 1314 1666 1343 Christianis.

1059 1362 1129 1390 XIV.
1150 1362 1307 1391 Wetstinus
1323 1362 1490 1396 allegaverat
1513 1361 1708 1388 auctoritatem
1732 1358 1816 1386 sancti

1026 1409 1170 1444 Epiphanii
1197 1409 1244 1443 qui
1268 1408 1404 1435 haereticis
1430 1407 1480 1434 aevi
1504 1407 1547 1434 sui
1572 1405 1733 1440 opponebat
1758 1404 1817 1439 Epi-

1024 1455 1109 1483 stolas
1125 1455 1210 1483 sancti
1226 1454 1375 1482 Clementis
1391 1453 1425 1481 ad
1441 1453 1572 1488 virgines,
1585 1452 1613 1479 in
1629 1451 1735 1486 quibus
1750 1459 1817 1477 cem-

1025 1504 1213 1528 memorantur
1232 1499 1317 1531 Elias.
1334 1498 1432 1530 David,
1454 1498 1572 1525 Samson
1592 1500 1619 1524 et
1638 1504 1740 1523 omnes
1757 1504 1817 1528 pror-

1026 1547 1126 1582 phetaz.
1140 1545 1180 1572 Ad
1197 1546 1249 1573 hoc
1264 1549 1455 1580 argumentum
1469 1543 1562 1571 reduci
1579 1546 1671 1578 potest
1686 1541 1816 1569 Wetstiui

1026 1592 1199 1619 ratiocinatio
1213 1600 1219 1618 :
1235 1600 1244 1616 ι
1258 1590 1318 1617 Νοη
1331 1590 1419 1617 solum
1436 1589 1616 1624 Epiphanius.
1631 1588 1707 1616 sicut
1723 1587 1818 1614 Hiero-

1024 1644 1133 1672 nymus,
1152 1635 1291 1671 Epistolas
1307 1635 1410 1662 indicat
1425 1641 1494 1669 quas
1509 1638 1623 1660 sanctus
1636 1633 1771 1660 Clemens
1786 1631 1816 1658 ad

1024 1683 1143 1718 virgines
1158 1682 1284 1716 scripsit;
1301 1681 1349 1708 sed
1369 1680 1419 1708 has
1434 1679 1587 1714 specialiter
1603 1677 1746 1713 Epistolas
1763 1678 1817 1705 dis-

1024 1729 1105 1756 tinxit
1121 1727 1310 1755 enuntiatione
1325 1730 1415 1754 textus
1439 1726 1485 1761 qui
1509 1726 1538 1753 in
1559 1725 1668 1752 caeteris
1686 1724 1818 1759 operibus

1025 1773 1112 1801 sancti
1135 1773 1284 1800 Clementis
1309 1770 1406 1798 nullibi
1432 1770 1578 1805 reperitur.
1601 1768 1629 1795 ln
1651 1769 1723 1796 solis
1747 1768 1818 1795 enini

1025 1819 1155 1854 Epistolis
1182 1819 1216 1845 ad
1242 1818 1362 1852 virgines
1385 1817 1488 1844 mentio
1505 1815 1533 1842 ﬁt
1549 1815 1584 1842 de
1604 1814 1682 1847 Elia,
1706 1813 1816 1845 Davide,

1026 1864 1157 1891 Samsone
1170 1867 1197 1890 et
1212 1863 1338 1890 onmibus
1353 1861 1503 1897 prophetis.
1519 1869 1528 1885 ι

1061 1908 1154 1936 Robur
1170 1908 1251 1942 hujus
1275 1906 1411 1934 ratiocinii
1434 1906 1514 1941 quasi
1543 1912 1598 1932 non
1627 1904 1778 1931 advertens
1789 1903 1815 1930 ι).

1026 1953 1060 1981 de
1081 1952 1243 1987 Premagny,
1260 1959 1414 1979 sermonem
1441 1949 1595 1986 gyroﬁeetit
1617 1949 1652 1976 ad
1678 1950 1816 1977 inscitiam

1026 1997 1143 2031 exetnpli
1159 1997 1309 2027 Samsonis,
1329 1996 1407 2031 quasi
1429 1995 1548 2030 pessime
1562 1998 1677 2022 sanctus
1692 1995 1817 2022 Clemens

1029 2042 1189 2069 Samsonem
1214 2041 1267 2068 huc
1289 2041 1455 2068 induxisset.
1474 2041 1527 2068 Sed
1543 2040 1595 2068 etsi
1618 2041 1817 2068 concederetur

1026 2088 1137 2116 dotnino
1156 2088 1189 2115 de
1202 2087 1351 2123 Premagny
1367 2087 1528 2114 Samsonem
1543 2094 1598 2114 non
1620 2086 1755 2114 debuisse
1770 2087 1818 2113 huc

1028 2133 1175 2165 introduci,
1195 2140 1249 2159 non
1265 2133 1356 2160 minus
1371 2132 1473 2159 invicta
1493 2135 1566 2159 esset
1579 2132 1728 2159 conclusio
1748 2131 1817 2159 Wet-

1027 2179 1103 2210 stini,
1120 2178 1177 2212 qui,
1197 2185 1229 2204 ex
1247 2178 1298 2204 hac
1314 2178 1466 2212 prolatione
1490 2177 1736 2205 authenticitatem
1758 2178 1815 2212 Epi-

995 2242 1015 2269 Β
1030 2225 1160 2251 stolarum
1175 2228 1328 2251 nostrarum
1344 2222 1437 2250 infert.

1068 2269 1102 2297 Ut
1118 2274 1218 2301 autem,
1240 2278 1273 2296 ex
1289 2269 1339 2296 hac
1355 2270 1437 2296 etiam
1457 2274 1541 2304 parte,
1561 2268 1680 2296 debilem
1700 2277 1763 2296 esse
1777 2268 1816 2295 ad—

1030 2321 1182 2343 notatorem
1202 2319 1308 2350 pateat.
1324 2316 1386 2342 dico
1409 2316 1532 2347 exempla
1553 2314 1699 2343 Samsmiis
1723 2320 1751 2342 et
1770 2315 1816 2341 Da-

1029 2362 1099 2389 vnlis
1115 2362 1228 2389 mirifice
1246 2362 1378 2389 inservire
1394 2362 1464 2388 thesi
1479 2361 1600 2388 auctoris
1623 2361 1813 2396 Epistolarum.

1031 2407 1059 2432 Si
1075 2414 1193 2440 namque
1208 2406 1352 2440 prudentia
1367 2406 1561 2441 prophetarum
1576 2413 1628 2432 nos
1643 2411 1742 2434 cautos
1760 2414 1815 2433 esse

1029 2457 1130 2482 monet.
1149 2451 1330 2486 quorumdam
1353 2455 1511 2479 sanctorum
1526 2453 1650 2478 virorum
1670 2460 1754 2480 casus
1774 2460 1815 2478 va-

1031 2498 1131 2524 lentior
1147 2497 1236 2524 adhuc
1250 2498 1408 2532 praedicatio
1423 2502 1464 2525 est
1479 2502 1509 2524 ut
1525 2498 1736 2533 nobismetipsis
1752 2498 1816 2525 difﬁ-

1030 2543 1138 2570 tlamns.
1156 2542 1214 2569 Non
1232 2543 1320 2569 solum
1338 2542 1498 2570 Samsonem
1509 2547 1537 2570 et
1551 2542 1681 2570 Davidem
1705 2544 1816 2578 appellat

1030 2593 1143 2616 sanctus
1165 2587 1347 2622 Hieronymus
1375 2587 1402 2614 in
1431 2587 1480 2613 hac
1508 2587 1641 2618 materia,
1666 2587 1716 2614 sed
1739 2587 1814 2614 etiam

1031 2633 1213 2660 Salomonem.
1242 2633 1343 2660 Omnes
1370 2637 1471 2660 norunt
1497 2632 1555 2659 haec
1583 2633 1674 2660 sancti
1703 2633 1815 2660 doctoris

1030 2680 1112 2706 Verba
1128 2679 1162 2706 ad
1177 2679 1357 2714 Nepotianum
1372 2689 1378 2706 :
1397 2678 1457 2706 iNe
1475 2679 1527 2706 sub
1541 2680 1638 2706 eodem
1654 2683 1728 2706 tecto
1745 2686 1815 2705 man-

1031 2726 1098 2752 sites
1114 2745 1122 2756 .
1156 2733 1206 2752 nec
1229 2725 1257 2751 in
1283 2725 1419 2760 prazterita
1442 2725 1569 2752 castitate
1593 2724 1728 2752 conﬁdas.
1766 2723 1814 2750 Nec

1031 2769 1152 2795 satietior
1183 2769 1267 2795 Davitl
1281 2788 1289 2801 ,
1319 2777 1370 2796 nec
1392 2768 1525 2797 Samsone
1540 2769 1652 2803 fortior,
1671 2778 1721 2797 nec
1741 2768 1813 2797 Salo-

1033 2822 1112 2842 mone
1126 2819 1202 2849 potes
1218 2822 1278 2842 esse
1291 2815 1452 2850 sapientior.
1466 2825 1476 2842 υ

238 2901 260 2916 ⁵⁸⁷
281 2900 388 2934 Luc.vt,
406 2902 448 2929 1'2.
496 2903 516 2919 '°
539 2902 603 2931 Luc.
617 2911 683 2936 xxtt,
700 2903 744 2931 59.
783 2903 801 2919 “
821 2903 851 2931 Π
869 2903 934 2939 Reg.
956 2911 991 2937 tv,
1010 2904 1050 2932 l5.
1090 2904 1110 2921 "
1131 2903 1211 2940 lbid.,
1226 2904 1267 2932 lli.
