1869 3104
42 194 85 221 373

66 251 200 281 Pectora,
214 248 392 283 peccaverunt
405 244 514 280 quidem
528 243 645 271 Samson
659 247 686 271 et
701 241 800 275 David;
817 244 839 273 Α

41 297 76 326 ted
90 297 117 323 in
130 293 248 330 peccatis
263 299 316 319 non
334 292 595 326 perseveraverunt:
612 287 727 323 ideoque
743 295 805 315 san~

42 347 88 370 :tus
101 339 264 376 Epiphanius
275 336 415 365 Ebionitas
426 335 516 371 arguit
529 334 602 370 quod
616 341 664 362 eos
677 333 803 369 repudia-

41 388 114 415 verint
126 393 185 413 cum
199 384 304 412 ceteris
319 382 467 418 prophetis.

66 433 192 466 Quantum
210 430 246 457 ad
259 429 374 457 verbum
398 427 490 455 laudat
509 434 566 462 quo
583 434 649 454 usus
671 429 713 455 est
727 425 804 453 Wet-

41 479 114 506 stinus
135 476 242 504 citando
261 479 366 503 textum
382 473 469 502 sancti
493 472 648 508 Epiphanii,
664 473 736 500 scire
755 471 804 498 de-

40 525 127 553 buisset
140 522 171 550 D.
181 522 214 550 de
233 521 385 556 Premagny
399 520 451 547 hac
467 526 544 551 voce,
559 518 721 553 saepissime,
735 518 803 545 nihil

40 569 99 596 aliud
110 567 252 604 signiﬁcari
267 573 348 601 quam
364 563 663 596 commemorationem,
678 571 729 591 nec
743 563 804 590 lau-

39 614 88 641 dem
103 613 134 640 ab
147 620 178 639 eo
188 619 296 646 semper
307 610 435 638 indicari.

67 657 115 686 XV.
134 657 283 684 Prudenter
313 656 436 684 siluisset
456 655 600 682 adnotator
625 662 684 689 quae
711 654 804 681 dicere

39 703 188 739 [insumpsit
208 704 240 730 de
261 702 414 738 privatione
436 701 617 728 matrimonii.
641 699 706 727 Vult
729 699 802 726 enim

39 753 132 776 sanctus
145 748 243 774 Paulus
258 751 287 774 ut
307 754 322 773 a
337 746 417 773 nobis
432 745 504 773 absit
527 745 677 772 scurrilitas
695 752 754 779 qua:
767 743 802 770 ad

39 804 82 821 rem
100 803 146 821 non
168 793 322 828 pertinet“.
338 792 465 826 Plerique
485 791 610 818 homines
631 790 734 817 nubere
753 797 803 815 vo-

38 842 100 872 lunt,
117 840 177 875 quia
199 839 353 866 caelibatum
370 838 474 865 viribus
496 837 554 864 suis
576 837 744 872 superiorem
758 835 804 870 ju-

37 886 119 913 dicant.
133 884 177 912 His
187 884 254 911 dicit
269 883 415 919 Apostolus
428 891 434 910 :
451 881 547 909 Melius
559 886 598 909 est
612 881 707 908 nubere
718 889 799 916 quam

37 932 69 957 uri
83 931 111 958 ³⁸.
140 931 185 958 Isti
215 938 282 957 vero
296 918 300 919 ν
315 929 543 965 reprehensibiles
573 928 662 955 ferent
685 928 708 956 si
736 936 801 962 pro-
817 918 839 948 Β

37 983 112 1012 plerea
137 977 319 1012 virginitatem
343 976 552 1010 impugnarent,
592 978 638 1001 aut
662 982 722 1001 eam
739 982 799 1001 om-

36 1024 102 1051 nibus
135 1022 330 1058 impossibilem
372 1021 582 1056 pronuntiarent
609 1029 616 1047 :
648 1020 800 1047 doctrinam

36 1070 118 1104 quippe
128 1077 141 1097 e
154 1069 288 1096 diametro
304 1067 470 1095 contrariam
491 1067 585 1094 statuit
599 1065 735 1099 Christus,
752 1065 801 1093 do-

35 1115 104 1142 cendo
114 1122 164 1142 non
176 1113 396 1148 omnes‘quidem
410 1120 508 1147 capere
522 1112 635 1139 verbum
652 1111 736 1143 istud,
752 1111 800 1139 sed

35 1161 116 1195 quibus
135 1159 225 1186 datum
241 1164 295 1191 est,
316 1164 344 1186 et
358 1157 503 1185 addendo:
522 1158 574 1191 Qui
594 1162 678 1193 potest
698 1165 799 1192 capere,

36 1206 132 1240 rapiat"
145 1214 151 1233 :
163 1213 223 1241 quae
247 1205 333 1232 verba
350 1205 467 1231 invitant
483 1204 589 1231 animas
603 1211 751 1238 generosas
773 1209 802 1232 et

36 1251 103 1279 fortes
119 1252 150 1278 ad
170 1251 367 1286 virginitatem.
390 1255 500 1285 propter
524 1257 638 1285 regnum
654 1250 799 1278 ctelorum.

37 1297 143 1325 Eamdem
153 1298 340 1325 invitationem
353 1301 380 1324 et
393 1296 546 1324 doctrinam
559 1297 673 1332 protulit
688 1300 802 1324 sanctus

36 1343 125 1376 Paulus,
137 1345 226 1372 dicens
239 1354 247 1372 ;
268 1343 333 1372 Volo
349 1351 435 1371 omnes
448 1352 492 1370 uos
507 1351 563 1371 esse
577 1343 644 1370 sicut
657 1343 801 1377 meipsum;

35 1390 70 1416 sed
87 1391 251 1427 unusquisque
274 1391 413 1425 proprium
438 1389 537 1416 donum
564 1388 641 1417 habet
665 1397 697 1416 ea:
720 1389 801 1416 Deo:

36 1438 90 1464 alius
102 1438 198 1473 quidem
210 1438 258 1469 sic,
275 1438 345 1465 alius
359 1445 418 1465 vero
433 1437 472 1464 sic
484 1436 518 1463 ³⁸.

62 1482 170 1518 Nugatur
183 1489 272 1511 autem
289 1483 320 1510 Ι).
334 1483 368 1511 de
381 1483 544 1518 Premagny,
564 1481 733 1510 insinuando
749 1489 805 1509 ma-

36 1528 170 1556 trimonium
185 1530 276 1565 potius
298 1529 462 1564 expiationis
480 1536 563 1564 quam
586 1528 726 1556 felicitatis
747 1532 804 1556 sta-

36 1577 82 1600 tum
93 1582 155 1606 esse,
170 1575 287 1610 ideoque
302 1575 365 1609 plus
385 1575 484 1602 mereri
500 1574 547 1609 qui
562 1573 642 1601 nubit
656 1581 738 1608 quam
754 1573 802 1609 qui
816 1592 838 1620 ε

37 1626 48 1644 a
62 1621 150 1655 nuptiis
163 1629 190 1649 se
207 1622 329 1649 abstinet
343 1631 351 1649 :
373 1621 453 1656 quasi
470 1621 518 1655 qui
540 1620 738 1648 continentiam
759 1628 804 1648 re-

38 1670 119 1698 spuunt
130 1667 300 1702 paenitentiae
310 1667 437 1695 meritum
450 1666 643 1694 intendissent.

63 1710 135 1740 Nemo
154 1713 262 1748 quidem
289 1720 389 1748 negare
411 1715 504 1748 potest
528 1719 642 1748 magnas
668 1712 804 1740 sollicitu-

38 1755 100 1783 dines
112 1758 267 1793 conjugibus
292 1757 437 1785 reservari.
461 1757 502 1784 Arb
517 1757 561 1784 his
574 1764 741 1792 praeservare
755 1765 806 1784 cu-

40 1801 265 1838 piebatApostolus
291 1804 352 1831 illos
370 1803 471 1838 quibus
490 1803 616 1830 dicebat:
636 1802 701 1830 Volo
717 1807 805 1830 autem

39 1854 72 1873 τοι
84 1848 132 1874 εἰπε
152 1849 332 1876 sollicitudine
352 1857 408 1875 esse
421 1848 460 1880 ³⁷;
481 1849 528 1876 sed
553 1847 739 1875 certissimum
761 1851 805 1876 est

40 1893 252 1922 inortilicationem
267 1895 363 1922 carnis
380 1898 428 1921 aut
443 1894 558 1929 spiritus
574 1901 628 1921 non
642 1901 703 1922 esse
723 1894 804 1921 linem

39 1946 115 1966 eorum
139 1941 181 1975 qui
203 1941 364 1976 conjuglum
397 1941 511 1976 eligunt.
529 1939 562 1967 Et
584 1939 691 1967 utinam
718 1940 805 1967 multo

41 1985 159 2017 pauciores
180 1991 274 2014 essent
297 1987 398 2021 quibus
419 1986 551 2021 applicari
573 1986 697 2014 valerent
722 1986 805 2013 verba

41 2027 162 2064 Haphaelis
183 2033 340 2069 archangeli
356 2043 361 2059 :
376 2032 448 2059 Audi
472 2041 523 2064 me,
545 2037 572 2059 et
594 2031 734 2059 ostendam
756 2033 805 2059 tibi

40 2076 75 2108 qui
94 2083 148 2104 sunt
173 2079 265 2113 quibus
294 2079 436 2114 praevalere
462 2083 546 2114 potest
574 2078 734 2105 dwmonium
753 2079 805 2106 :Itt'

41 2129 130 2157 namque
148 2125 190 2159 qui
205 2126 357 2160 conjugium
373 2126 412 2152 ita
425 2125 583 2159 suscipiunt.
606 2129 634 2151 ut
652 2125 734 2151 Deum
748 2134 764 2151 a
779 2133 806 2151 se

41 2172 59 2192 et
70 2176 83 2194 α
95 2177 137 2196 tua
151 2177 230 2198 mente
243 2172 397 2203 excludant,
415 2176 440 2198 et
461 2179 516 2198 suae
537 2170 640 2198 libidini
658 2171 697 2197 ita
716 2177 805 2198 vacent

41 2213 93 2240 sicut
109 2223 182 2250 equus
195 2222 218 2244 et
233 2217 334 2249 mulus,
347 2217 440 2252 quibus
456 2224 508 2242 non
519 2220 558 2243 est
574 2216 721 2243 intellectus
734 2223 743 2242 .'
758 2215 806 2242 Ita-

43 2253 72 2280 bet
83 2261 224 2289 potestatein
236 2259 397 2286 daemonium
410 2260 437 2286 in
450 2268 494 2286 eos
506 2259 538 2286 ³³.

69 2302 91 2329 Si
110 2306 265 2334 attendisset
286 2306 329 2333 his
354 2306 468 2333 monitis
492 2306 649 2338 adnotatur,
672 2314 726 2333 non
747 2310 802 2333 tam

43 2347 118 2376 leviter
127 2351 157 2378 de
169 2352 219 2380 hac
233 2353 348 2380 materia
361 2352 469 2379 locutus
483 2353 589 2380 luisset.

69 2394 196 2431 Caeterum,
219 2399 267 2432 qui
288 2401 400 2433 propter
424 2406 538 2434 regnum
556 2398 689 2426 caelorum
708 2398 800 2426 matri-

44 2442 118 2468 monio
141 2444 311 2477 valedicunt,
337 2445 440 2472 nullam
467 2444 674 2472 similitudinem
703 2445 805 2472 habent

43 2494 90 2513 cum
104 2488 149 2516 hac
162 2491 264 2526 impura
280 2491 505 2526 philosophorum
519 2491 564 2518 lue
579 2491 625 2526 qui
639 2498 726 2518 nexus
739 2498 802 2517 con-

44 2531 127 2567 iugales
144 2539 179 2568 et,
199 2540 228 2563 ut
244 2537 334 2565 verbis
349 2537 470 2572 Apostoli
489 2542 561 2570 utar,
576 2537 729 2564 honorabile
742 2545 806 2564 con-

44 2579 131 2607 nubium
145 2581 260 2617 fugiunt,
277 2587 307 2611 ut
322 2583 436 2611 liberius
451 2591 483 2610 ac
501 2583 610 2618 turpius
621 2583 806 2618 voluptatibus

43 2624 117 2652 carnis
131 2626 247 2656 habenas
262 2628 364 2656 laxent.
379 2628 425 2656 Vte
439 2629 541 2656 talibus
563 2629 610 2664 qui
630 2629 738 2665 generis
755 2629 806 2656 hu-

44 2670 101 2696 mani
117 2673 285 2707 cpprobrium
302 2674 380 2701 sunt!

76 2714 115 2742 Sic
127 2717 242 2753 loquitur
257 2718 288 2746 D.
306 2719 340 2746 de
354 2719 506 2755 Premagny
525 2728 532 2746 :
553 2728 563 2744 ‹
577 2718 694 2747 Ministri
715 2719 804 2747 refor-

45 2762 97 2788 mati
118 2762 233 2799 (nuptias
258 2764 453 2800 contrahendo)
479 2765 658 2800 praetulerunt
681 2773 803 2800 praesens

819 2254 841 2281 Ι)

74 2860 92 2875 ¹¹
115 2862 220 2901 μΕΡΙιεε,
232 2873 259 2896 v.
274 2865 300 2893 ι.
339 2866 360 2881 ³⁸
377 2865 385 2892 1
400 2866 463 2894 Cor.
477 2874 526 2900 VII,
539 2865 566 2894 9.
606 2867 628 2882 "
646 2865 739 2894 Matth.
755 2875 800 2894 xu

915 2865 938 2881 ³⁸
953 2865 1041 2901 [σοι’.
1056 2875 1104 2900 vn,
1125 2869 1150 2896 7.
1189 2869 1210 2885 ³⁷
1224 2868 1304 2901 lbid.,
1318 2869 1364 2896 52.

360 2901 382 2917 δν
395 2901 470 2930 Sess.
484 2910 559 2939 xxiv,
575 2901 612 2929 De
625 2903 754 2937 matrim.,
769 2909 831 2930 can.
849 2903 874 2930 9.

48 2893 81 2922 Π.
114 2893 191 2927 "isa.
205 2893 258 2934 Lvr,
278 2900 304 2928 5.

491 182 672 212 ΕΡιδΤοιιΕ
687 182 733 210 AD
751 180 922 210 V'IRGINES.
939 195 975 202 —
990 179 1170 208 PROG‘IMIA.

1590 177 1640 205 57b

854 240 956 271 futuro,
973 243 1076 266 certum
1091 238 1205 265 incerto.
1221 236 1337 264 Ministri
1352 236 1469 265 Romani
1483 238 1563 265 alit:r
1578 247 1642 266 sen-

852 287 924 313 tiunt
938 289 964 313 et
987 288 1082 318 agunt,
1105 291 1120 310 a
1144 283 1308 319 quibusdam
1335 284 1454 316 sarculis,
1474 288 1501 310 et
1517 291 1532 310 a
1546 289 1641 311 matri-

853 331 945 358 monio
970 330 1121 358 abstinent.
1136 338 1146 355 ι
1178 328 1273 356 Priora
1296 329 1380 356 verba
1409 329 1561 357 orthodoxa
1585 338 1640 357 non

853 380 934 409 sunt;
950 375 1103 411 posteriora
1119 375 1248 403 historice
1265 377 1329 402 sunt
1345 375 1424 402 falsa.
1440 374 1516 410 Smpe
1528 375 1643 411 legendo

853 423 1046 451 adnotationcs
1070 422 1172 450 domini
1198 422 1231 450 de
1247 421 1407 458 Premagny,
1431 423 1552 457 suspicio
1576 423 1644 450 mihi

853 469 950 497 oborta
970 473 1013 496 est
1037 469 1114 496 illum
1140 467 1258 496 fortasse
1290 468 1456 503 pertinuisse
1481 468 1515 496 ad
1539 473 1644 496 sectam

853 514 1074 550 protestantium.
1091 513 1220 540 Errabam
1240 523 1245 540 ε
1262 514 1366 540 nullum
1385 513 1485 548 quippe
1500 514 1581 548 hujus
1603 513 1644 540 fa-

853 560 934 588 miliae
958 560 1108 587 membrum
1139 566 1260 594 unquam
1297 558 1361 586 huic
1390 559 1489 586 haeresi
1515 559 1642 588 adhaasit.

853 605 1054 632 Tantummodo
1091 604 1194 632 certior
1232 603 1322 631 factus
1356 612 1417 631 sum
1453 604 1643 632 adnotatorent

854 650 951 682 fuisse,
966 653 996 677 ut
1009 649 1066 684 jam
1084 650 1150 676 alibi
1165 650 1266 676 dictum
1283 653 1337 682 cst,
1356 650 1463 676 socium
1478 654 1643 677 consuetum

854 695 1079 731 philosophorum
1100 695 1194 722 saeculi
1220 695 1397 729 prtucedentis
1412 695 1458 730 qui
1484 696 1643 730 religionem

854 742 993 768 lacessere
1017 740 1214 776 gloriabantur.
1230 739 1258 766 In
1275 741 1358 767 altera
1377 741 1495 768 editione
1510 742 1644 770 versionis

853 787 964 814 Gallica:
976 791 1133 814 nostrarum
1148 785 1341 821 Epistolarum,
1357 786 1389 815 D.
1402 787 1435 815 de
1447 787 1598 823 Premagny
1615 787 1643 814 id

853 833 1091 868 superaddcndum
1104 832 1237 868 judicavit
1253 834 1294 860 his
1307 841 1367 868 qua:
1382 834 1408 861 in
1424 834 1508 869 priori
1521 835 1642 862 editione

851 879 908 914 jam
937 879 1068 906 dixerat:
1092 878 1190 906 «Deus
1213 887 1267 906 non
1290 880 1418 914 proponit
1444 879 1643 907 incrementum

856 923 992 952 mercedis
1019 931 1068 959 pro
1090 923 1256 951 caelibibus:
1279 929 1306 951 et
1331 925 1398 952 satis
1433 925 1532 952 mirum
1561 929 1602 953 cst
1627 933 1643 953 a

850 974 946 998 sancto
969 970 1108 998 Clemente
1131 971 1265 1006 prolatum
1291 970 1375 999 fuisse
1399 971 1450 998 hoc
1473 971 1643 1007 paradoxum

849 1018 971 1050 tempore
981 1016 1048 1042 adeo
1061 1016 1191 1050 apostolis
1205 1016 1306 1047 vicino,
1321 1016 1529 1051 prtescrtimque
1540 1021 1642 1043 sancto

849 1060 930 1088 Petro
953 1061 1147 1096 praedecessori
1171 1069 1230 1094 suo,
1253 1062 1332 1097 cujus
1354 1062 1561 1088 matrimonium
1585 1069 1642 1089 non

850 1107 966 1135 habetur
979 1111 1009 1134 ut
1019 1108 1143 1140 dubium,
1156 1115 1206 1135 nec
1220 1107 1302 1135 etiam
1320 1108 1526 1135 matrimonium
1544 1107 1642 1135 horutn

850 1154 1040 1189 episcoporum
1069 1162 1138 1190 quos
1162 1154 1272 1182 volebat
1299 1159 1412 1182 sanctus
1446 1153 1549 1182 Paulus
1582 1162 1645 1182 esse

851 1201 933 1228 unius
950 1201 1044 1228 uxoris
1057 1201 1142 1229 viros.
1158 1211 1167 1226 ι

887 1246 989 1274 Textus
1002 1247 1059 1282 jam
1071 1255 1086 1274 a
1104 1255 1147 1276 me
1167 1247 1279 1275 adducti
1304 1247 1372 1275 satis
1387 1247 1537 1283 explodunt
1551 1256 1583 1276 ac
1601 1256 1646 1276 re-

852 1292 940 1320 futant
958 1293 1028 1321 hanc
1041 1294 1144 1321 domini
1159 1294 1192 1321 de
1208 1294 1360 1329 Prcmagny
1375 1295 1566 1323 assertionem.
1583 1294 1645 1322 Nor.

852 1341 1022 1376 exspectavit
1039 1340 1143 1368 Novum
1159 1341 1364 1369 Testamentum
1383 1342 1515 1371 Dominus
1527 1347 1557 1370 ut
1575 1351 1646 1371 mer-

853 1385 928 1413 cedis
945 1385 1142 1414 incrementum
1159 1386 1311 1421 virginibus
1324 1387 1483 1422 spontaneis
1498 1388 1644 1422 pollicere-

854 1437 908 1460 tur.
926 1433 1000 1460 Dabo
1011 1434 1058 1465 εἰσ,
1072 1434 1160 1469 inquit
1172 1441 1220 1469 per
1232 1434 1343 1467 Isaiam,
1361 1435 1386 1461 in
1402 1434 1479 1461 domo
1495 1443 1562 1468 mea,
1578 1440 1601 1462 et
1617 1436 1645 1462 in

854 1480 937 1506 muris
954 1480 1018 1507 meis
1043 1480 1146 1513 locum,
1163 1485 1187 1508 et
1212 1489 1305 1508 nomen
1327 1482 1422 1508 melius
1442 1490 1458 1508 α
1475 1481 1540 1517 [iliis
1561 1486 1586 1510 et
1608 1483 1644 1517 ﬁ-

854 1525 941 1552 liabus
963 1533 972 1552 :
996 1535 1088 1554 nomen
1113 1528 1300 1561 sempiternum
1328 1527 1396 1554 dabo
1420 1526 1475 1560 eii,
1500 1527 1568 1563 quod
1592 1536 1645 1556 non

854 1571 950 1606 peribit
966 1572 998 1600 ".
1023 1571 1121 1600 Merito
1148 1573 1231 1608 igitur
1245 1574 1390 1600 concilium
1414 1573 1605 1601 Tridentinum
1620 1574 1644 1590 ⁸⁸

856 1618 1029 1646 anathemate
1052 1619 1176 1654 percellit
1192 1629 1201 1645 ε
1216 1627 1264 1647 eos
1287 1621 1334 1655 qui
1359 1619 1455 1646 dicunt
1479 1619 1595 1647 clericos
1616 1621 1644 1647 in

855 1663 942 1692 sacris
957 1664 1101 1693 ordinibus
1125 1666 1302 1697 constitutos,
1317 1666 1358 1693 vel
1375 1666 1515 1701 regulares
1530 1666 1646 1693 castita-

856 1715 910 1737 tem
924 1710 1084 1738 solemnitcr
1098 1711 1249 1746 professos,
1265 1721 1346 1748 posse
1361 1712 1565 1739 matrimonium
1579 1719 1646 1739 con-

855 1756 976 1789 trahere,
988 1765 1043 1784 non
1060 1758 1187 1786 obstante
1202 1759 1261 1794 lege
1273 1759 1471 1790 ecclesiastica,
1488 1758 1530 1786 vel
1547 1761 1620 1786 voto.
1631 1766 1641 1783 ο

855 1801 956 1830 Eadem
974 1810 1054 1838 pmna
1069 1804 1163 1839 plectit
1178 1812 1225 1831 eos
1243 1813 1252 1829 ‹
1269 1805 1316 1839 qui
1332 1805 1427 1831 dicunt
1440 1811 1494 1830 non
1511 1811 1573 1831 esse
1587 1811 1646 1831 me-

856 1847 909 1874 lius
925 1855 956 1874 ac
980 1848 1088 1876 beatius
1105 1856 1215 1876 manere
1231 1849 1259 1876 in
1284 1849 1440 1885 virginitate
1456 1853 1502 1876 aut
1518 1849 1645 1877 caelibatu

857 1902 939 1929 quam
952 1894 1031 1930 jungi
1044 1894 1228 1922 matrimonio.
1241 1904 1251 1922 ι

891 1941 1029 1974 Quantum
1049 1941 1083 1968 ad
1104 1941 1275 1976 hypothesim
1299 1940 1403 1968 domini
1423 1940 1457 1968 de
1479 1940 1643 1977 Premagny,

856 1987 1048 2022 aquibusdam
1073 1992 1176 2014 tantum
1202 1987 1310 2015 saeculis
1336 1987 1533 2014 continentiam
1559 1987 1645 2016 fuisse

856 2032 986 2060 Ecclesiae
1014 2032 1149 2060 ministris
1175 2033 1380 2068 praescriptam,
1411 2033 1500 2060 dicam
1518 2033 1593 2060 illum
1615 2041 1645 2060 se

856 2079 976 2106 historia:
990 2079 1183 2106 ecclesiasticae
1199 2079 1354 2114 imperitum
1378 2079 1499 2114 praebere
1516 2079 1562 2114 qui
1584 2086 1645 2105 om-

856 2123 938 2151 nibus
956 2123 1143 2151 monumentis
1165 2123 1361 2151 ecclesiasticis
1383 2123 1562 2157 contradicit,
1584 2131 1645 2159 quas

855 2170 1020 2197 inconcusse
1041 2169 1172 2196 cvincunt
1187 2171 1214 2196 in
1233 2169 1356 2196 Ecclesia
1373 2169 1537 2197 occidentali
1554 2169 1645 2196 conti-

856 2217 975 2243 nentiam
991 2220 1121 2251 perpetua
1140 2216 1199 2251 lege
1221 2216 1406 2251 praescriptam
1427 2216 1512 2243 fuisse
1534 2216 1644 2244 clericis

856 2263 882 2289 in
894 2262 980 2289 sacris
991 2261 1133 2290 ordinibus
1145 2263 1311 2290 constitutis.
1323 2262 1404 2290 Jubct
1418 2267 1531 2290 sanctus
1542 2262 1644 2289 Paulus

857 2313 882 2336 ut
902 2307 949 2344 qui
966 2308 1000 2335 ad
1019 2310 1207 2344 episcOpatum
1225 2312 1429 2344 promoventur,
1447 2309 1470 2336 si
1490 2312 1569 2336 antea
1584 2308 1645 2336 fue-

856 2355 912 2382 rint
927 2355 1043 2385 uxorati,
1059 2355 1146 2382 sancti
1161 2359 1189 2382 et
1210 2355 1394 2386 continentes,
1413 2358 1474 2390 post
1497 2362 1645 2383 consecra-

856 2401 958 2427 tionem
974 2407 1062 2431 suam,
1078 2403 1256 2434 permaneant
1268 2400 1300 2427 “.

891 2444 962 2472 XVI.
983 2445 1081 2472 Paucis
1097 2446 1269 2481 respondebo
1283 2445 1460 2473 cavillationi'
1475 2446 1645 2475 adnotatoris

856 2491 890 2518 de
905 2492 988 2519 verbo
1006 2492 1086 2523 dixit,
1102 2493 1174 2527 quod
1190 2492 1326 2527 reperitur
1345 2493 1509 2527 quandoque
1529 2493 1556 2520 in
1579 2492 1645 2528 Epi-

857 2537 935 2564 stolis
952 2539 1011 2565 sine
1028 2538 1162 2572 subjccto.
1179 2538 1247 2565 Cum
1263 2542 1378 2566 sanctus
1392 2538 1519 2565 Clemens
1534 2538 1646 2566 assidue

856 2591 963 2611 sacram
991 2584 1161 2620 Scripturam
1191 2584 1321 2619 legisset,
1350 2585 1588 2620 probabiliterque
1616 2586 1644 2613 in

856 2629 996 2664 primitivo
1015 2633 1102 2664 textu,
1116 2630 1285 2658 locutionum
1305 2630 1366 2665 ejus
1382 2639 1461 2658 usum
1482 2632 1643 2666 assumpsit.

857 2674 886 2701 Si
907 2674 1041 2709 tantisper
1063 2675 1093 2702 D.
1115 2675 1150 2703 de
1169 2675 1321 2711 Premagny
1343 2675 1493 2703 chraicos
1520 2680 1567 2703 aut
1593 2676 1644 2711 Sy—

857 2720 947 2746 riacos
962 2719 1052 2747 fontes
1072 2721 1230 2753 delibasset,
1248 2721 1316 2748 nihil
1338 2722 1366 2748 in
1381 2722 1469 2749 sacris
1493 2721 1643 2756 Scripturis

857 2764 1026 2799 frequentius
1047 2766 1203 2800 agnovisset
1218 2774 1299 2802 quam
1315 2766 1458 2794 subaudiri
1476 2760 1642 2800 subjectum.

1416 2867 1439 2884 ³³
1453 2866 1522 2894 Tob.
1537 2874 1575 2899 vt.
1590 2865 1638 2899 16,

917 2901 938 2917 ³⁸
955 2900 1010 2929 Tit.
1024 2909 1048 2936 ί,
1064 2903 1090 2930 8.
