  <div class='ocr_page' id='page_1' title='image "/cluster/home/n/w/nwhite01/storage/ocr_20150623/1/njp.32101077772331/245.png"; bbox 0 0 1869 3104; ppageno 0'>
   <div class='ocr_carea' id='block_1_1' title="bbox 210 167 264 196">
    <p class='ocr_par' dir='ltr' id='par_1_1' title="bbox 210 167 264 196">
     <span class='ocr_line' id='line_1_1' title="bbox 210 167 264 196; baseline -0.019 0"><span class='ocrx_word' id='word_1_1' title='bbox 210 167 264 196; x_wconf 71' lang='grc'><strong>375</strong></span> 
     </span>
    </p>
   </div>
   <div class='ocr_carea' id='block_1_2' title="bbox 617 168 1413 203">
    <p class='ocr_par' dir='ltr' id='par_1_2' title="bbox 617 168 1413 203">
     <span class='ocr_line' id='line_1_2' title="bbox 617 168 1413 203; baseline 0.01 -8"><span class='ocrx_word' id='word_1_2' title='bbox 617 168 644 196; x_wconf 92' lang='lat' dir='ltr'><strong>S.</strong></span> <span class='ocrx_word' id='word_1_3' title='bbox 663 168 859 197; x_wconf 79' lang='lat' dir='ltr'><strong>CLEMENTIS</strong></span> <span class='ocrx_word' id='word_1_4' title='bbox 874 169 883 196; x_wconf 97' lang='grc' dir='ltr'><strong>Ι</strong></span> <span class='ocrx_word' id='word_1_5' title='bbox 902 169 984 199; x_wconf 76' lang='lat' dir='ltr'><strong>ROM.</strong></span> <span class='ocrx_word' id='word_1_6' title='bbox 1002 169 1103 199; x_wconf 81' lang='lat' dir='ltr'><strong>PONT.</strong></span> <span class='ocrx_word' id='word_1_7' title='bbox 1122 171 1236 200; x_wconf 76' lang='lat' dir='ltr'><strong>OPERA</strong></span> <span class='ocrx_word' id='word_1_8' title='bbox 1251 172 1413 203; x_wconf 74' lang='lat' dir='ltr'><strong>GENUINA.</strong></span> 
     </span>
    </p>
   </div>
   <div class='ocr_carea' id='block_1_3' title="bbox 1785 179 1833 207">
    <p class='ocr_par' dir='ltr' id='par_1_3' title="bbox 1785 179 1833 207">
     <span class='ocr_line' id='line_1_3' title="bbox 1785 179 1833 207; baseline 0 0"><span class='ocrx_word' id='word_1_9' title='bbox 1785 179 1833 207; x_wconf 71' lang='lat'><strong>376</strong></span> 
     </span>
    </p>
   </div>
   <div class='ocr_carea' id='block_1_4' title="bbox 210 228 982 273">
    <p class='ocr_par' dir='ltr' id='par_1_4' title="bbox 210 235 982 273">
     <span class='ocr_line' id='line_1_4' title="bbox 210 235 982 273; baseline 0.005 -11"><span class='ocrx_word' id='word_1_10' title='bbox 210 235 320 271; x_wconf 79' lang='lat' dir='ltr'><strong>quando</strong></span> <span class='ocrx_word' id='word_1_11' title='bbox 331 242 364 262; x_wconf 82' lang='lat' dir='ltr'><strong>ex</strong></span> <span class='ocrx_word' id='word_1_12' title='bbox 383 239 510 263; x_wconf 89' lang='lat' dir='ltr'><strong>contextu</strong></span> <span class='ocrx_word' id='word_1_13' title='bbox 529 236 597 264; x_wconf 89' lang='lat' dir='ltr'><strong>satis</strong></span> <span class='ocrx_word' id='word_1_14' title='bbox 612 235 782 272; x_wconf 70' lang='lat' dir='ltr'><strong>intelligitur.</strong></span> <span class='ocrx_word' id='word_1_15' title='bbox 800 237 887 273; x_wconf 77' lang='lat' dir='ltr'><strong>Saepe,</strong></span> <span class='ocrx_word' id='word_1_16' title='bbox 908 238 936 266; x_wconf 93' lang='lat' dir='ltr'><strong>in</strong></span> <span class='ocrx_word' id='word_1_17' title='bbox 952 238 982 266; x_wconf 85' lang='lat' dir='ltr'><strong>Bi</strong></span> 
     </span>
    </p>
   </div>
   <div class='ocr_carea' id='block_1_5' title="bbox 1071 228 1836 273">
    <p class='ocr_par' dir='ltr' id='par_1_5' title="bbox 1071 228 1836 268">
     <span class='ocr_line' id='line_1_5' title="bbox 1071 228 1836 268; baseline 0.014 -13"><span class='ocrx_word' id='word_1_18' title='bbox 1071 228 1140 261; x_wconf 81' lang='lat' dir='ltr'><strong>uiue,</strong></span> <span class='ocrx_word' id='word_1_19' title='bbox 1156 229 1294 265; x_wconf 89' lang='lat' dir='ltr'><strong>insperata</strong></span> <span class='ocrx_word' id='word_1_20' title='bbox 1305 232 1421 260; x_wconf 82' lang='lat' dir='ltr'><strong>victoria</strong></span> <span class='ocrx_word' id='word_1_21' title='bbox 1440 234 1518 268; x_wconf 88' lang='lat' dir='ltr'><strong>potiti</strong></span> <span class='ocrx_word' id='word_1_22' title='bbox 1542 239 1647 268; x_wconf 80' lang='lat' dir='ltr'><strong>essent,</strong></span> <span class='ocrx_word' id='word_1_23' title='bbox 1664 243 1731 264; x_wconf 84' lang='lat' dir='ltr'><strong>cum</strong></span> <span class='ocrx_word' id='word_1_24' title='bbox 1747 245 1836 266; x_wconf 82' lang='lat' dir='ltr'><strong>cerne-</strong></span> 
     </span>
    </p>
   </div>
   <div class='ocr_carea' id='block_1_6' title="bbox 210 281 996 317">
    <p class='ocr_par' dir='ltr' id='par_1_6' title="bbox 210 281 996 317">
     <span class='ocr_line' id='line_1_6' title="bbox 210 281 996 317; baseline 0.003 -8"><span class='ocrx_word' id='word_1_25' title='bbox 210 281 290 314; x_wconf 89' lang='lat' dir='ltr'><strong>bliis,</strong></span> <span class='ocrx_word' id='word_1_26' title='bbox 309 282 423 309; x_wconf 93' lang='lat' dir='ltr'><strong>verbum</strong></span> <span class='ocrx_word' id='word_1_27' title='bbox 439 282 508 309; x_wconf 71' lang='lat' dir='ltr'><strong>dixit</strong></span> <span class='ocrx_word' id='word_1_28' title='bbox 532 282 574 310; x_wconf 89' lang='lat' dir='ltr'><strong>his</strong></span> <span class='ocrx_word' id='word_1_29' title='bbox 595 283 739 317; x_wconf 59' lang='lat' dir='ltr'><strong>atquivalet</strong></span> <span class='ocrx_word' id='word_1_30' title='bbox 763 283 871 316; x_wconf 83' lang='lat' dir='ltr'><strong>dicitur,</strong></span> <span class='ocrx_word' id='word_1_31' title='bbox 897 284 996 312; x_wconf 80' lang='lat' dir='ltr'><strong>dictum</strong></span> 
     </span>
    </p>
   </div>
   <div class='ocr_carea' id='block_1_7' title="bbox 209 327 995 366">
    <p class='ocr_par' dir='ltr' id='par_1_7' title="bbox 209 327 995 366">
     <span class='ocr_line' id='line_1_7' title="bbox 209 327 995 366; baseline 0.005 -12"><span class='ocrx_word' id='word_1_32' title='bbox 209 332 259 355; x_wconf 74' lang='lat' dir='ltr'><strong>est.</strong></span> <span class='ocrx_word' id='word_1_33' title='bbox 275 327 386 355; x_wconf 89' lang='lat' dir='ltr'><strong>Poterat</strong></span> <span class='ocrx_word' id='word_1_34' title='bbox 399 336 465 364; x_wconf 79' lang='lat' dir='ltr'><strong>ergo</strong></span> <span class='ocrx_word' id='word_1_35' title='bbox 479 329 598 363; x_wconf 84' lang='lat' dir='ltr'><strong>scriptor</strong></span> <span class='ocrx_word' id='word_1_36' title='bbox 617 329 730 357; x_wconf 84' lang='lat' dir='ltr'><strong>criticus</strong></span> <span class='ocrx_word' id='word_1_37' title='bbox 753 329 995 366; x_wconf 82' lang='lat' dir='ltr'><strong>Pytliagoricormu</strong></span> 
     </span>
    </p>
   </div>
   <div class='ocr_carea' id='block_1_8' title="bbox 210 372 997 408">
    <p class='ocr_par' dir='ltr' id='par_1_8' title="bbox 210 372 997 408">
     <span class='ocr_line' id='line_1_8' title="bbox 210 372 997 408; baseline 0.003 -9"><span class='ocrx_word' id='word_1_38' title='bbox 210 380 336 399; x_wconf 77' lang='lat' dir='ltr'><strong>somnum</strong></span> <span class='ocrx_word' id='word_1_39' title='bbox 349 380 402 399; x_wconf 90' lang='lat' dir='ltr'><strong>non</strong></span> <span class='ocrx_word' id='word_1_40' title='bbox 416 373 537 403; x_wconf 87' lang='lat' dir='ltr'><strong>turbare,</strong></span> <span class='ocrx_word' id='word_1_41' title='bbox 563 380 613 399; x_wconf 89' lang='lat' dir='ltr'><strong>nec</strong></span> <span class='ocrx_word' id='word_1_42' title='bbox 634 372 815 400; x_wconf 74' lang='lat' dir='ltr'><strong>eruditionem</strong></span> <span class='ocrx_word' id='word_1_43' title='bbox 830 381 945 408; x_wconf 84' lang='lat' dir='ltr'><strong>prorsus</strong></span> <span class='ocrx_word' id='word_1_44' title='bbox 958 374 997 401; x_wconf 93' lang='lat' dir='ltr'><strong>in-</strong></span> 
     </span>
    </p>
   </div>
   <div class='ocr_carea' id='block_1_9' title="bbox 210 418 996 454">
    <p class='ocr_par' dir='ltr' id='par_1_9' title="bbox 210 418 996 454">
     <span class='ocr_line' id='line_1_9' title="bbox 210 418 996 454; baseline 0.004 -10"><span class='ocrx_word' id='word_1_45' title='bbox 210 419 303 446; x_wconf 91' lang='lat' dir='ltr'><strong>utilem</strong></span> <span class='ocrx_word' id='word_1_46' title='bbox 323 418 403 446; x_wconf 88' lang='lat' dir='ltr'><strong>nobis</strong></span> <span class='ocrx_word' id='word_1_47' title='bbox 417 422 564 445; x_wconf 80' lang='lat' dir='ltr'><strong>ostentare.</strong></span> <span class='ocrx_word' id='word_1_48' title='bbox 585 418 660 446; x_wconf 86' lang='lat' dir='ltr'><strong>Hauc</strong></span> <span class='ocrx_word' id='word_1_49' title='bbox 678 427 728 454; x_wconf 82' lang='lat' dir='ltr'><strong>ego</strong></span> <span class='ocrx_word' id='word_1_50' title='bbox 750 419 935 448; x_wconf 74' lang='lat' dir='ltr'><strong>difﬁcultatem</strong></span> <span class='ocrx_word' id='word_1_51' title='bbox 949 428 996 448; x_wconf 89' lang='lat' dir='ltr'><strong>cx-</strong></span> 
     </span>
    </p>
   </div>
   <div class='ocr_carea' id='block_1_10' title="bbox 209 464 995 500">
    <p class='ocr_par' dir='ltr' id='par_1_10' title="bbox 209 464 995 500">
     <span class='ocr_line' id='line_1_10' title="bbox 209 464 995 500; baseline 0.004 -9"><span class='ocrx_word' id='word_1_52' title='bbox 209 464 292 499; x_wconf 84' lang='lat' dir='ltr'><strong>punxi</strong></span> <span class='ocrx_word' id='word_1_53' title='bbox 309 465 336 494; x_wconf 89' lang='lat' dir='ltr'><strong>in</strong></span> <span class='ocrx_word' id='word_1_54' title='bbox 353 465 479 492; x_wconf 72' lang='lat' dir='ltr'><strong>versione</strong></span> <span class='ocrx_word' id='word_1_55' title='bbox 494 472 553 491; x_wconf 90' lang='lat' dir='ltr'><strong>mea</strong></span> <span class='ocrx_word' id='word_1_56' title='bbox 568 474 574 492; x_wconf 96' lang='lat'>:</span> <span class='ocrx_word' id='word_1_57' title='bbox 591 465 716 492; x_wconf 87' lang='lat' dir='ltr'><strong>eamdem</strong></span> <span class='ocrx_word' id='word_1_58' title='bbox 734 469 843 500; x_wconf 83' lang='lat' dir='ltr'><strong>poterat</strong></span> <span class='ocrx_word' id='word_1_59' title='bbox 857 465 890 494; x_wconf 89' lang='lat' dir='ltr'><strong>de</strong></span> <span class='ocrx_word' id='word_1_60' title='bbox 906 467 995 494; x_wconf 85' lang='lat' dir='ltr'><strong>medio</strong></span> 
     </span>
    </p>
   </div>
   <div class='ocr_carea' id='block_1_11' title="bbox 207 510 553 546">
    <p class='ocr_par' dir='ltr' id='par_1_11' title="bbox 207 510 553 546">
     <span class='ocr_line' id='line_1_11' title="bbox 207 510 553 546; baseline 0.003 -9"><span class='ocrx_word' id='word_1_61' title='bbox 207 511 304 538; x_wconf 86' lang='lat' dir='ltr'><strong>tollere</strong></span> <span class='ocrx_word' id='word_1_62' title='bbox 316 511 374 546; x_wconf 91' lang='lat' dir='ltr'><strong>ipse</strong></span> <span class='ocrx_word' id='word_1_63' title='bbox 390 510 553 538; x_wconf 83' lang='lat' dir='ltr'><strong>Wetstinus.</strong></span> 
     </span>
    </p>
   </div>
   <div class='ocr_carea' id='block_1_12' title="bbox 245 556 995 593">
    <p class='ocr_par' dir='ltr' id='par_1_12' title="bbox 245 556 995 593">
     <span class='ocr_line' id='line_1_12' title="bbox 245 556 995 593; baseline 0.004 -10"><span class='ocrx_word' id='word_1_64' title='bbox 245 556 316 583; x_wconf 68' lang='lat' dir='ltr'><strong>XVII</strong></span> <span class='ocrx_word' id='word_1_65' title='bbox 327 561 355 584; x_wconf 91' lang='lat' dir='ltr'><strong>et</strong></span> <span class='ocrx_word' id='word_1_66' title='bbox 369 556 461 585; x_wconf 81' lang='lat' dir='ltr'><strong>XVIII.</strong></span> <span class='ocrx_word' id='word_1_67' title='bbox 476 557 676 584; x_wconf 87' lang='lat' dir='ltr'><strong>Aduotationes</strong></span> <span class='ocrx_word' id='word_1_68' title='bbox 694 565 755 593; x_wconf 74' lang='lat' dir='ltr'><strong>qua:</strong></span> <span class='ocrx_word' id='word_1_69' title='bbox 769 559 821 586; x_wconf 89' lang='lat' dir='ltr'><strong>sub</strong></span> <span class='ocrx_word' id='word_1_70' title='bbox 833 559 876 586; x_wconf 82' lang='lat' dir='ltr'><strong>his</strong></span> <span class='ocrx_word' id='word_1_71' title='bbox 887 559 995 587; x_wconf 83' lang='lat' dir='ltr'><strong>duobus</strong></span> 
     </span>
    </p>
   </div>
   <div class='ocr_carea' id='block_1_13' title="bbox 207 603 994 638">
    <p class='ocr_par' dir='ltr' id='par_1_13' title="bbox 207 603 994 638">
     <span class='ocr_line' id='line_1_13' title="bbox 207 603 994 638; baseline 0.004 -10"><span class='ocrx_word' id='word_1_72' title='bbox 207 603 330 631; x_wconf 84' lang='lat' dir='ltr'><strong>numeris</strong></span> <span class='ocrx_word' id='word_1_73' title='bbox 345 603 533 635; x_wconf 89' lang='lat' dir='ltr'><strong>includuntur,</strong></span> <span class='ocrx_word' id='word_1_74' title='bbox 549 604 665 638; x_wconf 86' lang='lat' dir='ltr'><strong>probant</strong></span> <span class='ocrx_word' id='word_1_75' title='bbox 679 604 819 632; x_wconf 90' lang='lat' dir='ltr'><strong>dominum</strong></span> <span class='ocrx_word' id='word_1_76' title='bbox 834 605 867 632; x_wconf 89' lang='lat' dir='ltr'><strong>de</strong></span> <span class='ocrx_word' id='word_1_77' title='bbox 884 604 994 633; x_wconf 87' lang='lat' dir='ltr'><strong>Prema-</strong></span> 
     </span>
    </p>
   </div>
   <div class='ocr_carea' id='block_1_14' title="bbox 207 649 995 684">
    <p class='ocr_par' dir='ltr' id='par_1_14' title="bbox 207 649 995 684">
     <span class='ocr_line' id='line_1_14' title="bbox 207 649 995 684; baseline 0.005 -10"><span class='ocrx_word' id='word_1_78' title='bbox 207 656 262 684; x_wconf 84' lang='lat' dir='ltr'><strong>gny</strong></span> <span class='ocrx_word' id='word_1_79' title='bbox 280 656 336 676; x_wconf 92' lang='lat' dir='ltr'><strong>non</strong></span> <span class='ocrx_word' id='word_1_80' title='bbox 361 656 469 684; x_wconf 79' lang='lat' dir='ltr'><strong>semper</strong></span> <span class='ocrx_word' id='word_1_81' title='bbox 485 649 652 684; x_wconf 68' lang='lat' dir='ltr'><strong>przejudiciis</strong></span> <span class='ocrx_word' id='word_1_82' title='bbox 667 651 833 678; x_wconf 62' lang='lat' dir='ltr'><strong>obcaecatum</strong></span> <span class='ocrx_word' id='word_1_83' title='bbox 850 655 877 679; x_wconf 91' lang='lat' dir='ltr'><strong>et</strong></span> <span class='ocrx_word' id='word_1_84' title='bbox 897 651 995 678; x_wconf 85' lang='lat' dir='ltr'><strong>alluci-</strong></span> 
     </span>
    </p>
   </div>
   <div class='ocr_carea' id='block_1_15' title="bbox 207 694 993 733">
    <p class='ocr_par' dir='ltr' id='par_1_15' title="bbox 207 694 993 733">
     <span class='ocr_line' id='line_1_15' title="bbox 207 694 993 733; baseline 0.005 -12"><span class='ocrx_word' id='word_1_85' title='bbox 207 698 301 721; x_wconf 87' lang='lat' dir='ltr'><strong>natum</strong></span> <span class='ocrx_word' id='word_1_86' title='bbox 316 694 412 723; x_wconf 85' lang='lat' dir='ltr'><strong>fuisse.</strong></span> <span class='ocrx_word' id='word_1_87' title='bbox 426 695 481 722; x_wconf 82' lang='lat' dir='ltr'><strong>[fas</strong></span> <span class='ocrx_word' id='word_1_88' title='bbox 500 696 648 723; x_wconf 57' lang='lat' dir='ltr'><strong>scribendo</strong></span> <span class='ocrx_word' id='word_1_89' title='bbox 663 697 759 727; x_wconf 83' lang='lat' dir='ltr'><strong>lineas,</strong></span> <span class='ocrx_word' id='word_1_90' title='bbox 775 698 878 732; x_wconf 87' lang='lat' dir='ltr'><strong>optime</strong></span> <span class='ocrx_word' id='word_1_91' title='bbox 896 697 930 725; x_wconf 88' lang='lat' dir='ltr'><strong>de</strong></span> <span class='ocrx_word' id='word_1_92' title='bbox 947 698 993 733; x_wconf 89' lang='lat' dir='ltr'><strong>ju-</strong></span> 
     </span>
    </p>
   </div>
   <div class='ocr_carea' id='block_1_16' title="bbox 205 740 992 775">
    <p class='ocr_par' dir='ltr' id='par_1_16' title="bbox 205 740 992 775">
     <span class='ocr_line' id='line_1_16' title="bbox 205 740 992 775; baseline 0.006 -9"><span class='ocrx_word' id='word_1_93' title='bbox 205 740 281 767; x_wconf 86' lang='lat' dir='ltr'><strong>stitia</strong></span> <span class='ocrx_word' id='word_1_94' title='bbox 302 744 329 767; x_wconf 91' lang='lat' dir='ltr'><strong>et</strong></span> <span class='ocrx_word' id='word_1_95' title='bbox 349 741 465 768; x_wconf 78' lang='lat' dir='ltr'><strong>Veritate</strong></span> <span class='ocrx_word' id='word_1_96' title='bbox 480 741 594 769; x_wconf 86' lang='lat' dir='ltr'><strong>meritus</strong></span> <span class='ocrx_word' id='word_1_97' title='bbox 606 745 658 769; x_wconf 86' lang='lat' dir='ltr'><strong>est.</strong></span> <span class='ocrx_word' id='word_1_98' title='bbox 672 741 791 775; x_wconf 80' lang='lat' dir='ltr'><strong>Quilibet</strong></span> <span class='ocrx_word' id='word_1_99' title='bbox 814 743 992 772; x_wconf 87' lang='lat' dir='ltr'><strong>nihilominus</strong></span> 
     </span>
    </p>
   </div>
   <div class='ocr_carea' id='block_1_17' title="bbox 205 786 991 824">
    <p class='ocr_par' dir='ltr' id='par_1_17' title="bbox 205 786 991 824">
     <span class='ocr_line' id='line_1_17' title="bbox 205 786 991 824; baseline 0.006 -12"><span class='ocrx_word' id='word_1_100' title='bbox 205 786 404 815; x_wconf 88' lang='lat' dir='ltr'><strong>animadvertet</strong></span> <span class='ocrx_word' id='word_1_101' title='bbox 431 787 520 822; x_wconf 84' lang='lat' dir='ltr'><strong>ipsum</strong></span> <span class='ocrx_word' id='word_1_102' title='bbox 549 787 686 815; x_wconf 89' lang='lat' dir='ltr'><strong>Wetstino</strong></span> <span class='ocrx_word' id='word_1_103' title='bbox 712 796 821 824; x_wconf 82' lang='lat' dir='ltr'><strong>semper</strong></span> <span class='ocrx_word' id='word_1_104' title='bbox 851 789 991 817; x_wconf 89' lang='lat' dir='ltr'><strong>contradi-</strong></span> 
     </span>
    </p>
   </div>
   <div class='ocr_carea' id='block_1_18' title="bbox 204 832 991 870">
    <p class='ocr_par' dir='ltr' id='par_1_18' title="bbox 204 832 991 870">
     <span class='ocr_line' id='line_1_18' title="bbox 204 832 991 870; baseline 0.006 -12"><span class='ocrx_word' id='word_1_105' title='bbox 204 832 294 865; x_wconf 79' lang='lat' dir='ltr'><strong>xisse,</strong></span> <span class='ocrx_word' id='word_1_106' title='bbox 314 832 373 860; x_wconf 92' lang='lat' dir='ltr'><strong>sive</strong></span> <span class='ocrx_word' id='word_1_107' title='bbox 391 833 502 868; x_wconf 89' lang='lat' dir='ltr'><strong>quando</strong></span> <span class='ocrx_word' id='word_1_108' title='bbox 524 837 627 861; x_wconf 91' lang='lat' dir='ltr'><strong>rectam</strong></span> <span class='ocrx_word' id='word_1_109' title='bbox 648 834 720 861; x_wconf 84' lang='lat' dir='ltr'><strong>viam</strong></span> <span class='ocrx_word' id='word_1_110' title='bbox 740 835 918 870; x_wconf 83' lang='lat' dir='ltr'><strong>sequebatur,</strong></span> <span class='ocrx_word' id='word_1_111' title='bbox 934 835 991 863; x_wconf 86' lang='lat' dir='ltr'><strong>sive</strong></span> 
     </span>
    </p>
   </div>
   <div class='ocr_carea' id='block_1_19' title="bbox 203 879 989 914">
    <p class='ocr_par' dir='ltr' id='par_1_19' title="bbox 203 879 989 914">
     <span class='ocr_line' id='line_1_19' title="bbox 203 879 989 914; baseline 0.004 -9"><span class='ocrx_word' id='word_1_112' title='bbox 203 879 314 913; x_wconf 84' lang='lat' dir='ltr'><strong>quando</strong></span> <span class='ocrx_word' id='word_1_113' title='bbox 332 879 368 906; x_wconf 91' lang='lat' dir='ltr'><strong>ab</strong></span> <span class='ocrx_word' id='word_1_114' title='bbox 379 886 411 906; x_wconf 88' lang='lat' dir='ltr'><strong>ea</strong></span> <span class='ocrx_word' id='word_1_115' title='bbox 427 879 598 907; x_wconf 86' lang='lat' dir='ltr'><strong>deilectebat.</strong></span> <span class='ocrx_word' id='word_1_116' title='bbox 613 879 769 914; x_wconf 89' lang='lat' dir='ltr'><strong>Optandum</strong></span> <span class='ocrx_word' id='word_1_117' title='bbox 784 885 858 908; x_wconf 88' lang='lat' dir='ltr'><strong>certe</strong></span> <span class='ocrx_word' id='word_1_118' title='bbox 877 885 936 908; x_wconf 88' lang='lat' dir='ltr'><strong>crat</strong></span> <span class='ocrx_word' id='word_1_119' title='bbox 960 885 989 908; x_wconf 89' lang='lat' dir='ltr'><strong>ut</strong></span> 
     </span>
    </p>
   </div>
   <div class='ocr_carea' id='block_1_20' title="bbox 203 923 991 954">
    <p class='ocr_par' dir='ltr' id='par_1_20' title="bbox 203 923 991 954">
     <span class='ocr_line' id='line_1_20' title="bbox 203 923 991 954; baseline 0.005 -4"><span class='ocrx_word' id='word_1_120' title='bbox 203 923 247 950; x_wconf 90' lang='lat' dir='ltr'><strong>his</strong></span> <span class='ocrx_word' id='word_1_121' title='bbox 262 924 366 952; x_wconf 83' lang='lat' dir='ltr'><strong>ultimis</strong></span> <span class='ocrx_word' id='word_1_122' title='bbox 384 925 506 952; x_wconf 83' lang='lat' dir='ltr'><strong>numeris</strong></span> <span class='ocrx_word' id='word_1_123' title='bbox 525 925 592 952; x_wconf 89' lang='lat' dir='ltr'><strong>nihil</strong></span> <span class='ocrx_word' id='word_1_124' title='bbox 616 925 767 953; x_wconf 78' lang='lat' dir='ltr'><strong>addidisset</strong></span> <span class='ocrx_word' id='word_1_125' title='bbox 786 925 816 953; x_wconf 89' lang='lat' dir='ltr'><strong>D.</strong></span> <span class='ocrx_word' id='word_1_126' title='bbox 829 927 863 954; x_wconf 90' lang='lat' dir='ltr'><strong>de</strong></span> <span class='ocrx_word' id='word_1_127' title='bbox 879 926 991 954; x_wconf 86' lang='lat' dir='ltr'><strong>Prcma-</strong></span> 
     </span>
    </p>
   </div>
   <div class='ocr_carea' id='block_1_21' title="bbox 203 969 990 1008">
    <p class='ocr_par' dir='ltr' id='par_1_21' title="bbox 203 969 990 1008">
     <span class='ocr_line' id='line_1_21' title="bbox 203 969 990 1008; baseline 0.006 -12"><span class='ocrx_word' id='word_1_128' title='bbox 203 977 268 1005; x_wconf 77' lang='lat' dir='ltr'><strong>gny.</strong></span> <span class='ocrx_word' id='word_1_129' title='bbox 282 969 335 996; x_wconf 87' lang='lat' dir='ltr'><strong>Sed</strong></span> <span class='ocrx_word' id='word_1_130' title='bbox 356 971 452 1002; x_wconf 86' lang='lat' dir='ltr'><strong>altera,</strong></span> <span class='ocrx_word' id='word_1_131' title='bbox 465 971 498 998; x_wconf 88' lang='lat' dir='ltr'><strong>de</strong></span> <span class='ocrx_word' id='word_1_132' title='bbox 513 978 566 1006; x_wconf 90' lang='lat' dir='ltr'><strong>qua</strong></span> <span class='ocrx_word' id='word_1_133' title='bbox 581 971 638 1005; x_wconf 86' lang='lat' dir='ltr'><strong>jam</strong></span> <span class='ocrx_word' id='word_1_134' title='bbox 653 971 761 999; x_wconf 89' lang='lat' dir='ltr'><strong>locutus</strong></span> <span class='ocrx_word' id='word_1_135' title='bbox 775 980 846 1004; x_wconf 85' lang='lat' dir='ltr'><strong>sum,</strong></span> <span class='ocrx_word' id='word_1_136' title='bbox 863 973 990 1008; x_wconf 91' lang='lat' dir='ltr'><strong>opusculi</strong></span> 
     </span>
    </p>
   </div>
   <div class='ocr_carea' id='block_1_22' title="bbox 201 1015 990 1055">
    <p class='ocr_par' dir='ltr' id='par_1_22' title="bbox 201 1015 990 1055">
     <span class='ocr_line' id='line_1_22' title="bbox 201 1015 990 1055; baseline 0.006 -13"><span class='ocrx_word' id='word_1_137' title='bbox 201 1015 262 1050; x_wconf 82' lang='lat' dir='ltr'><strong>ejus</strong></span> <span class='ocrx_word' id='word_1_138' title='bbox 277 1016 361 1044; x_wconf 91' lang='lat' dir='ltr'><strong>editio</strong></span> <span class='ocrx_word' id='word_1_139' title='bbox 374 1016 451 1052; x_wconf 80' lang='lat' dir='ltr'><strong>quasi</strong></span> <span class='ocrx_word' id='word_1_140' title='bbox 469 1017 646 1052; x_wconf 71' lang='lat' dir='ltr'><strong>pt‘eniteutem</strong></span> <span class='ocrx_word' id='word_1_141' title='bbox 667 1017 755 1052; x_wconf 91' lang='lat' dir='ltr'><strong>ipsum</strong></span> <span class='ocrx_word' id='word_1_142' title='bbox 767 1019 877 1047; x_wconf 75' lang='lat' dir='ltr'><strong>exhibet</strong></span> <span class='ocrx_word' id='word_1_143' title='bbox 889 1020 990 1055; x_wconf 89' lang='lat' dir='ltr'><strong>optime</strong></span> 
     </span>
    </p>
   </div>
   <div class='ocr_carea' id='block_1_23' title="bbox 203 1062 990 1100">
    <p class='ocr_par' dir='ltr' id='par_1_23' title="bbox 203 1062 990 1100">
     <span class='ocr_line' id='line_1_23' title="bbox 203 1062 990 1100; baseline 0.005 -12"><span class='ocrx_word' id='word_1_144' title='bbox 203 1062 306 1089; x_wconf 84' lang='lat' dir='ltr'><strong>finiisse</strong></span> <span class='ocrx_word' id='word_1_145' title='bbox 320 1062 394 1097; x_wconf 89' lang='lat' dir='ltr'><strong>quod</strong></span> <span class='ocrx_word' id='word_1_146' title='bbox 413 1063 484 1090; x_wconf 92' lang='lat' dir='ltr'><strong>male</strong></span> <span class='ocrx_word' id='word_1_147' title='bbox 501 1066 633 1098; x_wconf 67' lang='lat' dir='ltr'><strong>cmperat.</strong></span> <span class='ocrx_word' id='word_1_148' title='bbox 649 1062 722 1090; x_wconf 88' lang='lat' dir='ltr'><strong>Duas</strong></span> <span class='ocrx_word' id='word_1_149' title='bbox 736 1072 802 1099; x_wconf 77' lang='lat' dir='ltr'><strong>ergo</strong></span> <span class='ocrx_word' id='word_1_150' title='bbox 817 1072 901 1092; x_wconf 90' lang='lat' dir='ltr'><strong>novas</strong></span> <span class='ocrx_word' id='word_1_151' title='bbox 916 1066 990 1100; x_wconf 88' lang='lat' dir='ltr'><strong>prio-</strong></span> 
     </span>
    </p>
   </div>
   <div class='ocr_carea' id='block_1_24' title="bbox 201 1106 989 1145">
    <p class='ocr_par' dir='ltr' id='par_1_24' title="bbox 201 1106 989 1145">
     <span class='ocr_line' id='line_1_24' title="bbox 201 1106 989 1145; baseline 0.009 -13"><span class='ocrx_word' id='word_1_152' title='bbox 201 1106 280 1133; x_wconf 85' lang='lat' dir='ltr'><strong>ribus</strong></span> <span class='ocrx_word' id='word_1_153' title='bbox 296 1108 354 1135; x_wconf 91' lang='lat' dir='ltr'><strong>suis</strong></span> <span class='ocrx_word' id='word_1_154' title='bbox 376 1108 601 1137; x_wconf 89' lang='lat' dir='ltr'><strong>adnotationibus</strong></span> <span class='ocrx_word' id='word_1_155' title='bbox 616 1108 725 1144; x_wconf 77' lang='lat' dir='ltr'><strong>adjecit,</strong></span> <span class='ocrx_word' id='word_1_156' title='bbox 741 1119 801 1145; x_wconf 66' lang='lat' dir='ltr'><strong>quae</strong></span> <span class='ocrx_word' id='word_1_157' title='bbox 818 1111 897 1139; x_wconf 73' lang='lat' dir='ltr'><strong>fama:</strong></span> <span class='ocrx_word' id='word_1_158' title='bbox 916 1112 989 1140; x_wconf 89' lang='lat' dir='ltr'><strong>illius</strong></span> 
     </span>
    </p>
   </div>
   <div class='ocr_carea' id='block_1_25' title="bbox 201 1153 691 1191">
    <p class='ocr_par' dir='ltr' id='par_1_25' title="bbox 201 1153 691 1191">
     <span class='ocr_line' id='line_1_25' title="bbox 201 1153 691 1191; baseline 0.006 -11"><span class='ocrx_word' id='word_1_159' title='bbox 201 1153 264 1187; x_wconf 89' lang='lat' dir='ltr'><strong>plus</strong></span> <span class='ocrx_word' id='word_1_160' title='bbox 279 1155 418 1182; x_wconf 87' lang='lat' dir='ltr'><strong>noeebunt</strong></span> <span class='ocrx_word' id='word_1_161' title='bbox 432 1163 514 1190; x_wconf 88' lang='lat' dir='ltr'><strong>quam</strong></span> <span class='ocrx_word' id='word_1_162' title='bbox 531 1156 691 1191; x_wconf 91' lang='lat' dir='ltr'><strong>proderunt.</strong></span> 
     </span>
    </p>
   </div>
   <div class='ocr_carea' id='block_1_26' title="bbox 237 1198 989 1237">
    <p class='ocr_par' dir='ltr' id='par_1_26' title="bbox 237 1198 989 1237">
     <span class='ocr_line' id='line_1_26' title="bbox 237 1198 989 1237; baseline 0.009 -12"><span class='ocrx_word' id='word_1_163' title='bbox 237 1198 329 1226; x_wconf 83' lang='lat' dir='ltr'><strong>Prima</strong></span> <span class='ocrx_word' id='word_1_164' title='bbox 344 1199 460 1227; x_wconf 83' lang='lat' dir='ltr'><strong>refertur</strong></span> <span class='ocrx_word' id='word_1_165' title='bbox 486 1201 520 1228; x_wconf 88' lang='lat' dir='ltr'><strong>ad</strong></span> <span class='ocrx_word' id='word_1_166' title='bbox 551 1203 748 1236; x_wconf 85' lang='lat' dir='ltr'><strong>separationem</strong></span> <span class='ocrx_word' id='word_1_167' title='bbox 768 1211 850 1237; x_wconf 87' lang='lat' dir='ltr'><strong>quam</strong></span> <span class='ocrx_word' id='word_1_168' title='bbox 876 1209 989 1232; x_wconf 85' lang='lat' dir='ltr'><strong>sanctus</strong></span> 
     </span>
    </p>
   </div>
   <div class='ocr_carea' id='block_1_27' title="bbox 201 1243 988 1282">
    <p class='ocr_par' dir='ltr' id='par_1_27' title="bbox 201 1243 988 1282">
     <span class='ocr_line' id='line_1_27' title="bbox 201 1243 988 1282; baseline 0.009 -11"><span class='ocrx_word' id='word_1_169' title='bbox 201 1243 328 1273; x_wconf 83' lang='lat' dir='ltr'><strong>Clemens</strong></span> <span class='ocrx_word' id='word_1_170' title='bbox 343 1253 358 1272; x_wconf 86' lang='lat' dir='ltr'><strong>a</strong></span> <span class='ocrx_word' id='word_1_171' title='bbox 373 1245 465 1282; x_wconf 78' lang='lat' dir='ltr'><strong>Moyse</strong></span> <span class='ocrx_word' id='word_1_172' title='bbox 479 1246 577 1274; x_wconf 87' lang='lat' dir='ltr'><strong>factam</strong></span> <span class='ocrx_word' id='word_1_173' title='bbox 595 1247 679 1275; x_wconf 84' lang='lat' dir='ltr'><strong>luisse</strong></span> <span class='ocrx_word' id='word_1_174' title='bbox 693 1249 792 1276; x_wconf 84' lang='lat' dir='ltr'><strong>asserit</strong></span> <span class='ocrx_word' id='word_1_175' title='bbox 819 1249 891 1278; x_wconf 89' lang='lat' dir='ltr'><strong>inter</strong></span> <span class='ocrx_word' id='word_1_176' title='bbox 914 1251 988 1279; x_wconf 89' lang='lat' dir='ltr'><strong>viros</strong></span> 
     </span>
    </p>
   </div>
   <div class='ocr_carea' id='block_1_28' title="bbox 200 1290 986 1332">
    <p class='ocr_par' dir='ltr' id='par_1_28' title="bbox 200 1290 986 1332">
     <span class='ocr_line' id='line_1_28' title="bbox 200 1290 986 1332; baseline 0.01 -15"><span class='ocrx_word' id='word_1_177' title='bbox 200 1293 228 1317; x_wconf 86' lang='lat' dir='ltr'><strong>et</strong></span> <span class='ocrx_word' id='word_1_178' title='bbox 240 1290 378 1324; x_wconf 89' lang='lat' dir='ltr'><strong>mulieres,</strong></span> <span class='ocrx_word' id='word_1_179' title='bbox 392 1291 457 1319; x_wconf 90' lang='lat' dir='ltr'><strong>dum</strong></span> <span class='ocrx_word' id='word_1_180' title='bbox 487 1293 643 1321; x_wconf 85' lang='lat' dir='ltr'><strong>incederent</strong></span> <span class='ocrx_word' id='word_1_181' title='bbox 669 1293 807 1328; x_wconf 71' lang='lat' dir='ltr'><strong>fsraelitaa,</strong></span> <span class='ocrx_word' id='word_1_182' title='bbox 839 1295 986 1332; x_wconf 65' lang='lat' dir='ltr'><strong>Egyptum</strong></span> 
     </span>
    </p>
   </div>
   <div class='ocr_carea' id='block_1_29' title="bbox 201 1337 986 1378">
    <p class='ocr_par' dir='ltr' id='par_1_29' title="bbox 201 1337 986 1378">
     <span class='ocr_line' id='line_1_29' title="bbox 201 1337 986 1378; baseline 0.009 -15"><span class='ocrx_word' id='word_1_183' title='bbox 201 1337 397 1371; x_wconf 83' lang='lat' dir='ltr'><strong>relinquentes.</strong></span> <span class='ocrx_word' id='word_1_184' title='bbox 414 1337 538 1366; x_wconf 88' lang='lat' dir='ltr'><strong>Secunda</strong></span> <span class='ocrx_word' id='word_1_185' title='bbox 555 1344 659 1374; x_wconf 82' lang='lat' dir='ltr'><strong>spectat</strong></span> <span class='ocrx_word' id='word_1_186' title='bbox 683 1349 781 1369; x_wconf 89' lang='lat' dir='ltr'><strong>nomen</strong></span> <span class='ocrx_word' id='word_1_187' title='bbox 807 1343 890 1370; x_wconf 85' lang='lat' dir='ltr'><strong>maris</strong></span> <span class='ocrx_word' id='word_1_188' title='bbox 914 1344 986 1378; x_wconf 89' lang='lat' dir='ltr'><strong>quod</strong></span> 
     </span>
    </p>
   </div>
   <div class='ocr_carea' id='block_1_30' title="bbox 201 1382 756 1419">
    <p class='ocr_par' dir='ltr' id='par_1_30' title="bbox 201 1382 756 1419">
     <span class='ocr_line' id='line_1_30' title="bbox 201 1382 756 1419; baseline 0.013 -10"><span class='ocrx_word' id='word_1_189' title='bbox 201 1382 274 1410; x_wconf 74' lang='lat' dir='ltr'><strong>sicco</strong></span> <span class='ocrx_word' id='word_1_190' title='bbox 289 1384 404 1419; x_wconf 84' lang='lat' dir='ltr'><strong>vestigio</strong></span> <span class='ocrx_word' id='word_1_191' title='bbox 420 1384 466 1411; x_wconf 93' lang='lat' dir='ltr'><strong>filii</strong></span> <span class='ocrx_word' id='word_1_192' title='bbox 480 1384 563 1413; x_wconf 80' lang='lat' dir='ltr'><strong>Israel</strong></span> <span class='ocrx_word' id='word_1_193' title='bbox 578 1387 756 1416; x_wconf 88' lang='lat' dir='ltr'><strong>transierunt.</strong></span> 
     </span>
    </p>
   </div>
   <div class='ocr_carea' id='block_1_31' title="bbox 241 1427 984 1464">
    <p class='ocr_par' dir='ltr' id='par_1_31' title="bbox 241 1427 984 1464">
     <span class='ocr_line' id='line_1_31' title="bbox 241 1427 984 1464; baseline 0.012 -10"><span class='ocrx_word' id='word_1_194' title='bbox 241 1429 268 1454; x_wconf 76' lang='lat'><strong>1°</strong></span> <span class='ocrx_word' id='word_1_195' title='bbox 283 1427 366 1456; x_wconf 83' lang='lat' dir='ltr'><strong>Juxta</strong></span> <span class='ocrx_word' id='word_1_196' title='bbox 381 1428 579 1462; x_wconf 85' lang='lat' dir='ltr'><strong>adnotatorem.</strong></span> <span class='ocrx_word' id='word_1_197' title='bbox 609 1436 720 1460; x_wconf 89' lang='lat' dir='ltr'><strong>sanctus</strong></span> <span class='ocrx_word' id='word_1_198' title='bbox 736 1434 860 1462; x_wconf 85' lang='lat' dir='ltr'><strong>Clemens</strong></span> <span class='ocrx_word' id='word_1_199' title='bbox 878 1435 984 1464; x_wconf 89' lang='lat' dir='ltr'><strong>locutus</strong></span> 
     </span>
    </p>
   </div>
   <div class='ocr_carea' id='block_1_32' title="bbox 200 1473 985 1516">
    <p class='ocr_par' dir='ltr' id='par_1_32' title="bbox 200 1473 985 1516">
     <span class='ocr_line' id='line_1_32' title="bbox 200 1473 985 1516; baseline 0.01 -16"><span class='ocrx_word' id='word_1_200' title='bbox 200 1478 242 1501; x_wconf 89' lang='lat' dir='ltr'><strong>est</strong></span> <span class='ocrx_word' id='word_1_201' title='bbox 264 1473 299 1502; x_wconf 90' lang='lat' dir='ltr'><strong>de</strong></span> <span class='ocrx_word' id='word_1_202' title='bbox 322 1475 444 1503; x_wconf 89' lang='lat' dir='ltr'><strong>virorqu</strong></span> <span class='ocrx_word' id='word_1_203' title='bbox 475 1485 507 1504; x_wconf 84' lang='lat' dir='ltr'><strong>ac</strong></span> <span class='ocrx_word' id='word_1_204' title='bbox 533 1478 676 1506; x_wconf 85' lang='lat' dir='ltr'><strong>mulierum</strong></span> <span class='ocrx_word' id='word_1_205' title='bbox 702 1481 871 1515; x_wconf 84' lang='lat' dir='ltr'><strong>separatione</strong></span> <span class='ocrx_word' id='word_1_206' title='bbox 903 1489 985 1516; x_wconf 88' lang='lat' dir='ltr'><strong>quam</strong></span> 
     </span>
    </p>
   </div>
   <div class='ocr_carea' id='block_1_33' title="bbox 199 1519 985 1562">
    <p class='ocr_par' dir='ltr' id='par_1_33' title="bbox 199 1519 985 1562">
     <span class='ocr_line' id='line_1_33' title="bbox 199 1519 985 1562; baseline 0.011 -16"><span class='ocrx_word' id='word_1_207' title='bbox 199 1519 307 1555; x_wconf 80' lang='lat' dir='ltr'><strong>Moyses</strong></span> <span class='ocrx_word' id='word_1_208' title='bbox 319 1521 474 1550; x_wconf 87' lang='lat' dir='ltr'><strong>nullatenus</strong></span> <span class='ocrx_word' id='word_1_209' title='bbox 489 1525 659 1552; x_wconf 86' lang='lat' dir='ltr'><strong>memoravit.</strong></span> <span class='ocrx_word' id='word_1_210' title='bbox 675 1525 819 1553; x_wconf 82' lang='lat' dir='ltr'><strong>Probabile</strong></span> <span class='ocrx_word' id='word_1_211' title='bbox 836 1535 900 1562; x_wconf 78' lang='lat' dir='ltr'><strong>ergo</strong></span> <span class='ocrx_word' id='word_1_212' title='bbox 911 1527 985 1561; x_wconf 89' lang='lat' dir='ltr'><strong>judi-</strong></span> 
     </span>
    </p>
   </div>
   <div class='ocr_carea' id='block_1_34' title="bbox 1048 277 1836 315">
    <p class='ocr_par' dir='ltr' id='par_1_34' title="bbox 1048 277 1836 315">
     <span class='ocr_line' id='line_1_34' title="bbox 1048 277 1836 315; baseline 0.014 -15"><span class='ocrx_word' id='word_1_213' title='bbox 1048 279 1107 306; x_wconf 77' lang='lat' dir='ltr'><strong>rent</strong></span> <span class='ocrx_word' id='word_1_214' title='bbox 1123 277 1253 311; x_wconf 85' lang='lat' dir='ltr'><strong>temporis</strong></span> <span class='ocrx_word' id='word_1_215' title='bbox 1267 282 1379 311; x_wconf 91' lang='lat' dir='ltr'><strong>puncto,</strong></span> <span class='ocrx_word' id='word_1_216' title='bbox 1392 278 1511 307; x_wconf 87' lang='lat' dir='ltr'><strong>hostium</strong></span> <span class='ocrx_word' id='word_1_217' title='bbox 1523 280 1759 315; x_wconf 87' lang='lat' dir='ltr'><strong>internecionem,</strong></span> <span class='ocrx_word' id='word_1_218' title='bbox 1773 283 1836 312; x_wconf 73' lang='lat' dir='ltr'><strong>duas</strong></span> 
     </span>
    </p>
   </div>
   <div class='ocr_carea' id='block_1_35' title="bbox 1047 321 1835 362">
    <p class='ocr_par' dir='ltr' id='par_1_35' title="bbox 1047 321 1835 362">
     <span class='ocr_line' id='line_1_35' title="bbox 1047 321 1835 362; baseline 0.011 -15"><span class='ocrx_word' id='word_1_219' title='bbox 1047 321 1182 354; x_wconf 83' lang='lat' dir='ltr'><strong>choreas,</strong></span> <span class='ocrx_word' id='word_1_220' title='bbox 1208 331 1290 350; x_wconf 87' lang='lat' dir='ltr'><strong>unam</strong></span> <span class='ocrx_word' id='word_1_221' title='bbox 1315 324 1447 357; x_wconf 82' lang='lat' dir='ltr'><strong>virorum,</strong></span> <span class='ocrx_word' id='word_1_222' title='bbox 1470 326 1584 354; x_wconf 82' lang='lat' dir='ltr'><strong>alteram</strong></span> <span class='ocrx_word' id='word_1_223' title='bbox 1620 328 1790 362; x_wconf 86' lang='lat' dir='ltr'><strong>mulierum,</strong></span> <span class='ocrx_word' id='word_1_224' title='bbox 1811 331 1835 357; x_wconf 90' lang='lat' dir='ltr'><strong>in</strong></span> 
     </span>
    </p>
   </div>
   <div class='ocr_carea' id='block_1_36' title="bbox 1047 367 1834 410">
    <p class='ocr_par' dir='ltr' id='par_1_36' title="bbox 1047 367 1834 410">
     <span class='ocr_line' id='line_1_36' title="bbox 1047 367 1834 410; baseline 0.014 -17"><span class='ocrx_word' id='word_1_225' title='bbox 1047 367 1139 395; x_wconf 90' lang='lat' dir='ltr'><strong>littore</strong></span> <span class='ocrx_word' id='word_1_226' title='bbox 1169 369 1349 398; x_wconf 90' lang='lat' dir='ltr'><strong>instituunt:</strong></span> <span class='ocrx_word' id='word_1_227' title='bbox 1378 376 1406 398; x_wconf 89' lang='lat' dir='ltr'><strong>et</strong></span> <span class='ocrx_word' id='word_1_228' title='bbox 1435 371 1528 408; x_wconf 82' lang='lat' dir='ltr'><strong>Moyse</strong></span> <span class='ocrx_word' id='word_1_229' title='bbox 1558 374 1626 402; x_wconf 88' lang='lat' dir='ltr'><strong>viris</strong></span> <span class='ocrx_word' id='word_1_230' title='bbox 1653 376 1834 410; x_wconf 63' lang='lat' dir='ltr'><strong>praecinente,</strong></span> 
     </span>
    </p>
   </div>
   <div class='ocr_carea' id='block_1_37' title="bbox 1047 413 1836 452">
    <p class='ocr_par' dir='ltr' id='par_1_37' title="bbox 1047 413 1836 452">
     <span class='ocr_line' id='line_1_37' title="bbox 1047 413 1836 452; baseline 0.014 -13"><span class='ocrx_word' id='word_1_231' title='bbox 1047 413 1107 446; x_wconf 88' lang='lat' dir='ltr'><strong>ejus</strong></span> <span class='ocrx_word' id='word_1_232' title='bbox 1119 421 1214 442; x_wconf 89' lang='lat' dir='ltr'><strong>sorore</strong></span> <span class='ocrx_word' id='word_1_233' title='bbox 1229 415 1402 449; x_wconf 87' lang='lat' dir='ltr'><strong>mulieribus,</strong></span> <span class='ocrx_word' id='word_1_234' title='bbox 1432 419 1642 452; x_wconf 73' lang='lat' dir='ltr'><strong>gratulationem</strong></span> <span class='ocrx_word' id='word_1_235' title='bbox 1657 419 1716 448; x_wconf 86' lang='lat' dir='ltr'><strong>Deo</strong></span> <span class='ocrx_word' id='word_1_236' title='bbox 1732 422 1836 449; x_wconf 59' lang='lat' dir='ltr'><strong>cecinc~</strong></span> 
     </span>
    </p>
   </div>
   <div class='ocr_carea' id='block_1_38' title="bbox 1047 459 1170 486">
    <p class='ocr_par' dir='ltr' id='par_1_38' title="bbox 1047 459 1170 486">
     <span class='ocr_line' id='line_1_38' title="bbox 1047 459 1170 486; baseline 0.016 -2"><span class='ocrx_word' id='word_1_237' title='bbox 1047 462 1110 485; x_wconf 90' lang='lat' dir='ltr'><strong>runt</strong></span> <span class='ocrx_word' id='word_1_238' title='bbox 1121 459 1152 486; x_wconf 71' lang='grc' dir='ltr'><strong>δ’.</strong></span> <span class='ocrx_word' id='word_1_239' title='bbox 1161 469 1170 486; x_wconf 71' lang='grc' dir='ltr'>ι</span> 
     </span>
    </p>
   </div>
   <div class='ocr_carea' id='block_1_39' title="bbox 1083 503 1833 548">
    <p class='ocr_par' dir='ltr' id='par_1_39' title="bbox 1083 503 1833 548">
     <span class='ocr_line' id='line_1_39' title="bbox 1083 503 1833 548; baseline 0.013 -18"><span class='ocrx_word' id='word_1_240' title='bbox 1083 503 1209 532; x_wconf 72' lang='lat' dir='ltr'><strong>Ultimum</strong></span> <span class='ocrx_word' id='word_1_241' title='bbox 1224 506 1396 536; x_wconf 90' lang='lat' dir='ltr'><strong>adnotatoris</strong></span> <span class='ocrx_word' id='word_1_242' title='bbox 1409 508 1619 544; x_wconf 86' lang='lat' dir='ltr'><strong>objectatiouem</strong></span> <span class='ocrx_word' id='word_1_243' title='bbox 1630 511 1666 539; x_wconf 93' lang='lat' dir='ltr'><strong>de</strong></span> <span class='ocrx_word' id='word_1_244' title='bbox 1678 512 1752 539; x_wconf 82' lang='lat' dir='ltr'><strong>mari</strong></span> <span class='ocrx_word' id='word_1_245' title='bbox 1764 511 1833 548; x_wconf 83' lang='lat' dir='ltr'><strong>Suph</strong></span> 
     </span>
    </p>
   </div>
   <div class='ocr_carea' id='block_1_40' title="bbox 1045 551 1834 594">
    <p class='ocr_par' dir='ltr' id='par_1_40' title="bbox 1045 551 1834 594">
     <span class='ocr_line' id='line_1_40' title="bbox 1045 551 1834 594; baseline 0.014 -19"><span class='ocrx_word' id='word_1_246' title='bbox 1045 551 1222 586; x_wconf 80' lang='lat' dir='ltr'><strong>attingamus.</strong></span> <span class='ocrx_word' id='word_1_247' title='bbox 1250 552 1309 580; x_wconf 86' lang='lat' dir='ltr'><strong>Non</strong></span> <span class='ocrx_word' id='word_1_248' title='bbox 1333 553 1439 582; x_wconf 86' lang='lat' dir='ltr'><strong>dubitat</strong></span> <span class='ocrx_word' id='word_1_249' title='bbox 1472 556 1585 584; x_wconf 80' lang='lat' dir='ltr'><strong>criticus</strong></span> <span class='ocrx_word' id='word_1_250' title='bbox 1607 557 1735 593; x_wconf 84' lang='lat' dir='ltr'><strong>scriptor</strong></span> <span class='ocrx_word' id='word_1_251' title='bbox 1758 559 1834 594; x_wconf 83' lang='lat' dir='ltr'><strong>hujus</strong></span> 
     </span>
    </p>
   </div>
   <div class='ocr_carea' id='block_1_41' title="bbox 1045 597 1834 634">
    <p class='ocr_par' dir='ltr' id='par_1_41' title="bbox 1045 597 1834 634">
     <span class='ocr_line' id='line_1_41' title="bbox 1045 597 1834 634; baseline 0.015 -12"><span class='ocrx_word' id='word_1_252' title='bbox 1045 597 1129 624; x_wconf 87' lang='lat' dir='ltr'><strong>maris</strong></span> <span class='ocrx_word' id='word_1_253' title='bbox 1146 606 1244 626; x_wconf 85' lang='lat' dir='ltr'><strong>nomen</strong></span> <span class='ocrx_word' id='word_1_254' title='bbox 1260 600 1355 628; x_wconf 90' lang='lat' dir='ltr'><strong>nullibi</strong></span> <span class='ocrx_word' id='word_1_255' title='bbox 1371 601 1397 628; x_wconf 92' lang='lat' dir='ltr'><strong>in</strong></span> <span class='ocrx_word' id='word_1_256' title='bbox 1413 601 1507 630; x_wconf 80' lang='lat' dir='ltr'><strong>Exodo</strong></span> <span class='ocrx_word' id='word_1_257' title='bbox 1535 603 1665 631; x_wconf 87' lang='lat' dir='ltr'><strong>inveniri.</strong></span> <span class='ocrx_word' id='word_1_258' title='bbox 1680 604 1713 632; x_wconf 91' lang='lat' dir='ltr'><strong>Si</strong></span> <span class='ocrx_word' id='word_1_259' title='bbox 1728 605 1764 634; x_wconf 90' lang='lat' dir='ltr'><strong>de</strong></span> <span class='ocrx_word' id='word_1_260' title='bbox 1774 605 1834 634; x_wconf 68' lang='grc' dir='ltr'><strong>ναι.</strong></span> 
     </span>
    </p>
   </div>
   <div class='ocr_carea' id='block_1_42' title="bbox 1043 645 1833 685">
    <p class='ocr_par' dir='ltr' id='par_1_42' title="bbox 1043 645 1833 685">
     <span class='ocr_line' id='line_1_42' title="bbox 1043 645 1833 685; baseline 0.015 -17"><span class='ocrx_word' id='word_1_261' title='bbox 1043 647 1104 677; x_wconf 76' lang='lat' dir='ltr'><strong>gata</strong></span> <span class='ocrx_word' id='word_1_262' title='bbox 1120 645 1245 673; x_wconf 86' lang='lat' dir='ltr'><strong>versione</strong></span> <span class='ocrx_word' id='word_1_263' title='bbox 1255 646 1362 675; x_wconf 90' lang='lat' dir='ltr'><strong>locutus</strong></span> <span class='ocrx_word' id='word_1_264' title='bbox 1378 648 1484 680; x_wconf 83' lang='lat' dir='ltr'><strong>fuisset,</strong></span> <span class='ocrx_word' id='word_1_265' title='bbox 1501 657 1596 677; x_wconf 92' lang='lat' dir='ltr'><strong>verum</strong></span> <span class='ocrx_word' id='word_1_266' title='bbox 1622 651 1740 685; x_wconf 89' lang='lat' dir='ltr'><strong>quidem</strong></span> <span class='ocrx_word' id='word_1_267' title='bbox 1755 652 1833 680; x_wconf 83' lang='lat' dir='ltr'><strong>dixis-</strong></span> 
     </span>
    </p>
   </div>
   <div class='ocr_carea' id='block_1_43' title="bbox 1044 690 1834 733">
    <p class='ocr_par' dir='ltr' id='par_1_43' title="bbox 1044 690 1834 733">
     <span class='ocr_line' id='line_1_43' title="bbox 1044 690 1834 733; baseline 0.013 -17"><span class='ocrx_word' id='word_1_268' title='bbox 1044 693 1101 722; x_wconf 88' lang='lat' dir='ltr'><strong>set;</strong></span> <span class='ocrx_word' id='word_1_269' title='bbox 1123 690 1146 717; x_wconf 86' lang='lat' dir='ltr'><strong>si</strong></span> <span class='ocrx_word' id='word_1_270' title='bbox 1169 698 1232 718; x_wconf 90' lang='lat' dir='ltr'><strong>vero</strong></span> <span class='ocrx_word' id='word_1_271' title='bbox 1247 692 1280 720; x_wconf 90' lang='lat' dir='ltr'><strong>de</strong></span> <span class='ocrx_word' id='word_1_272' title='bbox 1305 696 1380 720; x_wconf 87' lang='lat' dir='ltr'><strong>textu</strong></span> <span class='ocrx_word' id='word_1_273' title='bbox 1410 693 1545 722; x_wconf 85' lang='lat' dir='ltr'><strong>llehraico</strong></span> <span class='ocrx_word' id='word_1_274' title='bbox 1568 699 1616 723; x_wconf 87' lang='lat' dir='ltr'><strong>aut</strong></span> <span class='ocrx_word' id='word_1_275' title='bbox 1641 696 1771 733; x_wconf 85' lang='lat' dir='ltr'><strong>Syriaco,</strong></span> <span class='ocrx_word' id='word_1_276' title='bbox 1799 703 1834 726; x_wconf 80' lang='lat' dir='ltr'><strong>te-</strong></span> 
     </span>
    </p>
   </div>
   <div class='ocr_carea' id='block_1_44' title="bbox 1044 737 1833 774">
    <p class='ocr_par' dir='ltr' id='par_1_44' title="bbox 1044 737 1833 774">
     <span class='ocr_line' id='line_1_44' title="bbox 1044 737 1833 774; baseline 0.013 -13"><span class='ocrx_word' id='word_1_277' title='bbox 1044 742 1117 762; x_wconf 81' lang='lat' dir='ltr'><strong>mere</strong></span> <span class='ocrx_word' id='word_1_278' title='bbox 1134 742 1208 764; x_wconf 90' lang='lat' dir='ltr'><strong>certe</strong></span> <span class='ocrx_word' id='word_1_279' title='bbox 1222 737 1330 766; x_wconf 91' lang='lat' dir='ltr'><strong>locutus</strong></span> <span class='ocrx_word' id='word_1_280' title='bbox 1345 743 1396 771; x_wconf 90' lang='lat' dir='ltr'><strong>est,</strong></span> <span class='ocrx_word' id='word_1_281' title='bbox 1412 741 1562 774; x_wconf 67' lang='lat' dir='ltr'><strong>praesertim</strong></span> <span class='ocrx_word' id='word_1_282' title='bbox 1593 749 1657 769; x_wconf 91' lang='lat' dir='ltr'><strong>cum</strong></span> <span class='ocrx_word' id='word_1_283' title='bbox 1682 747 1761 770; x_wconf 81' lang='lat' dir='ltr'><strong>esset</strong></span> <span class='ocrx_word' id='word_1_284' title='bbox 1777 752 1833 771; x_wconf 77' lang='lat' dir='ltr'><strong>aca-</strong></span> 
     </span>
    </p>
   </div>
   <div class='ocr_carea' id='block_1_45' title="bbox 1042 780 1833 820">
    <p class='ocr_par' dir='ltr' id='par_1_45' title="bbox 1042 780 1833 820">
     <span class='ocr_line' id='line_1_45' title="bbox 1042 780 1833 820; baseline 0.013 -13"><span class='ocrx_word' id='word_1_285' title='bbox 1042 780 1165 809; x_wconf 88' lang='lat' dir='ltr'><strong>demicus</strong></span> <span class='ocrx_word' id='word_1_286' title='bbox 1180 782 1238 816; x_wconf 87' lang='lat' dir='ltr'><strong>vir;</strong></span> <span class='ocrx_word' id='word_1_287' title='bbox 1267 791 1406 818; x_wconf 84' lang='lat' dir='ltr'><strong>nunquam</strong></span> <span class='ocrx_word' id='word_1_288' title='bbox 1422 785 1495 812; x_wconf 87' lang='lat' dir='ltr'><strong>enim</strong></span> <span class='ocrx_word' id='word_1_289' title='bbox 1517 786 1575 814; x_wconf 83' lang='lat' dir='ltr'><strong>sive</strong></span> <span class='ocrx_word' id='word_1_290' title='bbox 1599 787 1627 814; x_wconf 91' lang='lat' dir='ltr'><strong>in</strong></span> <span class='ocrx_word' id='word_1_291' title='bbox 1655 787 1766 820; x_wconf 90' lang='lat' dir='ltr'><strong>Exodo,</strong></span> <span class='ocrx_word' id='word_1_292' title='bbox 1782 790 1833 817; x_wconf 81' lang='lat' dir='ltr'><strong>sive</strong></span> 
     </span>
    </p>
   </div>
   <div class='ocr_carea' id='block_1_46' title="bbox 1041 827 1830 871">
    <p class='ocr_par' dir='ltr' id='par_1_46' title="bbox 1041 827 1830 871">
     <span class='ocr_line' id='line_1_46' title="bbox 1041 827 1830 871; baseline 0.011 -17"><span class='ocrx_word' id='word_1_293' title='bbox 1041 827 1068 854; x_wconf 89' lang='lat' dir='ltr'><strong>iu</strong></span> <span class='ocrx_word' id='word_1_294' title='bbox 1081 827 1148 855; x_wconf 89' lang='lat' dir='ltr'><strong>locis</strong></span> <span class='ocrx_word' id='word_1_295' title='bbox 1161 828 1222 856; x_wconf 90' lang='lat' dir='ltr'><strong>aliis</strong></span> <span class='ocrx_word' id='word_1_296' title='bbox 1231 837 1317 857; x_wconf 67' lang='lat' dir='ltr'><strong>sacrae</strong></span> <span class='ocrx_word' id='word_1_297' title='bbox 1329 829 1488 869; x_wconf 70' lang='lat' dir='ltr'><strong>Scriptum,</strong></span> <span class='ocrx_word' id='word_1_298' title='bbox 1505 831 1639 861; x_wconf 85' lang='lat' dir='ltr'><strong>Hebraice</strong></span> <span class='ocrx_word' id='word_1_299' title='bbox 1652 840 1701 862; x_wconf 87' lang='lat' dir='ltr'><strong>aut</strong></span> <span class='ocrx_word' id='word_1_300' title='bbox 1714 835 1830 871; x_wconf 76' lang='lat' dir='ltr'><strong>Syrisce,</strong></span> 
     </span>
    </p>
   </div>
   <div class='ocr_carea' id='block_1_47' title="bbox 1042 874 1831 916">
    <p class='ocr_par' dir='ltr' id='par_1_47' title="bbox 1042 874 1831 916">
     <span class='ocr_line' id='line_1_47' title="bbox 1042 874 1831 916; baseline 0.011 -16"><span class='ocrx_word' id='word_1_301' title='bbox 1042 874 1102 902; x_wconf 86' lang='lat' dir='ltr'><strong>aliis</strong></span> <span class='ocrx_word' id='word_1_302' title='bbox 1117 875 1208 902; x_wconf 88' lang='lat' dir='ltr'><strong>verbis</strong></span> <span class='ocrx_word' id='word_1_303' title='bbox 1231 883 1307 904; x_wconf 90' lang='lat' dir='ltr'><strong>mare</strong></span> <span class='ocrx_word' id='word_1_304' title='bbox 1334 876 1456 904; x_wconf 83' lang='lat' dir='ltr'><strong>Rubrum</strong></span> <span class='ocrx_word' id='word_1_305' title='bbox 1483 878 1646 914; x_wconf 83' lang='lat' dir='ltr'><strong>designatur</strong></span> <span class='ocrx_word' id='word_1_306' title='bbox 1676 889 1762 916; x_wconf 81' lang='lat' dir='ltr'><strong>quam</strong></span> <span class='ocrx_word' id='word_1_307' title='bbox 1779 890 1831 909; x_wconf 85' lang='lat' dir='ltr'><strong>ver-</strong></span> 
     </span>
    </p>
   </div>
   <div class='ocr_carea' id='block_1_48' title="bbox 1042 919 1831 962">
    <p class='ocr_par' dir='ltr' id='par_1_48' title="bbox 1042 919 1831 962">
     <span class='ocr_line' id='line_1_48' title="bbox 1042 919 1831 962; baseline 0.013 -17"><span class='ocrx_word' id='word_1_308' title='bbox 1042 919 1083 946; x_wconf 88' lang='lat' dir='ltr'><strong>bis</strong></span> <span class='ocrx_word' id='word_1_309' title='bbox 1100 919 1140 946; x_wconf 87' lang='lat' dir='ltr'><strong>Im</strong></span> <span class='ocrx_word' id='word_1_310' title='bbox 1154 920 1236 955; x_wconf 81' lang='lat' dir='ltr'><strong>Supll,</strong></span> <span class='ocrx_word' id='word_1_311' title='bbox 1263 930 1324 957; x_wconf 69' lang='lat' dir='ltr'><strong>quae</strong></span> <span class='ocrx_word' id='word_1_312' title='bbox 1339 923 1427 950; x_wconf 85' lang='lat' dir='ltr'><strong>reddit</strong></span> <span class='ocrx_word' id='word_1_313' title='bbox 1450 923 1564 960; x_wconf 76' lang='lat' dir='ltr'><strong>Vulgata</strong></span> <span class='ocrx_word' id='word_1_314' title='bbox 1583 930 1680 954; x_wconf 85' lang='lat' dir='ltr'><strong>nostra</strong></span> <span class='ocrx_word' id='word_1_315' title='bbox 1694 935 1744 962; x_wconf 87' lang='lat' dir='ltr'><strong>per</strong></span> <span class='ocrx_word' id='word_1_316' title='bbox 1761 927 1831 955; x_wconf 77' lang='lat' dir='ltr'><strong>Mar:</strong></span> 
     </span>
    </p>
   </div>
   <div class='ocr_carea' id='block_1_49' title="bbox 1042 967 1168 995">
    <p class='ocr_par' dir='ltr' id='par_1_49' title="bbox 1042 967 1168 995">
     <span class='ocr_line' id='line_1_49' title="bbox 1042 967 1168 995; baseline 0.016 -2"><span class='ocrx_word' id='word_1_317' title='bbox 1042 967 1168 995; x_wconf 79' lang='lat' dir='ltr'><strong>Rubrum.</strong></span> 
     </span>
    </p>
   </div>
   <div class='ocr_carea' id='block_1_50' title="bbox 1076 1012 1828 1056">
    <p class='ocr_par' dir='ltr' id='par_1_50' title="bbox 1076 1012 1828 1056">
     <span class='ocr_line' id='line_1_50' title="bbox 1076 1012 1828 1056; baseline 0.011 -16"><span class='ocrx_word' id='word_1_318' title='bbox 1076 1012 1144 1046; x_wconf 88' lang='lat' dir='ltr'><strong>Quis</strong></span> <span class='ocrx_word' id='word_1_319' title='bbox 1168 1022 1250 1049; x_wconf 92' lang='lat' dir='ltr'><strong>porro</strong></span> <span class='ocrx_word' id='word_1_320' title='bbox 1266 1014 1335 1042; x_wconf 87' lang='lat' dir='ltr'><strong>ferat</strong></span> <span class='ocrx_word' id='word_1_321' title='bbox 1360 1016 1497 1044; x_wconf 89' lang='lat' dir='ltr'><strong>hominem</strong></span> <span class='ocrx_word' id='word_1_322' title='bbox 1519 1024 1735 1052; x_wconf 67' lang='lat' dir='ltr'><strong>praesumentem</strong></span> <span class='ocrx_word' id='word_1_323' title='bbox 1761 1020 1828 1056; x_wconf 83' lang='lat' dir='ltr'><strong>loqui</strong></span> 
     </span>
    </p>
   </div>
   <div class='ocr_carea' id='block_1_51' title="bbox 1041 1060 1494 1100">
    <p class='ocr_par' dir='ltr' id='par_1_51' title="bbox 1041 1060 1494 1100">
     <span class='ocr_line' id='line_1_51' title="bbox 1041 1060 1494 1100; baseline 0.011 -13"><span class='ocrx_word' id='word_1_324' title='bbox 1041 1060 1075 1087; x_wconf 82' lang='lat' dir='ltr'><strong>de</strong></span> <span class='ocrx_word' id='word_1_325' title='bbox 1094 1061 1136 1089; x_wconf 88' lang='lat' dir='ltr'><strong>his</strong></span> <span class='ocrx_word' id='word_1_326' title='bbox 1150 1070 1212 1096; x_wconf 83' lang='lat' dir='ltr'><strong>qua:</strong></span> <span class='ocrx_word' id='word_1_327' title='bbox 1224 1063 1349 1091; x_wconf 87' lang='lat' dir='ltr'><strong>absolute</strong></span> <span class='ocrx_word' id='word_1_328' title='bbox 1364 1063 1494 1100; x_wconf 87' lang='lat' dir='ltr'><strong>ignorat?</strong></span> 
     </span>
    </p>
   </div>
   <div class='ocr_carea' id='block_1_52' title="bbox 1078 1107 1829 1146">
    <p class='ocr_par' dir='ltr' id='par_1_52' title="bbox 1078 1107 1829 1146">
     <span class='ocr_line' id='line_1_52' title="bbox 1078 1107 1829 1146; baseline 0.009 -12"><span class='ocrx_word' id='word_1_329' title='bbox 1078 1107 1198 1136; x_wconf 82' lang='lat' dir='ltr'><strong>Verbum</strong></span> <span class='ocrx_word' id='word_1_330' title='bbox 1224 1108 1297 1143; x_wconf 81' lang='lat' dir='ltr'><strong>Suph</strong></span> <span class='ocrx_word' id='word_1_331' title='bbox 1320 1115 1416 1146; x_wconf 87' lang='lat' dir='ltr'><strong>quater</strong></span> <span class='ocrx_word' id='word_1_332' title='bbox 1453 1111 1591 1139; x_wconf 87' lang='lat' dir='ltr'><strong>invenitur</strong></span> <span class='ocrx_word' id='word_1_333' title='bbox 1614 1113 1643 1140; x_wconf 93' lang='lat' dir='ltr'><strong>in</strong></span> <span class='ocrx_word' id='word_1_334' title='bbox 1674 1117 1754 1140; x_wconf 88' lang='lat' dir='ltr'><strong>textu</strong></span> <span class='ocrx_word' id='word_1_335' title='bbox 1783 1113 1829 1141; x_wconf 80' lang='lat' dir='ltr'><strong>He-</strong></span> 
     </span>
    </p>
   </div>
   <div class='ocr_carea' id='block_1_53' title="bbox 1040 1153 1827 1190">
    <p class='ocr_par' dir='ltr' id='par_1_53' title="bbox 1040 1153 1827 1190">
     <span class='ocr_line' id='line_1_53' title="bbox 1040 1153 1827 1190; baseline 0.009 -10"><span class='ocrx_word' id='word_1_336' title='bbox 1040 1153 1134 1181; x_wconf 88' lang='lat' dir='ltr'><strong>braico</strong></span> <span class='ocrx_word' id='word_1_337' title='bbox 1159 1158 1186 1182; x_wconf 88' lang='lat' dir='ltr'><strong>et</strong></span> <span class='ocrx_word' id='word_1_338' title='bbox 1212 1153 1326 1190; x_wconf 84' lang='lat' dir='ltr'><strong>Syriaco</strong></span> <span class='ocrx_word' id='word_1_339' title='bbox 1354 1155 1449 1184; x_wconf 81' lang='lat' dir='ltr'><strong>Exodi.</strong></span> <span class='ocrx_word' id='word_1_340' title='bbox 1471 1156 1500 1184; x_wconf 92' lang='lat' dir='ltr'><strong>Si</strong></span> <span class='ocrx_word' id='word_1_341' title='bbox 1516 1158 1583 1184; x_wconf 90' lang='lat' dir='ltr'><strong>recti</strong></span> <span class='ocrx_word' id='word_1_342' title='bbox 1607 1158 1714 1186; x_wconf 85' lang='lat' dir='ltr'><strong>fuerint</strong></span> <span class='ocrx_word' id='word_1_343' title='bbox 1736 1159 1827 1187; x_wconf 84' lang='lat' dir='ltr'><strong>calculi</strong></span> 
     </span>
    </p>
   </div>
   <div class='ocr_carea' id='block_1_54' title="bbox 1039 1199 1827 1237">
    <p class='ocr_par' dir='ltr' id='par_1_54' title="bbox 1039 1199 1827 1237">
     <span class='ocr_line' id='line_1_54' title="bbox 1039 1199 1827 1237; baseline 0.009 -12"><span class='ocrx_word' id='word_1_344' title='bbox 1039 1199 1104 1231; x_wconf 87' lang='lat' dir='ltr'><strong>mei,</strong></span> <span class='ocrx_word' id='word_1_345' title='bbox 1117 1199 1233 1228; x_wconf 89' lang='lat' dir='ltr'><strong>vicesies</strong></span> <span class='ocrx_word' id='word_1_346' title='bbox 1247 1202 1342 1229; x_wconf 89' lang='lat' dir='ltr'><strong>novies</strong></span> <span class='ocrx_word' id='word_1_347' title='bbox 1354 1201 1406 1229; x_wconf 88' lang='lat' dir='ltr'><strong>hoc</strong></span> <span class='ocrx_word' id='word_1_348' title='bbox 1421 1203 1532 1230; x_wconf 87' lang='lat' dir='ltr'><strong>verbum</strong></span> <span class='ocrx_word' id='word_1_349' title='bbox 1542 1203 1615 1237; x_wconf 79' lang='lat' dir='ltr'><strong>Suph</strong></span> <span class='ocrx_word' id='word_1_350' title='bbox 1630 1207 1759 1232; x_wconf 83' lang='lat' dir='ltr'><strong>eumdem</strong></span> <span class='ocrx_word' id='word_1_351' title='bbox 1772 1213 1827 1232; x_wconf 86' lang='lat' dir='ltr'><strong>sen-</strong></span> 
     </span>
    </p>
   </div>
   <div class='ocr_carea' id='block_1_55' title="bbox 1039 1247 1827 1281">
    <p class='ocr_par' dir='ltr' id='par_1_55' title="bbox 1039 1247 1827 1281">
     <span class='ocr_line' id='line_1_55' title="bbox 1039 1247 1827 1281; baseline 0.01 -9"><span class='ocrx_word' id='word_1_352' title='bbox 1039 1253 1099 1273; x_wconf 88' lang='lat' dir='ltr'><strong>sum</strong></span> <span class='ocrx_word' id='word_1_353' title='bbox 1111 1247 1266 1281; x_wconf 91' lang='lat' dir='ltr'><strong>exprimens</strong></span> <span class='ocrx_word' id='word_1_354' title='bbox 1278 1247 1415 1275; x_wconf 86' lang='lat' dir='ltr'><strong>invenitur</strong></span> <span class='ocrx_word' id='word_1_355' title='bbox 1430 1250 1457 1276; x_wconf 92' lang='lat' dir='ltr'><strong>in</strong></span> <span class='ocrx_word' id='word_1_356' title='bbox 1478 1249 1566 1277; x_wconf 86' lang='lat' dir='ltr'><strong>Veteri</strong></span> <span class='ocrx_word' id='word_1_357' title='bbox 1582 1250 1767 1279; x_wconf 83' lang='lat' dir='ltr'><strong>Testamento</strong></span> <span class='ocrx_word' id='word_1_358' title='bbox 1779 1252 1827 1280; x_wconf 81' lang='lat' dir='ltr'><strong>He-</strong></span> 
     </span>
    </p>
   </div>
   <div class='ocr_carea' id='block_1_56' title="bbox 1040 1292 1826 1333">
    <p class='ocr_par' dir='ltr' id='par_1_56' title="bbox 1040 1292 1826 1333">
     <span class='ocr_line' id='line_1_56' title="bbox 1040 1292 1826 1333; baseline 0.01 -15"><span class='ocrx_word' id='word_1_359' title='bbox 1040 1292 1143 1320; x_wconf 85' lang='lat' dir='ltr'><strong>braico.</strong></span> <span class='ocrx_word' id='word_1_360' title='bbox 1160 1297 1186 1320; x_wconf 89' lang='lat' dir='ltr'><strong>et</strong></span> <span class='ocrx_word' id='word_1_361' title='bbox 1201 1293 1262 1328; x_wconf 90' lang='lat' dir='ltr'><strong>plus</strong></span> <span class='ocrx_word' id='word_1_362' title='bbox 1290 1302 1370 1329; x_wconf 82' lang='lat' dir='ltr'><strong>quam</strong></span> <span class='ocrx_word' id='word_1_363' title='bbox 1397 1296 1519 1324; x_wconf 87' lang='lat' dir='ltr'><strong>tricesics</strong></span> <span class='ocrx_word' id='word_1_364' title='bbox 1536 1298 1562 1324; x_wconf 95' lang='lat' dir='ltr'><strong>in</strong></span> <span class='ocrx_word' id='word_1_365' title='bbox 1593 1297 1710 1333; x_wconf 82' lang='lat' dir='ltr'><strong>Syriaco</strong></span> <span class='ocrx_word' id='word_1_366' title='bbox 1727 1298 1826 1326; x_wconf 76' lang='lat' dir='ltr'><strong>Novum</strong></span> 
     </span>
    </p>
   </div>
   <div class='ocr_carea' id='block_1_57' title="bbox 1039 1337 1826 1378">
    <p class='ocr_par' dir='ltr' id='par_1_57' title="bbox 1039 1337 1826 1378">
     <span class='ocr_line' id='line_1_57' title="bbox 1039 1337 1826 1378; baseline 0.009 -14"><span class='ocrx_word' id='word_1_367' title='bbox 1039 1337 1243 1366; x_wconf 81' lang='lat' dir='ltr'><strong>Testamentum</strong></span> <span class='ocrx_word' id='word_1_368' title='bbox 1260 1341 1467 1375; x_wconf 88' lang='lat' dir='ltr'><strong>complectente.</strong></span> <span class='ocrx_word' id='word_1_369' title='bbox 1481 1341 1578 1370; x_wconf 89' lang='lat' dir='ltr'><strong>Santes</strong></span> <span class='ocrx_word' id='word_1_370' title='bbox 1588 1342 1733 1378; x_wconf 75' lang='lat' dir='ltr'><strong>Pagninus</strong></span> <span class='ocrx_word' id='word_1_371' title='bbox 1746 1345 1772 1371; x_wconf 90' lang='lat' dir='ltr'><strong>in</strong></span> <span class='ocrx_word' id='word_1_372' title='bbox 1783 1353 1826 1373; x_wconf 81' lang='lat' dir='ltr'><strong>sua</strong></span> 
     </span>
    </p>
   </div>
   <div class='ocr_carea' id='block_1_58' title="bbox 1039 1383 1826 1423">
    <p class='ocr_par' dir='ltr' id='par_1_58' title="bbox 1039 1383 1826 1423">
     <span class='ocr_line' id='line_1_58' title="bbox 1039 1383 1826 1423; baseline 0.011 -14"><span class='ocrx_word' id='word_1_373' title='bbox 1039 1384 1164 1411; x_wconf 85' lang='lat' dir='ltr'><strong>versione</strong></span> <span class='ocrx_word' id='word_1_374' title='bbox 1182 1383 1276 1412; x_wconf 84' lang='lat' dir='ltr'><strong>Latina</strong></span> <span class='ocrx_word' id='word_1_375' title='bbox 1301 1386 1411 1414; x_wconf 83' lang='lat' dir='ltr'><strong>litterali</strong></span> <span class='ocrx_word' id='word_1_376' title='bbox 1435 1395 1542 1423; x_wconf 87' lang='lat' dir='ltr'><strong>semper</strong></span> <span class='ocrx_word' id='word_1_377' title='bbox 1558 1394 1708 1417; x_wconf 73' lang='lat' dir='ltr'><strong>conservat</strong></span> <span class='ocrx_word' id='word_1_378' title='bbox 1732 1399 1826 1419; x_wconf 72' lang='lat' dir='ltr'><strong>ncnien</strong></span> 
     </span>
    </p>
   </div>
   <div class='ocr_carea' id='block_1_59' title="bbox 1038 1430 1567 1469">
    <p class='ocr_par' dir='ltr' id='par_1_59' title="bbox 1038 1430 1567 1469">
     <span class='ocr_line' id='line_1_59' title="bbox 1038 1430 1567 1469; baseline 0.011 -14"><span class='ocrx_word' id='word_1_379' title='bbox 1038 1430 1216 1464; x_wconf 86' lang='lat' dir='ltr'><strong>primitivum,</strong></span> <span class='ocrx_word' id='word_1_380' title='bbox 1231 1439 1263 1459; x_wconf 84' lang='lat' dir='ltr'><strong>ac</strong></span> <span class='ocrx_word' id='word_1_381' title='bbox 1277 1432 1358 1459; x_wconf 82' lang='lat' dir='ltr'><strong>vertit</strong></span> <span class='ocrx_word' id='word_1_382' title='bbox 1372 1442 1378 1460; x_wconf 91' lang='lat'>:</span> <span class='ocrx_word' id='word_1_383' title='bbox 1395 1431 1471 1460; x_wconf 84' lang='lat' dir='ltr'><strong>Mare</strong></span> <span class='ocrx_word' id='word_1_384' title='bbox 1486 1433 1567 1469; x_wconf 85' lang='lat' dir='ltr'><strong>Suph.</strong></span> 
     </span>
    </p>
   </div>
   <div class='ocr_carea' id='block_1_60' title="bbox 1073 1475 1825 1518">
    <p class='ocr_par' dir='ltr' id='par_1_60' title="bbox 1073 1475 1825 1518">
     <span class='ocr_line' id='line_1_60' title="bbox 1073 1475 1825 1518; baseline 0.011 -16"><span class='ocrx_word' id='word_1_385' title='bbox 1073 1475 1241 1504; x_wconf 86' lang='lat' dir='ltr'><strong>Existimavit</strong></span> <span class='ocrx_word' id='word_1_386' title='bbox 1255 1482 1366 1505; x_wconf 83' lang='lat' dir='ltr'><strong>sanctus</strong></span> <span class='ocrx_word' id='word_1_387' title='bbox 1380 1478 1560 1515; x_wconf 85' lang='lat' dir='ltr'><strong>Hieronymus</strong></span> <span class='ocrx_word' id='word_1_388' title='bbox 1571 1481 1655 1508; x_wconf 84' lang='lat' dir='ltr'><strong>verbo</strong></span> <span class='ocrx_word' id='word_1_389' title='bbox 1667 1482 1737 1515; x_wconf 73' lang='lat' dir='ltr'><strong>sup/1</strong></span> <span class='ocrx_word' id='word_1_390' title='bbox 1748 1482 1825 1518; x_wconf 79' lang='lat' dir='ltr'><strong>signi-</strong></span> 
     </span>
    </p>
   </div>
   <div class='ocr_carea' id='block_1_61' title="bbox 1039 1522 1824 1561">
    <p class='ocr_par' dir='ltr' id='par_1_61' title="bbox 1039 1522 1824 1561">
     <span class='ocr_line' id='line_1_61' title="bbox 1039 1522 1824 1561; baseline 0.008 -13"><span class='ocrx_word' id='word_1_391' title='bbox 1039 1522 1112 1550; x_wconf 88' lang='lat' dir='ltr'><strong>ficari</strong></span> <span class='ocrx_word' id='word_1_392' title='bbox 1124 1522 1243 1550; x_wconf 84' lang='lat' dir='ltr'><strong>rubrum.</strong></span> <span class='ocrx_word' id='word_1_393' title='bbox 1256 1522 1341 1551; x_wconf 65' lang='lat' dir='ltr'><strong>Graeci</strong></span> <span class='ocrx_word' id='word_1_394' title='bbox 1357 1525 1427 1552; x_wconf 93' lang='lat' dir='ltr'><strong>idem</strong></span> <span class='ocrx_word' id='word_1_395' title='bbox 1440 1533 1514 1553; x_wconf 88' lang='lat' dir='ltr'><strong>mare</strong></span> <span class='ocrx_word' id='word_1_396' title='bbox 1527 1525 1701 1561; x_wconf 67' lang='lat' dir='ltr'><strong>Erythmum</strong></span> <span class='ocrx_word' id='word_1_397' title='bbox 1718 1533 1824 1559; x_wconf 84' lang='lat' dir='ltr'><strong>vocant,</strong></span> 
     </span>
    </p>
   </div>
   <div class='ocr_carea' id='block_1_62' title="bbox 198 1565 1825 1607">
    <p class='ocr_par' dir='ltr' id='par_1_62' title="bbox 198 1565 1825 1607">
     <span class='ocr_line' id='line_1_62' title="bbox 198 1565 1825 1607; baseline 0.012 -16"><span class='ocrx_word' id='word_1_398' title='bbox 198 1570 243 1592; x_wconf 87' lang='lat' dir='ltr'><strong>cat</strong></span> <span class='ocrx_word' id='word_1_399' title='bbox 266 1565 387 1601; x_wconf 87' lang='lat' dir='ltr'><strong>Moysen,</strong></span> <span class='ocrx_word' id='word_1_400' title='bbox 414 1568 501 1595; x_wconf 91' lang='lat' dir='ltr'><strong>virum</strong></span> <span class='ocrx_word' id='word_1_401' title='bbox 530 1573 584 1596; x_wconf 90' lang='lat' dir='ltr'><strong>tam</strong></span> <span class='ocrx_word' id='word_1_402' title='bbox 612 1571 783 1605; x_wconf 87' lang='lat' dir='ltr'><strong>prudentem,</strong></span> <span class='ocrx_word' id='word_1_403' title='bbox 812 1573 985 1601; x_wconf 86' lang='lat' dir='ltr'><strong>consensisse</strong></span> <span class='ocrx_word' id='word_1_404' title='bbox 999 1573 1019 1601; x_wconf 91' lang='lat' dir='ltr'><strong>C</strong></span> <span class='ocrx_word' id='word_1_405' title='bbox 1037 1569 1108 1603; x_wconf 60' lang='lat' dir='ltr'><strong>tl“0d</strong></span> <span class='ocrx_word' id='word_1_406' title='bbox 1123 1570 1204 1595; x_wconf 59' lang='lat' dir='ltr'><strong>eum“</strong></span> <span class='ocrx_word' id='word_1_407' title='bbox 1217 1569 1325 1596; x_wconf 71' lang='lat' dir='ltr'><strong>&quot;‘bm&#39;&quot;</strong></span> <span class='ocrx_word' id='word_1_408' title='bbox 1336 1574 1425 1598; x_wconf 70' lang='lat' dir='ltr'><strong>50m“-</strong></span> <span class='ocrx_word' id='word_1_409' title='bbox 1442 1570 1495 1598; x_wconf 65' lang='lat' dir='ltr'><strong>Sed</strong></span> <span class='ocrx_word' id='word_1_410' title='bbox 1510 1570 1620 1607; x_wconf 64' lang='lat' dir='ltr'><strong>quidam</strong></span> <span class='ocrx_word' id='word_1_411' title='bbox 1634 1573 1679 1600; x_wconf 66' lang='lat' dir='ltr'><strong>is“</strong></span> <span class='ocrx_word' id='word_1_412' title='bbox 1695 1574 1766 1600; x_wconf 67' lang='lat' dir='ltr'><strong>mari</strong></span> <span class='ocrx_word' id='word_1_413' title='bbox 1779 1574 1825 1601; x_wconf 62' lang='lat' dir='ltr'><strong>b0“</strong></span> 
     </span>
    </p>
   </div>
   <div class='ocr_carea' id='block_1_63' title="bbox 197 1610 983 1646">
    <p class='ocr_par' dir='ltr' id='par_1_63' title="bbox 197 1610 983 1646">
     <span class='ocr_line' id='line_1_63' title="bbox 197 1610 983 1646; baseline 0.011 -10"><span class='ocrx_word' id='word_1_414' title='bbox 197 1613 228 1636; x_wconf 90' lang='lat' dir='ltr'><strong>ut</strong></span> <span class='ocrx_word' id='word_1_415' title='bbox 244 1610 399 1646; x_wconf 89' lang='lat' dir='ltr'><strong>promiscue</strong></span> <span class='ocrx_word' id='word_1_416' title='bbox 419 1617 545 1640; x_wconf 83' lang='lat' dir='ltr'><strong>sexcenta</strong></span> <span class='ocrx_word' id='word_1_417' title='bbox 565 1614 648 1642; x_wconf 89' lang='lat' dir='ltr'><strong>millia</strong></span> <span class='ocrx_word' id='word_1_418' title='bbox 672 1616 793 1643; x_wconf 89' lang='lat' dir='ltr'><strong>virorum</strong></span> <span class='ocrx_word' id='word_1_419' title='bbox 818 1621 983 1645; x_wconf 88' lang='lat' dir='ltr'><strong>armatorum</strong></span> 
     </span>
    </p>
   </div>
   <div class='ocr_carea' id='block_1_64' title="bbox 196 1657 984 1696">
    <p class='ocr_par' dir='ltr' id='par_1_64' title="bbox 196 1657 984 1696">
     <span class='ocr_line' id='line_1_64' title="bbox 196 1657 984 1696; baseline 0.011 -13"><span class='ocrx_word' id='word_1_420' title='bbox 196 1657 379 1690; x_wconf 81' lang='lat' dir='ltr'><strong>procederent</strong></span> <span class='ocrx_word' id='word_1_421' title='bbox 405 1666 468 1685; x_wconf 89' lang='lat' dir='ltr'><strong>cum</strong></span> <span class='ocrx_word' id='word_1_422' title='bbox 493 1660 579 1687; x_wconf 89' lang='lat' dir='ltr'><strong>multo</strong></span> <span class='ocrx_word' id='word_1_423' title='bbox 611 1662 745 1696; x_wconf 90' lang='lat' dir='ltr'><strong>superiori</strong></span> <span class='ocrx_word' id='word_1_424' title='bbox 783 1671 897 1691; x_wconf 86' lang='lat' dir='ltr'><strong>numero</strong></span> <span class='ocrx_word' id='word_1_425' title='bbox 924 1673 984 1692; x_wconf 88' lang='lat' dir='ltr'><strong>mu-</strong></span> 
     </span>
    </p>
   </div>
   <div class='ocr_carea' id='block_1_65' title="bbox 197 1702 983 1745">
    <p class='ocr_par' dir='ltr' id='par_1_65' title="bbox 197 1702 983 1745">
     <span class='ocr_line' id='line_1_65' title="bbox 197 1702 983 1745; baseline 0.01 -16"><span class='ocrx_word' id='word_1_426' title='bbox 197 1702 317 1736; x_wconf 87' lang='lat' dir='ltr'><strong>lierum,</strong></span> <span class='ocrx_word' id='word_1_427' title='bbox 346 1705 498 1739; x_wconf 84' lang='lat' dir='ltr'><strong>puellarum</strong></span> <span class='ocrx_word' id='word_1_428' title='bbox 527 1711 554 1734; x_wconf 85' lang='lat' dir='ltr'><strong>et</strong></span> <span class='ocrx_word' id='word_1_429' title='bbox 584 1707 743 1735; x_wconf 85' lang='lat' dir='ltr'><strong>infantium!</strong></span> <span class='ocrx_word' id='word_1_430' title='bbox 771 1708 837 1742; x_wconf 87' lang='lat' dir='ltr'><strong>Quis</strong></span> <span class='ocrx_word' id='word_1_431' title='bbox 865 1718 983 1745; x_wconf 84' lang='lat' dir='ltr'><strong>unquam</strong></span> 
     </span>
    </p>
   </div>
   <div class='ocr_carea' id='block_1_66' title="bbox 196 1749 984 1791">
    <p class='ocr_par' dir='ltr' id='par_1_66' title="bbox 196 1749 984 1791">
     <span class='ocr_line' id='line_1_66' title="bbox 196 1749 984 1791; baseline 0.011 -17"><span class='ocrx_word' id='word_1_432' title='bbox 196 1749 279 1776; x_wconf 84' lang='lat' dir='ltr'><strong>talem</strong></span> <span class='ocrx_word' id='word_1_433' title='bbox 294 1750 481 1779; x_wconf 81' lang='lat' dir='ltr'><strong>confusionem</strong></span> <span class='ocrx_word' id='word_1_434' title='bbox 510 1752 656 1781; x_wconf 86' lang='lat' dir='ltr'><strong>admissam</strong></span> <span class='ocrx_word' id='word_1_435' title='bbox 671 1753 757 1782; x_wconf 84' lang='lat' dir='ltr'><strong>fuisse</strong></span> <span class='ocrx_word' id='word_1_436' title='bbox 780 1755 924 1791; x_wconf 86' lang='lat' dir='ltr'><strong>imaginari</strong></span> <span class='ocrx_word' id='word_1_437' title='bbox 940 1764 984 1783; x_wconf 90' lang='lat' dir='ltr'><strong>au-</strong></span> 
     </span>
    </p>
   </div>
   <div class='ocr_carea' id='block_1_67' title="bbox 196 1795 287 1822">
    <p class='ocr_par' dir='ltr' id='par_1_67' title="bbox 196 1795 287 1822">
     <span class='ocr_line' id='line_1_67' title="bbox 196 1795 287 1822; baseline 0 0"><span class='ocrx_word' id='word_1_438' title='bbox 196 1795 287 1822; x_wconf 83' lang='lat' dir='ltr'><strong>dehit?</strong></span> 
     </span>
    </p>
   </div>
   <div class='ocr_carea' id='block_1_68' title="bbox 233 1841 984 1884">
    <p class='ocr_par' dir='ltr' id='par_1_68' title="bbox 233 1841 984 1884">
     <span class='ocr_line' id='line_1_68' title="bbox 233 1841 984 1884; baseline 0.012 -16"><span class='ocrx_word' id='word_1_439' title='bbox 233 1841 306 1870; x_wconf 82' lang='lat' dir='ltr'><strong>lianc</strong></span> <span class='ocrx_word' id='word_1_440' title='bbox 319 1849 384 1870; x_wconf 91' lang='lat' dir='ltr'><strong>vero</strong></span> <span class='ocrx_word' id='word_1_441' title='bbox 395 1843 642 1874; x_wconf 86' lang='lat' dir='ltr'><strong>considerationem</strong></span> <span class='ocrx_word' id='word_1_442' title='bbox 656 1847 810 1879; x_wconf 81' lang='lat' dir='ltr'><strong>adnotatur,</strong></span> <span class='ocrx_word' id='word_1_443' title='bbox 826 1850 905 1884; x_wconf 90' lang='lat' dir='ltr'><strong>quasi</strong></span> <span class='ocrx_word' id='word_1_444' title='bbox 917 1858 984 1884; x_wconf 89' lang='lat' dir='ltr'><strong>puer</strong></span> 
     </span>
    </p>
   </div>
   <div class='ocr_carea' id='block_1_69' title="bbox 195 1888 983 1924">
    <p class='ocr_par' dir='ltr' id='par_1_69' title="bbox 195 1888 983 1924">
     <span class='ocr_line' id='line_1_69' title="bbox 195 1888 983 1924; baseline 0.011 -10"><span class='ocrx_word' id='word_1_445' title='bbox 195 1888 364 1924; x_wconf 82' lang='lat' dir='ltr'><strong>inexpertus,</strong></span> <span class='ocrx_word' id='word_1_446' title='bbox 381 1890 473 1919; x_wconf 79' lang='lat' dir='ltr'><strong>forsan</strong></span> <span class='ocrx_word' id='word_1_447' title='bbox 502 1896 591 1920; x_wconf 89' lang='lat' dir='ltr'><strong>mente</strong></span> <span class='ocrx_word' id='word_1_448' title='bbox 621 1895 756 1922; x_wconf 87' lang='lat' dir='ltr'><strong>revolvit:</strong></span> <span class='ocrx_word' id='word_1_449' title='bbox 788 1894 863 1923; x_wconf 82' lang='lat' dir='ltr'><strong>Unde</strong></span> <span class='ocrx_word' id='word_1_450' title='bbox 889 1895 983 1923; x_wconf 91' lang='lat' dir='ltr'><strong>didicit</strong></span> 
     </span>
    </p>
   </div>
   <div class='ocr_carea' id='block_1_70' title="bbox 195 1935 981 1976">
    <p class='ocr_par' dir='ltr' id='par_1_70' title="bbox 195 1935 981 1976">
     <span class='ocr_line' id='line_1_70' title="bbox 195 1935 981 1976; baseline 0.01 -15"><span class='ocrx_word' id='word_1_451' title='bbox 195 1939 309 1963; x_wconf 84' lang='lat' dir='ltr'><strong>sanctus</strong></span> <span class='ocrx_word' id='word_1_452' title='bbox 320 1935 446 1965; x_wconf 84' lang='lat' dir='ltr'><strong>Clemens</strong></span> <span class='ocrx_word' id='word_1_453' title='bbox 461 1938 532 1965; x_wconf 85' lang='lat' dir='ltr'><strong>hanc</strong></span> <span class='ocrx_word' id='word_1_454' title='bbox 547 1938 645 1966; x_wconf 87' lang='lat' dir='ltr'><strong>factam</strong></span> <span class='ocrx_word' id='word_1_455' title='bbox 672 1939 758 1968; x_wconf 85' lang='lat' dir='ltr'><strong>fuisse</strong></span> <span class='ocrx_word' id='word_1_456' title='bbox 784 1941 981 1976; x_wconf 85' lang='lat' dir='ltr'><strong>separatiouem</strong></span> 
     </span>
    </p>
   </div>
   <div class='ocr_carea' id='block_1_71' title="bbox 195 1981 666 2020">
    <p class='ocr_par' dir='ltr' id='par_1_71' title="bbox 195 1981 666 2020">
     <span class='ocr_line' id='line_1_71' title="bbox 195 1981 666 2020; baseline 0.013 -13"><span class='ocrx_word' id='word_1_457' title='bbox 195 1981 228 2008; x_wconf 88' lang='lat' dir='ltr'><strong>de</strong></span> <span class='ocrx_word' id='word_1_458' title='bbox 239 1989 292 2016; x_wconf 80' lang='lat' dir='ltr'><strong>qua</strong></span> <span class='ocrx_word' id='word_1_459' title='bbox 305 1981 445 2017; x_wconf 88' lang='lat' dir='ltr'><strong>Scriptura</strong></span> <span class='ocrx_word' id='word_1_460' title='bbox 457 1991 511 2011; x_wconf 91' lang='lat' dir='ltr'><strong>non</strong></span> <span class='ocrx_word' id='word_1_461' title='bbox 527 1985 666 2020; x_wconf 87' lang='lat' dir='ltr'><strong>loquitur?</strong></span> 
     </span>
    </p>
   </div>
   <div class='ocr_carea' id='block_1_72' title="bbox 231 2027 981 2064">
    <p class='ocr_par' dir='ltr' id='par_1_72' title="bbox 231 2027 981 2064">
     <span class='ocr_line' id='line_1_72' title="bbox 231 2027 981 2064; baseline 0.013 -11"><span class='ocrx_word' id='word_1_462' title='bbox 231 2027 310 2054; x_wconf 85' lang='lat' dir='ltr'><strong>Nulla</strong></span> <span class='ocrx_word' id='word_1_463' title='bbox 324 2029 390 2055; x_wconf 92' lang='lat' dir='ltr'><strong>mihi</strong></span> <span class='ocrx_word' id='word_1_464' title='bbox 421 2029 543 2064; x_wconf 84' lang='lat' dir='ltr'><strong>profecto</strong></span> <span class='ocrx_word' id='word_1_465' title='bbox 570 2032 711 2060; x_wconf 86' lang='lat' dir='ltr'><strong>diflicultas</strong></span> <span class='ocrx_word' id='word_1_466' title='bbox 735 2037 808 2061; x_wconf 90' lang='lat' dir='ltr'><strong>esset</strong></span> <span class='ocrx_word' id='word_1_467' title='bbox 821 2034 981 2064; x_wconf 88' lang='lat' dir='ltr'><strong>admittendi</strong></span> 
     </span>
    </p>
   </div>
   <div class='ocr_carea' id='block_1_73' title="bbox 195 2073 981 2113">
    <p class='ocr_par' dir='ltr' id='par_1_73' title="bbox 195 2073 981 2113">
     <span class='ocr_line' id='line_1_73' title="bbox 195 2073 981 2113; baseline 0.013 -13"><span class='ocrx_word' id='word_1_468' title='bbox 195 2077 323 2100; x_wconf 84' lang='lat' dir='ltr'><strong>sanctum</strong></span> <span class='ocrx_word' id='word_1_469' title='bbox 340 2073 507 2103; x_wconf 85' lang='lat' dir='ltr'><strong>Clementem</strong></span> <span class='ocrx_word' id='word_1_470' title='bbox 522 2083 537 2102; x_wconf 88' lang='lat' dir='ltr'><strong>a</strong></span> <span class='ocrx_word' id='word_1_471' title='bbox 551 2077 871 2113; x_wconf 70' lang='lat' dir='ltr'><strong>traditioueludazorum,</strong></span> <span class='ocrx_word' id='word_1_472' title='bbox 884 2081 935 2109; x_wconf 87' lang='lat' dir='ltr'><strong>hac</strong></span> <span class='ocrx_word' id='word_1_473' title='bbox 949 2083 981 2110; x_wconf 90' lang='lat' dir='ltr'><strong>de</strong></span> 
     </span>
    </p>
   </div>
   <div class='ocr_carea' id='block_1_74' title="bbox 195 2118 662 2153">
    <p class='ocr_par' dir='ltr' id='par_1_74' title="bbox 195 2118 662 2153">
     <span class='ocr_line' id='line_1_74' title="bbox 195 2118 662 2153; baseline 0.013 -9"><span class='ocrx_word' id='word_1_474' title='bbox 195 2118 411 2153; x_wconf 84' lang='lat' dir='ltr'><strong>circumstantia,</strong></span> <span class='ocrx_word' id='word_1_475' title='bbox 425 2119 510 2149; x_wconf 86' lang='lat' dir='ltr'><strong>fuisse</strong></span> <span class='ocrx_word' id='word_1_476' title='bbox 524 2122 662 2151; x_wconf 90' lang='lat' dir='ltr'><strong>edoctum.</strong></span> 
     </span>
    </p>
   </div>
   <div class='ocr_carea' id='block_1_75' title="bbox 231 2163 981 2209">
    <p class='ocr_par' dir='ltr' id='par_1_75' title="bbox 231 2163 981 2209">
     <span class='ocr_line' id='line_1_75' title="bbox 231 2163 981 2209; baseline 0.017 -19"><span class='ocrx_word' id='word_1_477' title='bbox 231 2163 286 2191; x_wconf 90' lang='lat' dir='ltr'><strong>Sed</strong></span> <span class='ocrx_word' id='word_1_478' title='bbox 303 2165 376 2192; x_wconf 89' lang='lat' dir='ltr'><strong>nulla</strong></span> <span class='ocrx_word' id='word_1_479' title='bbox 393 2167 473 2194; x_wconf 87' lang='lat' dir='ltr'><strong>nobis</strong></span> <span class='ocrx_word' id='word_1_480' title='bbox 496 2171 538 2195; x_wconf 91' lang='lat' dir='ltr'><strong>est</strong></span> <span class='ocrx_word' id='word_1_481' title='bbox 563 2169 718 2198; x_wconf 86' lang='lat' dir='ltr'><strong>traditionis</strong></span> <span class='ocrx_word' id='word_1_482' title='bbox 734 2179 788 2199; x_wconf 93' lang='lat' dir='ltr'><strong>non</strong></span> <span class='ocrx_word' id='word_1_483' title='bbox 812 2174 920 2209; x_wconf 66' lang='lat' dir='ltr'><strong>scriptae</strong></span> <span class='ocrx_word' id='word_1_484' title='bbox 934 2184 981 2203; x_wconf 87' lang='lat' dir='ltr'><strong>ne-</strong></span> 
     </span>
    </p>
   </div>
   <div class='ocr_carea' id='block_1_76' title="bbox 193 2210 978 2249">
    <p class='ocr_par' dir='ltr' id='par_1_76' title="bbox 193 2210 978 2249">
     <span class='ocr_line' id='line_1_76' title="bbox 193 2210 978 2249; baseline 0.017 -13"><span class='ocrx_word' id='word_1_485' title='bbox 193 2210 319 2242; x_wconf 87' lang='lat' dir='ltr'><strong>cessitas,</strong></span> <span class='ocrx_word' id='word_1_486' title='bbox 348 2212 457 2246; x_wconf 91' lang='lat' dir='ltr'><strong>quando</strong></span> <span class='ocrx_word' id='word_1_487' title='bbox 486 2215 711 2248; x_wconf 74' lang='lat' dir='ltr'><strong>zequivalentibus</strong></span> <span class='ocrx_word' id='word_1_488' title='bbox 739 2218 829 2246; x_wconf 91' lang='lat' dir='ltr'><strong>verbis</strong></span> <span class='ocrx_word' id='word_1_489' title='bbox 855 2220 925 2249; x_wconf 84' lang='lat' dir='ltr'><strong>hanc</strong></span> <span class='ocrx_word' id='word_1_490' title='bbox 939 2223 978 2248; x_wconf 91' lang='lat' dir='ltr'><strong>vi-</strong></span> 
     </span>
    </p>
   </div>
   <div class='ocr_carea' id='block_1_77' title="bbox 193 2258 976 2301">
    <p class='ocr_par' dir='ltr' id='par_1_77' title="bbox 193 2258 976 2301">
     <span class='ocr_line' id='line_1_77' title="bbox 193 2258 976 2301; baseline 0.018 -20"><span class='ocrx_word' id='word_1_491' title='bbox 193 2263 286 2282; x_wconf 90' lang='lat' dir='ltr'><strong>rorum</strong></span> <span class='ocrx_word' id='word_1_492' title='bbox 306 2263 338 2283; x_wconf 87' lang='lat' dir='ltr'><strong>ac</strong></span> <span class='ocrx_word' id='word_1_493' title='bbox 351 2258 495 2286; x_wconf 89' lang='lat' dir='ltr'><strong>mulierum</strong></span> <span class='ocrx_word' id='word_1_494' title='bbox 511 2261 710 2295; x_wconf 85' lang='lat' dir='ltr'><strong>separationem</strong></span> <span class='ocrx_word' id='word_1_495' title='bbox 724 2263 830 2299; x_wconf 79' lang='lat' dir='ltr'><strong>Moyses</strong></span> <span class='ocrx_word' id='word_1_496' title='bbox 840 2268 976 2301; x_wconf 81' lang='lat' dir='ltr'><strong>exprimit.</strong></span> 
     </span>
    </p>
   </div>
   <div class='ocr_carea' id='block_1_78' title="bbox 227 2301 975 2344">
    <p class='ocr_par' dir='ltr' id='par_1_78' title="bbox 227 2301 975 2344">
     <span class='ocr_line' id='line_1_78' title="bbox 227 2301 975 2344; baseline 0.017 -16"><span class='ocrx_word' id='word_1_497' title='bbox 227 2301 372 2331; x_wconf 86' lang='lat' dir='ltr'><strong>Enimvero</strong></span> <span class='ocrx_word' id='word_1_498' title='bbox 384 2305 424 2332; x_wconf 86' lang='lat' dir='ltr'><strong>sic</strong></span> <span class='ocrx_word' id='word_1_499' title='bbox 437 2305 536 2340; x_wconf 84' lang='lat' dir='ltr'><strong>legitur</strong></span> <span class='ocrx_word' id='word_1_500' title='bbox 558 2307 585 2333; x_wconf 94' lang='lat' dir='ltr'><strong>in</strong></span> <span class='ocrx_word' id='word_1_501' title='bbox 607 2309 696 2343; x_wconf 88' lang='lat' dir='ltr'><strong>capite</strong></span> <span class='ocrx_word' id='word_1_502' title='bbox 711 2317 747 2336; x_wconf 90' lang='lat' dir='ltr'><strong>xu</strong></span> <span class='ocrx_word' id='word_1_503' title='bbox 764 2310 859 2344; x_wconf 81' lang='lat' dir='ltr'><strong>Exodi,</strong></span> <span class='ocrx_word' id='word_1_504' title='bbox 876 2321 903 2340; x_wconf 98' lang='lat' dir='ltr'><strong>v.</strong></span> <span class='ocrx_word' id='word_1_505' title='bbox 923 2314 975 2342; x_wconf 76' lang='lat'><strong>57:</strong></span> 
     </span>
    </p>
   </div>
   <div class='ocr_carea' id='block_1_79' title="bbox 192 2348 978 2393">
    <p class='ocr_par' dir='ltr' id='par_1_79' title="bbox 192 2348 978 2393">
     <span class='ocr_line' id='line_1_79' title="bbox 192 2348 978 2393; baseline 0.017 -19"><span class='ocrx_word' id='word_1_506' title='bbox 192 2348 309 2379; x_wconf 76' lang='lat' dir='ltr'><strong>Profecti</strong></span> <span class='ocrx_word' id='word_1_507' title='bbox 337 2355 399 2377; x_wconf 72' lang='lat' dir='ltr'><strong>sunt</strong></span> <span class='ocrx_word' id='word_1_508' title='bbox 423 2351 475 2386; x_wconf 74' lang='lat' dir='ltr'><strong>ﬁlii</strong></span> <span class='ocrx_word' id='word_1_509' title='bbox 500 2351 587 2380; x_wconf 76' lang='lat' dir='ltr'><strong>Israel</strong></span> <span class='ocrx_word' id='word_1_510' title='bbox 605 2353 637 2381; x_wconf 84' lang='lat' dir='ltr'><strong>de</strong></span> <span class='ocrx_word' id='word_1_511' title='bbox 665 2354 788 2384; x_wconf 76' lang='lat' dir='ltr'><strong>Ramesse</strong></span> <span class='ocrx_word' id='word_1_512' title='bbox 817 2358 844 2384; x_wconf 82' lang='lat' dir='ltr'><strong>in</strong></span> <span class='ocrx_word' id='word_1_513' title='bbox 870 2358 978 2393; x_wconf 75' lang='lat' dir='ltr'><strong>Socotll,</strong></span> 
     </span>
    </p>
   </div>
   <div class='ocr_carea' id='block_1_80' title="bbox 190 2396 977 2439">
    <p class='ocr_par' dir='ltr' id='par_1_80' title="bbox 190 2396 977 2439">
     <span class='ocr_line' id='line_1_80' title="bbox 190 2396 977 2439; baseline 0.017 -19"><span class='ocrx_word' id='word_1_514' title='bbox 190 2400 315 2422; x_wconf 72' lang='lat' dir='ltr'><strong>sexcenta</strong></span> <span class='ocrx_word' id='word_1_515' title='bbox 329 2396 383 2430; x_wconf 77' lang='lat' dir='ltr'><strong>fere</strong></span> <span class='ocrx_word' id='word_1_516' title='bbox 401 2396 487 2424; x_wconf 87' lang='lat' dir='ltr'><strong>millia</strong></span> <span class='ocrx_word' id='word_1_517' title='bbox 508 2398 624 2432; x_wconf 78' lang='lat' dir='ltr'><strong>peditum</strong></span> <span class='ocrx_word' id='word_1_518' title='bbox 647 2401 772 2435; x_wconf 76' lang='lat' dir='ltr'><strong>uirorum,</strong></span> <span class='ocrx_word' id='word_1_519' title='bbox 798 2403 894 2439; x_wconf 80' lang='lat' dir='ltr'><strong>absque</strong></span> <span class='ocrx_word' id='word_1_520' title='bbox 915 2413 977 2439; x_wconf 74' lang='lat' dir='ltr'><strong>par-</strong></span> 
     </span>
    </p>
   </div>
   <div class='ocr_carea' id='block_1_81' title="bbox 190 2440 975 2485">
    <p class='ocr_par' dir='ltr' id='par_1_81' title="bbox 190 2440 975 2485">
     <span class='ocr_line' id='line_1_81' title="bbox 190 2440 975 2485; baseline 0.018 -20"><span class='ocrx_word' id='word_1_521' title='bbox 190 2440 268 2468; x_wconf 74' lang='lat' dir='ltr'><strong>vulis.</strong></span> <span class='ocrx_word' id='word_1_522' title='bbox 292 2440 341 2468; x_wconf 85' lang='lat' dir='ltr'><strong>llic</strong></span> <span class='ocrx_word' id='word_1_523' title='bbox 357 2442 406 2469; x_wconf 93' lang='lat' dir='ltr'><strong>soli</strong></span> <span class='ocrx_word' id='word_1_524' title='bbox 424 2442 487 2475; x_wconf 90' lang='lat' dir='ltr'><strong>viri,</strong></span> <span class='ocrx_word' id='word_1_525' title='bbox 505 2445 583 2478; x_wconf 88' lang='lat' dir='ltr'><strong>quasi</strong></span> <span class='ocrx_word' id='word_1_526' title='bbox 610 2447 772 2481; x_wconf 81' lang='lat' dir='ltr'><strong>emphatice,</strong></span> <span class='ocrx_word' id='word_1_527' title='bbox 788 2448 975 2485; x_wconf 81' lang='lat' dir='ltr'><strong>designantur.</strong></span> 
     </span>
    </p>
   </div>
   <div class='ocr_carea' id='block_1_82' title="bbox 188 2485 974 2527">
    <p class='ocr_par' dir='ltr' id='par_1_82' title="bbox 188 2485 974 2527">
     <span class='ocr_line' id='line_1_82' title="bbox 188 2485 974 2527; baseline 0.017 -17"><span class='ocrx_word' id='word_1_528' title='bbox 188 2485 283 2519; x_wconf 79' lang='lat' dir='ltr'><strong>(lapitc</strong></span> <span class='ocrx_word' id='word_1_529' title='bbox 297 2493 332 2513; x_wconf 84' lang='lat' dir='ltr'><strong>xv</strong></span> <span class='ocrx_word' id='word_1_530' title='bbox 346 2487 502 2520; x_wconf 88' lang='lat' dir='ltr'><strong>expressius</strong></span> <span class='ocrx_word' id='word_1_531' title='bbox 529 2489 652 2517; x_wconf 91' lang='lat' dir='ltr'><strong>innuitnr</strong></span> <span class='ocrx_word' id='word_1_532' title='bbox 670 2493 816 2527; x_wconf 83' lang='lat' dir='ltr'><strong>separatio.</strong></span> <span class='ocrx_word' id='word_1_533' title='bbox 833 2494 974 2523; x_wconf 85' lang='lat' dir='ltr'><strong>Canticum</strong></span> 
     </span>
    </p>
   </div>
   <div class='ocr_carea' id='block_1_83' title="bbox 189 2531 973 2575">
    <p class='ocr_par' dir='ltr' id='par_1_83' title="bbox 189 2531 973 2575">
     <span class='ocr_line' id='line_1_83' title="bbox 189 2531 973 2575; baseline 0.015 -18"><span class='ocrx_word' id='word_1_534' title='bbox 189 2531 261 2557; x_wconf 79' lang='lat' dir='ltr'><strong>enim</strong></span> <span class='ocrx_word' id='word_1_535' title='bbox 277 2531 384 2567; x_wconf 83' lang='lat' dir='ltr'><strong>Moyses</strong></span> <span class='ocrx_word' id='word_1_536' title='bbox 399 2541 461 2559; x_wconf 85' lang='lat' dir='ltr'><strong>cum</strong></span> <span class='ocrx_word' id='word_1_537' title='bbox 489 2535 556 2562; x_wconf 91' lang='lat' dir='ltr'><strong>viris</strong></span> <span class='ocrx_word' id='word_1_538' title='bbox 569 2537 699 2564; x_wconf 90' lang='lat' dir='ltr'><strong>concinit.</strong></span> <span class='ocrx_word' id='word_1_539' title='bbox 715 2537 816 2567; x_wconf 90' lang='lat' dir='ltr'><strong>Dciude</strong></span> <span class='ocrx_word' id='word_1_540' title='bbox 831 2541 973 2575; x_wconf 80' lang='lat' dir='ltr'><strong>egrediun—</strong></span> 
     </span>
    </p>
   </div>
   <div class='ocr_carea' id='block_1_84' title="bbox 189 2577 972 2615">
    <p class='ocr_par' dir='ltr' id='par_1_84' title="bbox 189 2577 972 2615">
     <span class='ocr_line' id='line_1_84' title="bbox 189 2577 972 2615; baseline 0.017 -13"><span class='ocrx_word' id='word_1_541' title='bbox 189 2580 233 2602; x_wconf 90' lang='lat' dir='ltr'><strong>tur</strong></span> <span class='ocrx_word' id='word_1_542' title='bbox 247 2577 376 2605; x_wconf 74' lang='lat' dir='ltr'><strong>mulieres</strong></span> <span class='ocrx_word' id='word_1_543' title='bbox 389 2599 397 2610; x_wconf 84' lang='lat'><strong>,</strong></span> <span class='ocrx_word' id='word_1_544' title='bbox 417 2583 444 2606; x_wconf 89' lang='lat' dir='ltr'><strong>et</strong></span> <span class='ocrx_word' id='word_1_545' title='bbox 469 2580 535 2615; x_wconf 61' lang='lat' dir='ltr'><strong>ipsae</strong></span> <span class='ocrx_word' id='word_1_546' title='bbox 549 2582 609 2610; x_wconf 89' lang='lat' dir='ltr'><strong>vice</strong></span> <span class='ocrx_word' id='word_1_547' title='bbox 633 2591 683 2610; x_wconf 88' lang='lat' dir='ltr'><strong>sua</strong></span> <span class='ocrx_word' id='word_1_548' title='bbox 709 2585 735 2612; x_wconf 92' lang='lat' dir='ltr'><strong>id</strong></span> <span class='ocrx_word' id='word_1_549' title='bbox 751 2587 888 2614; x_wconf 82' lang='lat' dir='ltr'><strong>canticum</strong></span> <span class='ocrx_word' id='word_1_550' title='bbox 911 2596 972 2615; x_wconf 90' lang='lat' dir='ltr'><strong>cum</strong></span> 
     </span>
    </p>
   </div>
   <div class='ocr_carea' id='block_1_85' title="bbox 188 2623 839 2663">
    <p class='ocr_par' dir='ltr' id='par_1_85' title="bbox 188 2623 839 2663">
     <span class='ocr_line' id='line_1_85' title="bbox 188 2623 839 2663; baseline 0.017 -14"><span class='ocrx_word' id='word_1_551' title='bbox 188 2623 272 2651; x_wconf 86' lang='lat' dir='ltr'><strong>Maria</strong></span> <span class='ocrx_word' id='word_1_552' title='bbox 288 2624 389 2660; x_wconf 88' lang='lat' dir='ltr'><strong>Moysis</strong></span> <span class='ocrx_word' id='word_1_553' title='bbox 411 2630 439 2653; x_wconf 89' lang='lat' dir='ltr'><strong>et</strong></span> <span class='ocrx_word' id='word_1_554' title='bbox 453 2625 569 2655; x_wconf 81' lang='lat' dir='ltr'><strong>Aaronis</strong></span> <span class='ocrx_word' id='word_1_555' title='bbox 584 2636 688 2663; x_wconf 84' lang='lat' dir='ltr'><strong>sorore,</strong></span> <span class='ocrx_word' id='word_1_556' title='bbox 705 2632 839 2660; x_wconf 85' lang='lat' dir='ltr'><strong>recinunt.</strong></span> 
     </span>
    </p>
   </div>
   <div class='ocr_carea' id='block_1_86' title="bbox 221 2668 974 2711">
    <p class='ocr_par' dir='ltr' id='par_1_86' title="bbox 221 2668 974 2711">
     <span class='ocr_line' id='line_1_86' title="bbox 221 2668 974 2711; baseline 0.017 -16"><span class='ocrx_word' id='word_1_557' title='bbox 221 2668 300 2697; x_wconf 88' lang='lat' dir='ltr'><strong>Philo</strong></span> <span class='ocrx_word' id='word_1_558' title='bbox 310 2669 432 2704; x_wconf 59' lang='lat' dir='ltr'><strong>Judazus,</strong></span> <span class='ocrx_word' id='word_1_559' title='bbox 445 2678 541 2700; x_wconf 85' lang='lat' dir='ltr'><strong>sancto</strong></span> <span class='ocrx_word' id='word_1_560' title='bbox 555 2674 686 2703; x_wconf 86' lang='lat' dir='ltr'><strong>Clementi</strong></span> <span class='ocrx_word' id='word_1_561' title='bbox 708 2682 872 2711; x_wconf 66' lang='lat' dir='ltr'><strong>coaetancus,</strong></span> <span class='ocrx_word' id='word_1_562' title='bbox 903 2681 974 2708; x_wconf 86' lang='lat' dir='ltr'><strong>hanc</strong></span> 
     </span>
    </p>
   </div>
   <div class='ocr_carea' id='block_1_87' title="bbox 186 2717 975 2763">
    <p class='ocr_par' dir='ltr' id='par_1_87' title="bbox 186 2717 975 2763">
     <span class='ocr_line' id='line_1_87' title="bbox 186 2717 975 2763; baseline 0.016 -22"><span class='ocrx_word' id='word_1_563' title='bbox 186 2717 384 2750; x_wconf 82' lang='lat' dir='ltr'><strong>scparationem</strong></span> <span class='ocrx_word' id='word_1_564' title='bbox 398 2718 471 2746; x_wconf 89' lang='lat' dir='ltr'><strong>clare</strong></span> <span class='ocrx_word' id='word_1_565' title='bbox 483 2720 621 2754; x_wconf 82' lang='lat' dir='ltr'><strong>exprimit.</strong></span> <span class='ocrx_word' id='word_1_566' title='bbox 646 2721 791 2758; x_wconf 81' lang='lat' dir='ltr'><strong>Postquam</strong></span> <span class='ocrx_word' id='word_1_567' title='bbox 805 2725 877 2752; x_wconf 83' lang='lat' dir='ltr'><strong>cuitu</strong></span> <span class='ocrx_word' id='word_1_568' title='bbox 891 2725 975 2763; x_wconf 70' lang='lat' dir='ltr'><strong>[Egy-</strong></span> 
     </span>
    </p>
   </div>
   <div class='ocr_carea' id='block_1_88' title="bbox 186 2762 971 2801">
    <p class='ocr_par' dir='ltr' id='par_1_88' title="bbox 186 2762 971 2801">
     <span class='ocr_line' id='line_1_88' title="bbox 186 2762 971 2801; baseline 0.017 -13"><span class='ocrx_word' id='word_1_569' title='bbox 186 2762 305 2796; x_wconf 89' lang='lat' dir='ltr'><strong>ptiorum</strong></span> <span class='ocrx_word' id='word_1_570' title='bbox 320 2765 443 2792; x_wconf 89' lang='lat' dir='ltr'><strong>narravit</strong></span> <span class='ocrx_word' id='word_1_571' title='bbox 458 2766 584 2799; x_wconf 85' lang='lat' dir='ltr'><strong>ruinam,</strong></span> <span class='ocrx_word' id='word_1_572' title='bbox 607 2767 702 2796; x_wconf 82' lang='lat' dir='ltr'><strong>addit;</strong></span> <span class='ocrx_word' id='word_1_573' title='bbox 731 2779 739 2795; x_wconf 84' lang='grc'><strong><em>‹</em></strong></span> <span class='ocrx_word' id='word_1_574' title='bbox 757 2770 867 2800; x_wconf 81' lang='lat' dir='ltr'><strong>Factum</strong></span> <span class='ocrx_word' id='word_1_575' title='bbox 898 2773 971 2801; x_wconf 88' lang='lat' dir='ltr'><strong>istud</strong></span> 
     </span>
    </p>
   </div>
   <div class='ocr_carea' id='block_1_89' title="bbox 186 2806 966 2852">
    <p class='ocr_par' dir='ltr' id='par_1_89' title="bbox 186 2806 966 2852">
     <span class='ocr_line' id='line_1_89' title="bbox 186 2806 966 2852; baseline 0.019 -19"><span class='ocrx_word' id='word_1_576' title='bbox 186 2806 281 2844; x_wconf 79' lang='lat' dir='ltr'><strong>ingens</strong></span> <span class='ocrx_word' id='word_1_577' title='bbox 292 2814 318 2836; x_wconf 93' lang='lat' dir='ltr'><strong>et</strong></span> <span class='ocrx_word' id='word_1_578' title='bbox 331 2811 493 2846; x_wconf 88' lang='lat' dir='ltr'><strong>stupendum</strong></span> <span class='ocrx_word' id='word_1_579' title='bbox 510 2812 613 2841; x_wconf 65' lang='lat' dir='ltr'><strong>liehraii</strong></span> <span class='ocrx_word' id='word_1_580' title='bbox 628 2814 731 2850; x_wconf 86' lang='lat' dir='ltr'><strong>mirati,</strong></span> <span class='ocrx_word' id='word_1_581' title='bbox 741 2818 813 2852; x_wconf 87' lang='lat' dir='ltr'><strong>quod</strong></span> <span class='ocrx_word' id='word_1_582' title='bbox 829 2818 889 2847; x_wconf 85' lang='lat' dir='ltr'><strong>sine</strong></span> <span class='ocrx_word' id='word_1_583' title='bbox 899 2827 966 2847; x_wconf 87' lang='lat' dir='ltr'><strong>san-</strong></span> 
     </span>
    </p>
   </div>
   <div class='ocr_carea' id='block_1_90' title="bbox 221 2885 693 2926">
    <p class='ocr_par' dir='ltr' id='par_1_90' title="bbox 221 2885 693 2926">
     <span class='ocr_line' id='line_1_90' title="bbox 221 2885 693 2926; baseline 0.015 -15"><span class='ocrx_word' id='word_1_584' title='bbox 221 2885 242 2900; x_wconf 87' lang='lat'>“</span> <span class='ocrx_word' id='word_1_585' title='bbox 261 2885 339 2913; x_wconf 74' lang='lat' dir='ltr'><strong>Philo</strong></span> <span class='ocrx_word' id='word_1_586' title='bbox 355 2887 391 2914; x_wconf 80' lang='lat' dir='ltr'><strong>Dc</strong></span> <span class='ocrx_word' id='word_1_587' title='bbox 406 2887 459 2916; x_wconf 66' lang='lat' dir='ltr'><strong>vita</strong></span> <span class='ocrx_word' id='word_1_588' title='bbox 476 2889 592 2926; x_wconf 68' lang='lat' dir='ltr'><strong>Muysix,</strong></span> <span class='ocrx_word' id='word_1_589' title='bbox 611 2890 656 2918; x_wconf 83' lang='lat' dir='ltr'><strong>lib.</strong></span> <span class='ocrx_word' id='word_1_590' title='bbox 675 2899 693 2918; x_wconf 91' lang='lat' dir='ltr'><strong>I.</strong></span> 
     </span>
    </p>
   </div>
   <div class='ocr_carea' id='block_1_91' title="bbox 1036 1615 1824 1656">
    <p class='ocr_par' dir='ltr' id='par_1_91' title="bbox 1036 1615 1824 1656">
     <span class='ocr_line' id='line_1_91' title="bbox 1036 1615 1824 1656; baseline 0.009 -16"><span class='ocrx_word' id='word_1_591' title='bbox 1036 1622 1135 1642; x_wconf 83' lang='lat' dir='ltr'><strong>nomen</strong></span> <span class='ocrx_word' id='word_1_592' title='bbox 1151 1615 1243 1643; x_wconf 91' lang='lat' dir='ltr'><strong>datum</strong></span> <span class='ocrx_word' id='word_1_593' title='bbox 1260 1620 1403 1643; x_wconf 88' lang='lat' dir='ltr'><strong>autumant</strong></span> <span class='ocrx_word' id='word_1_594' title='bbox 1417 1625 1432 1644; x_wconf 88' lang='lat' dir='ltr'><strong>a</strong></span> <span class='ocrx_word' id='word_1_595' title='bbox 1451 1625 1513 1653; x_wconf 76' lang='lat' dir='ltr'><strong>rege</strong></span> <span class='ocrx_word' id='word_1_596' title='bbox 1530 1618 1647 1654; x_wconf 83' lang='lat' dir='ltr'><strong>Erythro</strong></span> <span class='ocrx_word' id='word_1_597' title='bbox 1662 1620 1712 1654; x_wconf 91' lang='lat' dir='ltr'><strong>qui</strong></span> <span class='ocrx_word' id='word_1_598' title='bbox 1726 1628 1824 1656; x_wconf 64' lang='lat' dir='ltr'><strong>regna-</strong></span> 
     </span>
    </p>
   </div>
   <div class='ocr_carea' id='block_1_92' title="bbox 1036 1662 1556 1696">
    <p class='ocr_par' dir='ltr' id='par_1_92' title="bbox 1036 1662 1556 1696">
     <span class='ocr_line' id='line_1_92' title="bbox 1036 1662 1556 1696; baseline 0.008 -9"><span class='ocrx_word' id='word_1_599' title='bbox 1036 1662 1073 1688; x_wconf 88' lang='lat' dir='ltr'><strong>vit</strong></span> <span class='ocrx_word' id='word_1_600' title='bbox 1088 1662 1114 1687; x_wconf 94' lang='lat' dir='ltr'><strong>in</strong></span> <span class='ocrx_word' id='word_1_601' title='bbox 1131 1662 1221 1688; x_wconf 86' lang='lat' dir='ltr'><strong>insula</strong></span> <span class='ocrx_word' id='word_1_602' title='bbox 1237 1662 1320 1696; x_wconf 91' lang='lat' dir='ltr'><strong>hujus</strong></span> <span class='ocrx_word' id='word_1_603' title='bbox 1334 1664 1419 1691; x_wconf 89' lang='lat' dir='ltr'><strong>maris</strong></span> <span class='ocrx_word' id='word_1_604' title='bbox 1433 1664 1556 1692; x_wconf 87' lang='lat' dir='ltr'><strong>finitima.</strong></span> 
     </span>
    </p>
   </div>
   <div class='ocr_carea' id='block_1_93' title="bbox 1070 1706 1825 1746">
    <p class='ocr_par' dir='ltr' id='par_1_93' title="bbox 1070 1706 1825 1746">
     <span class='ocr_line' id='line_1_93' title="bbox 1070 1706 1825 1746; baseline 0.008 -12"><span class='ocrx_word' id='word_1_605' title='bbox 1070 1706 1122 1740; x_wconf 88' lang='lat' dir='ltr'><strong>Qui</strong></span> <span class='ocrx_word' id='word_1_606' title='bbox 1137 1708 1249 1735; x_wconf 90' lang='lat' dir='ltr'><strong>uberius</strong></span> <span class='ocrx_word' id='word_1_607' title='bbox 1260 1709 1341 1743; x_wconf 87' lang='lat' dir='ltr'><strong>hujus</strong></span> <span class='ocrx_word' id='word_1_608' title='bbox 1350 1710 1474 1737; x_wconf 90' lang='lat' dir='ltr'><strong>vocabuli</strong></span> <span class='ocrx_word' id='word_1_609' title='bbox 1487 1711 1714 1746; x_wconf 83' lang='lat' dir='ltr'><strong>significationem</strong></span> <span class='ocrx_word' id='word_1_610' title='bbox 1728 1712 1825 1740; x_wconf 84' lang='lat' dir='ltr'><strong>callere</strong></span> 
     </span>
    </p>
   </div>
   <div class='ocr_carea' id='block_1_94' title="bbox 1034 1754 1821 1793">
    <p class='ocr_par' dir='ltr' id='par_1_94' title="bbox 1034 1754 1821 1793">
     <span class='ocr_line' id='line_1_94' title="bbox 1034 1754 1821 1793; baseline 0.009 -15"><span class='ocrx_word' id='word_1_611' title='bbox 1034 1754 1158 1788; x_wconf 70' lang='lat' dir='ltr'><strong>cupiunt,</strong></span> <span class='ocrx_word' id='word_1_612' title='bbox 1171 1754 1362 1782; x_wconf 89' lang='lat' dir='ltr'><strong>doctissimum</strong></span> <span class='ocrx_word' id='word_1_613' title='bbox 1384 1756 1483 1783; x_wconf 87' lang='lat' dir='ltr'><strong>adeant</strong></span> <span class='ocrx_word' id='word_1_614' title='bbox 1510 1757 1640 1785; x_wconf 87' lang='lat' dir='ltr'><strong>Drusium</strong></span> <span class='ocrx_word' id='word_1_615' title='bbox 1662 1757 1821 1793; x_wconf 80' lang='lat' dir='ltr'><strong>(Comment.</strong></span> 
     </span>
    </p>
   </div>
   <div class='ocr_carea' id='block_1_95' title="bbox 1034 1798 1306 1836">
    <p class='ocr_par' dir='ltr' id='par_1_95' title="bbox 1034 1798 1306 1836">
     <span class='ocr_line' id='line_1_95' title="bbox 1034 1798 1306 1836; baseline 0.015 -12"><span class='ocrx_word' id='word_1_616' title='bbox 1034 1799 1060 1825; x_wconf 79' lang='lat' dir='ltr'><strong>in</strong></span> <span class='ocrx_word' id='word_1_617' title='bbox 1081 1798 1166 1827; x_wconf 69' lang='lat' dir='ltr'><strong>Exod.</strong></span> <span class='ocrx_word' id='word_1_618' title='bbox 1181 1819 1189 1832; x_wconf 83' lang='grc'>,</span> <span class='ocrx_word' id='word_1_619' title='bbox 1205 1807 1229 1827; x_wconf 92' lang='lat' dir='ltr'><strong>c.</strong></span> <span class='ocrx_word' id='word_1_620' title='bbox 1250 1800 1306 1836; x_wconf 77' lang='grc'><strong>26).</strong></span> 
     </span>
    </p>
   </div>
   <div class='ocr_carea' id='block_1_96' title="bbox 1070 1843 1822 1886">
    <p class='ocr_par' dir='ltr' id='par_1_96' title="bbox 1070 1843 1822 1886">
     <span class='ocr_line' id='line_1_96' title="bbox 1070 1843 1822 1886; baseline 0.009 -15"><span class='ocrx_word' id='word_1_621' title='bbox 1070 1843 1132 1872; x_wconf 67' lang='lat' dir='ltr'><strong>Haec</strong></span> <span class='ocrx_word' id='word_1_622' title='bbox 1148 1852 1212 1873; x_wconf 89' lang='lat' dir='ltr'><strong>sunt</strong></span> <span class='ocrx_word' id='word_1_623' title='bbox 1228 1846 1284 1874; x_wconf 89' lang='lat' dir='ltr'><strong>fere</strong></span> <span class='ocrx_word' id='word_1_624' title='bbox 1299 1855 1359 1882; x_wconf 71' lang='lat' dir='ltr'><strong>qum</strong></span> <span class='ocrx_word' id='word_1_625' title='bbox 1383 1855 1397 1874; x_wconf 91' lang='lat' dir='ltr'><strong>a</strong></span> <span class='ocrx_word' id='word_1_626' title='bbox 1410 1848 1534 1883; x_wconf 88' lang='lat' dir='ltr'><strong>pluribus</strong></span> <span class='ocrx_word' id='word_1_627' title='bbox 1556 1849 1636 1877; x_wconf 85' lang='lat' dir='ltr'><strong>annis</strong></span> <span class='ocrx_word' id='word_1_628' title='bbox 1650 1850 1822 1886; x_wconf 75' lang='lat' dir='ltr'><strong>scripsissem</strong></span> 
     </span>
    </p>
   </div>
   <div class='ocr_carea' id='block_1_97' title="bbox 1033 1891 1820 1932">
    <p class='ocr_par' dir='ltr' id='par_1_97' title="bbox 1033 1891 1820 1932">
     <span class='ocr_line' id='line_1_97' title="bbox 1033 1891 1820 1932; baseline 0.01 -15"><span class='ocrx_word' id='word_1_629' title='bbox 1033 1891 1066 1918; x_wconf 86' lang='lat' dir='ltr'><strong>dc</strong></span> <span class='ocrx_word' id='word_1_630' title='bbox 1081 1891 1187 1920; x_wconf 87' lang='lat' dir='ltr'><strong>duabus</strong></span> <span class='ocrx_word' id='word_1_631' title='bbox 1203 1893 1332 1928; x_wconf 86' lang='lat' dir='ltr'><strong>Epistolis</strong></span> <span class='ocrx_word' id='word_1_632' title='bbox 1359 1895 1446 1921; x_wconf 85' lang='lat' dir='ltr'><strong>sancti</strong></span> <span class='ocrx_word' id='word_1_633' title='bbox 1471 1895 1621 1924; x_wconf 86' lang='lat' dir='ltr'><strong>Clementis</strong></span> <span class='ocrx_word' id='word_1_634' title='bbox 1635 1897 1670 1924; x_wconf 90' lang='lat' dir='ltr'><strong>ad</strong></span> <span class='ocrx_word' id='word_1_635' title='bbox 1686 1896 1820 1932; x_wconf 80' lang='lat' dir='ltr'><strong>Virgines,</strong></span> 
     </span>
    </p>
   </div>
   <div class='ocr_carea' id='block_1_98' title="bbox 1032 1938 1822 1976">
    <p class='ocr_par' dir='ltr' id='par_1_98' title="bbox 1032 1938 1822 1976">
     <span class='ocr_line' id='line_1_98' title="bbox 1032 1938 1822 1976; baseline 0.009 -12"><span class='ocrx_word' id='word_1_636' title='bbox 1032 1938 1086 1964; x_wconf 89' lang='lat' dir='ltr'><strong>uisi</strong></span> <span class='ocrx_word' id='word_1_637' title='bbox 1103 1939 1200 1973; x_wconf 86' lang='lat' dir='ltr'><strong>partim</strong></span> <span class='ocrx_word' id='word_1_638' title='bbox 1216 1941 1347 1975; x_wconf 87' lang='lat' dir='ltr'><strong>temporis</strong></span> <span class='ocrx_word' id='word_1_639' title='bbox 1364 1942 1502 1976; x_wconf 79' lang='lat' dir='ltr'><strong>angustia,</strong></span> <span class='ocrx_word' id='word_1_640' title='bbox 1519 1943 1619 1976; x_wconf 87' lang='lat' dir='ltr'><strong>partim</strong></span> <span class='ocrx_word' id='word_1_641' title='bbox 1632 1943 1737 1971; x_wconf 91' lang='lat' dir='ltr'><strong>laboris</strong></span> <span class='ocrx_word' id='word_1_642' title='bbox 1761 1943 1822 1971; x_wconf 83' lang='lat' dir='ltr'><strong>diffi-</strong></span> 
     </span>
    </p>
   </div>
   <div class='ocr_carea' id='block_1_99' title="bbox 1032 1984 1628 2023">
    <p class='ocr_par' dir='ltr' id='par_1_99' title="bbox 1032 1984 1628 2023">
     <span class='ocr_line' id='line_1_99' title="bbox 1032 1984 1628 2023; baseline 0.01 -13"><span class='ocrx_word' id='word_1_643' title='bbox 1032 1984 1120 2012; x_wconf 84' lang='lat' dir='ltr'><strong>cultas</strong></span> <span class='ocrx_word' id='word_1_644' title='bbox 1134 1985 1267 2013; x_wconf 89' lang='lat' dir='ltr'><strong>voluntati</strong></span> <span class='ocrx_word' id='word_1_645' title='bbox 1281 1994 1348 2014; x_wconf 71' lang='lat' dir='ltr'><strong>mea:</strong></span> <span class='ocrx_word' id='word_1_646' title='bbox 1358 1987 1450 2015; x_wconf 87' lang='lat' dir='ltr'><strong>obices</strong></span> <span class='ocrx_word' id='word_1_647' title='bbox 1462 1989 1628 2023; x_wconf 90' lang='lat' dir='ltr'><strong>posuissent.</strong></span> 
     </span>
    </p>
   </div>
   <div class='ocr_carea' id='block_1_100' title="bbox 1068 2029 1819 2069">
    <p class='ocr_par' dir='ltr' id='par_1_100' title="bbox 1068 2029 1819 2069">
     <span class='ocr_line' id='line_1_100' title="bbox 1068 2029 1819 2069; baseline 0.011 -13"><span class='ocrx_word' id='word_1_648' title='bbox 1068 2029 1123 2057; x_wconf 86' lang='lat' dir='ltr'><strong>fias</strong></span> <span class='ocrx_word' id='word_1_649' title='bbox 1140 2031 1277 2066; x_wconf 89' lang='lat' dir='ltr'><strong>Epistolas</strong></span> <span class='ocrx_word' id='word_1_650' title='bbox 1297 2032 1452 2061; x_wconf 85' lang='lat' dir='ltr'><strong>firmissime</strong></span> <span class='ocrx_word' id='word_1_651' title='bbox 1463 2035 1546 2061; x_wconf 86' lang='lat' dir='ltr'><strong>credo</strong></span> <span class='ocrx_word' id='word_1_652' title='bbox 1559 2043 1620 2062; x_wconf 86' lang='lat' dir='ltr'><strong>esse</strong></span> <span class='ocrx_word' id='word_1_653' title='bbox 1635 2036 1819 2069; x_wconf 82' lang='lat' dir='ltr'><strong>authenticas.</strong></span> 
     </span>
    </p>
   </div>
   <div class='ocr_carea' id='block_1_101' title="bbox 1032 2078 1819 2120">
    <p class='ocr_par' dir='ltr' id='par_1_101' title="bbox 1032 2078 1819 2120">
     <span class='ocr_line' id='line_1_101' title="bbox 1032 2078 1819 2120; baseline 0.013 -18"><span class='ocrx_word' id='word_1_654' title='bbox 1032 2078 1207 2110; x_wconf 88' lang='lat' dir='ltr'><strong>quantumvis</strong></span> <span class='ocrx_word' id='word_1_655' title='bbox 1232 2079 1404 2107; x_wconf 87' lang='lat' dir='ltr'><strong>amarissime</strong></span> <span class='ocrx_word' id='word_1_656' title='bbox 1421 2081 1505 2108; x_wconf 87' lang='lat' dir='ltr'><strong>feram</strong></span> <span class='ocrx_word' id='word_1_657' title='bbox 1529 2083 1651 2110; x_wconf 91' lang='lat' dir='ltr'><strong>nondum</strong></span> <span class='ocrx_word' id='word_1_658' title='bbox 1677 2084 1819 2120; x_wconf 84' lang='lat' dir='ltr'><strong>hucusque</strong></span> 
     </span>
    </p>
   </div>
   <div class='ocr_carea' id='block_1_102' title="bbox 1031 2124 1819 2162">
    <p class='ocr_par' dir='ltr' id='par_1_102' title="bbox 1031 2124 1819 2162">
     <span class='ocr_line' id='line_1_102' title="bbox 1031 2124 1819 2162; baseline 0.009 -12"><span class='ocrx_word' id='word_1_659' title='bbox 1031 2127 1169 2159; x_wconf 86' lang='lat' dir='ltr'><strong>repertum</strong></span> <span class='ocrx_word' id='word_1_660' title='bbox 1183 2124 1269 2153; x_wconf 90' lang='lat' dir='ltr'><strong>fuisse</strong></span> <span class='ocrx_word' id='word_1_661' title='bbox 1280 2126 1470 2162; x_wconf 80' lang='lat' dir='ltr'><strong>primigenium</strong></span> <span class='ocrx_word' id='word_1_662' title='bbox 1487 2131 1603 2156; x_wconf 87' lang='lat' dir='ltr'><strong>textum.</strong></span> <span class='ocrx_word' id='word_1_663' title='bbox 1620 2128 1649 2156; x_wconf 89' lang='lat' dir='ltr'><strong>Si</strong></span> <span class='ocrx_word' id='word_1_664' title='bbox 1662 2130 1819 2157; x_wconf 87' lang='lat' dir='ltr'><strong>inveniatur</strong></span> 
     </span>
    </p>
   </div>
   <div class='ocr_carea' id='block_1_103' title="bbox 1031 2170 1816 2212">
    <p class='ocr_par' dir='ltr' id='par_1_103' title="bbox 1031 2170 1816 2212">
     <span class='ocr_line' id='line_1_103' title="bbox 1031 2170 1816 2212; baseline 0.01 -16"><span class='ocrx_word' id='word_1_665' title='bbox 1031 2170 1230 2206; x_wconf 88' lang='lat' dir='ltr'><strong>tandem,quod</strong></span> <span class='ocrx_word' id='word_1_666' title='bbox 1242 2172 1448 2201; x_wconf 88' lang='lat' dir='ltr'><strong>instantissimis</strong></span> <span class='ocrx_word' id='word_1_667' title='bbox 1463 2175 1589 2209; x_wconf 88' lang='lat' dir='ltr'><strong>precibus</strong></span> <span class='ocrx_word' id='word_1_668' title='bbox 1600 2183 1616 2203; x_wconf 89' lang='lat' dir='ltr'><strong>a</strong></span> <span class='ocrx_word' id='word_1_669' title='bbox 1629 2176 1685 2204; x_wconf 88' lang='lat' dir='ltr'><strong>Deo</strong></span> <span class='ocrx_word' id='word_1_670' title='bbox 1698 2177 1816 2212; x_wconf 79' lang='lat' dir='ltr'><strong>postulo.</strong></span> 
     </span>
    </p>
   </div>
   <div class='ocr_carea' id='block_1_104' title="bbox 1031 2217 1815 2258">
    <p class='ocr_par' dir='ltr' id='par_1_104' title="bbox 1031 2217 1815 2258">
     <span class='ocr_line' id='line_1_104' title="bbox 1031 2217 1815 2258; baseline 0.011 -16"><span class='ocrx_word' id='word_1_671' title='bbox 1031 2217 1159 2244; x_wconf 89' lang='lat' dir='ltr'><strong>omnibus</strong></span> <span class='ocrx_word' id='word_1_672' title='bbox 1170 2217 1322 2246; x_wconf 88' lang='lat' dir='ltr'><strong>iunotcscet</strong></span> <span class='ocrx_word' id='word_1_673' title='bbox 1336 2227 1417 2248; x_wconf 88' lang='lat' dir='ltr'><strong>verus</strong></span> <span class='ocrx_word' id='word_1_674' title='bbox 1431 2221 1519 2248; x_wconf 88' lang='lat' dir='ltr'><strong>sancti</strong></span> <span class='ocrx_word' id='word_1_675' title='bbox 1544 2222 1683 2258; x_wconf 81' lang='lat' dir='ltr'><strong>pontificis</strong></span> <span class='ocrx_word' id='word_1_676' title='bbox 1707 2231 1815 2254; x_wconf 79' lang='lat' dir='ltr'><strong>sensus,</strong></span> 
     </span>
    </p>
   </div>
   <div class='ocr_carea' id='block_1_105' title="bbox 1031 2265 1815 2308">
    <p class='ocr_par' dir='ltr' id='par_1_105' title="bbox 1031 2265 1815 2308">
     <span class='ocr_line' id='line_1_105' title="bbox 1031 2265 1815 2308; baseline 0.014 -18"><span class='ocrx_word' id='word_1_677' title='bbox 1031 2265 1077 2298; x_wconf 87' lang='lat' dir='ltr'><strong>qui</strong></span> <span class='ocrx_word' id='word_1_678' title='bbox 1095 2273 1143 2300; x_wconf 88' lang='lat' dir='ltr'><strong>per</strong></span> <span class='ocrx_word' id='word_1_679' title='bbox 1156 2267 1340 2295; x_wconf 89' lang='lat' dir='ltr'><strong>traductorem</strong></span> <span class='ocrx_word' id='word_1_680' title='bbox 1356 2268 1500 2305; x_wconf 89' lang='lat' dir='ltr'><strong>Syriacum</strong></span> <span class='ocrx_word' id='word_1_681' title='bbox 1514 2272 1604 2299; x_wconf 90' lang='lat' dir='ltr'><strong>vitiari</strong></span> <span class='ocrx_word' id='word_1_682' title='bbox 1618 2273 1716 2307; x_wconf 89' lang='lat' dir='ltr'><strong>potuit.</strong></span> <span class='ocrx_word' id='word_1_683' title='bbox 1733 2273 1815 2308; x_wconf 86' lang='lat' dir='ltr'><strong>Spero</strong></span> 
     </span>
    </p>
   </div>
   <div class='ocr_carea' id='block_1_106' title="bbox 1030 2313 1814 2347">
    <p class='ocr_par' dir='ltr' id='par_1_106' title="bbox 1030 2313 1814 2347">
     <span class='ocr_line' id='line_1_106' title="bbox 1030 2313 1814 2347; baseline 0.013 -10"><span class='ocrx_word' id='word_1_684' title='bbox 1030 2315 1121 2339; x_wconf 86' lang='lat' dir='ltr'><strong>tamen</strong></span> <span class='ocrx_word' id='word_1_685' title='bbox 1146 2313 1328 2342; x_wconf 89' lang='lat' dir='ltr'><strong>traductionis</strong></span> <span class='ocrx_word' id='word_1_686' title='bbox 1348 2316 1414 2343; x_wconf 83' lang='lat' dir='ltr'><strong>vitia</strong></span> <span class='ocrx_word' id='word_1_687' title='bbox 1437 2324 1452 2344; x_wconf 72' lang='grc' dir='ltr'><strong>τι</strong></span> <span class='ocrx_word' id='word_1_688' title='bbox 1475 2326 1518 2345; x_wconf 92' lang='lat' dir='ltr'><strong>me</strong></span> <span class='ocrx_word' id='word_1_689' title='bbox 1537 2327 1592 2345; x_wconf 83' lang='lat' dir='ltr'><strong>non</strong></span> <span class='ocrx_word' id='word_1_690' title='bbox 1604 2319 1687 2346; x_wconf 87' lang='lat' dir='ltr'><strong>modo</strong></span> <span class='ocrx_word' id='word_1_691' title='bbox 1702 2319 1814 2347; x_wconf 77' lang='lat' dir='ltr'><strong>adaucta</strong></span> 
     </span>
    </p>
   </div>
   <div class='ocr_carea' id='block_1_107' title="bbox 1031 2358 1513 2391">
    <p class='ocr_par' dir='ltr' id='par_1_107' title="bbox 1031 2358 1513 2391">
     <span class='ocr_line' id='line_1_107' title="bbox 1031 2358 1513 2391; baseline 0.012 -6"><span class='ocrx_word' id='word_1_692' title='bbox 1031 2366 1084 2385; x_wconf 93' lang='lat' dir='ltr'><strong>non</strong></span> <span class='ocrx_word' id='word_1_693' title='bbox 1099 2358 1194 2391; x_wconf 84' lang='lat' dir='ltr'><strong>fuisse,</strong></span> <span class='ocrx_word' id='word_1_694' title='bbox 1212 2360 1258 2387; x_wconf 86' lang='lat' dir='ltr'><strong>sed</strong></span> <span class='ocrx_word' id='word_1_695' title='bbox 1270 2361 1347 2389; x_wconf 88' lang='lat' dir='ltr'><strong>valde</strong></span> <span class='ocrx_word' id='word_1_696' title='bbox 1360 2362 1513 2391; x_wconf 90' lang='lat' dir='ltr'><strong>imminuta.</strong></span> 
     </span>
    </p>
   </div>
   <div class='ocr_carea' id='block_1_108' title="bbox 1067 2403 1813 2442">
    <p class='ocr_par' dir='ltr' id='par_1_108' title="bbox 1067 2403 1813 2442">
     <span class='ocr_line' id='line_1_108' title="bbox 1067 2403 1813 2442; baseline 0.009 -12"><span class='ocrx_word' id='word_1_697' title='bbox 1067 2403 1134 2431; x_wconf 87' lang='lat' dir='ltr'><strong>Mira</strong></span> <span class='ocrx_word' id='word_1_698' title='bbox 1148 2404 1200 2431; x_wconf 84' lang='lat' dir='ltr'><strong>fuit</strong></span> <span class='ocrx_word' id='word_1_699' title='bbox 1217 2414 1277 2434; x_wconf 89' lang='lat' dir='ltr'><strong>sors</strong></span> <span class='ocrx_word' id='word_1_700' title='bbox 1305 2408 1471 2442; x_wconf 88' lang='lat' dir='ltr'><strong>scriptorum</strong></span> <span class='ocrx_word' id='word_1_701' title='bbox 1500 2411 1588 2438; x_wconf 90' lang='lat' dir='ltr'><strong>sancti</strong></span> <span class='ocrx_word' id='word_1_702' title='bbox 1616 2411 1776 2439; x_wconf 87' lang='lat' dir='ltr'><strong>Clementis.</strong></span> <span class='ocrx_word' id='word_1_703' title='bbox 1792 2410 1813 2437; x_wconf 77' lang='grc' dir='ltr'>Α</span> 
     </span>
    </p>
   </div>
   <div class='ocr_carea' id='block_1_109' title="bbox 1028 2450 1810 2492">
    <p class='ocr_par' dir='ltr' id='par_1_109' title="bbox 1028 2450 1810 2492">
     <span class='ocr_line' id='line_1_109' title="bbox 1028 2450 1810 2492; baseline 0.008 -16"><span class='ocrx_word' id='word_1_704' title='bbox 1028 2450 1110 2477; x_wconf 84' lang='lat' dir='ltr'><strong>Junio</strong></span> <span class='ocrx_word' id='word_1_705' title='bbox 1123 2450 1243 2479; x_wconf 82' lang='lat' dir='ltr'><strong>Patricio</strong></span> <span class='ocrx_word' id='word_1_706' title='bbox 1257 2452 1407 2488; x_wconf 79' lang='lat' dir='ltr'><strong>Anglicano</strong></span> <span class='ocrx_word' id='word_1_707' title='bbox 1422 2455 1533 2482; x_wconf 85' lang='lat' dir='ltr'><strong>inventa</strong></span> <span class='ocrx_word' id='word_1_708' title='bbox 1549 2460 1592 2483; x_wconf 90' lang='lat' dir='ltr'><strong>est</strong></span> <span class='ocrx_word' id='word_1_709' title='bbox 1607 2457 1668 2491; x_wconf 88' lang='lat' dir='ltr'><strong>ejus</strong></span> <span class='ocrx_word' id='word_1_710' title='bbox 1693 2456 1810 2492; x_wconf 81' lang='lat' dir='ltr'><strong>Epistola</strong></span> 
     </span>
    </p>
   </div>
   <div class='ocr_carea' id='block_1_110' title="bbox 1027 2495 1811 2532">
    <p class='ocr_par' dir='ltr' id='par_1_110' title="bbox 1027 2495 1811 2532">
     <span class='ocr_line' id='line_1_110' title="bbox 1027 2495 1811 2532; baseline 0.011 -11"><span class='ocrx_word' id='word_1_711' title='bbox 1027 2495 1061 2521; x_wconf 89' lang='lat' dir='ltr'><strong>ad</strong></span> <span class='ocrx_word' id='word_1_712' title='bbox 1074 2495 1233 2524; x_wconf 86' lang='lat' dir='ltr'><strong>Corinthios</strong></span> <span class='ocrx_word' id='word_1_713' title='bbox 1249 2498 1369 2532; x_wconf 89' lang='lat' dir='ltr'><strong>scripta;</strong></span> <span class='ocrx_word' id='word_1_714' title='bbox 1397 2507 1411 2526; x_wconf 90' lang='lat' dir='ltr'><strong>a</strong></span> <span class='ocrx_word' id='word_1_715' title='bbox 1430 2499 1565 2529; x_wconf 87' lang='lat' dir='ltr'><strong>Wetstino</strong></span> <span class='ocrx_word' id='word_1_716' title='bbox 1582 2510 1637 2528; x_wconf 91' lang='lat' dir='ltr'><strong>non</strong></span> <span class='ocrx_word' id='word_1_717' title='bbox 1652 2502 1744 2529; x_wconf 86' lang='lat' dir='ltr'><strong>minus</strong></span> <span class='ocrx_word' id='word_1_718' title='bbox 1762 2501 1811 2529; x_wconf 81' lang='lat' dir='ltr'><strong>Ec-</strong></span> 
     </span>
    </p>
   </div>
   <div class='ocr_carea' id='block_1_111' title="bbox 1025 2542 1808 2583">
    <p class='ocr_par' dir='ltr' id='par_1_111' title="bbox 1025 2542 1808 2583">
     <span class='ocr_line' id='line_1_111' title="bbox 1025 2542 1808 2583; baseline 0.01 -15"><span class='ocrx_word' id='word_1_719' title='bbox 1025 2542 1251 2570; x_wconf 68' lang='lat' dir='ltr'><strong>clesireRomauaa</strong></span> <span class='ocrx_word' id='word_1_720' title='bbox 1262 2543 1368 2571; x_wconf 88' lang='lat' dir='ltr'><strong>infenso</strong></span> <span class='ocrx_word' id='word_1_721' title='bbox 1383 2545 1498 2573; x_wconf 66' lang='lat' dir='ltr'><strong>inventae</strong></span> <span class='ocrx_word' id='word_1_722' title='bbox 1513 2551 1576 2574; x_wconf 90' lang='lat' dir='ltr'><strong>sunt</strong></span> <span class='ocrx_word' id='word_1_723' title='bbox 1590 2548 1678 2575; x_wconf 67' lang='lat' dir='ltr'><strong>amba:</strong></span> <span class='ocrx_word' id='word_1_724' title='bbox 1691 2548 1808 2583; x_wconf 84' lang='lat' dir='ltr'><strong>ejusdem</strong></span> 
     </span>
    </p>
   </div>
   <div class='ocr_carea' id='block_1_112' title="bbox 1026 2589 1608 2629">
    <p class='ocr_par' dir='ltr' id='par_1_112' title="bbox 1026 2589 1608 2629">
     <span class='ocr_line' id='line_1_112' title="bbox 1026 2589 1608 2629; baseline 0.01 -13"><span class='ocrx_word' id='word_1_725' title='bbox 1026 2590 1114 2616; x_wconf 88' lang='lat' dir='ltr'><strong>sancti</strong></span> <span class='ocrx_word' id='word_1_726' title='bbox 1126 2589 1275 2617; x_wconf 85' lang='lat' dir='ltr'><strong>Clementis</strong></span> <span class='ocrx_word' id='word_1_727' title='bbox 1290 2591 1323 2617; x_wconf 88' lang='lat' dir='ltr'><strong>ad</strong></span> <span class='ocrx_word' id='word_1_728' title='bbox 1337 2590 1461 2627; x_wconf 84' lang='lat' dir='ltr'><strong>Virgines</strong></span> <span class='ocrx_word' id='word_1_729' title='bbox 1472 2593 1608 2629; x_wconf 61' lang='lat' dir='ltr'><strong>Epistolas.</strong></span> 
     </span>
    </p>
   </div>
   <div class='ocr_carea' id='block_1_113' title="bbox 1059 2636 1807 2675">
    <p class='ocr_par' dir='ltr' id='par_1_113' title="bbox 1059 2636 1807 2675">
     <span class='ocr_line' id='line_1_113' title="bbox 1059 2636 1807 2675; baseline 0.007 -12"><span class='ocrx_word' id='word_1_730' title='bbox 1059 2636 1134 2664; x_wconf 78' lang='lat' dir='ltr'><strong>Noue</strong></span> <span class='ocrx_word' id='word_1_731' title='bbox 1150 2636 1262 2665; x_wconf 86' lang='lat' dir='ltr'><strong>Patricii</strong></span> <span class='ocrx_word' id='word_1_732' title='bbox 1291 2637 1320 2665; x_wconf 91' lang='lat' dir='ltr'><strong>in</strong></span> <span class='ocrx_word' id='word_1_733' title='bbox 1345 2637 1493 2673; x_wconf 88' lang='lat' dir='ltr'><strong>Epistolam</strong></span> <span class='ocrx_word' id='word_1_734' title='bbox 1526 2648 1608 2675; x_wconf 89' lang='lat' dir='ltr'><strong>quam</strong></span> <span class='ocrx_word' id='word_1_735' title='bbox 1637 2641 1740 2669; x_wconf 87' lang='lat' dir='ltr'><strong>invenit</strong></span> <span class='ocrx_word' id='word_1_736' title='bbox 1766 2641 1807 2668; x_wconf 85' lang='lat' dir='ltr'><strong>vix</strong></span> 
     </span>
    </p>
   </div>
   <div class='ocr_carea' id='block_1_114' title="bbox 1025 2682 1806 2722">
    <p class='ocr_par' dir='ltr' id='par_1_114' title="bbox 1025 2682 1806 2722">
     <span class='ocr_line' id='line_1_114' title="bbox 1025 2682 1806 2722; baseline 0.006 -13"><span class='ocrx_word' id='word_1_737' title='bbox 1025 2682 1202 2710; x_wconf 86' lang='lat' dir='ltr'><strong>dissidentem</strong></span> <span class='ocrx_word' id='word_1_738' title='bbox 1219 2683 1358 2712; x_wconf 88' lang='lat' dir='ltr'><strong>hominem</strong></span> <span class='ocrx_word' id='word_1_739' title='bbox 1372 2685 1512 2720; x_wconf 86' lang='lat' dir='ltr'><strong>detegunt.</strong></span> <span class='ocrx_word' id='word_1_740' title='bbox 1529 2687 1724 2722; x_wconf 75' lang='lat' dir='ltr'><strong>Prolegomena</strong></span> <span class='ocrx_word' id='word_1_741' title='bbox 1732 2686 1806 2714; x_wconf 84' lang='lat' dir='ltr'><strong>Wet-</strong></span> 
     </span>
    </p>
   </div>
   <div class='ocr_carea' id='block_1_115' title="bbox 1025 2728 1804 2766">
    <p class='ocr_par' dir='ltr' id='par_1_115' title="bbox 1025 2728 1804 2766">
     <span class='ocr_line' id='line_1_115' title="bbox 1025 2728 1804 2766; baseline 0.004 -11"><span class='ocrx_word' id='word_1_742' title='bbox 1025 2728 1101 2761; x_wconf 91' lang='lat' dir='ltr'><strong>stiui,</strong></span> <span class='ocrx_word' id='word_1_743' title='bbox 1121 2729 1228 2757; x_wconf 90' lang='lat' dir='ltr'><strong>duobus</strong></span> <span class='ocrx_word' id='word_1_744' title='bbox 1244 2729 1311 2757; x_wconf 89' lang='lat' dir='ltr'><strong>locis</strong></span> <span class='ocrx_word' id='word_1_745' title='bbox 1323 2731 1445 2766; x_wconf 84' lang='lat' dir='ltr'><strong>exceptis</strong></span> <span class='ocrx_word' id='word_1_746' title='bbox 1466 2731 1494 2758; x_wconf 93' lang='lat' dir='ltr'><strong>in</strong></span> <span class='ocrx_word' id='word_1_747' title='bbox 1509 2732 1610 2766; x_wconf 90' lang='lat' dir='ltr'><strong>quibus</strong></span> <span class='ocrx_word' id='word_1_748' title='bbox 1621 2732 1712 2760; x_wconf 88' lang='lat' dir='ltr'><strong>odium</strong></span> <span class='ocrx_word' id='word_1_749' title='bbox 1725 2740 1804 2761; x_wconf 86' lang='lat' dir='ltr'><strong>suum</strong></span> 
     </span>
    </p>
   </div>
   <div class='ocr_carea' id='block_1_116' title="bbox 1023 2773 1804 2811">
    <p class='ocr_par' dir='ltr' id='par_1_116' title="bbox 1023 2773 1804 2811">
     <span class='ocr_line' id='line_1_116' title="bbox 1023 2773 1804 2811; baseline 0.008 -11"><span class='ocrx_word' id='word_1_750' title='bbox 1023 2782 1087 2809; x_wconf 80' lang='lat' dir='ltr'><strong>erga</strong></span> <span class='ocrx_word' id='word_1_751' title='bbox 1102 2773 1252 2802; x_wconf 79' lang='lat' dir='ltr'><strong>Romanam</strong></span> <span class='ocrx_word' id='word_1_752' title='bbox 1275 2775 1426 2804; x_wconf 77' lang='lat' dir='ltr'><strong>Ecclesium</strong></span> <span class='ocrx_word' id='word_1_753' title='bbox 1440 2777 1538 2811; x_wconf 84' lang='lat' dir='ltr'><strong>exerit,</strong></span> <span class='ocrx_word' id='word_1_754' title='bbox 1551 2780 1706 2807; x_wconf 90' lang='lat' dir='ltr'><strong>testimonia</strong></span> <span class='ocrx_word' id='word_1_755' title='bbox 1724 2779 1804 2807; x_wconf 81' lang='lat' dir='ltr'><strong>exhi-</strong></span> 
     </span>
    </p>
   </div>
   <div class='ocr_carea' id='block_1_117' title="bbox 1023 2821 1454 2852">
    <p class='ocr_par' dir='ltr' id='par_1_117' title="bbox 1023 2821 1454 2852">
     <span class='ocr_line' id='line_1_117' title="bbox 1023 2821 1454 2852; baseline 0.012 -5"><span class='ocrx_word' id='word_1_756' title='bbox 1023 2821 1086 2848; x_wconf 83' lang='lat' dir='ltr'><strong>bent</strong></span> <span class='ocrx_word' id='word_1_757' title='bbox 1099 2821 1264 2850; x_wconf 78' lang='lat' dir='ltr'><strong>sinceritatis</strong></span> <span class='ocrx_word' id='word_1_758' title='bbox 1275 2829 1306 2849; x_wconf 83' lang='lat' dir='ltr'><strong>ac</strong></span> <span class='ocrx_word' id='word_1_759' title='bbox 1320 2823 1454 2852; x_wconf 88' lang='lat' dir='ltr'><strong>veritatis.</strong></span> 
     </span>
    </p>
   </div>
  </div>
