1869 3104
36 191 81 218 577
484 189 664 218 EPISTOLzE
682 187 728 215 AD
747 187 916 217 \‘lRGINES.
935 206 969 212 —
987 191 1169 220 PROGSMIA.

1593 199 1644 226 378

65 249 181 277 Permisit
198 248 269 276 Deus
282 249 340 277 haec
355 253 532 276 monumenta
546 257 561 276 a
573 249 640 277 viris
662 249 720 276 sedi
738 255 804 283 apo-
818 247 842 275 Δ
888 248 948 276 Non
962 252 1206 280 nocebitinventor
1218 252 1263 287 qui
1280 259 1353 280 certe
1367 260 1572 283 monumentum
1587 256 1644 290 ipse

36 297 126 325 stolicaa
146 296 289 324 hostilibus
301 295 390 330 detegi
405 300 432 323 et
444 296 589 332 publicari,
605 300 635 323 ut
648 303 663 323 a
677 296 803 324 sectariis

37 344 114 370 minus
135 342 376 377 impugnarentur,
407 346 455 369 aut
483 341 559 369 fraus
576 341 727 369 Catholieis
748 350 803 369 non

37 390 208 423 imputaretur.
226 387 307 414 Siluit
332 388 497 422 generaliter
512 388 623 415 hzeresis
639 388 672 416 de
687 389 804 424 epistola

37 443 48 462 a
60 435 130 462 Iunio
142 433 258 461 Patricio
279 435 388 461 inventa
402 444 408 461 :
437 434 593 470 nullusque,
609 435 682 470 quod
704 437 802 468 sciam,

37 487 133 509 novatur
143 481 223 516 hujus
237 481 475 510 authenticitatem
500 490 646 518 aggressus
661 486 704 510 est
720 493 727 511 ε
756 484 802 510 vix

37 528 105 559 enim,
121 528 146 555 in
159 528 208 555 hac
221 527 354 563 Epistola.
365 533 480 556 sanctus
493 529 619 557 Pontifex
635 529 802 557 delibaverat

37 574 143 602 veritates
156 574 252 601 haeresi
270 574 393 602 odiosas.
419 574 478 602 Dixi
496 575 542 602 vix
555 575 723 603 delibaverat
736 576 801 609 quia

36 629 78 648 non
91 621 205 649 absolute
217 621 251 649 de
266 622 308 650 his
323 623 450 650 omnibus
465 625 600 655 tacuerat,
621 626 651 650 ut
665 622 721 657 jam
736 623 800 650 alibi

36 670 138 701 notatum
154 670 204 695 est.
222 667 315 702 Longe
329 667 409 694 aliter
423 675 453 695 se
474 675 518 695 res
533 667 628 694 habuit
648 668 674 695 in
698 669 801 704 episto-

36 714 61 742 lis
75 715 103 742 de
116 714 265 750 virginitate
280 715 464 742 tractantibus
478 724 485 742 :
510 714 698 744 Protestantes
726 717 800 744 enim

35 761 175 795 virginitatis
188 768 293 793 osores,
313 761 392 796 quasi
417 761 539 788 unanimi
564 769 630 789 voce
644 766 739 789 contra
751 770 799 790 au-

36 807 207 834 thenticitatem
218 815 314 835 earum
341 808 558 836 insurrexerunt.
574 807 630 836 Nec
653 809 798 845 quisquam

36 853 85 880 inde
97 854 181 880 mirari
197 853 278 881 debet
295 863 302 881 :
329 862 338 879 ι
355 853 456 881 Omnes
471 861 588 890 namque
599 860 724 889 qumrunt
740 857 799 891 pla-

35 900 120 933 centia;
143 907 235 927 omnes
257 907 290 927 ea
315 899 410 928 audire
437 901 557 936 gestiunt
583 909 643 936 qua:
676 902 798 931 habenas

35 946 94 972 carni
108 946 199 977 laxent,
216 953 271 973 non
286 953 347 981 quae
362 945 493 974 inducant
514 949 689 976 conscientiae
701 954 794 977 custo-

35 991 120 1018 diendtn
133 992 261 1024 studium,
287 992 428 1027 religionis
451 1001 557 1026 curam,
579 994 796 1022 Christianorum

35 1045 122 1064 morum
154 1038 270 1073 pondus.
297 1048 306 1064 ι
347 1037 409 1066 Haec
447 1038 578 1067 Wicelius
618 1040 716 1068 Senior
749 1042 797 1077 qui

34 1084 117 1118 optime
129 1088 236 1112 noverat
252 1088 356 1112 sectam
372 1093 432 1120 qua:
444 1086 588 1113 seduxerat
601 1087 676 1114 illum
691 1087 724 1114 ⁸³.

60 1129 127 1158 Certe
149 1131 171 1158 si
196 1131 397 1167 qualiscunque
420 1132 545 1167 epistola,
571 1133 681 1161 nomine
709 1135 797 1162 sancti

34 1173 158 1204 Clementis
174 1176 315 1212 insignita,
331 1182 437 1212 reperta
454 1177 561 1209 fuisset,
575 1178 655 1212 cujus
668 1178 798 1214 interprc~

35 1221 87 1249 talio
99 1231 201 1251 sensum
220 1223 387 1260 praeDUisset
401 1224 535 1252 caelibatui
561 1224 709 1257 infensum,
723 1226 796 1252 mille

34 1266 197 1296 buccinatorcs
213 1268 432 1302 adlaborassent,
448 1269 519 1297 inter
531 1269 675 1301 sectarios.
691 1273 721 1296 ut
734 1278 795 1297 eam

34 1314 272 1348 superextollerent,
304 1316 421 1352 ejusque
449 1316 682 1344 authenticitatem
719 1325 796 1347 asse-

34 1363 116 1387 rerent.

69 1404 92 1432 ld
119 1406 220 1435 abunde
247 1408 348 1443 probat
372 1409 558 1437 testimonium
595 1411 667 1446 quod
698 1416 794 1439 sancto

33 1451 165 1487 Paphnucio
187 1455 317 1484 Socrates
341 1459 395 1483 tam
411 1456 579 1484 mendaciter
591 1458 718 1492 imputat,
733 1462 793 1485 tan-

34 1507 98 1532 quam
123 1501 148 1528 in
169 1502 227 1537 ipso
244 1503 365 1530 concilio
378 1503 488 1531 Nicazno
504 1503 650 1539 prolatum,
666 1505 795 1541 quodque

34 1554 91 1573 nunc
108 1552 143 1574 tot
165 1550 374 1583 probationibus
395 1550 493 1578 falsum
509 1551 725 1579 demonstratum
740 1556 792 1580 est.

854 304 909 323 non
924 297 1025 324 struxit
1050 301 1122 333 quod
1149 303 1188 326 tot
1216 303 1279 327 ante
1309 299 1384 327 illum
1412 301 1519 329 saeculis
1544 303 1645 330 existe-

854 343 912 373 bat,
938 344 1010 371 sicut
1035 344 1125 372 adhuc
1149 346 1254 380 existit,
1285 347 1456 381 antiquitatis
1481 355 1538 375 suae
1565 349 1643 384 signa

854 389 1010 423 prrcferens.
1042 390 1098 418 lmo
1125 400 1179 427 quo
1207 392 1293 427 magis
1314 398 1447 427 suspectae
1471 393 1531 421 tidei
1549 395 1644 422 inven-

855 439 897 462 tor
935 436 1115 470 probabitur,
1156 446 1188 465 (ιο
1223 439 1325 466 clarius
1363 440 1463 474 patebit
1502 440 1642 468 inimicum

853 481 1010 516 dogmatum
1039 483 1265 516 orthodoxorum,
1293 493 1346 512 non
1371 491 1468 519 sponte
1492 486 1520 513 in
1546 495 1642 514 eorum

853 526 973 554 favorem
999 532 1053 554 tam
1082 530 1255 564 splendidum
1273 532 1418 566 protulisse
1441 532 1640 562 fulcimentum.

851 571 907 598 Nec
924 573 990 600 illud
1004 574 1128 601 exhibuit
1149 576 1209 603 sine
1224 576 1357 604 conviciis
1383 577 1410 604 in
1424 577 1575 606 Ecclesiam
1587 580 1641 608 sibi

852 618 979 646 invisam.

886 665 1041 692 Adnotator
1069 665 1253 701 Epistolarum
1277 667 1478 696 authentieitati
1511 677 1565 697 non
1590 677 1641 698 no‘

851 716 903 739 cet.
930 712 1050 745 Quilibet
1074 714 1159 740 lector
1179 714 1317 742 mstimare
1344 715 1433 750 potuit
1447 716 1567 744 valorem
1592 717 1642 745 ob-

848 759 1028 793 jectationum
1049 759 1133 790 illitis,
1150 768 1181 787 ac
1197 764 1340 795 penetrare
1367 762 1487 789 animum
1513 763 1641 792 hostilem

850 814 905 840 quo
929 807 1110 834 mot'ebatur:
1140 806 1201 834 Non
1226 809 1294 834 enim
1321 816 1366 835 car
1393 810 1450 843 ejus
1471 815 1528 836 erat
1541 815 1641 838 rectum

850 860 940 878 coram
965 852 1077 880 Domino
1104 853 1139 886 “,
1168 862 1230 881 cum
1245 859 1318 882 esset
1339 863 1446 882 vesana:
1461 856 1642 892 philosophia

851 898 910 925 labe
926 898 1066 927 infectum.

885 943 1005 972 Tandem
1023 945 1187 973 inventionis
1217 950 1283 974 mtas
1303 946 1348 974 vix
1374 955 1500 981 campum
1523 948 1639 976 liberum

831 991 1021 1025 .relinquebat
1037 999 1108 1018 vera:
1123 992 1271 1019 eruditioni
1285 1002 1292 1020 ι
1308 993 1390 1028 hujus
1401 994 1472 1020 enim
1486 995 1573 1022 anatis
1583 995 1642 1030 phi-

847 1037 971 1072 losophia
987 1037 1107 1072 undique
1125 1039 1219 1066 sannis
1237 1046 1268 1066 ac
1283 1038 1406 1066 dicteriis
1421 1039 1550 1067 veritates
1558 1041 1640 1067 etiam

847 1083 1037 1117 apertissimas
1067 1084 1198 1112 audacter
1230 1085 1456 1120 persequebatur.
1484 1084 1547 1112 Ideo
1576 1093 1641 1112 con-

847 1135 949 1154 versum
964 1134 1002 1155 est
1018 1134 1163 1157 retrorsum
1173 1130 1317 1165 judicium,
1332 1137 1356 1158 et
1367 1131 1477 1165 justitia
1493 1131 1567 1166 longe
1586 1135 1640 1158 ste-

849 1175 879 1200 tit
889 1179 914 1201 et
929 1176 1028 1202 corruit
1042 1176 1069 1203 in
1090 1177 1179 1210 platea
1195 1177 1291 1204 veritas
1315 1182 1339 1204 et
1363 1178 1474 1212 a'quilas
1489 1186 1541 1206 non
1555 1179 1639 1213 potuit

847 1220 948 1255 ingredi
963 1222 996 1250 ⁸⁸.

884 1265 970 1295 llodie
985 1277 1049 1296 vero
1069 1269 1191 1298 Ecclesia
1218 1275 1306 1299 mater
1327 1271 1416 1306 longis
1431 1271 1537 1307 expleta
1561 1270 1640 1298 fasti-

846 1309 899 1342 diis
914 1318 1117 1350 contemptores
1143 1324 1209 1344 suos
1234 1319 1401 1352 contemptui
1423 1318 1538 1345 traditos
1554 1318 1638 1344 intuc.

847 1366 901 1389 tur.
919 1361 974 1396 1ρεί
986 1363 1043 1398 jam
1060 1363 1198 1390 comedunt
1217 1362 1318 1397 fructus
1333 1365 1381 1391 via:
1399 1373 1454 1391 ειιιι·
1466 1371 1490 1392 et
1506 1364 1562 1391 suis
1578 1371 1641 1390 con-

846 1408 916 1434 siliis
942 1413 1100 1435 saturantur
1111 1409 1144 1436 δ’.
1177 1409 1204 1436 Si
1229 1410 1353 1444 quaedam
1378 1411 1468 1437 adhuc
1498 1414 1640 1438 remanent

846 1453 944 1487 priscze
955 1454 1059 1482 fraudis
1071 1457 1232 1485 sectatores.
1249 1456 1322 1481 ultra
1344 1463 1395 1482 non
1420 1456 1558 1490 proﬁcient
1574 1463 1584 1482 :
1597 1455 1641 1483 in.

847 1501 971 1535 sipientia
983 1501 1051 1528 enim
1066 1509 1157 1528 eorum
1174 1501 1316 1535 manifesta
1330 1502 1380 1528 erit
1396 1501 1429 1529 ⁸⁷.

884 1546 917 1573 Et
932 1555 1016 1579 nunc,
1035 1547 1127 1575 divine
1155 1547 1292 1579 Clemens,
1309 1555 1436 1582 exsurge,
1462 1551 1488 1574 et
1501 1548 1580 1583 quasi
1604 1547 1639 1575 de

59 1590 104 1620 Nec
118 1595 215 1629 negabo
228 1595 282 1622 tria
310 1597 494 1629 concurrisse,
517 1605 572 1624 non
593 1602 623 1625 ιιι
634 1585 830 1633 ρεεευητάιιια
849 1594 970 1621 tenebris
983 1602 1106 1629 erumpe.
1125 1593 1209 1622 Sonet
1224 1599 1322 1621 Iterum
1338 1602 1390 1621 vox
1407 1600 1453 1622 tua
1473 1595 1563 1622 dulcis
1578 1603 1639 1629 quae

33 1642 101 1670 retur,
114 1641 157 1667 sed
171 1644 199 1668 ut
218 1641 376 1669 diﬂ'erretur
400 1642 503 1677 agnitio
518 1643 735 1672 anthenticitatis
748 1652 796 1672 no-

34 1688 130 1712 strarum
143 1686 325 1722 Epistolarum
339 1697 346 1715 ι
363 1689 452 1723 primo
466 1689 646 1723 inventorem,
670 1692 793 1719 secundo

34 1731 204 1767 atlnotatorem,
221 1735 305 1762 tertio
320 1735 486 1764 inventionis
501 1741 619 1765 tetatem.

61 1776 222 1813 inventorem,
235 1781 283 1816 qui
295 1782 368 1816 apud
377 1790 443 1810 suos
452 1783 534 1810 etiam
550 1788 685 1818 suspecta:
699 1784 794 1812 admo—

33 1822 83 1849 dum
103 1824 157 1852 ﬁdei
174 1831 250 1861 erat;
267 1828 468 1862 aduotatorem,
486 1829 532 1864 qui
552 1837 649 1857 nomen
676 1830 793 1858 habebat

34 1867 89 1895 inter
100 1871 179 1898 ultimi
193 1873 285 1901 saeculi
302 1874 480 1910 philosophos
495 1879 521 1902 et
542 1876 568 1902 in
580 1875 719 1904 academia
737 1876 792 1903 Ro-

34 1914 178 1951 thomagensi
204 1923 235 1946 ut
262 1920 405 1947 oraculum
430 1921 603 1949 audiebatur.
625 1921 793 1950 inventionis

33 1964 127 1995 atatem,
135 1971 211 1998 quam
223 1973 322 1994 vocare
330 1974 472 2002 possemus
488 1968 688 1997 incredulitatis
697 1977 789 1997 :cram.

34 2005 81 2034 liec
100 2017 164 2038 nunc
184 2012 327 2047 prodesse,
352 2021 407 2041 non
439 2021 541 2042 nocere
565 2015 666 2043 debent
688 2016 792 2052 judicio

33 2053 185 2084 eruditorum.

60 2218 77 2235 "
93 2221 169 2257 Epist.
183 2223 198 2252 8
212 2223 291 2261 Jun.,
311 2227 389 2256 l535.
427 2228 450 2245 ⁸⁸
468 2228 542 2258 Psal.
558 2237 669 2265 Lxxvu,
689 2231 734 2260 37.
772 2232 796 2248 "
817 2231 870 2262 lsa.
886 2241 947 2266 Lux,
964 2233 996 2260 ιι

849 1641 937 1675 pritna
954 1641 1120 1677 virginitatis
1132 1641 1188 1668 lilia
1206 1641 1382 1668 immaculato
1397 1646 1423 1669 et
1437 1642 1539 1668 intacto
1547 1641 1638 1676 splen-

848 1689 915 1716 dore
933 1688 997 1715 olim
1011 1689 1146 1717 adornare
1167 1689 1312 1724 gestiebat.
1329 1689 1367 1716 Te
1385 1689 1516 1724 perﬂante
1527 1688 1638 1715 hortum

847 1732 988 1765 Ecclesiae.
1005 1734 1090 1762 fluant
1115 1739 1237 1762 aromata
1267 1735 1355 1767 illius;
1377 1734 1439 1762 novi
1466 1741 1574 1769 semper
1588 1741 1638 1769 ap-

848 1783 962 1814 pareant
975 1779 1056 1807 ilores
1072 1779 1099 1807 in
1114 1784 1187 1807 terra
1203 1784 1308 1808 nostra.
1337 1779 1393 1807 llos
1419 1779 1499 1807 flores
1514 1782 1636 1814 protege,

846 1833 986 1861 nunquam
1002 1826 1145 1860 deficiant;
1174 1833 1314 1861 nunquam
1341 1829 1523 1854 marcescant.
1554 1824 1638 1852 Sacer

846 1872 980 1908 pontifex,
1004 1873 1082 1907 virgo
1105 1872 1246 1904 sacerdos,
1271 1872 1392 1899 cmlestis
1421 1879 1482 1898 rore
1505 1871 1637 1898 doctrinae

845 1926 927 1953 pasce
943 1918 1075 1952 clericos;
1091 1926 1171 1952 pasce
1186 1917 1378 1953 presbyteros;
1396 1923 1477 1951 pasce
1494 1915 1635 1952 praesules;

846 1973 929 2001 pasce
944 1965 1076 1994 candidas
1092 1973 1209 2000 sponsas
1223 1964 1337 1996 Christi,
1365 1963 1409 1990 cui
1425 1971 1487 1990 cum
1512 1963 1593 1990 Patre
1607 1965 1635 1989 et

847 2013 950 2048 Spiritu
967 2017 1063 2041 sancto
1078 2013 1114 2041 sit
1131 2012 1218 2040 honor
1241 2016 1268 2040 et
1291 2011 1377 2046 gloria
1392 2010 1420 2037 in
1435 2009 1536 2037 szccula
1547 2015 1634 2037 saecu-

845 2061 944 2088 lorum.
957 2061 1054 2088 Amen.

1047 2232 1070 2249 ⁶⁶
1089 2232 1170 2260 Prov.
1185 2239 1210 2264 ι,
1224 2231 1268 2258 5t.
1307 2229 1329 2245 "
1348 2227 1371 2257 ll
1387 2228 1458 2256 Tim.
1475 2235 1507 2256 ιιι
1519 2247 1527 2261 ,
1542 2227 1571 2256 9.
