1869 3104
190 198 239 226 371

599 199 627 227 S.
645 198 841 227 CLEMENTIS
857 198 868 226 l
884 197 967 226 ROM.
986 195 1088 224 PONT.
1107 194 1220 223 Ol’EftA
1238 192 1399 221 GENUINA.

1757 186 1811 214 572

185 255 247 283 ihec
278 263 360 291 porro
384 256 494 283 traditio
524 257 624 291 optime
651 257 778 292 congruit
807 256 850 284 his
878 256 969 283 verbis
983 256 1004 285 Α
1019 256 1093 280 ctum
1119 256 1161 279 est
1181 259 1230 287 pro
1253 252 1383 286 propheta
1399 256 1498 277 novum
1521 246 1680 275 cubiculum
1694 251 1808 292 omnino

184 301 343 337 Evangelii:
357 301 430 329 Exiit
456 304 483 330 in
508 310 621 331 ntonlem
636 311 736 331 orare:
751 308 776 331 et
797 308 854 330 erat
876 311 967 337 perno-

183 353 259 375 ctant
274 349 300 375 in
316 349 436 376 oratione
455 349 501 376 Dei
518 350 550 376 '°.
569 349 607 376 En
625 350 725 376 factum
743 350 967 384 permutationis.

184 392 269 420 Visne
294 393 393 420 habere
404 393 653 422 consuetudinem?
667 394 700 420 Et
711 402 839 429 egressus,
849 394 887 420 ait
899 394 967 420 idem

182 439 350 473 evangelista
371 439 405 466 de
424 442 545 473 tempore
557 443 693 467 nocturno
707 440 831 475 loquens,
847 440 912 470 ibat,
927 447 968 465 se-

182 484 297 511 cundum
325 485 555 517 consuetudinem,
594 486 621 512 in
649 492 762 513 montem
789 486 964 514 Oliuarum".

181 530 283 558 Omnes
300 531 471 565 evangelista
487 531 631 566 signarunt
657 532 752 560 scdulo
775 533 847 560 hunc
865 534 966 569 specia-

180 577 232 603 lem
255 577 344 604 locum
370 577 504 604 orationis
527 577 628 605 Christi
650 578 677 605 in
701 583 791 606 monte
813 579 963 611 Olivarum,

180 628 309 650 vocantes
332 623 407 650 illum
430 623 562 656 praedium
574 644 581 654 ,
599 624 639 650 vel
657 624 763 651 hortum
780 624 961 652 Gctliscmani.

180 668 210 696 ln
226 669 333 703 publico
344 690 351 702 ,
368 669 477 697 easdem
496 669 551 696 fere
567 670 715 697 relationes
729 670 855 698 Christus
869 670 964 697 habuit

178 722 241 741 cum
267 715 334 742 viris
359 719 386 742 et
417 716 577 744 mulieribus
601 723 608 742 :
639 716 672 743 ad
703 717 862 744 salvandum
889 718 961 744 enim

178 764 327 796 utrumque
347 768 442 788 sexum
465 767 594 794 Venerat;
624 761 671 789 sed
695 762 838 796 privatim,
865 764 960 790 eodem

176 804 259 831 modo
275 813 329 832 non
352 813 381 832 se
405 805 514 840 gerebat
530 813 536 831 :
553 805 667 841 ideoque
691 807 826 833 mirantur
846 809 960 842 apostoli

176 850 286 884 quando
300 858 361 877 eum
379 851 465 878 solum
480 851 579 882 vident,
597 852 721 886 quamvis
736 852 764 879 in
778 858 881 888 aperto,
897 862 958 881 cum

176 896 291 923 muliere
309 895 480 924 Samaritana
494 897 704 932 colloquentem.

1020 302 1177 333 separatum
1189 297 1223 324 ab
1232 304 1263 324 ea
1271 294 1573 324 ".Textusllebraicus
1588 299 1721 327 expresse
1735 290 1808 318 desi-

1019 346 1085 378 gnat
1098 342 1279 377 separationis
1294 348 1401 367 murum
1416 339 1463 374 qui
1478 339 1629 366 aediﬁcatus
1643 340 1709 363 ‘est.
1749 334 1806 362 Hoc

1020 387 1154 423 ignoravit
1178 386 1208 414 D.
1225 387 1258 414 de
1275 385 1437 420 Premagny,
1453 384 1567 418 ideoque
1588 381 1805 416 insuperabilem

1015 434 1149 468 judicavit
1162 432 1425 467 argumentationem
1441 438 1529 457 suam.
1544 428 1662 456 Aliunde
1675 434 1731 455 non
1747 427 1806 454 exi-

1016 478 1055 512 git
1078 481 1189 505 sanctus
1204 477 1330 505 Clemens
1355 481 1386 504 ut
1399 476 1474 503 nulla
1496 476 1532 502 sit
1558 474 1657 502 mulier
1674 473 1701 500 in
1721 472 1805 500 domo

1015 531 1097 558 quam
1111 522 1234 549 habitant
1245 522 1370 550 homines
1384 519 1676 557 virgines.praasertim
1691 517 1804 553 quando

1015 569 1065 596 iter
1080 569 1203 600 faciunt,
1220 569 1267 596 sed
1288 573 1317 595 ut
1334 568 1436 603 fugiant
1458 566 1637 594 contubernia
1662 572 1728 592 cum
1743 572 1799 590 mu-

1015 615 1144 646 lieribus,
1167 619 1194 642 et
1208 619 1236 641 ut
1251 614 1319 650 ipsis
1334 622 1388 641 non
1403 614 1559 640 ministrent
1580 611 1721 638 mulieres.
1742 609 1801 637 Jam

1013 660 1070 687 dixi
1097 660 1252 687 cubiculum
1280 651 1363 686 Eli'sei
1387 658 1459 694 apud
1489 657 1688 684 Sunamitidem
1715 655 1802 683 fuisse

1013 710 1187 741 separatum;
1204 706 1242 733 ibi
1258 713 1324 733 vero
1346 704 1527 732 ministerium
1544 710 1558 730 a
1573 703 1738 730 mulieribus
1747 710 1800 729 non

1012 751 1161 785 recipiebat
1183 758 1188 775 :
1207 751 1245 778 illi
1270 751 1340 777 enim
1357 750 1506 778 suﬁiciebat
1520 757 1615 777 servus
1629 747 1678 784 qui
1692 755 1802 783 semper

1012 797 1196 824 comitabatur
1211 805 1284 824 eum.

1045 841 1140 869 Narros
1155 843 1253 877 qumrit
1275 842 1397 868 invenire
1422 841 1536 868 criticus
1561 839 1748 875 philosophus
1772 839 1799 866 in

1011 885 1140 920 Epistolis
1167 887 1271 914 nostris
1296 890 1325 913 ut
1352 887 1542 914 auctoritatem
1577 893 1673 912 earum
1699 885 1798 911 elevet.

212 921 305 969 Exeo
315 921 536 976 iqilodwswa‘n—ctus
549 921 674 971 Cllemcns
691 944 792 972 Christi
808 945 889 973 verba
911 955 956 973 re-
974 921 994 949 Β
1009 931 1123 959 Grandis
1137 932 1228 966 igitur’
1241 932 1327 966 ipSius
1340 932 1454 966 judicio'
1476 939 1569 959 “mus
1582 936 1623 959 εει
1637 930 1712 966 (μιοᾱ
1731 937 1799 965 Ψη-

175 988 269 1015 tulerit
283 987 316 1015 ad
337 988 448 1015 Mariam
475 988 659 1023 Magdalenam
679 990 795 1018 dicentis
812 1001 818 1018 :
836 991 900 1019 Noli
918 1001 957 1020 me

175 1038 280 1068 tangere
292 1053 299 1066 ,
317 1034 481 1062 concludere
494 1034 574 1061 vellet
589 1035 748 1068 adnotator,
771 1041 865 1065 contra
882 1037 957 1064 Wet-

174 1079 294 1110 stinum,
311 1079 345 1106 ab
370 1084 480 1106 auctore
498 1079 678 1114 Epistolarum
701 1082 798 1110 melius
818 1085 955 1118 cognitum

172 1125 258 1152 fuisse
271 1126 357 1152 sancti
371 1124 485 1152 Joannis
497 1125 669 1160 Evangelium
685 1135 765 1162 quam
782 1127 955 1163 Evangelium

172 1171 259 1198 sancti
273 1171 389 1198 Matthaei
406 1172 451 1206 qui
473 1171 541 1198 hanc
553 1172 786 1200 circumstantiam
802 1177 881 1202 tacet.
899 1175 956 1203 Hoc

171 1217 344 1244 ratiocinium
376 1218 537 1252 philosopho
565 1225 660 1252 parum
690 1220 842 1248 convenit:
867 1229 954 1257 neque

170 1262 243 1288 enim
267 1267 376 1290 sanctus
397 1262 556 1295 Matthzeus,
575 1271 662 1299 neque
679 1265 769 1292 caeteri
784 1268 954 1302 evangelista

170 1308 326 1340 voluerunt,
337 1308 390 1336 imo
406 1310 472 1336 relle
488 1314 635 1344 potuerunt
651 1311 772 1339 scribere
787 1313 878 1340 omnia
894 1322 954 1349 quae

170 1354 296 1382 Christus
330 1355 454 1390 gesserit.
486 1355 571 1391 Igitur
598 1357 633 1384 ab
665 1357 717 1385 hoc
749 1359 858 1386 silentio
884 1360 953 1388 nihil

170 1402 283 1428 omnino
294 1402 419 1429 concludi
435 1406 535 1437 potest.
550 1403 601 1436 Qui
617 1405 690 1432 enim
706 1405 883 1434 concluderet
904 1407 953 1434 do-

169 1447 274 1474 minum
297 1448 331 1476 de
352 1448 502 1485 Premagny
523 1450 591 1477 nihil
609 1451 682 1478 aliud
706 1452 852 1487 scripsisse
870 1461 951 1489 quam

169 1493 322 1522 versionem
339 1494 468 1523 Gallicam
485 1500 641 1524 nostrarum
660 1497 842 1533 Epistolarum
857 1520 864 1532 ,
888 1507 951 1528 cum

169 1539 306 1575 adjunctis
334 1541 572 1576 adnotationibus,
599 1545 663 1580 quia
691 1545 741 1573 has
764 1546 853 1573 solum
880 1551 951 1582 typis

169 1587 318 1619 mandarit,
331 1596 384 1616 non
397 1589 464 1617 satis
478 1590 556 1620 fama:
574 1593 648 1622 illius
662 1595 832 1628 consuleret;
854 1596 951 1629 proba-
965 1598 984 1626 C

168 1632 259 1660 hilitcr
293 1641 410 1670 namque
435 1644 504 1671 opus
531 1638 603 1666 istud
638 1641 735 1667 merito
762 1641 879 1669 inferius
908 1646 951 1670 est

168 1678 309 1712 sexaginta
324 1680 385 1708 aliis
399 1683 537 1716 opusculis
550 1684 609 1718 ejus
627 1692 687 1720 quas
703 1687 888 1722 manuscripts
909 1695 950 1715 re-

167 1729 339 1754 manserunt.

202 1771 271 1800 Xlll.
290 1773 434 1801 Auctorem
456 1774 638 1809 Epistolarum
655 1781 766 1805 accusat
782 1777 813 1806 D.
829 1777 863 1806 de
884 1777 949 1806 Pre-

166 1819 364 1854 inagny'quasi
387 1820 532 1848 inﬁdeliter
555 1823 675 1850 narrarit
695 1823 838 1851 historiam
864 1824 948 1853 Elisei

165 1868 194 1890 et
217 1863 405 1893 Sunamitidis.
423 1865 475 1894 Sed
493 1875 553 1902 quae
569 1869 663 1902 paucis
679 1869 768 1897 verbis
784 1869 867 1897 refert
883 1878 949 1898 san—

165 1913 227 1937 ctus
242 1909 368 1938 Clemens
383 1912 484 1946 optime
498 1914 666 1941 concordant
681 1922 742 1942 cum
760 1916 841 1943 rebus
856 1916 949 1945 relatis

165 1954 194 1981 in
214 1959 312 1990 quarto
324 1955 393 1984 libro
408 1956 661 1993 Regum,quamvis
685 1967 729 1987 res
749 1961 949 1990 minutissimas

165 2008 220 2028 non
238 2001 319 2029 fuerit
332 2007 517 2032 consectatus.
541 2004 690 2032 Arhilleam
705 2006 883 2042 philosophus
900 2016 946 2035 no-

166 2051 222 2074 ster
241 2048 386 2075 aestimavit
401 2048 472 2076 hanc
485 2050 664 2084 objectionem
679 2058 685 2076 :
704 2051 810 2087 Eliseus
824 2058 948 2087 accepta-

165 2094 204 2120 vit
218 2095 375 2122 cubiculum
391 2095 418 2122 in
434 2096 515 2123 domo
529 2097 707 2125 Sunamitidis
722 2105 803 2133 :ergo
819 2107 872 2127 non
890 2105 949 2126 erat

165 2139 210 2166 hic
226 2140 356 2174 propheta
371 2144 517 2168 extraneus
532 2142 606 2168 omni
626 2143 749 2170 relationi
774 2152 836 2170 cum
852 2145 948 2172 mulie-

166 2185 253 2212 ribus.
278 2185 347 2221 Ergo
362 2191 459 2213 auctor
471 2186 651 2222 Epistolarum
668 2189 763 2216 falsam
779 2189 885 2217 induxit
900 2191 949 2226 hy-

167 2231 313 2265 pothcsim.
340 2231 410 2266 Ergo
434 2232 551 2260 honorat
575 2238 699 2261 sanctum
720 2233 886 2263 Clementem
902 2237 946 2272 qui

167 2277 240 2303 hunc
263 2285 317 2304 non
341 2278 434 2312 recipit
452 2279 529 2314 quasi
555 2279 668 2307 istarum
691 2280 873 2315 Epistolarum
898 2290 947 2309 au-

167 2326 281 2350 ctorcm.

204 2370 236 2398 Ut
255 2371 379 2399 funditus
403 2377 464 2399 ruat
485 2373 639 2408 hujusniodi
662 2376 860 2410 argumentatio
882 2377 949 2405 satis

163 2417 216 2443 erit
224 2416 354 2445 adnotare
363 2418 573 2452 hospitalitatem
582 2428 662 2455 quam
671 2420 808 2448 interdum
818 2423 948 2457 propheta

164 2463 265 2497 rect-pit
282 2463 352 2498 apud
366 2463 579 2499 Sunamitidem,
593 2473 647 2492 non
666 2466 751 2494 fuisse
768 2467 948 2496 cobabitatio.

164 2516 225 2536 nem
241 2517 322 2544 quam
339 2510 463 2544 prohibet
480 2515 591 2539 sanctus
605 2512 742 2540 Clemens.

199 2555 343 2584 Enimvero
365 2557 463 2584 domus
487 2557 666 2586 Snuamitidis
689 2566 742 2585 una
765 2563 824 2586 erat
845 2567 877 2586 ex
903 2560 947 2588 his

163 2603 301 2637 opulentis
326 2603 541 2632 habitationibus
574 2613 634 2640 qua:
662 2606 821 2640 plerumque
859 2608 946 2634 servis

163 2647 311 2676 abundant.
339 2649 399 2684 Ipsa
418 2649 539 2676 declarat
563 2659 592 2677 se
614 2651 640 2677 in
658 2651 747 2678 medio
762 2651 852 2686 populi
871 2653 912 2679 sui
924 2653 945 2668 ³¹

163 2694 242 2730 quasi
265 2695 415 2730 principem
436 2697 575 2730 habitare,
592 2702 619 2724 et
631 2698 705 2724 nulla
721 2706 749 2725 re
765 2698 895 2733 indigere.
915 2699 945 2727 ln

163 2739 208 2768 illa
221 2740 312 2772 domo,
322 2742 399 2776 quasi
413 2743 550 2770 transiens
560 2743 663 2770 habitat
675 2743 780 2772 Eliseus
790 2753 850 2771 cum
867 2753 947 2773 servo

163 2795 223 2814 suo.
249 2785 339 2820 Quare
366 2789 437 2815 enim
460 2789 511 2816 sub
527 2788 572 2815 dio
593 2790 798 2823 pernm-taSset?
818 2789 947 2822 Quamvis

163 2837 252 2860 autem
277 2835 375 2862 domus
402 2835 446 2862 illa
468 2835 556 2870 ampla
573 2835 641 2862 foret
656 2840 803 2871 vastaque,
824 2841 947 2864 constru-

1008 981 1048 1004 ter
1063 981 1173 1005 sanctus
1187 978 1313 1005 Clemens
1325 977 1497 1004 Christianos
1523 976 1719 1007 nominaverit,
1736 982 1798 1002 cum

1007 1029 1059 1049 vox
1079 1023 1130 1050 ista
1147 1027 1185 1049 ter
1207 1027 1311 1050 tantum
1333 1023 1361 1050 in
1383 1022 1459 1050 Novo
1479 1021 1655 1049 Testamento
1674 1020 1797 1056 reperia~

1008 1072 1062 1096 tur.
1088 1068 1329 1104 Pcrspicacitatem
1350 1070 1433 1103 hujus
1461 1068 1644 1095 adnotationis
1668 1067 1797 1102 judican-

1005 1113 1068 1140 dam
1089 1114 1214 1149 relinquo
1239 1114 1351 1141 cuilibet
1372 1114 1479 1142 lectori.
1502 1113 1531 1141 Si
1553 1114 1597 1141 cui
1623 1117 1718 1140 tamen
1744 1120 1798 1140 non

1005 1158 1140 1187 suﬁiceret
1156 1159 1207 1186 hoc
1226 1167 1398 1194 responsum,
1417 1159 1489 1187 scire
1507 1159 1588 1186 debet
1604 1159 1658 1186 hoc
1677 1158 1798 1185 voeabu-

1005 1204 1059 1232 lum
1074 1205 1142 1232 adeo
1164 1213 1308 1233 commune
1327 1205 1412 1234 fuisse
1439 1207 1489 1233 hac
1503 1209 1595 1238 aetate,
1620 1211 1650 1233 ut
1674 1212 1691 1231 a
1709 1205 1797 1241 genti-

1004 1249 1075 1278 libus
1091 1252 1191 1284 passim
1210 1251 1396 1284 adhiberetur,
1413 1251 1484 1279 sicut
1498 1255 1572 1286 patet
1584 1259 1617 1278 ex
1632 1251 1708 1278 Actis
1724 1259 1797 1277 mar-

1004 1296 1066 1330 tyrii
1081 1295 1173 1323 Sancti
1191 1297 1290 1331 lgnatt’i
1305 1296 1471 1329 Antiocheni,
1488 1301 1516 1324 et
1529 1305 1561 1324 ex
1579 1296 1701 1331 Epistolas
1713 1297 1796 1324 Plinii

1004 1341 1039 1368 ad
1055 1341 1202 1375 Traianum
1217 1343 1413 1377 imperatorem,
1427 1343 1459 1370 de
1471 1342 1642 1371 Christianis.

1038 1386 1108 1415 XIV.
1129 1387 1286 1416 Wetstinus
1302 1389 1468 1423 allegaverat
1491 1390 1684 1416 auctoritatem
1706 1388 1796 1416 sancti

1005 1433 1148 1469 Epiphanii
1175 1435 1222 1468 qui
1247 1434 1382 1462 haereticis
1408 1435 1458 1462 aevi
1481 1435 1525 1462 sui
1550 1434 1706 1469 opponebat
1732 1433 1795 1469 Epi-

1002 1480 1087 1508 stolas
1103 1481 1188 1508 sancti
1204 1479 1352 1508 Clementis
1368 1481 1403 1508 ad
1419 1481 1550 1516 virgines,
1563 1481 1590 1507 in
1606 1481 1708 1515 quibus
1722 1488 1796 1507 com-

1003 1529 1191 1553 memorantur
1210 1525 1294 1557 Elias,
1312 1524 1409 1558 David,
1430 1525 1549 1553 Samson
1570 1529 1597 1552 et
1615 1533 1713 1552 omnes
1729 1533 1794 1558 pro--

1003 1571 1103 1606 phetm.
1117 1571 1158 1598 Ad
1174 1571 1226 1599 hoc
1241 1576 1432 1607 argumentum
1446 1571 1539 1598 reduci
1556 1574 1646 1606 potest
1662 1570 1794 1598 Wetstini

1003 1616 1176 1644 ratiocinatio
1190 1626 1196 1644 :
1212 1626 1221 1642 ι
1235 1616 1295 1644 Νοη
1308 1617 1395 1644 solum
1412 1617 1591 1652 Epiphanius,
1608 1617 1680 1644 sicut
1695 1616 1794 1644 Hiero-

1001 1669 1109 1697 nymus,
1129 1661 1268 1696 Epistolas
1283 1661 1386 1689 indicat
1401 1669 1470 1696 quas
1485 1666 1598 1689 sanctus
1612 1661 1741 1689 Clemens
1757 1661 1792 1688 ad

999 1707 1119 1742 virgines
1135 1708 1259 1742 scripsit;
1276 1707 1324 1735 sed
1345 1707 1394 1735 has
1409 1708 1563 1742 specialiter
1578 1706 1716 1742 Epistolas
1733 1707 1792 1735 dis-

999 1753 1080 1780 tinxit
1096 1753 1285 1780 enuntiatione
1301 1758 1390 1781 textus
1414 1754 1460 1788 qui
1484 1754 1512 1781 in
1534 1753 1640 1781 caeteris
1659 1754 1793 1788 operibus

999 1798 1087 1825 sancti
1110 1798 1259 1826 Clementis
1284 1797 1381 1825 nullibi
1406 1798 1552 1832 reperitur.
1575 1797 1603 1824 lu
1624 1798 1692 1825 solis
1715 1798 1792 1825 enim

999 1843 1130 1878 Epistolis
1157 1844 1191 1871 ad
1217 1844 1336 1878 virgines
1359 1844 1462 1871 mentio
1479 1843 1508 1870 ﬁt
1523 1843 1559 1871 de
1578 1843 1653 1876 Elia,
1676 1843 1790 1877 Davide,

1000 1889 1131 1916 Samsone
1144 1892 1170 1915 et
1187 1889 1313 1916 omnibus
1327 1888 1477 1923 prophetis.
1493 1897 1502 1914 ι

1034 1933 1128 1961 Robur
1144 1934 1224 1968 hujus
1249 1934 1384 1960 ratiocinii
1408 1934 1488 1968 quasi
1517 1941 1571 1960 non
1600 1933 1746 1961 advertens
1757 1933 1789 1961 D.

999 1977 1033 2005 de
1055 1977 1217 2013 Premagny,
1233 1985 1387 2005 sermonem
1414 1978 1567 2014 gyroﬂectit
1589 1978 1623 2005 ad
1648 1979 1789 2007 inscitiam

999 2022 1116 2056 exempli
1131 2023 1282 2053 Sanisonis,
1301 2023 1379 2058 quasi
1401 2023 1520 2058 pessime
1535 2028 1648 2051 Sani-tus
1662 2024 1790 2052 Clemens

1001 2066 1162 2094 Samsonem
1187 2067 1239 2095 huc
1262 2068 1426 2095 induxisset.
1446 2069 1500 2095 Sed
1515 2069 1566 2096 etsi
1589 2070 1790 2097 concederetur

999 2112 1110 2140 domino
1128 2113 1162 2140 de
1175 2112 1324 2149 Prcmagny
1340 2114 1499 2141 Samsonem
1515 2122 1569 2142 non
1591 2115 1721 2143 debuisse
1735 2116 1790 2143 huc

1000 2158 1147 2190 introduci,
1167 2166 1221 2185 non
1237 2159 1328 2186 minus
1343 2159 1444 2187 invicta
1464 2163 1537 2187 esset
1550 2161 1693 2188 conclusio
1713 2161 1790 2189 Wet-

999 2203 1074 2235 stini,
1091 2203 1149 2237 qui,
1169 2211 1200 2230 ex
1219 2203 1270 2230 hac
1285 2205 1437 2238 prolatione
1460 2205 1701 2234 authenticilatem
1725 2207 1788 2242 Epi-

1001 2249 1131 2275 stolarum
1146 2254 1299 2276 nostrarum
1315 2249 1407 2277 infert.

1039 2293 1073 2321 Ut
1088 2299 1189 2326 autem,
1211 2304 1244 2322 ex
1260 2296 1309 2322 hac
1325 2297 1406 2322 etiam
1427 2302 1512 2331 parte,
1531 2297 1648 2325 debilem
1666 2306 1729 2325 esse
1744 2299 1788 2326 ad-

1000 2345 1152 2368 notatorem
1172 2345 1278 2376 pateat,
1294 2342 1356 2369 dico
1379 2344 1502 2375 exempla
1523 2342 1665 2371 Samsonis
1687 2348 1716 2372 et
1736 2345 1787 2371 Da-

1000 2387 1069 2413 vulis
1085 2387 1198 2414 miriﬁce
1216 2387 1348 2416 inservire
1363 2389 1433 2416 thesi
1448 2390 1569 2416 auctoris
1592 2389 1784 2424 Epistolarum.

1000 2431 1028 2457 Si
1044 2439 1162 2465 namque
1177 2432 1322 2466 prudentia
1337 2434 1530 2468 prophetarum
1545 2442 1596 2461 nos
1610 2439 1707 2463 cautos
1726 2444 1786 2463 esse

999 2482 1099 2507 monet.
1118 2477 1300 2512 quorumdam
1323 2483 1480 2506 sanctorutn
1495 2481 1616 2507 virorum
1637 2488 1719 2510 casus
1740 2490 1786 2509 νει-

1000 2523 1100 2549 lentior
1116 2523 1204 2550 adhuc
1219 2525 1377 2558 praedicatio
1392 2530 1432 2553 est
1448 2530 1477 2552 ut
1493 2527 1700 2562 nobismetipsis
1717 2528 1786 2556 ditii-

998 2568 1106 2595 damus.
1125 2567 1183 2595 Non
1200 2569 1288 2596 solum
1306 2569 1466 2598 Samsonem
1478 2575 1504 2598 et
1519 2571 1646 2599 Davidcm
1669 2574 1786 2608 appellat

999 2618 1111 2640 sanctus
1135 2612 1315 2649 llieronymus
1343 2614 1370 2641 in
1398 2615 1448 2641 hac
1476 2616 1606 2647 materia,
1631 2615 1680 2642 sed
1704 2617 1785 2644 etiam

999 2658 1181 2685 Salomonem.
1210 2658 1310 2687 Omnes
1337 2664 1438 2687 norunt
1465 2660 1522 2688 haec
1550 2662 1638 2688 sancti
1667 2662 1787 2690 doctoris

998 2705 1080 2731 verba
1096 2705 1129 2732 ad
1145 2705 1324 2740 Nepotianum
1340 2716 1346 2733 :
1364 2716 1372 2732 ι
1385 2706 1423 2734 Ne
1442 2707 1494 2734 sub
1508 2707 1602 2735 eodem
1617 2712 1691 2735 tecto
1710 2717 1786 2736 mane

999 2751 1065 2777 siles
1081 2770 1089 2782 ,
1124 2758 1174 2778 nec
1196 2751 1224 2777 in
1250 2753 1386 2786 praeterita
1408 2753 1535 2780 castitate
1558 2752 1692 2782 conﬁdas.
1732 2754 1785 2782 Nec

998 2794 1119 2820 sanctior
1149 2794 1256 2827 David,
1286 2804 1337 2822 nec
1359 2796 1490 2824 Samsone
1506 2796 1615 2831 fortior,
1633 2806 1684 2826 nec
1707 2797 1785 2827 Salo-

1000 2847 1079 2867 mone
1093 2844 1169 2875 potes
1184 2849 1245 2869 esse
1258 2842 1418 2877 sapientior.
1432 2852 1442 2870 ι

200 2923 221 2938 ⁵⁸³
243 2922 350 2958 Luc.vt,
368 2925 409 2952 1'2.
459 2927 479 2943 ¹⁰
502 2925 566 2955 Luc.
581 2935 646 2960 xxii,
664 2927 708 2956 59.
748 2928 766 2944 “
785 2928 816 2956 l\"
834 2928 899 2965 Reg.
921 2937 956 2963 ιγ,
975 2929 1016 2958 l5.
1055 2930 1076 2946 ι’
1097 2929 1176 2966 lbid.,
1192 2931 1233 2959 l0.
