1869 3104
77 191 129 218 375

554 182 734 212 EPISTOLE
750 182 796 210 AD
813 180 984 210 VlRGlNES.
1001 195 1037 202 ——
1053 179 1233 208 PROlEMlA.

1653 178 1702 206 ὅτι

105 249 258 280 Praterea,
273 248 456 282 peccaverunt
468 243 576 279 quidem
591 243 707 271 Samson
721 247 749 270 et
763 241 863 275 David;
880 244 902 272 Α
916 240 1019 271 futuro,
1035 243 1139 266 certum
1153 239 1268 265 incerto.
1283 236 1399 265 Ministri
1415 237 1531 265 Romani
1546 238 1626 266 alitsr
1640 247 1705 267 seu.

75 295 118 324 ted
135 295 167 321 in
181 292 308 328 peccatis
324 299 378 318 non
397 292 657 326 perseveraverunt:
675 287 790 323 ideoque
806 295 868 315 san-

76 345 132 368 ;tus
149 338 325 374 Epiphanius
336 336 477 364 Ebionitas
489 335 578 370 arguit
592 334 665 370 quod
679 341 726 361 eos
740 333 866 369 repudia-

77 386 164 414 verim
179 392 244 412 cum
259 383 366 411 caeteris
381 381 530 418 prophetis.

107 431 252 464 Quantum
272 429 306 456 ad
320 429 436 456 verbum
461 427 553 454 laudat
571 434 628 461 quo
645 434 712 454 usus
733 429 776 455 est
789 425 867 452 Wet-

77 477 167 505 stinus
190 475 304 503 citando
323 478 428 502 textum
444 473 532 502 sancti
555 472 710 508 Epiphanii,
726 472 799 500 scire
818 471 867 498 de-

76 523 183 551 buisset
196 521 231 549 Ι).
242 521 277 549 de
295 520 447 556 Premagny
461 519 513 547 hac
529 526 607 550 voce,
621 517 783 553 saepissime,
797 518 865 545 nihil

76 567 149 595 aliud
164 566 314 603 signiﬁcari
329 573 410 601 quam
426 559 725 595 commemorationem,
741 570 791 590 nec
806 563 866 590 lau-

75 613 135 640 dem
154 613 191 639 ab
205 620 240 639 eo
250 618 358 645 semper
368 609 497 637 indicari.

107 657 170 685 XV.
191 656 345 684 Prudenter
375 655 498 683 siluisset
518 654 662 682 adnotator
687 662 746 689 quae
774 653 866 682 dicere

75 703 250 738 praesumpsit
271 704 303 730 de
324 701 476 737 privatione
499 701 679 728 matrimonii.
703 699 768 726 Vult
791 699 865 726 enim

75 751 189 776 sanctus
204 747 306 774 Paulus
320 751 349 774 ut
369 753 384 773 a
398 745 479 773 nobis
494 745 566 773 absit
589 744 739 772 scurrilitas
757 752 816 779 quw
829 743 864 770 ad

75 803 128 821 rem
151 802 205 821 non
230 793 341 828 pertinet
352 792 384 819 ".
400 791 527 826 Plerique
547 791 672 818 homines
693 790 797 817 nubere
816 796 865 815 vo.

73 841 151 871 lunt.
173 839 239 874 quia
263 839 414 866 caelibatum
432 837 536 864 viribus
558 837 616 864 suis
638 836 806 871 superiorem
820 835 866 870 ju-

73 886 174 913 dicant.
190 884 239 912 His
250 883 318 911 dicit
333 883 477 918 Apostolus
490 891 497 909 :
513 881 609 909 Melius
621 886 660 908 est
673 881 770 908 nubere
780 889 861 916 quam

915 287 986 313 tiunt
1000 289 1027 313 et
1050 288 1144 319 agunt,
1167 291 1183 311 a
1206 283 1370 319 quibusdam
1397 285 1516 317 saeculis,
1536 288 1563 311 et
1579 292 1594 311 a
1609 289 1704 312 matri-

916 331 1008 358 monio
1033 330 1184 357 abstinent.
1199 338 1208 355 ι
1240 328 1336 356 Priora
1359 329 1442 356 verba
1471 330 1623 357 orthodoxa
1648 338 1703 358 non

916 380 996 409 sunt;
1013 376 1165 411 posteriora
1181 375 1311 403 historice
1327 378 1391 402 sunt
1408 375 1487 402 falsa.
1503 374 1579 410 Saepe
1591 375 1706 411 legendo

916 423 1108 451 adnotationes
1133 423 1234 450 domini
1260 423 1294 450 de
1309 422 1470 458 Premagny.
1493 423 1614 457 suspicio
1639 424 1706 451 mihi

915 469 1012 497 oborta
1033 473 1076 496 est
1099 469 1176 495 illum
1202 468 1320 496 fortasse
1352 469 1519 503 pertinuisse
1543 469 1578 497 ad
1601 474 1706 496 sectam

915 514 1136 550 protestantium.
1153 514 1283 540 Errabant
1302 523 1308 540 :
1324 514 1428 540 nullum
1447 514 1547 549 quippe
1563 514 1643 549 hujus
1665 514 1706 541 fa-

915 560 996 588 milia:
1020 559 1170 586 membrum
1201 567 1322 594 unquam
1359 559 1423 586 huic
1452 559 1551 587 ha;resi
1577 560 1704 588 adhaesit.

916 605 1116 632 Tantummodo
1153 605 1255 632 certior
1294 603 1384 632 factus
1419 612 1479 632 sum
1515 605 1705 632 adnotatorem

916 650 1013 682 fuisse,
1028 653 1058 677 ut
1071 650 1127 684 jam
1147 650 1212 677 alibi
1227 650 1329 677 dictum
1345 654 1398 682 est,
1418 650 1525 677 socium
1540 655 1705 678 consuetum

916 695 1141 731 philosophorum
1163 695 1257 723 saeculi
1282 695 1459 729 praiccdentis
1474 696 1520 731 qui
1546 696 1705 731 religionem

916 742 1055 769 lacessere
1079 741 1276 776 gloriabantur.
1292 740 1320 767 ln
1337 741 1420 768 altera
1439 742 1558 769 editione
1572 743 1706 770 versionis

916 787 1026 814 Gallicae
1038 790 1195 814 nostrarum
1210 786 1404 821 Epistolarum,
1420 787 1451 815 D.
1464 788 1497 815 de
1509 787 1660 824 Premagny
1678 788 1705 815 id

915 833 1153 869 superaddendum
1166 832 1299 868 judicavit
1314 834 1356 861 his
1369 841 1429 868 qua:
1444 834 1470 861 in
1486 835 1570 870 priori
1583 835 1704 863 editione

913 879 970 914 jam
999 879 1130 906 dixerat:
1154 888 1163 904 ε
1180 879 1252 907 Deus
1274 887 1329 906 non
1352 881 1480 915 proponit
1505 880 1704 908 incrementum

72 931 112 957 ui
130 931 165 958 ιι.
200 930 248 958 Is“
279 937 345 957 vero
376 928 605 965 reprehensibues
635 928 723 955 fore“;
747 928 770 956 si
798 935 862 962 pro-
879 918 901 948 Β
918 923 1053 952 mercedis
1080 931 1130 959 pro
1152 924 1318 951 cmlibibus:
1342 929 1368 952 et
1393 926 1459 953 satis
1495 927 1594 952 mirum
1623 930 1664 953 est
1689 934 1705 953 a

72 982 165 1012 pterea
195 976 381 1011 virginitatem
405 976 614 1010 impugnarent,
653 978 701 1001 aut
724 981 784 1002 eam
801 982 861 1001 om-

70 1024 153 1051 nibus
192 1022 392 1057 impossibilem
434 1020 644 1055 pronuntiarent
671 1029 679 1047 :
710 1020 862 1047 doctrinam

69 1070 172 1106 quippe
184 1076 200 1096 e
214 1068 350 1095 diametro
365 1067 532 1094 contrariam
553 1067 647 1093 statuit
661 1066 797 1098 Christus,
813 1065 862 1093 do-

69 1116 157 1142 cendo
168 1122 226 1142 non
238 1113 458 1147 omnesquidem
472 1119 570 1146 capere
583 1112 697 1139 verbum
713 1111 797 1143 istud.
814 1111 862 1139 sed

67 1161 171 1196 quibus
193 1159 289 1186 datum
305 1163 358 1190 est,
378 1163 405 1185 et
420 1157 564 1185 addendo:
584 1157 636 1190 Qui
656 1162 740 1192 potest
759 1165 861 1192 capere,

67 1208 157 1241 capiat
166 1206 189 1221 ³⁸
204 1214 211 1233 ;
225 1212 287 1240 quae
311 1204 395 1232 verba
412 1204 528 1231 invitant
544 1203 651 1230 animas
665 1211 812 1238 generosas
835 1209 863 1232 et

67 1252 155 1280 fortes
174 1251 210 1278 ad
232 1250 428 1286 virginitatem,
452 1255 562 1285 propter
585 1257 700 1284 regnum
716 1250 861 1278 crciorum.

67 1298 202 1326 Eamdem
213 1298 401 1324 invitationem
414 1300 442 1323 et
455 1296 607 1323 doctrinam
621 1296 735 1331 protulit
750 1300 864 1324 sanctus

67 1345 181 1376 Paulus,
194 1345 291 1372 dicens
304 1353 311 1371 ;
331 1343 395 1370 Volo
410 1351 497 1370 omnes
509 1351 554 1370 vos
568 1350 625 1370 esse
638 1343 706 1369 sicut
719 1343 863 1377 meipsum,‘

66 1391 112 1418 sed
134 1391 316 1426 unrtsquiaque
338 1391 474 1425 proprium
500 1389 599 1416 donum
625 1388 703 1416 habet
726 1396 759 1416 ea:
781 1388 837 1416 Deo
854 1397 864 1416 :

66 1439 138 1465 alius
153 1437 262 1473 quidem
274 1438 323 1468 sic,
338 1437 407 1464 alius
421 1445 480 1464 vero
495 1437 534 1463 sic
546 1436 580 1462 ".

102 1483 232 1518 Nugatur
246 1488 335 1510 autem
351 1483 382 1509 Ι).
395 1483 429 1510 de
442 1482 606 1518 Premagny,
625 1481 794 1510 insinuando
810 1489 866 1509 ma-

67 1529 232 1556 trimonium
248 1529 339 1564 potius
359 1529 523 1564 expiationis
541 1535 625 1564 quam
647 1528 788 1556 felicitatis
809 1532 866 1556 sta-

67 1579 127 1602 tum
142 1582 215 1606 esse,
231 1574 349 1609 idecque
365 1574 426 1609 plus
446 1574 545 1602 mereri
561 1573 609 1609 qui
624 1573 704 1601 nubit
717 1581 800 1608 quam
816 1573 863 1608 qui
877 1592 900 1620 ε

67 1629 83 1647 a
100 1621 209 1656 nuptiis
224 1628 254 1648 se
271 1620 391 1648 abstinet
405 1631 412 1648 :
434 1620 515 1655 quasi
532 1621 578 1655 qui
602 1620 800 1648 continentiam
820 1628 865 1648 re-

69 1671 173 1702 spuunt
186 1666 361 1702 paenitentiae
371 1667 498 1694 meritum
511 1666 703 1694 intendissent.

101 1712 192 1740 Nemo
214 1712 326 1748 quidem
351 1719 450 1747 negare
473 1715 564 1747 potest
589 1719 703 1748 magnas
729 1712 866 1739 sollicitu-

69 1758 148 1785 dines
164 1757 331 1792 conjugibus
353 1757 499 1784 reservari.
522 1756 563 1784 ρει)
578 1757 622 1784 his
635 1764 803 1792 praeservare
817 1765 867 1784 cu;

71 1803 165 1838 piebat
178 1802 329 1838 Apostolus
352 1803 413 1830 illos
431 1803 532 1838 quibus
551 1803 677 1830 dicebat:
698 1802 762 1829 Volo
779 1807 866 1830 autem

70 1857 113 1876 sos
128 1849 188 1875 sine
211 1848 393 1875 sollicitudine
413 1856 469 1875 esse
481 1847 521 1879 ",-
541 1848 590 1875 sed
614 1847 800 1875 certissimum
823 1851 867 1875 est

71 1894 315 1922 mortiﬁcationem
331 1894 424 1922 carnis
441 1898 489 1920 aut
504 1894 619 1929 spiritus
635 1901 690 1920 non
703 1901 764 1921 esse
785 1893 865 1920 linem

71 1948 167 1968 eorum
196 1941 244 1975 qui
267 1940 425 1975 conjugium
458 1940 572 1975 eligunt.
590 1939 623 1967 Et
645 1939 752 1966 utinam
780 1939 866 1966 multo

72 1986 220 2021 pauciores
242 1989 336 2014 essent
358 1986 459 2021 quibus
480 1985 613 2021 applicari
634 1986 759 2013 valerent
784 1986 866 2013 verba

72 2030 221 2067 Raphaelis
244 2032 401 2068 archangeli
417 2042 422 2059 :
437 2031 508 2058 Audi
533 2040 584 2064 me,
606 2036 632 2059 et
655 2031 795 2059 ostendam
818 2032 866 2058 tibi

71 2079 115 2112 qui
141 2083 206 2105 sunt
234 2078 328 2113 quibus
355 2079 497 2113 pra'valere
523 2083 607 2113 potest
634 2078 795 2105 dwmonium
813 2078 866 2105 :hi

73 2132 186 2159 namque
206 2124 253 2159 qui
267 2125 418 2160 conjugium
434 2126 473 2152 ita
486 2125 644 2158 suscipiunt.
667 2129 695 2150 ut
712 2124 796 2151 Deum
809 2133 825 2151 α
840 2133 867 2151 se

73 2175 95 2197 et
109 2179 126 2197 ε
141 2179 193 2197 sua
208 2175 293 2197 mente
305 2171 458 2203 excludant,
476 2175 501 2198 et
522 2179 577 2198 sua:
597 2170 701 2197 libidini
718 2171 757 2197 ita
777 2176 866 2197 vacent

73 2217 139 2243 sicut
159 2225 243 2252 equus
257 2221 281 2243 et
296 2216 395 2248 mulus,
407 2216 501 2251 quibus
517 2223 569 2242 non
580 2219 619 2242 est
634 2216 782 2242 intellectus
795 2223 803 2242 :
819 2215 867 2242 Ita-

75 2257 112 2285 bet
126 2263 286 2293 potestatem
298 2258 457 2286 dwmonium
470 2259 497 2285 in
511 2267 555 2286 eos
567 2259 599 2286 ³³.

108 2306 137 2333 Si
160 2306 326 2333 attendisset
346 2305 389 2333 his
415 2306 528 2333 monitis
553 2306 710 2338 adnotator,
733 2313 787 2333 non
808 2309 863 2332 tam

76 2352 170 2380 leviter
181 2352 215 2379 de
229 2351 281 2379 hac
294 2352 410 2379 materia
422 2352 530 2379 locutus
543 2352 650 2380 fuisset.

108 2398 257 2431 Caeterum,
281 2398 328 2432 qui
349 2401 461 2432 propter
484 2405 599 2433 regnum
617 2398 750 2425 cmlorum
768 2398 860 2425 matri-

78 2445 170 2472 monio
197 2444 370 2476 valedicunt,
398 2444 501 2471 nullam
527 2444 735 2471 similitudinem
764 2444 865 2471 habent

77 2498 135 2518 cum
152 2490 205 2518 hac
220 2491 324 2526 impura
340 2491 565 2526 philosophorum
579 2491 624 2518 lue
639 2490 686 2525 qui
699 2498 786 2518 nexus
799 2497 863 2517 con-

77 2536 181 2571 iugales
200 2539 237 2569 et,
259 2541 289 2563 ut
303 2537 394 2564 verbis
408 2536 531 2572 Apostoli
550 2542 622 2570 utar,
637 2537 790 2564 honorabile
803 2545 866 2563 con-

77 2583 185 2609 ubium
200 2581 319 2618 fugiunt,
336 2587 366 2610 ut
382 2582 496 2610 liberius
511 2590 543 2610 ac
560 2582 671 2618 turpius
682 2582 866 2618 voluptatibus

77 2628 169 2654 carnis
185 2627 306 2655 habenas
322 2628 424 2655 laxent.
438 2627 485 2655 Vas
500 2629 601 2656 talibus
623 2629 670 2664 qui
691 2629 799 2664 generis
815 2629 866 2656 hu-

78 2673 148 2699 mani
168 2672 345 2707 opprobrium
362 2673 440 2700 sunt!

116 2718 165 2747 Sic
179 2719 301 2754 loquitur
315 2718 347 2746 Β.
366 2718 400 2746 de
415 2718 566 2754 Premagny
586 2728 592 2745 :
614 2728 623 2744 ‹
637 2718 754 2747 Ministri
776 2718 864 2747 rel‘or-

80 2766 142 2794 mati
168 2765 292 2800 (nuptias
316 2764 514 2800 contrahendo)
539 2765 718 2800 praetulerunt
742 2773 863 2801 presens

113 2864 136 2881 ¹¹
176 2863 277 2900 Ephes.
291 2873 317 2896 ν.
333 2865 360 2892 4.
399 2865 420 2881 ⁸⁵
437 2865 444 2891 |
460 2866 524 2894 Cor.
537 2874 586 2900 vn,
599 2866 625 2894 9.

83 2898 123 2927 Π.
163 2898 248 2928 "lsa.
262 2908 316 2934 LVI,
337 2900 364 2928 5.

667 2867 688 2882 "
706 2866 799 2894 Matth.
815 2875 871 2898 χιι,
891 2866 935 2894 12.
975 2865 998 2881 ³⁸
1013 2865 1101 2901 [ϐοΐ.
1116 2875 1165 2900 vit,
1185 2868 1210 2896 7.
1249 2870 1270 2885 ³⁷
1284 2868 1364 2901 Ibid.,
1379 2869 1424 2896 52.

420 2901 442 2917 ⁸⁰
455 2901 530 2930 Sess.
544 2910 619 2939 sxw,
635 2901 672 2929 De
685 2903 814 2937 matrim.,
829 2909 891 2930 can.
909 2902 934 2930 9.

912 974 1008 997 sancto
1031 970 1170 998 Clemente
1193 971 1327 1006 prolatum
1352 971 1437 998 fuisse
1460 971 1512 998 hoc
1535 971 1705 1007 paradoxum

911 1018 1033 1050 tempore
1042 1016 1109 1042 adeo
1123 1016 1253 1050 apostolis
1267 1016 1368 1048 vicino,
1383 1017 1591 1051 praesertimque
1602 1022 1704 1044 sancto

911 1060 992 1088 Petro
1015 1061 1208 1096 praedecessori
1232 1070 1292 1094 suo,
1315 1062 1394 1097 cujus
1416 1062 1623 1089 matrimonium
1647 1070 1704 1089 non

912 1107 1028 1135 habetur
1041 1111 1070 1134 ut
1081 1108 1204 1140 dubium,
1218 1116 1267 1135 nec
1281 1108 1364 1136 etiam
1382 1108 1588 1135 matrimonium
1605 1108 1704 1135 horum

912 1154 1102 1189 episcoporum
1130 1162 1200 1190 quos
1225 1154 1333 1182 volebat
1361 1159 1473 1182 sanctus
1508 1154 1611 1182 Paulus
1644 1163 1707 1183 esse

912 1200 994 1228 unius
1011 1201 1105 1228 uxoris
1119 1201 1203 1228 viros.
1220 1211 1229 1227 ι

949 1246 1051 1274 Textus
1063 1247 1120 1282 jam
1133 1255 1148 1274 a
1165 1255 1208 1276 me
1229 1247 1341 1275 adducti
1365 1248 1433 1276 satis
1449 1248 1598 1283 explodunt
1613 1256 1644 1276 ac
1662 1257 1708 1277 re-

913 1292 1002 1320 futant
1020 1293 1090 1321 hanc
1102 1294 1205 1321 domini
1220 1294 1253 1321 de
1270 1294 1422 1330 Premagny
1436 1295 1628 1324 assertionem.
1645 1295 1706 1323 Non

914 1341 1083 1376 exspectavit
1100 1340 1204 1368 Novum
1221 1341 1426 1370 Testamentum
1444 1342 1576 1371 Dominus
1589 1347 1618 1370 ut
1636 1352 1707 1371 mer-

915 1385 989 1414 cedis
1006 1385 1204 1414 incrementum
1220 1386 1372 1421 virginibus
1385 1387 1545 1422 spontaneis
1560 1389 1705 1423 pollicere-

916 1437 970 1460 tur.
988 1432 1061 1460 Dabo
1072 1434 1119 1465 eis,
1133 1435 1222 1470 inquit
1233 1442 1281 1469 per
1294 1435 1404 1468 Isaiam,
1422 1436 1448 1461 in
1463 1434 1540 1462 domo
1556 1444 1624 1468 mea,
1639 1440 1663 1463 et
1679 1437 1706 1463 in

916 1479 998 1506 muris
1016 1481 1079 1507 meis
1104 1480 1207 1513 locum,
1224 1485 1248 1508 et
1273 1489 1366 1509 nomen
1389 1482 1483 1509 melius
1503 1491 1519 1509 a
1537 1482 1601 1517 ﬁliis
1622 1487 1648 1510 et
1669 1483 1705 1518 ﬁ-

916 1525 1002 1552 liabus
1024 1534 1033 1552 :
1057 1535 1149 1554 nomen
1175 1528 1361 1562 sempiternum
1389 1527 1458 1554 dabo
1482 1527 1536 1560 eis‘,
1561 1528 1630 1564 quod
1653 1537 1707 1556 non

916 1571 1011 1606 peribit
1027 1572 1059 1600 ".
1084 1571 1182 1600 Merito
1209 1573 1292 1608 igitur
1306 1574 1452 1601 concilium
1476 1573 1666 1602 Tridentinum
1681 1575 1705 1590 "

917 1618 1090 1646 anathemate
1113 1619 1237 1654 percellit
1254 1629 1262 1645 ι
1277 1627 1325 1647 eos
1348 1622 1395 1655 qui
1421 1620 1517 1647 dicunt
1540 1620 1656 1648 clericos
1677 1622 1705 1648 in

917 1664 1004 1692 sacris
1018 1664 1162 1693 ordinibus
1186 1665 1364 1697 constitutos,
1378 1666 1420 1693 vel
1437 1667 1576 1701 regulares
1592 1667 1707 1694 castita-

917 1714 970 1737 tem
985 1710 1145 1738 solemnitcr
1160 1711 1310 1746 professos,
1326 1721 1408 1748 posse
1422 1713 1626 1739 matrimonium
1640 1720 1707 1740 con-

916 1756 1037 1789 trahere,
1050 1765 1105 1784 non
1122 1758 1247 1786 obstante
1263 1759 1321 1794 lege
1334 1759 1532 1791 ecclesiastica,
1549 1759 1592 1786 vel
1608 1762 1681 1786 voto.
1693 1767 1703 1784 ι

917 1801 1017 1830 Eadem
1034 1810 1115 1838 pcena
1130 1804 1224 1838 plectit
1239 1812 1286 1831 eos
1305 1814 1313 1829 ι
1330 1805 1376 1839 qui
1393 1805 1488 1832 dicunt
1501 1812 1555 1831 non
1572 1811 1634 1831 esse
1648 1811 1706 1831 me-

917 1847 971 1874 lius
986 1855 1018 1874 ac
1042 1847 1150 1875 beatius
1166 1856 1276 1876 manere
1292 1849 1320 1876 in
1346 1849 1502 1885 virginitate
1517 1854 1563 1876 aut
1579 1849 1706 1878 caelibatu

919 1901 1000 1929 quam
1013 1893 1092 1930 jungi
1105 1894 1289 1922 matrimonio.
1302 1904 1312 1921 ι

952 1941 1090 1974 Quantum
1110 1941 1144 1968 ad
1165 1940 1336 1976 hypotliesim
1360 1940 1464 1968 domini
1484 1940 1518 1968 de
1540 1940 1704 1977 Premagny,

917 1995 930 2014 a
945 1987 1109 2022 quibusdam
1134 1991 1238 2014 tantum
1263 1987 1372 2014 saeculis
1397 1987 1594 2014 continentiam
1620 1987 1706 2016 fuisse

917 2032 1047 2060 Ecclesia
1075 2033 1210 2060 ministris
1236 2033 1440 2068 praescriptam,
1472 2033 1561 2060 dicam
1579 2033 1654 2060 illum
1676 2041 1706 2060 se

917 2078 1037 2106 historiae
1051 2078 1244 2106 ecclesiasticae
1260 2079 1415 2114 imperitum
1438 2079 1560 2114 praebere
1577 2079 1623 2114 qui
1644 2086 1705 2106 om-

917 2123 999 2151 nibus
1016 2124 1204 2151 monumentis
1226 2123 1421 2152 ecclesiasticis
1444 2123 1623 2157 contradicit,
1644 2132 1706 2159 quas

916 2169 1081 2196 inconcusse
1102 2170 1233 2197 evincunt
1248 2171 1274 2196 in
1294 2169 1417 2196 Ecclesia
1434 2170 1598 2197 occidentali
1615 2170 1705 2196 conti-

916 2216 1035 2243 nentiam
1051 2221 1181 2251 perpetua
1200 2216 1260 2251 lege
1281 2216 1467 2251 praescriptam
1488 2216 1573 2244 fuisse
1595 2217 1705 2244 clericis

917 2263 944 2288 in
955 2262 1041 2289 sacris
1052 2261 1194 2290 ordinibus
1205 2263 1372 2290 constitutis.
1384 2262 1464 2290 Jubet
1478 2267 1592 2290 sanctus
1603 2262 1705 2290 Paulus

917 2313 943 2335 ut
963 2307 1010 2343 qui
1027 2308 1060 2334 ad
1080 2309 1268 2343 episcopatum
1285 2313 1490 2343 promoventur,
1508 2309 1531 2336 si
1550 2313 1629 2336 antea
1645 2308 1705 2336 fue-

917 2355 973 2381 rint
988 2354 1104 2385 uxorati.
1119 2355 1206 2382 sancti
1222 2359 1249 2382 et
1270 2355 1455 2386 continentes,
1472 2358 1534 2390 post
1558 2363 1706 2383 consecra-

917 2400 1018 2426 tionem
1034 2407 1122 2431 suam.
1139 2404 1317 2434 permaneant
1328 2400 1361 2428 δ’.

952 2444 1022 2472 XVI.
1044 2445 1142 2472 Paucis
1157 2446 1330 2480 respondebo
1344 2445 1520 2473 cavillationi‘
1535 2446 1705 2475 adnotatoris

917 2491 951 2518 de
965 2492 1048 2518 verbo
1067 2491 1146 2523 dixit,
1162 2493 1234 2527 quod
1251 2493 1387 2527 reperitur
1406 2493 1569 2527 quandoque
1590 2493 1617 2520 in
1640 2493 1705 2528 Epi-

917 2537 996 2564 stolis
1012 2538 1072 2565 sine
1088 2538 1223 2572 subjecto.
1239 2537 1307 2565 Cum
1324 2541 1439 2566 sanctus
1452 2538 1579 2566 Clemens
1594 2538 1705 2566 assidue

917 2591 1023 2610 sacram
1052 2583 1221 2619 Scripturam
1252 2584 1382 2619 legisset,
1411 2585 1648 2620 probabiliterque
1676 2586 1704 2614 in

916 2629 1056 2664 primitivo
1076 2633 1162 2663 textu,
1176 2630 1345 2657 locutionum
1365 2630 1426 2665 ejus
1443 2639 1521 2658 usum
1542 2633 1703 2666 assumpsit.

918 2673 946 2701 Si
967 2674 1102 2708 tantisper
1123 2674 1153 2702 D.
1176 2675 1210 2702 de
1229 2675 1382 2711 Premagny
1404 2675 1553 2703 llehraicos
1580 2681 1628 2703 aut
1653 2676 1704 2711 Sy-

917 2720 1007 2747 riacos
1023 2718 1112 2747 fontes
1132 2721 1291 2753 delibasset,
1308 2721 1376 2748 mhil
1398 2722 1426 2748 in
1441 2722 1529 2749 sacris
1553 2721 1704 2756 Scripturis

917 2764 1087 2800 frequentius
1107 2766 1264 2800 agnovisset
1278 2773 1360 2802 quam
1375 2766 1518 2794 subaudiri
1537 2761 1702 2801 subjectum.

1476 2868 1499 2884 ³⁸
1513 2866 1582 2895 Tol).
1597 2874 1635 2898 vt.
1650 2866 1698 2899 10,

977 2901 998 2917 λι
1016 2900 1070 2929 Tit.
1085 2909 1108 2936 ι,
1124 2902 1150 2930 s.
