1869 3104
182 172 236 202 375

589 172 616 200 S.
634 172 830 200 CLEMENTIS
845 173 854 199 1
873 172 955 201 ROM.
973 171 1074 201 PONT.
1093 173 1207 202 OPERA
1222 174 1384 205 GENUINA.

1754 178 1810 206 376

181 241 292 276 quando
303 248 336 267 ex
354 244 482 268 contextu
501 240 568 268 satis
584 240 754 276 intelligitur.
771 240 858 276 Saepe,
879 241 908 269 in
923 241 960 269 Bi-

1048 231 1111 263 Iine,
1127 231 1266 267 insperata
1276 233 1392 262 victoria
1412 235 1490 269 potiti
1514 239 1617 268 essent,
1633 243 1698 264 cum
1714 244 1812 265 cerne

182 288 262 320 bliis,
281 287 394 314 verbum
411 287 480 313 dixit
503 286 546 314 his
567 287 711 321 atquivalct
734 287 843 319 dicitur.
868 287 968 314 dictum

181 338 231 361 est.
247 332 358 360 Poterat
371 341 437 370 ergo
451 333 570 368 scriptor
589 333 702 361 criticus
725 333 967 369 Pythagoriconmi

182 385 308 405 somnum
321 385 374 404 non
387 378 509 408 turbare.
535 384 586 404 nec
605 377 787 404 eruditionem
802 384 916 411 prorsus
930 377 968 403 in-

182 424 275 451 utilem
295 424 376 451 nobis
389 427 536 450 ostentare.
557 422 632 450 Hanc
649 430 700 458 ego
722 422 906 451 difﬁcultatem
920 431 968 450 ex-

182 470 265 505 punxi
282 470 309 499 in
325 470 452 497 versione
466 477 526 496 mea
540 478 547 496 :
563 468 688 496 eamdem
706 472 815 504 poterat
829 469 862 497 de
878 469 968 496 medio

180 517 276 544 tollere
289 517 347 551 ipse
362 515 526 543 Wetstinus.

218 561 289 589 XVII
300 566 327 590 et
342 561 434 589 XVIII.
450 561 649 588 Adnotationes
666 569 728 596 quae
742 562 793 589 sub
805 562 849 589 his
859 561 967 590 duobus

180 609 302 636 numeris
318 608 506 640 includuntur,
522 608 637 642 probant
652 608 792 635 dominum
807 607 840 636 de
857 607 967 636 Prema—

179 661 236 689 gny
253 661 310 682 non
334 661 442 689 semper
458 653 624 689 priejudiciis
640 654 806 682 obcaicatum
822 658 849 682 et
869 654 968 681 alluci-

180 703 275 727 natum
289 699 385 728 fuisse.
399 699 453 727 llas
474 700 620 727 srribendo
635 701 732 731 lineas.
748 701 851 735 optime
869 700 903 728 de
920 701 966 736 ju-

179 745 256 773 stitia
275 749 302 773 et
322 745 438 772 veritate
454 746 568 773 meritus
579 749 632 773 est.
645 744 764 779 Quilibet
787 745 965 774 nihilominus

179 791 377 820 animadvertet
405 792 494 827 ipsum
522 791 659 819 Wetstino
685 799 794 827 semper
824 792 964 819 contradi-

178 838 268 870 xisse,
288 838 347 866 sive
364 838 475 872 quando
498 841 600 864 rectam
621 838 693 865 viam
714 838 891 873 sequebatur,
907 838 965 866 sive

178 884 288 918 quando
306 883 342 911 ab
354 891 386 911 ea
402 883 572 911 detlectebat.
586 882 742 918 Optandum
757 887 832 911 certe
850 888 910 911 erat
933 888 964 910 ut

178 929 221 956 his
236 929 340 957 ultimis
358 930 480 957 numeris
499 929 566 956 nihil
590 929 741 957 addidisset
759 929 790 956 D.
803 929 837 957 de
853 929 965 957 Prcma-

178 982 242 1010 gny.
257 974 310 1002 Sed
330 975 427 1007 altera,
439 975 473 1002 de
487 982 541 1010 qua
555 975 612 1009 jam
626 976 735 1003 locutus
749 983 820 1007 sum,
837 976 964 1010 opusculi

177 1021 237 1055 ejus
251 1021 335 1049 editio
348 1022 427 1057 quasi
443 1022 621 1056 pcenitentem
641 1021 729 1056 ipsum
741 1022 851 1050 exhibet
863 1023 965 1058 optime

178 1067 280 1094 tiniisse
295 1067 369 1102 quod
388 1067 458 1095 tnale
475 1071 608 1102 cmperat.
624 1066 696 1094 Duas
710 1075 776 1103 ergo
791 1075 876 1095 novas
890 1069 965 1103 prio-

177 1111 255 1139 ribus
271 1113 329 1140 suis
351 1113 575 1141 adnotationibus
591 1112 700 1148 adjecit,
716 1122 776 1149 qua:
793 1113 871 1142 fama:
891 1115 964 1143 illius

176 1159 239 1193 plus
254 1160 393 1186 noeebunt
408 1167 489 1194 quam
506 1160 666 1196 proderunt.

213 1203 304 1231 Prima
320 1204 435 1232 refertur
461 1205 495 1232 ad
526 1206 723 1240 separationem
743 1214 824 1241 quam
851 1212 963 1235 sanctus

176 1249 303 1278 Clemens
318 1257 333 1276 a
348 1249 440 1286 Moyse
454 1251 552 1278 factam
570 1251 654 1278 luisse
668 1252 767 1280 asserit
794 1252 866 1280 inter
889 1254 963 1282 viros

176 1299 204 1322 et
216 1296 354 1329 mulieres,
368 1296 433 1323 dum
463 1297 618 1325 incederent
645 1297 782 1331 lsraelitm,
815 1299 962 1335 (Egyptum

177 1342 373 1376 relinquentes.
390 1342 514 1370 Secunda
530 1348 635 1378 spectat
659 1353 756 1372 nomen
782 1346 866 1373 maris
889 1346 962 1382 quod

177 1388 251 1415 sicco
266 1388 380 1424 vestigio
396 1389 442 1415 filii
456 1389 539 1417 Israel
554 1391 732 1419 transierunt.

217 1434 244 1460 1ο
260 1432 343 1461 Juxta
358 1433 556 1466 adnotatorem,
585 1440 697 1464 sanctus
712 1437 836 1465 Clemens
853 1438 960 1466 locutus

176 1483 218 1506 est
241 1478 275 1506 de
299 1480 420 1507 virorum
452 1489 483 1508 ac
510 1482 653 1510 mulierum
678 1484 846 1518 separatione
879 1492 960 1519 quam

176 1525 283 1560 Moyses
296 1526 451 1554 nullatenus
465 1529 635 1556 tncmoravit.
652 1528 795 1557 Probabile
812 1538 876 1566 ergo
888 1530 961 1564 judi-

1020 281 1079 308 rent
1094 278 1225 313 temporis
1238 283 1351 313 puncto,
1362 279 1482 308 hostium
1495 281 1726 315 internecionem,
1741 282 1811 312 duas

1019 323 1153 356 choreas,
1179 332 1262 351 unam
1286 325 1419 357 virorum.
1442 326 1555 355 alteram
1591 328 1759 361 mulierum,
1782 330 1809 357 in

1019 369 1111 397 littore
1141 370 1320 399 instituunt:
1350 377 1377 399 et
1406 372 1499 408 Moyse
1529 374 1597 402 viris
1623 376 1807 409 praecinente,

1018 415 1079 449 ejus
1091 423 1186 444 sorore
1200 417 1374 450 mulieribus,
1403 419 1612 453 gratulationem
1626 419 1683 448 Deo
1698 422 1809 449 cecine-

1019 465 1082 487 runt
1093 461 1124 488 “.
1133 471 1142 488 ι

1055 505 1182 534 Ultimam
1196 507 1368 537 adnotatoris
1381 509 1590 545 objectationem
1602 511 1635 539 de
1646 512 1718 539 mari
1731 511 1806 548 Suph

1017 553 1194 588 attingamus.
1222 553 1281 582 Non
1306 554 1411 583 dubitat
1444 557 1557 585 criticus
1579 557 1700 592 scriptor
1724 559 1807 594 hujus

1018 600 1101 626 maris
1118 608 1216 628 nomen
1233 601 1327 628 nullibi
1343 602 1370 629 in
1385 602 1479 631 Exodo
1508 603 1635 631 inveniri.
1650 604 1680 632 Si
1694 606 1730 633 de
1742 605 1806 633 Vul-

1016 650 1077 680 gata
1093 646 1217 674 versione
1228 647 1335 676 locutus
1351 648 1457 680 fuisset,
1474 657 1568 677 verum
1595 651 1706 686 quidem
1722 652 1806 680 dixis.

1017 695 1075 724 set;
1096 692 1118 719 si
1142 700 1204 720 vero
1219 693 1253 721 de
1277 697 1353 721 textu
1382 694 1517 722 Ilebraico
1541 699 1588 723 aut
1613 696 1739 732 Syriaco,
1767 702 1807 726 te-

1016 744 1090 764 mere
1106 743 1181 766 certe
1195 739 1302 766 locutus
1317 744 1369 772 est,
1385 741 1536 775 praesertim
1566 749 1628 769 cum
1653 747 1728 770 esset
1744 751 1808 771 aca-

1015 782 1138 811 demicos
1153 783 1211 818 vir;
1240 793 1379 819 nunquam
1395 786 1469 812 enim
1491 786 1548 814 sive
1572 787 1600 814 in
1626 787 1734 820 Exodo,
1749 789 1808 816 sive

1015 829 1042 856 lu
1054 829 1121 857 locis
1134 830 1195 857 aliis
1204 839 1290 858 sacne
1302 830 1462 870 Scriptura,
1478 832 1611 861 Hebraice
1623 840 1670 862 aut
1681 834 1806 870 Syriace,

1016 876 1076 904 aliis
1091 877 1181 904 verbis
1205 885 1280 905 mare
1307 877 1430 905 Rubrum
1457 879 1617 914 designatur
1647 889 1730 916 quam
1747 889 1807 909 ver-

1016 921 1058 948 bis
1074 921 1114 948 Im
1128 922 1210 957 Suph,
1236 931 1298 959 quae
1313 924 1401 951 reddit
1424 924 1538 961 Vulgata
1555 930 1651 954 nostra
1664 934 1712 961 per
1729 927 1807 954 Mare

1016 969 1142 997 Rubrum.

1051 1015 1118 1048 Quis
1142 1023 1224 1051 porro
1240 1016 1309 1044 ferat
1334 1017 1472 1045 hominem
1494 1023 1704 1053 prtesuntentem
1730 1019 1805 1055 loqui

1015 1062 1049 1089 de
1069 1062 1111 1090 his
1125 1071 1186 1098 qua:
1198 1064 1323 1092 absolute
1338 1064 1468 1101 ignorat?

1054 1109 1172 1137 Verbum
1198 1109 1271 1145 δυρή
1295 1116 1391 1147 quater
1428 1112 1565 1139 invenitur
1589 1113 1616 1140 in
1646 1117 1723 1140 textu
1752 1112 1806 1141 He-

1015 1155 1108 1183 braico
1134 1159 1161 1184 et
1187 1155 1301 1192 Syriaco
1329 1156 1424 1184 Exodi.
1446 1157 1475 1185 Si
1491 1159 1557 1185 recti
1581 1158 1683 1186 fuerint
1705 1159 1805 1187 calculi

1015 1201 1079 1233 mei,
1092 1201 1207 1229 vicesies
1222 1203 1317 1230 novies
1328 1202 1381 1230 hoc
1397 1204 1507 1231 verbum
1517 1203 1589 1238 Suplt
1603 1206 1729 1232 eumdem
1742 1213 1806 1232 sen-

1014 1255 1075 1275 sum
1086 1248 1242 1283 exprimens
1254 1249 1390 1276 invenitur
1405 1250 1432 1277 in
1454 1249 1542 1277 Veteri
1557 1250 1737 1279 Testamento
1749 1251 1804 1280 He-

1015 1294 1119 1322 braico.
1135 1299 1162 1322 et
1177 1295 1238 1330 plus
1265 1303 1346 1330 quant
1372 1297 1495 1325 tricesies
1512 1298 1538 1325 in
1568 1297 1680 1333 Syriaco
1697 1298 1804 1326 Novum

1014 1339 1219 1368 Testamentum
1236 1342 1443 1376 complectente.
1456 1342 1554 1370 Santes
1564 1342 1704 1378 Pagninus
1716 1344 1743 1370 in
1754 1352 1804 1372 sua

1015 1386 1140 1413 versione
1158 1385 1252 1413 Latina
1277 1388 1387 1415 litterali
1410 1396 1518 1423 semper
1534 1393 1680 1417 conservat
1703 1398 1804 1418 nomen

1014 1432 1192 1467 primitivum,
1207 1440 1239 1460 ac
1253 1433 1334 1460 vertit
1348 1443 1354 1460 :
1371 1433 1448 1461 Mare
1462 1434 1543 1469 Sup/t.

1049 1477 1217 1506 Existimavit
1231 1483 1342 1506 sanctus
1356 1479 1537 1515 Hieronymus
1547 1481 1630 1508 verbo
1642 1481 1709 1515 rupit
1719 1481 1805 1517 signi-

1015 1525 1088 1552 licari
1100 1524 1219 1552 rubrum.
1233 1523 1318 1552 Graeci
1334 1525 1404 1552 idem
1416 1533 1491 1553 mare
1503 1525 1673 1561 Erythraum
1691 1532 1802 1559 vocant,

176 1575 221 1597 cat
243 1570 364 1606 Moysen,
391 1573 478 1599 virum
507 1577 561 1600 tam
589 1575 760 1609 prudentem,
789 1575 960 1604 consensisse

1051 1571 1085 1598 od
1099 1572 1181 1597 etiarn
1193 1570 1301 1597 rubrum
1313 1575 1402 1599 sonat.
1419 1571 1472 1599 Sed
1487 1570 1596 1607 quidam
1609 1573 1654 1600 isti
1668 1573 1739 1600 mari
1751 1573 1804 1601 hoc

174 1618 206 1642 ut
222 1615 376 1650 promiscue
396 1622 522 1645 sexcenta
542 1619 624 1646 millia
649 1619 769 1647 virorum
794 1624 960 1648 armatorum

174 1662 356 1696 procederent
383 1671 445 1690 cum
470 1664 557 1691 ntulto
588 1666 722 1700 superiori
760 1674 873 1694 numero
901 1675 961 1694 mu-

174 1708 295 1741 lierum,
323 1709 475 1744 puellarum
504 1715 531 1738 et
561 1711 721 1739 infantium!
747 1711 815 1746 Quis
842 1721 960 1748 unquam

174 1754 257 1782 talem
272 1755 460 1783 confusionem
487 1756 633 1785 admissam
649 1757 733 1786 fuisse
757 1758 901 1794 imaginari
916 1767 961 1786 au-

175 1800 265 1827 debit?

212 1846 284 1874 llanc
298 1854 362 1875 vero
373 1848 620 1878 considerationem
634 1850 788 1883 adnotator,
804 1853 882 1887 quasi
894 1861 961 1888 puer

175 1893 343 1928 inexpertus,
359 1894 452 1923 forsan
481 1900 570 1924 mente
600 1898 734 1926 revolvit:
766 1898 841 1926 Unde
866 1898 961 1926 didicit

175 1944 288 1967 sanctus
299 1940 425 1969 Clemens
441 1942 511 1969 hanc
526 1942 623 1970 factam
651 1943 736 1972 fuisse
762 1945 959 1980 separationem

175 1986 208 2012 de
219 1993 270 2020 qua
284 1985 424 2021 Scriptura
437 1995 490 2015 non
506 1989 645 2024 loquitur?

210 2031 289 2059 Nulla
304 2033 369 2060 mihi
400 2033 522 2068 profecto
549 2035 690 2064 difﬁcultas
714 2040 787 2064 esset
800 2037 959 2066 admittendi

175 2081 303 2104 sanctum
320 2078 487 2107 Clementem
501 2087 516 2106 a
529 2081 675 2109 traditione
684 2081 850 2115 Judworum,
862 2084 914 2112 hac
927 2085 961 2113 de

174 2123 391 2157 circumstantia,
403 2124 489 2153 fuisse
503 2126 641 2155 edoctum.

211 2167 266 2196 Sed
283 2169 356 2196 nulla
373 2171 452 2198 nobis
475 2176 518 2199 est
542 2173 697 2202 traditionis
713 2183 767 2202 non
791 2176 899 2212 scripta:
913 2187 960 2206 ne—

173 2215 300 2247 cessitas,
328 2217 437 2250 quando
465 2219 690 2253 zequivalentibus
717 2221 808 2249 verbis
834 2223 904 2251 hanc
918 2226 958 2251 vi-

173 2267 267 2287 rorum
286 2268 318 2288 ac
331 2262 474 2290 mulierum
491 2265 690 2299 separationem
704 2266 809 2302 Moyses
819 2270 956 2304 exprimit.

208 2305 353 2335 Enimvero
365 2309 404 2336 sic
418 2309 515 2345 legitur
538 2311 565 2337 in
587 2313 676 2347 capite
691 2321 727 2340 xtl
743 2313 839 2347 Exodi,
856 2324 882 2343 v.
902 2317 955 2344 57:

174 2352 291 2383 Profecti
318 2359 380 2381 sunt
404 2356 455 2390 [itii
480 2355 567 2384 Israel
585 2357 617 2385 de
645 2357 768 2387 Ramesse
796 2361 824 2387 in
849 2361 958 2396 Socoth,

172 2404 296 2426 sexcenta
311 2399 364 2434 fere
382 2401 468 2428 millia
489 2402 604 2436 peditum
627 2405 752 2438 virorum,
778 2406 874 2442 absque
895 2416 957 2442 par-

172 2444 249 2472 uulis.
273 2444 323 2472 llic
338 2446 388 2473 soli
405 2447 468 2478 viri,
486 2449 564 2482 quasi
591 2450 753 2485 emphaticc,
769 2451 955 2488 designantur.

170 2489 265 2523 (iapitc
279 2497 314 2517 xv
328 2491 484 2525 expressius
510 2492 633 2521 innuitur
651 2496 796 2530 separatio.
813 2497 954 2525 Canticum

171 2535 243 2561 enim
259 2535 366 2571 Moyses
381 2545 443 2563 cum
471 2538 538 2565 viris
551 2541 681 2568 concinit.
697 2541 797 2570 Deinde
812 2544 954 2578 egrediun—

172 2584 216 2606 tur
230 2581 358 2609 mulieres
371 2602 378 2614 ,
399 2587 426 2610 et
451 2584 517 2619 ipsa:
532 2585 591 2612 vice
615 2594 665 2613 sua
691 2587 717 2614 id
733 2589 868 2616 canticum
891 2598 953 2618 cum

170 2627 255 2655 Maria
271 2628 371 2664 Moysis
394 2633 421 2656 et
435 2629 552 2658 Aaronis
566 2639 670 2666 sorore,
687 2635 821 2662 recinunt.

204 2672 283 2701 Philo
293 2673 414 2706 Iudaeus,
427 2681 524 2703 sancto
538 2677 668 2706 Clementi
690 2684 854 2713 co'etaneus.
884 2683 955 2710 hanc

169 2720 368 2754 scparationem
380 2722 454 2749 clare
466 2723 604 2757 exprimit.
628 2723 773 2761 Postquam
787 2728 859 2754 enim
872 2728 956 2765 [Egy-

170 2766 288 2800 ptiorum
303 2768 426 2795 narravit
441 2769 566 2802 ruinam,
589 2771 664 2798 addit
678 2782 684 2799 :
713 2782 722 2798 ι
739 2773 850 2802 l-‘actum
880 2775 953 2803 istud

169 2811 265 2848 ingens
275 2818 302 2840 cl
314 2815 477 2850 stupendum
493 2815 595 2844 llehnei
611 2817 714 2853 tnirati,
724 2820 795 2855 quod
812 2821 871 2850 sine
882 2829 947 2850 san-

204 2890 226 2904 "
245 2889 324 2918 Philo
339 2891 374 2918 Dr
390 2890 443 2919 vita
460 2891 575 2928 Muysis,
593 2893 639 2921 lib.
658 2903 676 2922 ι.

1013 1625 1111 1644 nomen
1127 1617 1220 1645 datum
1236 1621 1380 1644 autumant
1394 1626 1409 1645 a
1427 1626 1490 1654 rege
1507 1618 1623 1654 Erythro
1638 1619 1686 1654 qtti
1702 1627 1803 1655 regna-

1012 1664 1049 1690 vit
1065 1664 1091 1690 in
1108 1664 1198 1690 insula
1214 1663 1297 1698 hujus
1311 1665 1396 1691 maris
1410 1665 1533 1692 finitima.

1047 1709 1098 1742 Qui
1113 1710 1226 1737 uberius
1236 1710 1318 1745 hujus
1327 1711 1452 1738 vocabuli
1464 1711 1689 1747 significationem
1703 1711 1804 1740 callere

1011 1756 1135 1790 cupiunt,
1148 1755 1340 1783 doctissimum
1361 1757 1460 1784 adeant
1488 1757 1617 1785 Drusium
1639 1756 1801 1793 (Comment.

1011 1801 1037 1827 in
1058 1800 1144 1829 Exod.
1158 1821 1166 1834 ,
1182 1809 1207 1829 c.
1228 1801 1285 1838 26).

1047 1846 1110 1875 llaec
1125 1854 1189 1875 sunt
1206 1848 1262 1876 fere
1276 1857 1337 1884 qua:
1361 1857 1375 1875 a
1389 1849 1512 1884 pluribus
1534 1849 1613 1877 annis
1627 1850 1803 1885 scripsissem

1011 1893 1044 1920 de
1059 1894 1165 1922 duabus
1181 1895 1310 1930 Epistolis
1337 1896 1425 1923 sancti
1450 1896 1598 1924 Clementis
1613 1897 1647 1924 ad
1663 1896 1802 1932 Virgines,

1010 1940 1063 1966 nisi
1080 1941 1178 1975 partim
1194 1943 1326 1977 temporis
1342 1942 1481 1977 angustia,
1497 1943 1596 1977 partim
1609 1943 1714 1971 laboris
1735 1943 1804 1970 ditii-

1010 1986 1098 2014 cultas
1112 1987 1246 2015 voluntati
1260 1996 1325 2016 mem
1337 1989 1428 2016 obices
1441 1989 1606 2024 posuissent.

1046 2031 1101 2060 llas
1119 2033 1255 2068 Epistolas
1275 2034 1431 2062 ﬁrmissime
1442 2035 1524 2062 crcdo
1537 2043 1598 2062 esse
1612 2036 1800 2070 authenticas.

1010 2080 1185 2113 quantumvis
1210 2081 1382 2109 amarissime
1400 2082 1483 2109 feram
1507 2083 1629 2110 nondum
1655 2083 1801 2120 hucusque

1009 2129 1147 2161 repertum
1163 2126 1248 2154 fuisse
1258 2127 1448 2163 primigenium
1466 2131 1581 2156 textum.
1598 2128 1627 2156 Si
1640 2129 1800 2157 inveniatur

1010 2173 1209 2208 tandem,quod
1221 2173 1427 2202 instantissimis
1441 2176 1568 2210 precibus
1579 2183 1594 2202 a
1608 2175 1663 2203 Deo
1676 2177 1798 2211 postulo,

1010 2219 1138 2246 omnibus
1149 2219 1301 2247 innotescet
1315 2228 1396 2249 verus
1410 2221 1498 2249 sancti
1522 2222 1660 2258 pontificis
1685 2230 1798 2254 sensus,

1010 2267 1057 2300 qui
1075 2275 1122 2302 per
1135 2269 1319 2297 traductorem
1336 2269 1479 2306 Syriacum
1493 2272 1583 2299 vitiari
1596 2272 1695 2307 potuit.
1711 2272 1798 2308 Spero

1009 2317 1101 2341 tamen
1125 2315 1307 2343 traductionis
1328 2317 1394 2344 vitia
1417 2325 1432 2345 a
1454 2326 1497 2346 me
1517 2327 1571 2346 non
1584 2318 1665 2346 modo
1680 2319 1798 2347 adaucta

1010 2368 1064 2387 non
1079 2360 1173 2393 fuisse,
1192 2361 1238 2389 sed
1250 2362 1327 2390 valde
1340 2364 1493 2392 imminuta.

1047 2405 1113 2433 Mira
1128 2406 1180 2433 fuit
1196 2415 1256 2435 sors
1285 2409 1451 2443 scriptorum
1479 2411 1567 2438 sancti
1595 2410 1757 2439 Clementis.
1774 2410 1797 2437 Α

1008 2452 1090 2479 Junio
1104 2451 1223 2480 Patricio
1237 2453 1386 2489 Anglicano
1403 2456 1513 2483 inventa
1530 2460 1572 2484 est
1588 2457 1647 2490 ejus
1672 2455 1794 2492 Epistola

1007 2497 1041 2523 ad
1054 2497 1213 2525 Corinthios
1229 2499 1348 2534 scripta;
1377 2508 1392 2527 a
1410 2501 1546 2529 Wetstino
1563 2510 1617 2529 non
1632 2501 1726 2529 minus
1744 2501 1794 2529 Ec-

1006 2543 1095 2572 clesia:
1103 2544 1231 2572 Romanae
1242 2544 1349 2573 infenso
1363 2547 1479 2574 inventae
1493 2551 1557 2575 sunt
1571 2547 1657 2575 ambae
1670 2548 1792 2583 ejusdem

1007 2592 1095 2618 sancti
1107 2591 1255 2619 Clementis
1270 2592 1304 2619 ad
1317 2591 1442 2628 Virgines
1452 2593 1588 2630 Epistolas.

1040 2638 1115 2666 Notae
1132 2638 1243 2666 Patricii
1272 2639 1301 2666 in
1326 2639 1473 2674 Epistolam
1507 2648 1588 2676 quam
1617 2641 1722 2668 invenit
1748 2641 1790 2668 vix

1007 2684 1184 2712 dissidentem
1200 2685 1339 2714 hominem
1353 2686 1493 2722 detegunt.
1510 2687 1707 2721 Prolegomena
1716 2686 1791 2715 Wet-

1007 2730 1083 2763 stini,
1102 2731 1210 2758 duobus
1224 2731 1292 2758 locis
1305 2733 1426 2767 exceptis
1447 2732 1475 2759 in
1491 2733 1590 2767 quibus
1601 2731 1695 2760 odium
1710 2740 1788 2762 suum

1005 2783 1069 2810 erga
1083 2775 1234 2803 Romanam
1257 2776 1407 2805 Ecelesiam
1422 2779 1519 2812 exerit,
1533 2779 1689 2808 testimonia
1710 2779 1789 2807 exhi-

1005 2822 1068 2850 bent
1081 2822 1246 2852 sinceritatis
1256 2831 1288 2851 ac
1302 2825 1436 2853 veritatis.
