1869 3104
65 188 114 215 877

533 185 713 214 EPISTOLE
731 182 777 211 AD
795 181 965 212 \‘lRGlNES.
985 200 1018 206 —
1036 186 1219 214 PROU'JMIA.

1642 191 1693 218 5⁸18

96 246 223 274 Permisit
241 245 316 273 Deus
330 246 390 274 haec
405 249 581 273 monumenta
596 253 610 272 a
622 245 690 273 viris
712 244 769 272 sedi
787 250 853 278 apo-
867 243 891 270 Δ
938 243 997 271 Non
1012 246 1255 273 nocebitinventor
1267 246 1312 281 qui
1329 252 1402 274 certe
1417 252 1622 275 monumentum
1636 249 1694 283 ipse

64 294 164 322 stolicae
188 293 338 321 hostilibus
350 292 440 328 detegi
455 296 482 319 et
493 292 638 328 publicari,
655 296 684 318 ut
697 299 712 318 a
727 291 853 320 sectariis

65 341 151 367 minus
177 339 426 374 impugnarentur,
457 343 504 366 aut
533 338 609 366 fraus
625 337 776 365 Catholieis
797 345 852 364 non

65 386 256 421 imputaretur.
273 384 357 412 Siluit
382 385 547 420 generaliter
561 384 673 412 haeresis
689 384 722 411 de
737 384 853 420 epistola

64 440 77 459 a
90 431 171 460 Junio
186 431 308 459 Patricio
328 431 438 459 inventa
452 440 459 458 :
487 431 643 466 nullusque,
660 431 732 466 quod
754 432 852 463 sciam,

64 484 177 506 novator
188 479 273 513 hujus
288 479 525 507 authenticitatem
551 486 697 515 aggressus
712 482 754 506 est
770 489 777 506 :
806 479 852 505 vix

64 526 142 556 enim.
162 526 192 552 in
206 526 258 553 hac
271 525 405 560 Epistola.
416 530 530 553 sanctus
543 525 670 553 Pontifex
685 525 852 553 delibaverat

64 572 189 600 veritates
204 572 304 599 haeresi
320 571 444 599 odiosas.
470 571 529 599 Dixi
546 572 592 598 vix
606 571 774 599 delibaverat
787 571 851 604 quia

62 626 111 646 non
126 619 257 647 absolute
269 619 303 646 de
317 619 359 647 his
374 620 501 647 omnibus
516 621 651 651 taciterat,
672 622 702 646 ut
715 618 771 653 jam
787 619 852 645 alibi

62 668 184 701 notatum
202 668 256 692 est.
274 664 366 699 Longe
380 665 460 691 aliter
474 672 504 691 se
524 672 568 691 res
584 664 679 690 habuit
699 664 725 691 in
748 664 852 699 episto-

61 712 92 740 lis
107 713 142 740 de
158 712 318 747 virginitate
333 712 514 739 tractantibus
529 721 536 739 :
561 711 748 739 Protestantes
777 713 851 739 enim

60 758 226 794 virginitatis
241 765 345 790 osores,
364 758 444 793 quasi
468 757 591 784 unanimi
615 765 681 785 voce
695 761 791 785 contra
802 765 850 785 au-

61 806 260 833 thenticitatem
273 812 366 832 earum
392 805 610 832 insurrexerunt.
626 804 682 832 Nec
704 805 850 840 quisquam

59 851 120 879 inde
134 852 235 878 mirari
251 851 331 878 debet
347 860 354 878 :
381 860 390 876 (
407 850 508 878 Omnes
523 858 640 886 namque
650 856 776 886 quaerunt
792 852 850 886 pla-

59 898 164 931 centia;
191 905 290 925 omnes
312 904 343 924 ea
367 896 462 924 audire
489 898 608 932 gestiunt
635 891 697 933 quae
727 898 849 926 habenas

58 944 133 971 carni
149 944 254 975 laxent,
270 951 325 970 non
339 951 399 978 qua:
414 942 544 970 inducant
566 945 741 971 conscientiae
753 949 846 973 custo—

58 990 167 1018 diendae
181 990 315 1022 studium,
340 989 481 1024 religionis
504 997 610 1021 curam.
632 989 849 1018 Christianorum

58 1043 168 1063 morum
205 1035 325 1070 pondus.
349 1045 359 1061 ι
399 1034 461 1062 Ilaec
500 1034 631 1063 Wicelius
670 1035 768 1064 Senior
802 1037 849 1072 qui

56 1083 162 1117 optime
176 1085 291 1109 noverat
307 1085 409 1109 sectam
425 1089 485 1116 quae
496 1082 641 1109 seduxerat
653 1082 729 1110 illum
744 1083 777 1110 ".

91 1129 175 1157 Certe
200 1129 224 1156 si
251 1128 450 1164 qualiscunque
473 1128 597 1164 epistola,
623 1129 734 1156 nomine
762 1130 850 1157 sancti

56 1173 210 1202 Clementis
228 1173 368 1209 insignita,
385 1179 491 1209 reperta
507 1173 614 1206 fuisset.
628 1174 708 1208 cujus
721 1174 851 1210 interpre~

57 1221 126 1248 talio
142 1229 256 1249 sensum
275 1221 440 1257 praebuisset
454 1220 588 1249 caelibatui
615 1220 762 1252 infensum,
776 1221 849 1248 mille

55 1266 253 1293 buceinatorcs
269 1266 486 1298 adlaborassent,
501 1266 573 1294 inter
585 1265 728 1296 sectarios,
745 1269 774 1292 ut
788 1273 848 1292 eam

54 1313 328 1347 superextollerent,
359 1312 474 1349 ejusque
502 1313 736 1341 authenticitatem
773 1321 850 1343 asse-

55 1362 163 1386 rerent.

105 1404 134 1431 ld
167 1405 277 1432 abunde
303 1405 401 1440 probat
425 1405 612 1434 testimonium
649 1406 721 1441 quod
752 1411 848 1434 sancto

54 1452 220 1488 Paphnucio
244 1452 371 1480 Socrates
395 1456 449 1480 tam
465 1452 633 1480 mendaciter
645 1454 772 1488 imputat,
786 1458 847 1481 tan-

56 1507 141 1534 quam
172 1500 201 1526 in
224 1500 285 1535 ipso
302 1500 419 1527 concilio
431 1499 542 1527 Nicaeno
559 1500 704 1535 prolatum,
720 1501 849 1536 quodque

56 1555 132 1573 nunc
155 1550 195 1573 tot
221 1547 428 1581 probationibus
449 1546 547 1575 falsum
564 1547 779 1575 demonstratum
795 1552 847 1576 est.

904 299 958 318 non
974 292 1075 319 struxit
1100 295 1172 327 quod
1198 297 1238 319 tot
1265 297 1328 320 ante
1358 293 1433 320 illum
1461 293 1569 321 saeculis
1593 296 1694 322 existe-

904 337 961 368 hat,
988 338 1060 366 sicut
1085 338 1175 366 adhuc
1199 339 1303 373 existit,
1334 340 1506 374 antiquitatis
1530 348 1587 367 suae
1615 342 1693 376 signa

904 383 1060 418 pneferens.
1092 384 1147 412 lmo
1175 394 1229 420 quo
1256 385 1343 420 magis
1364 390 1497 420 suspectae
1520 386 1581 414 lidei
1598 387 1693 414 inven-

905 434 947 456 tor
985 430 1165 465 probabitur,
1206 440 1238 458 (ιο
1273 432 1375 459 clarius
1413 432 1513 467 patebit
1552 433 1692 460 inimicum

903 476 1060 510 dogmalum
1089 478 1315 509 orthodoxorum.
1343 486 1396 505 non
1421 483 1518 512 sponte
1543 479 1570 506 in
1596 487 1692 506 eorum

904 521 1024 548 favorem
1049 527 1103 549 tam
1132 524 1305 558 splendidum
1323 525 1468 559 protulisse
1491 525 1690 554 fulcimentum.

902 566 958 593 Nec:
974 567 1041 594 illud
1055 568 1179 596 exhibuit
1200 569 1259 596 sine
1274 570 1408 597 conviciis
1433 570 1461 597 in
1474 570 1625 599 Ecclesiam
1638 572 1692 600 sibi

902 621 1029 640 IDVISﬂm.

937 659 1091 686 Adnotator
1119 660 1304 695 Epistolarum
1327 661 1529 688 authenticitati
1562 670 1616 689 non
1641 669 1692 690 no-

902 711 953 734 cet.
981 707 1101 740 Quilibet
1125 708 1210 734 lector
1230 707 1368 735 :estimare
1395 708 1483 743 potuit
1497 708 1618 736 valerem
1643 710 1693 737 ob-

899 753 1078 788 jectationum
1100 754 1184 784 illius.
1201 761 1232 781 ac
1248 758 1391 789 penetrare
1419 755 1539 782 animum
1564 755 1692 784 hostilem

902 809 956 836 quo
980 801 1162 829 movebatur:
1191 800 1253 828 Non
1277 803 1345 828 enim
1373 809 1418 828 cor
1445 803 1501 836 ejus
1523 807 1580 829 erat
1593 808 1693 830 rectum

901 855 992 874 coram
1017 847 1128 874 Domino
1156 847 1190 880 “,
1220 855 1282 875 cum
1297 852 1370 876 esset
1391 856 1498 875 vesanae
1513 849 1694 885 philosophiae

865 912 889 942 Β
903 893 962 921 labe
978 893 1117 921 infectum.

937 939 1058 967 Tandem
1074 939 1239 967 inventionis
1269 944 1335 967 mtas
1355 939 1400 967 vix
1426 948 1552 974 campum
1575 941 1691 968 liberum

883 986 1073 1021 'relinquebat
1089 994 1160 1012 verm
1175 986 1323 1013 eruditioni
1337 996 1343 1013 ε
1360 986 1442 1021 hujus
1453 987 1524 1013 enim
1539 988 1626 1014 aetatis
1635 987 1694 1022 phi-

900 1032 1023 1066 losophia
1039 1031 1159 1066 undique
1177 1032 1271 1060 sannis
1289 1040 1321 1059 ac
1336 1032 1458 1060 dicteriis
1473 1032 1602 1060 veritates
1610 1033 1692 1060 etiam

901 1078 1089 1112 apertissimas
1120 1078 1250 1106 audacter
1282 1078 1508 1114 persequebatur.
1537 1077 1600 1105 Ideo
1628 1086 1693 1104 con-

900 1130 1002 1149 versum
1016 1128 1055 1150 est
1070 1129 1215 1151 retrorsum
1226 1124 1370 1158 judicium,
1385 1131 1409 1151 et
1420 1124 1529 1158 justitia
1546 1124 1620 1159 longe
1638 1128 1693 1151 ue—

902 1169 932 1196 tit
943 1173 967 1196 et
982 1171 1081 1196 corruit
1095 1171 1122 1197 in
1142 1171 1232 1204 platea
1247 1172 1344 1198 veritas
1367 1176 1391 1198 et
1417 1171 1527 1205 arquitas
1542 1179 1593 1198 non
1607 1171 1692 1206 potuit

900 1215 1002 1249 ingredi
1017 1217 1050 1244 “.

938 1260 1024 1290 Hodie
1038 1271 1102 1290 vero
1122 1263 1244 1291 Ecclesia
1271 1268 1358 1292 mater
1380 1264 1469 1300 longis
1484 1264 1591 1300 expleta
1614 1263 1693 1291 fasti-

900 1303 953 1337 diis
967 1313 1170 1345 contemptores
1197 1318 1262 1337 suos
1287 1312 1455 1346 contemptui
1476 1311 1591 1338 traditos
1607 1311 1691 1336 inluc-

901 1361 955 1384 tur.
973 1356 1028 1390 lpsi
1039 1357 1097 1392 jam
1113 1357 1251 1384 comedunt
1270 1356 1371 1391 {ructus
1387 1358 1434 1384 vite
1453 1366 1508 1384 sum
1520 1364 1544 1384 et
1559 1357 1615 1383 suis
1631 1363 1694 1382 con-

900 1402 970 1429 siliis
996 1408 1154 1429 saturantur
1165 1403 1197 1430 “.
1230 1403 1258 1430 Si
1282 1403 1406 1438 quaedam
1431 1403 1521 1430 adhuc
1551 1407 1694 1430 remanent

900 1448 998 1482 priscae
1009 1448 1113 1476 fraudis
1125 1452 1286 1479 sectatores,
1302 1450 1375 1475 ultra
1397 1457 1449 1475 non
1473 1448 1611 1483 proﬁcient
1628 1455 1637 1475 :
1651 1448 1694 1475 in-

902 1495 1025 1530 sipientia
1037 1495 1105 1522 enim
1120 1503 1211 1522 eorum
1227 1495 1370 1529 manifesta
1384 1495 1434 1521 erit
1449 1495 1483 1522 ".

938 1541 972 1568 Et
987 1549 1070 1574 nunc,
1090 1541 1182 1569 divine
1209 1541 1346 1572 Clemens,
1363 1549 1489 1576 exsurge,
1516 1544 1542 1568 et
1555 1540 1634 1576 quasi
1658 1539 1693 1567 de

88 1591 149 1619 Nec
167 1580 273 1626 negabo
286 1593 337 1618 tria
365 1594 548 1625 concurrisse,
572 1601 626 1620 non
649 1598 678 1620 ut
688 1580 885 1629 pessumda--c
903 1589 1025 1616 tenebris
1038 1596 1160 1623 erllmpe-
1179 1587 1263 1615 δοηει
1279 1591 1376 1615 “erum
1392 1596 1444 1615 VM
1461 1593 1507 1615 ιιιτι
1528 1588 1617 1615 ἀυῖείδ
1632 1595 1694 1622 qui?

55 1643 145 1669 retur,
162 1638 212 1666 sed
227 1642 257 1665 ut
276 1638 430 1665 ditTerretur
455 1639 557 1674 agnitio
572 1639 790 1668 authenticitatis
803 1647 850 1667 no-

55 1690 180 1712 strarum
196 1684 380 1719 Epistolarum
394 1694 401 1712 :
418 1685 506 1720 primo
521 1686 701 1719 inventorem,
725 1687 848 1714 secundo

55 1732 262 1764 atlnotatorem,
279 1732 362 1759 tertio
375 1733 541 1760 inventionis
555 1737 674 1761 aetatem.

90 1778 280 1810 lnventorem,
294 1778 340 1813 qui
352 1779 422 1813 apud
433 1787 498 1807 suos
507 1779 589 1806 etiam
605 1783 740 1815 suspecta
755 1779 849 1807 admo-

55 1824 121 1850 dum
148 1823 212 1850 ﬁdei
230 1829 308 1858 erat;
325 1825 524 1858 adnotatorem,
541 1826 588 1860 qui
607 1833 705 1854 nomen
731 1826 848 1854 habebat

57 1870 130 1897 inter
144 1870 235 1897 ultimi
250 1870 342 1898 saeculi
358 1871 536 1907 philosophos
551 1875 576 1899 et
597 1872 624 1899 in
636 1871 775 1899 academia
792 1871 848 1899 Ro-

58 1917 234 1951 thomagensi
262 1921 293 1944 ut
320 1916 461 1944 oraculum
486 1917 659 1945 audiebatur.
681 1917 849 1946 lnventionis

56 1966 175 1995 aetatem,
185 1970 269 1997 quam
281 1971 377 1991 vocare
386 1971 528 1998 possemus
544 1964 745 1992 incredulitatis
753 1972 846 1993 :eram.

57 2008 119 2036 lbec
143 2017 217 2036 nunc
241 2009 383 2045 prodesse,
407 2018 463 2038 non
495 2018 596 2039 nocere
621 2011 722 2039 debent
744 2011 848 2048 judicio

57 2055 240 2083 eruditorum.

91 2222 112 2240 ⁵⁸
130 2223 218 2259 Epist.
234 2223 252 2252 8
265 2222 348 2258 Jun.,
367 2223 446 2254 1555.

484 2224 508 2241 ⁸⁸
525 2224 599 2254 Psal.
615 2233 726 2261 Lxxvn,
746 2227 791 2256 '57.
829 2228 853 2244 ι’
875 2227 927 2256 lsa.
944 2236 1003 2261 LIX,
1021 2227 1053 2254 ιι

904 1636 992 1670 prima
1009 1636 1174 1671 virginitatis
1187 1635 1242 1662 lilia
1261 1634 1436 1661 immaculato
1452 1639 1478 1662 et
1491 1635 1593 1661 intacto
1602 1633 1692 1668 splen-

903 1684 970 1711 dore
987 1683 1052 1710 olim
1066 1684 1200 1711 adornare
1222 1683 1366 1718 gestiebat.
1384 1682 1421 1710 Te
1440 1682 1570 1717 perflante
1582 1681 1692 1708 hortum

903 1728 1043 1760 Ecclesiae,
1060 1729 1145 1756 ﬂuant
1170 1732 1291 1756 aromata
1321 1729 1410 1760 illius;
1432 1727 1494 1755 novi
1520 1734 1629 1761 semper
1643 1733 1693 1761 ap-

903 1778 1017 1808 pareant
1030 1774 1111 1802 ﬂores
1127 1775 1155 1801 in
1169 1778 1242 1801 terra
1258 1778 1363 1801 nostra.
1392 1772 1448 1800 llos
1474 1772 1553 1800 ﬂores
1569 1775 1691 1807 Protege,

903 1829 1041 1856 nunquam
1057 1821 1200 1854 deficiant;
1229 1826 1369 1855 nunquam
1397 1821 1578 1846 marcescant.
1609 1817 1693 1845 Sacer

902 1867 1036 1903 pontifex.
1060 1868 1137 1902 virgo
1161 1865 1302 1897 sacerdos,
1327 1865 1448 1893 cmlestis
1476 1871 1538 1891 rore
1560 1863 1692 1891 doctrina:

902 1921 984 1948 pasce
999 1912 1131 1946 clericos;
1147 1919 1227 1947 pasco
1242 1911 1434 1946 presbyteros;
1451 1916 1532 1944 pasce
1549 1908 1690 1944 praesules;

902 1968 985 1996 pasce
1000 1960 1132 1988 candidas
1148 1967 1264 1995 sponsas
1279 1957 1392 1989 Christi,
1421 1956 1465 1983 cui
1481 1964 1543 1983 eum
1568 1955 1648 1982 l’atre
1662 1957 1691 1981 et

903 2008 1006 2043 Spiritu
1024 2011 1119 2035 sancto
1134 2007 1169 2035 sit
1186 2006 1273 2034 honor
1297 2009 1323 2034 et
1347 2004 1433 2040 gloria
1448 2003 1475 2030 in
1492 2002 1591 2030 saecula
1603 2008 1690 2029 saecu-

902 2056 1001 2083 lorum.
1014 2054 1110 2083 Amen.

1104 2227 1127 2243 “
1145 2226 1227 2254 Prov.
1241 2233 1266 2258 ι,
1281 2224 1326 2252 3i.
1364 2223 1386 2238 ’⁷
1405 2221 1428 2250 ll
1443 2221 1515 2250 Tim.
1532 2228 1563 2249 Ill
1575 2241 1584 2254 ,
1598 2220 1627 2249 9.
