1869 3104
189 160 239 187 ισδ

618 159 647 186 ε.
668 156 863 186 CLEMENTIS
881 156 890 183 Ι
910 156 994 184 ROM.
1015 155 1117 183 PONT.
1137 154 1251 183 OPERA
1271 154 1383 182 DUBIA.

1764 150 1805 178 161.

811 258 1102 304 EPISTOLA
1138 259 1178 302 Ι.

717 356 762 383 AD
780 353 939 383 JACOBUM
956 353 1124 382 FRATREM
1143 352 1273 381 DOMlNl.

187 430 305 458 Eminet
319 428 455 461 Clemens,
470 436 523 464 qua
541 426 754 465 ratione_Pelrus
774 425 844 465 breui
862 426 1023 465 morituras,
1042 421 1349 465 cong‘regtz‘tt's'fmlribus
1360 441 1368 453 ,
1386 425 1412 465 et
1431 421 1554 465 eaut-ioue
1572 418 1807 465 Homicidii?

324 455 466 492 Clementis
476 455 606 501 'metjtum
623 462 713 496 effert,
729 466 754 488 et
777 461 862 488 multa
866 461 900 501 fi
917 459 1000 501 tradit
1015 455 1276 501 regenawvlg'ccle'siw
1291 455 1805 501 prefeeptrazjip'sumL-sioisuperfora-

223 490 344 532 δήθἷῆοῇ
361 490 392 526 oc
402 499 511 534 jubetur
525 490 718 530 Clemeni'post
733 502 844 524 mortem
860 495 937 523 Petri
950 490 1079 529 epitam'en
1093 490 1314 528 prwdicationurn
1328 492 1411 527 ipsius
1426 491 1460 518 ad
1473 490 1605 518 Iacobum
1621 490 1740 516 mittere.

221 581 332 617 (Eadem
348 585 388 609 est
398 588 431 608 ac
442 587 570 617 sequens.
584 579 635 607 nisi
647 579 721 617 quod
738 579 831 607 multis
846 575 1100 617 interpolationibus
1116 575 1150 602 ab
1167 574 1270 603 Isidoro
1281 573 1439 605 Mercatore,
1455 579 1504 600 seu
1519 570 1610 607 potius
1629 569 1664 597 ab
1676 567 1734 596 alio
1748 574 1810 603 quo-

188 611 249 644 dain
266 617 351 644 multo
365 623 447 651 quam
469 611 590 643 lsidorus
612 615 765 650 antiquiore
780 617 888 642 accreta
907 611 972 648 est.)

714 790 918 836 EADEM
956 786 1265 834 EPISTOLA.

616 919 712 953 Ruﬁno
729 918 844 950 Torona,
857 917 1019 953 Aquileiensi
1032 917 1194 952 presbytero,
1210 915 1351 949 interprete
1365 915 1396 943 "‘.

222 1079 346 1107 Cas-ass
364 1078 466 1107 ΙΑεοιιο
483 1079 540 1116 (28)
556 1079 635 1107 fratri
652 1079 760 1107 Domini
774 1100 783 1113 ,
798 1084 825 1108 et
843 1072 1007 1116 EpiscopoA
1022 1080 1081 1108 sius
1094 1078 1223 1107 Romana:
1236 1079 1312 1106 urbis
1325 1078 1408 1114 hujus
1429 1079 1571 1114 notitiam,
1592 1083 1622 1107 ut
1640 1080 1726 1108 etiam
1750 1081 1806 1117 ipsa

185 1128 390 1162 episcoporum,
405 1127 508 1162 regenti
522 1125 710 1161 lHebratorum
734 1131 859 1154 sanctam
878 1126 974 1155 Eccle-

186 1174 255 1202 siam
279 1173 495 1209 Hierosolymis,
511 1174 559 1202 sed
579 1178 608 1202 et
628 1181 724 1202 omnes
745 1173 894 1204 Ecclesias.
911 1181 974 1209 quae

185 1221 287 1256 ubique
301 1221 348 1249 Dei
366 1220 537 1256 providentia
550 1220 671 1249 fundatas
687 1226 762 1255 sunt,
781 1229 844 1249 cuin
860 1221 972 1258 presby-

184 1269 252 1297 teris
269 1271 297 1295 et
315 1268 487 1301 diaconibus.
509 1273 537 1297 et
554 1269 662 1297 caeteris
685 1269 814 1297 omnibus
829 1268 972 1297 fratribus.

183 1312 242 1341 Pax
257 1313 306 1341 tibi
316 1314 353 1341 sit
366 1321 483 1349 semper.

222 1389 322 1417 Notum
331 1388 354 1407 “
384 1389 433 1417 tibi
456 1389 545 1422 facio,
567 1389 692 1423 domine,
712 1391 776 1426 quia
803 1390 897 1419 Simon
919 1390 971 1419 Pe-

186 1438 247 1463 trus
263 1435 331 1471 (29),
344 1435 392 1470 qui
407 1443 477 1463 verte
490 1435 551 1463 ﬁdei
569 1436 684 1469 merito,
704 1440 730 1464 et
746 1437 857 1472 integra:
872 1437 973 1472 praedi-

187 1481 305 1509 cationis
320 1481 448 1515 obtentu,
467 1481 670 1509 fundamentum
689 1489 750 1510 esse
765 1482 893 1510 Ecclesiae
905 1483 972 1511 deﬁ-

188 1528 264 1555 nitus
282 1531 343 1559 est,
367 1535 420 1563 qua
436 1527 470 1555 de
485 1535 568 1556 causa
588 1528 670 1556 etiam
695 1528 802 1556 Domini
816 1536 864 1557 ore
878 1529 971 1557 divino

187 1574 396 1609 cognominatus
409 1578 451 1602 est
461 1574 559 1603 Petrus
569 1595 577 1607 ,
591 1575 638 1610 qui
654 1575 705 1602 fuit
718 1576 844 1610 primitiae
859 1576 972 1604 electio-

187 1619 231 1645 nis
244 1618 362 1651 Domini,
376 1620 562 1654 apostolorum
577 1620 692 1654 primus,
702 1621 745 1648 cui
760 1624 787 1648 et
802 1621 891 1656 pritno
900 1621 971 1650 Deus

187 1665 266 1692 Pater
282 1663 381 1692 Filium
399 1665 545 1698 revelavit,
566 1666 611 1693 cui
626 1670 653 1694 et
667 1665 794 1695 Christus
814 1671 971 1703 competen-

184 1715 230 1739 ter
240 1712 436 1739 beatitudinem
452 1713 577 1745 contulit,
593 1713 639 1748 qui
654 1718 681 1740 et
695 1718 808 1741 vocatus
822 1718 865 1741 est
879 1718 905 1742 et
915 1715 971 1742 ele-

1022 1126 1186 1157 salvaretur.
1201 1125 1320 1159 invexit;
1336 1125 1381 1152 hic
1391 1145 1399 1156 .
1419 1125 1548 1160 inquam,
1565 1133 1616 1161 pro
1636 1126 1742 1161 pietate
1756 1128 1808 1162 pati

1021 1172 1116 1199 volens
1134 1175 1296 1207 praesentem
1313 1170 1398 1197 vitam
1418 1170 1505 1198 ﬁnivit
1520 1171 1554 1198 ’°.
1571 1171 1601 1198 In
1617 1172 1688 1206 ipsis
1717 1178 1806 1200 autem

1021 1218 1130 1250 diebus,
1142 1217 1242 1253 quibus
1254 1217 1317 1244 vitae
1331 1216 1413 1244 ﬁnem
1430 1216 1484 1244 sibi
1498 1216 1641 1245 imminere
1655 1219 1810 1253 praesensit,

1021 1264 1050 1292 in
1072 1267 1209 1291 conventu
1231 1263 1347 1290 fratrum
1372 1262 1500 1298 positus,
1529 1263 1703 1297 apprehensa
1729 1271 1810 1291 manu

1021 1316 1093 1340 mea,
1106 1312 1218 1343 repente
1234 1315 1405 1343 consurgens
1415 1327 1423 1339 ,
1438 1307 1466 1334 in
1482 1308 1595 1336 auribus
1610 1309 1696 1336 totius
1717 1308 1811 1338 Eccle-

1022 1353 1070 1381 sia:
1091 1353 1149 1380 hac
1169 1353 1283 1388 protulit
1308 1353 1390 1380 verba
1408 1361 1415 1380 :
1438 1361 1448 1378 t
1470 1351 1570 1380 Audite
1595 1360 1638 1380 me
1659 1352 1763 1382 fratres
1785 1359 1810 1382 et

1021 1399 1148 1427 conservi
1163 1398 1216 1426 mei
1230 1408 1237 1426 :
1252 1398 1393 1433 quoniam,
1405 1401 1438 1425 ut
1456 1399 1571 1426 edoctus
1586 1406 1646 1427 sum
1664 1400 1698 1427 ab
1717 1408 1752 1427 eo
1766 1401 1810 1435 qui

1021 1445 1098 1472 misit
1114 1453 1171 1478 me,
1188 1444 1305 1472 Domino
1318 1449 1346 1473 et
1361 1445 1494 1481 magistro
1515 1453 1576 1473 meo
1594 1445 1661 1473 Iesu
1682 1446 1810 1479 Christo.

1021 1490 1080 1519 dies
1095 1490 1192 1519 mortis
1201 1498 1268 1518 meat
1278 1491 1373 1523 instat,
1383 1491 1551 1519 Clementem
1568 1492 1640 1519 hunc
1650 1492 1810 1528 episcopum

1021 1536 1100 1564 vobis
1112 1537 1220 1570 ordino,
1236 1537 1281 1564 cui
1296 1537 1347 1565 soli
1362 1545 1430 1565 mea:
1445 1537 1647 1572 pradicationis
1663 1542 1692 1566 et
1706 1539 1810 1567 doctri-

1022 1590 1063 1610 na:
1094 1583 1250 1611 cathedram
1280 1583 1360 1610 trado
1373 1584 1395 1599 "
1413 1593 1420 1611 :
1437 1584 1483 1619 qui
1495 1584 1562 1611 mihi
1577 1585 1611 1612 ab
1625 1584 1708 1612 initio
1725 1593 1811 1621 usque

1022 1629 1050 1656 in
1066 1628 1146 1656 finem
1162 1637 1255 1657 eomes
1266 1630 1295 1657 in
1315 1630 1442 1658 omnibus
1457 1630 1520 1662 fuit,
1532 1634 1560 1657 et
1573 1638 1622 1665 per
1634 1630 1688 1658 hoc
1710 1632 1812 1659 verita-

1020 1677 1075 1702 tem
1097 1675 1181 1702 totius
1196 1683 1262 1703 mete
1277 1675 1480 1710 praedicationis
1492 1676 1603 1711 agnovit
1620 1686 1626 1703 :
1645 1677 1692 1711 qui
1713 1677 1744 1704 in
1754 1685 1812 1704 om-

1021 1720 1105 1748 nibus
1120 1721 1322 1749 tentationibus
1343 1722 1412 1749 meis
1433 1721 1527 1748 socius
1548 1722 1673 1754 exstitit,
1695 1722 1812 1750 ﬁdeliter

183 1760 257 1790 ctus,
274 1761 301 1785 et
314 1758 428 1785 conviva
443 1757 550 1785 Domini
564 1763 592 1786 et
606 1766 698 1787 comes
706 1759 829 1791 eﬁ‘ectus,
841 1764 968 1796 tanquam
984 1762 1006 1789 Β
1023 1773 1203 1801 perseverans
1217 1774 1315 1802 :quem
1328 1770 1385 1802 pra:
1392 1766 1497 1794 caeteris
1507 1771 1637 1802 expertus
1652 1775 1716 1795 Sum
1727 1768 1810 1795 Deum

184 1803 273 1830 bonus
293 1806 320 1830 et
342 1803 554 1838 probatissimus
577 1804 741 1840 discipulus,
759 1805 806 1841 qui
828 1806 971 1834 obscurio-

184 1857 243 1876 rem
255 1849 349 1876 mttndi
365 1849 471 1884 plagam
484 1848 641 1878 Occidentis
664 1849 756 1886 (velut
776 1852 897 1878 omnium
919 1860 970 1887 po-

183 1894 296 1931 tentior)
313 1895 468 1922 illuminare
481 1900 633 1931 praeceptus
648 1900 700 1931 est,
715 1897 816 1933 quique
830 1902 857 1925 et
865 1898 969 1934 integre

183 1941 273 1975 potuit
294 1940 408 1976 implere
428 1945 602 1977 praeceptum.
630 1941 684 1970 Sed
704 1951 847 1978 quousque
864 1951 970 1971 sermo.

184 1995 248 2014 nem
262 1987 393 2022 protraho
406 2007 414 2019 ,
436 1987 576 2023 refugiens
596 1988 718 2016 indicare
732 1989 803 2023 quod
816 1989 895 2016 triste
908 1993 967 2021 est,

183 2033 256 2069 quod
268 2033 377 2069 quidem
395 2041 507 2062 necesse
521 2038 573 2067 est,
588 2035 651 2063 licet
664 2036 752 2067 tarde,
767 2036 908 2071 proferre?
919 2036 969 2064 llic

183 2081 302 2116 denique
321 2082 380 2117 ipse
393 2081 491 2111 Petrus
501 2103 509 2115 ,
528 2084 575 2118 qui
597 2091 647 2119 pro
662 2084 796 2112 immensa
814 2085 948 2113 charitate
959 2106 967 2118 ,

183 2136 266 2163 quam
287 2137 353 2163 erga
377 2137 473 2157 omnes
496 2129 622 2158 homines
639 2131 770 2165 gerebat,
795 2132 884 2166 palam
906 2140 968 2160 cum

184 2174 258 2202 omni
290 2175 391 2202 ﬁdttcia
420 2175 601 2210 (adversante
627 2177 709 2204 etiam
743 2181 861 2212 tyranno
885 2180 969 2206 totius

184 2220 290 2256 mundi)
302 2221 403 2248 bonum
416 2222 564 2256 praedicare
576 2230 630 2250 non
643 2222 759 2254 destitit.
770 2228 797 2251 et
808 2232 897 2259 regem
913 2232 968 2251 om-

184 2266 258 2295 nium
274 2267 435 2294 saaculorum
448 2275 495 2302 per
508 2268 602 2296 orbem
619 2273 716 2301 terrai,
739 2273 766 2296 et
777 2277 864 2304 usque
877 2269 910 2297 ad
926 2270 969 2305 ip.-

1023 1811 1175 1844 colentem,
1195 1812 1320 1841 homines
1341 1813 1516 1848 diligentem,
1537 1817 1664 1846 castum,
1686 1814 1809 1842 discendi

1023 1857 1123 1885 studiis
1136 1857 1269 1889 deditum,
1287 1858 1423 1890 sobrium,
1439 1857 1588 1894 benignum
1598 1879 1607 1891 ,
1620 1859 1729 1894 justum
1740 1880 1748 1892 ,
1764 1867 1809 1894 pa-

1022 1903 1135 1931 tientem
1147 1924 1154 1935 ,
1169 1907 1195 1931 et
1209 1904 1340 1932 scientem
1356 1903 1428 1931 ferre
1446 1905 1641 1932 nonnullorum
1662 1905 1758 1940 (etiam
1777 1913 1807 1933 ex

1023 1951 1068 1978 his
1092 1950 1139 1985 qui
1169 1951 1196 1977 in
1217 1951 1300 1978 verbo
1323 1950 1371 1978 Dei
1395 1951 1588 1986 instituuntur)
1608 1951 1741 1986 injurias.

1058 1995 1175 2033 Propter
1191 1998 1265 2033 quod
1281 1995 1334 2031 ipsi
1343 1996 1421 2023 trado
1438 2005 1453 2023 a
1472 1996 1586 2024 Domino
1599 1997 1667 2024 mihi
1681 1998 1806 2026 traditam

1021 2046 1182 2077 potestatem
1199 2042 1300 2077 ligandi
1312 2046 1339 2069 et
1354 2043 1495 2077 solvendi;
1512 2047 1542 2070 ut
1552 2043 1586 2070 de
1600 2044 1733 2072 omnibus
1749 2045 1807 2080 qui-

1022 2087 1183 2123 buscunque
1196 2088 1348 2116 decreverit
1359 2089 1388 2116 in
1402 2089 1493 2121 terris.
1507 2089 1560 2116 hoc
1571 2089 1716 2117 decretum
1732 2091 1768 2118 sit
1782 2095 1807 2118 et

1022 2134 1050 2161 in
1064 2134 1152 2162 caelis.
1165 2133 1270 2170 Ligabit
1292 2135 1364 2162 enim
1379 2135 1451 2170 quod
1466 2138 1573 2169 oportet
1587 2134 1667 2170 ligari
1679 2156 1687 2167 ,
1712 2139 1742 2163 et
1755 2136 1807 2164 sol-

1021 2184 1067 2207 vet
1083 2180 1156 2215 quod
1173 2181 1282 2216 expedit
1293 2181 1381 2215 solvi,
1394 2185 1524 2216 tanquam
1546 2181 1593 2216 qui
1613 2181 1648 2208 ad
1672 2181 1807 2216 liquidum

1019 2226 1148 2254 Ecclesia:
1170 2227 1292 2262 regulam
1316 2228 1423 2255 noverit
1437 2227 1470 2255 ".
1491 2226 1583 2262 Ipsum
1604 2234 1672 2262 ergo
1693 2228 1806 2258 audite,

1020 2274 1142 2301 scientes
1164 2274 1228 2308 quia
1253 2274 1411 2309 quicunque
1433 2273 1640 2301 contristaverit
1664 2272 1806 2301 doctorem

222 2367 244 2408 ξ’
264 2367 421 2408 \iidehpEef.
437 2369 464 2395 in
480 2368 592 2408 Recogn.
608 2368 647 2408 ad
659 2367 851 2408 gaudentium,
866 2367 912 2408 ubi
929 2367 1050 2408 ajtlianc
1066 2376 1085 2408 a_
1102 2377 1131 2396 se
1147 2369 1212 2408 olim
1234 2369 1434 2408 interpretatum
1450 2369 1658 2408 atqne_editam.
1697 2367 1803 2408 f’_\{'iule

186 2401 256 2439 i_nfra
270 2403 301 2437 (ι,
316 2401 352 2439 Ιῌ
364 2402 500 2439 Ερίεοιῃεη
520 2401 638 2439 historiae
649 2403 839 2439 pClemerttt'me,
861 2402 919 2439 sive
939 2402 1046 2439 Librum
1067 2403 1100 2430 de
1121 2404 1200 2439 gestis
1214 2401 1398 2435 sancti'Petri,
1413 2401 1578 2439 aitno]555,
1591 2411 1675 2438 opera
1689 2403 1803 2431 Adriani

187 2437 304 2464 'l‘urnehi
322 2438 415 2466 Graece
425 2438 539 2470 editum,
553 2443 580 2466 et
595 2437 691 2466 Latine
702 2437 838 2473 redditum
852 2445 866 2465 a
878 2437 1019 2466 Ioachimo
1034 2437 1162 2467 Perionio
1173 2439 1206 2466 Ο.
1220 2439 1250 2466 Β.
1287 2440 1311 2456 ⁸⁸
1323 2440 1401 2467 Gesta
1414 2440 1471 2466 sive
1484 2437 1680 2473 Epitome’eit”
1698 2447 1726 2473 p.
1742 2439 1803 2467 ΗΞ.

185 2473 250 2499 edit.
273 2472 446 2501 Coloniensis
470 2482 535 2501 ann.
562 2473 642 2501 1569.

187 2508 329 2535 Alexandri
344 2516 418 2543 papa:
432 2508 453 2536 Ι.

697 2472 720 2489 ⁸⁸
745 2472 837 2500 Const.
858 2480 907 2507 vn,
931 2473 977 2500 46.

1033 2474 1056 2490 ’¹
1072 2474 1100 2501 Η
1126 2478 1223 2510 quaest.
1239 2474 1266 2507 3,
1280 2475 1433 2509 Quicunque
1451 2474 1573 2501 contrist.
1591 2473 1623 2501 Et
1644 2474 1673 2501 in
1692 2475 1775 2509 epist.
1790 2474 1800 2500 i

214 2580 270 2616 (28)
286 2580 353 2608 Cum
369 2580 427 2608 haec
437 2580 551 2615 epistola
568 2579 668 2616 scripta
679 2579 724 2611 sit,
739 2582 770 2616 ut
783 2578 813 2616 i_n
829 2578 918 2616 fronte
936 2582 963 2605 et
977 2581 998 2610 ο
1015 2577 1140 2616 r_epserit.
1154 2577 1192 2616 l_ta
1205 2576 1371 2616 Possevinus
1382 2577 1409 2616 ἰῃ
1423 2576 1561 2610 Apparatu
1575 2585 1666 2610 sacro,
1679 2578 1709 2606 in
1721 2579 1805 2607 verba

547 2620 590 2642 0st.
608 2614 712 2642 obitum
737 2613 766 2641 S.
783 2613 867 2645 Petri,
881 2613 964 2640 adeo-

178 2617 267 2652 eapite
280 2616 354 2642 illius
369 2619 480 2651 apparet
491 2635 499 2647 ,

535 2649 642 2682 eronis,
664 2649 698 2676 ad
711 2648 841 2676 Iacobum
854 2649 964 2676 fratrem

178 2660 232 2689 que
248 2655 309 2689 Ροβί
327 2658 375 2689 Ill!
396 2658 497 2677 annum
511 2655 642 2689 Νετοῃις,
662 2655 698 2689 βα
711 2655 841 2689 Iacobum
854 2655 934 2689 ωλι-ξς

203 2683 287 2715 omini
310 2686 411 2720 scripta
430 2692 492 2713 esse
510 2686 622 2720 nequit:
640 2688 733 2719 utpote
750 2684 808 2720 qui,
823 2687 891 2720 teste
902 2683 967 2720 Hie-

179 2730 240 2750 ron.
254 2721 291 2748 De
306 2718 374 2747 uiris
384 2718 678 2755 illustribusfseptimo’
689 2718 764 2746 anno
771 2718 887 2755 Neronis
902 2718 966 2755 Hie-

178 2755 325 2794 rosolymis
350 2756 458 2794 occisus
481 2760 540 2794 est;
566 2755 638 2794 unde
653 2758 737 2794 patet,
749 2755 821 2794 quod
836 2754 893 2794 hmo
907 2754 949 2794 epi
959 2767 966 2773 -

180 2789 263 2820 stola'
283 2791 327 2818 vel
356 2799 412 2818 non
436 2791 472 2818 sit
491 2789 658 2821 Clementis,
687 2790 728 2816 vel
742 2790 834 2824 potius
857 2789 891 2815 ad
920 2789 964 2816 Si-

180 2834 300 2858 monem,
327 2827 374 2861 qui
395 2826 477 2853 etiam
489 2826 573 2853 frater
587 2825 692 2853 Domini
711 2823 772 2861 fuit,
793 2824 893 2861 scripta
917 2824 963 2861 sit.

179 2865 208 2890 ot
224 2862 252 2890 in
264 2859 373 2890 titulum
387 2862 510 2898 epistolae
530 2861 659 2889 mendose
675 2867 739 2892 vox.
752 2859 882 2887 Iacobum
893 2878 900 2892 ,
925 2859 963 2886 ir-

1017 2611 1143 2641 Cisusus
1157 2612 1296 2640 Βοιλιωε.
1309 2611 1372 2640 Sev.
1388 2611 1489 2641 BINIUS.

1053 2648 1283 2685 (29)7Sequet_ttes
1307 2647 1444 2685 variantes
1465 2648 1610 2685 lectiones.
1637 2649 1804 2685 notulasque

1017 2682 1199 2718 suppeditavit
1209 2682 1379 2714 'Harduinus,
1392 2683 1438 2717 qui
1453 2690 1506 2710 non
1517 2684 1566 2711 has
1579 2683 1733 2712 Clementis
1751 2682 1805 2720 epi-

1017 2720 1102 2746 stolas
1115 2723 1234 2747 tantum.
1247 2718 1295 2745 sed
1308 2718 1390 2745 etiam
1409 2718 1528 2747 reliquas
1543 2718 1703 2746 lsidorianaa
1719 2721 1802 2747 colle-

1017 2723 1102 2746 stolas
1115 2723 1234 2749 tantum,
1247 2723 1295 2745 sed
1308 2723 1390 2745 etiam
1409 2723 1528 2752 reliquas
1543 2723 1703 2746 lsidorianaa
1719 2723 1802 2747 colle-

1015 2754 1115 2789 ctionis
1129 2753 1244 2781 contulit
1255 2760 1320 2789 cum
1333 2761 1385 2789 ms.
1399 2752 1574 2789 Bibliotheca:
1585 2755 1691 2789 collegii
1713 2754 1798 2782 Paris.

1019 2787 1082 2816 Soc.
1097 2788 1178 2822 Iesu;
1201 2790 1228 2815 iu
1244 2796 1299 2822 quo
1315 2788 1397 2850 huéus
1410 2787 1531 2822 epistolae
1542 2789 1587 2816 hic
1605 2787 1704 2818 titulus
1719 2790 1799 2816 habe—

1019 2828 1083 2850 tur:
1100 2823 1198 2850 Ineivit
1209 2823 1330 2850 Epistola
1367 2822 1485 2850 (ementis
1499 2822 1535 2850 ad
1544 2823 1674 2850 Iacobum
1689 2825 1795 2850 fratrea:

1017 2828 1064 2850 tur
1076 2833 1083 2851 :
1100 2823 1198 2859 Incipit
1209 2823 1330 2858 Epistola
1343 2822 1485 2859 Ciementis
1499 2822 1535 2851 ad
1544 2823 1674 2852 Iacobum
1688 2825 1795 2859 fratrea:

1018 2859 1133 2887 Domini.
1152 2857 1230 2890 Deest
1243 2862 1343 2890 autem,
1357 2857 1462 2889 Petrus,
1477 2863 1560 2888 recte.
