1869 3104
56 131 106 160 ωδ

643 129 824 158 EPISTOLxE
844 129 1081 158 DECRETALES.

1617 129 1672 158 ‘66

55 188 187 221 veritatis,
202 192 306 224 peccat
326 188 354 216 in
369 187 528 222 Christum,
551 191 578 215 et
596 186 706 215 Patrem
720 187 841 216 omnium
856 187 879 216 A
893 191 921 214 et
936 195 1044 215 summo
1055 187 1146 215 studio
1161 187 1223 218 niti,
1239 190 1269 214 ut
1285 194 1382 215 omnes
1394 187 1456 216 vitae
1467 187 1550 223 hujus
1561 196 1679 223 occupa-

56 234 199 264 exacerhat
222 234 311 261 Deum
321 254 328 266 ,
341 237 454 269 propter
468 233 541 269 quod
558 237 586 261 et
599 234 654 261 vita
668 233 783 261 carebit.
798 232 842 267 lp-

56 288 114 308 sum
131 284 221 306 autem
237 279 285 314 qui
300 282 401 314 praeest
415 279 523 307 caeteris
534 298 542 310 .
562 282 670 313 oportet
689 277 788 306 medici
801 278 843 304 vi-

54 334 112 354 cem
128 333 221 361 agere,
237 330 265 352 et
280 333 334 352 non
349 324 413 352 ferae
430 324 524 352 bestiae
535 323 628 352 furore
638 323 815 352 commoveri.
830 332 840 350 ι

56 372 116 400 Haec
130 381 164 401 eo
176 372 297 404 dicente,
313 379 362 408 ego
374 372 522 407 procidens
534 372 567 400 ad
580 371 662 407 pedes
678 371 749 406 ejus,
764 378 843 406 roga-

55 420 126 451 bam,
143 426 283 446 excusans
308 426 370 451 me,
393 421 420 446 et
445 418 587 446 declinans
602 418 734 445 honorem
750 419 843 445 cathe-

55 467 118 497 drae,
135 465 179 493 vel
197 468 372 500 potestatem.
388 463 422 492 At
437 464 482 492 ille
502 463 672 499 respondens
688 473 695 491 ε
712 463 765 491 Pro
780 463 841 497 hoc,

55 511 144 546 inquit
156 531 164 543 ,
180 518 216 538 ne
231 518 274 538 me
295 510 446 545 rogaveris.
469 508 526 537 lloc
545 509 617 537 enim
634 509 691 537 ﬁeri
710 514 842 537 statutum

55 562 94 585 est
106 557 186 589 mihi,
205 559 232 583 et
244 564 277 583 eo
291 556 389 590 magis,
402 555 474 591 quod
490 563 608 583 excusas
621 564 628 589 ;
645 555 708 591 quia
725 556 782 584 haec
796 564 842 585 ca-

53 602 148 629 thedra
164 610 228 630 eum
241 602 287 636 qui
302 601 375 636 cupit
389 609 459 632 eam,
479 605 506 629 et
521 601 648 629 audacter
661 602 773 636 expetit,
787 609 840 629 non

53 647 185 682 requirit,
203 646 252 674 sed
268 650 393 673 ornatum
410 645 532 674 moribus
550 650 576 673 et
597 646 625 673 in
640 646 730 674 verbis
749 646 842 674 erudi-

52 697 120 720 tum.
140 692 219 726 Quod
237 693 260 720 si
275 696 347 720 esset
359 692 429 719 alius
446 692 557 723 melior,
573 693 596 720 si
612 693 675 727 quis
690 693 757 720 mihi
772 692 842 719 alius

53 739 165 773 adjutor
179 743 236 766 tam
258 737 371 766 sedulus
388 738 538 770 astitisset.
561 738 584 765 si
611 738 673 773 quis
689 742 744 765 tam
764 738 842 773 plene

51 784 185 812 doctrina
200 791 268 812 mea:
282 784 413 812 rationem
429 784 559 818 cepisset,
574 784 621 811 sed
635 787 663 811 et
673 783 842 811 ecclesiasti-

52 838 98 858 cas
122 830 321 865 dispositiones
343 837 358 856 a
377 837 420 856 me
440 833 496 856 tam
518 828 597 864 plene
616 828 775 861 didicisset,
792 828 840 856 ha-

50 874 117 902 bens
129 875 216 902 alium
232 875 388 907 talem,non
401 877 429 902 te
444 882 567 910 cogerem
581 882 650 910 opus
662 875 762 902 bonum
778 882 840 902 sus-

50 921 144 956 cipere
163 921 317 949 nolentem.
337 920 510 956 Superﬂuum
530 924 571 948 est
586 928 651 956 ergo
671 921 753 948 alium
766 928 840 956 quae-

50 975 120 1000 rere,
136 976 203 996 cum
223 968 361 1004 primitias
374 975 470 995 eorum
485 967 532 1003 qui
547 975 581 995 ex
592 967 718 1003 gentibus
733 975 783 1002 per
797 975 840 995 me

51 1014 209 1046 salvantur,
225 1018 254 1041 et
266 1014 401 1049 praecipue
416 1013 499 1048 hujus
511 1014 599 1048 urbis,
614 1018 641 1041 te
659 1013 775 1049 primum
789 1013 840 1041 ob-

49 1061 160 1089 tulerim
177 1059 246 1088 Deo.
264 1059 317 1087 Sed
332 1063 360 1087 et
381 1060 447 1087 illud
463 1060 583 1092 intuere,
599 1060 663 1095 quia
685 1059 708 1088 si
734 1060 841 1095 pericu-

50 1106 104 1132 lum
117 1105 228 1141 peccati
239 1105 339 1132 timens
349 1125 356 1138 ,
378 1105 518 1140 suscipere
535 1105 639 1141 refugis
652 1105 780 1133 Ecclesia‘
791 1114 841 1141 gu-

50 1151 220 1185 bernacula;
244 1154 337 1178 certus
347 1155 408 1179 esto
418 1171 426 1183 ,
441 1151 505 1186 quia
520 1151 638 1186 amplius
654 1159 753 1187 peccas
763 1172 771 1185 ,
794 1152 841 1186 qui

49 1196 185 1231 populum
200 1195 249 1223 Dei
266 1196 339 1224 velut
358 1196 386 1223 in
402 1195 532 1224 ﬂuctibus
545 1197 664 1232 positum
684 1200 712 1224 et
731 1197 842 1232 pericli-

50 1246 156 1270 tantem
167 1262 175 1275 ,
202 1250 266 1270 cum
283 1243 380 1278 juvare
394 1243 502 1278 possis,
518 1243 703 1279 subterfugis;
724 1243 765 1271 tui
781 1247 843 1272 tau-

50 1287 198 1316 tummodo
212 1288 319 1316 habens
334 1289 581 1317 considerationem
591 1309 598 1321 ,
614 1294 642 1316 et
656 1298 711 1317 non
726 1289 799 1326 quod
814 1290 841 1318 in

50 1342 202 1362 commune
215 1335 343 1363 omnibus
358 1335 466 1370 expedit
477 1356 484 1368 ,
506 1335 664 1371 providens.
680 1336 735 1365 Sed
750 1341 843 1365 certus

49 1385 122 1413 esto,
144 1380 222 1415 quod
246 1388 362 1409 necesse
376 1385 417 1409 est
431 1385 459 1409 te
477 1382 616 1417 suscipere
631 1391 712 1411 omne
732 1384 842 1419 pericu-

50 1427 107 1453 lum
120 1447 129 1458 .
144 1427 212 1462 quia
233 1435 285 1454 nec
306 1435 356 1463 ego
380 1435 429 1463 pro
450 1428 538 1456 salute
558 1429 681 1457 omnium
702 1430 737 1458 ab
762 1431 843 1459 obse-

49 1471 156 1500 crando
171 1473 300 1500 cessabo.
317 1472 425 1505 Quanto
442 1481 508 1510 ergo
522 1474 591 1502 mihi
606 1475 687 1504 citius
700 1476 844 1512 acquieve-

893 234 984 261 tiones
1000 233 1135 268 abjicias;
1149 241 1182 261 ne
1196 233 1341 268 [idejussor
1351 233 1467 264 cristas.
1482 241 1517 262 ne
1531 233 1679 262 advocatus

893 280 981 307 litium
995 280 1056 312 fias,
1068 288 1137 308 neve
1149 280 1176 307 id
1190 281 1247 307 ulla
1259 280 1352 315 aliqua
1371 280 1550 314 occupatione
1565 288 1680 315 prorsus

893 326 1042 354 inveniaris
1064 326 1212 354 mundialis
1235 326 1340 361 negotii
1360 326 1505 353 occasione
1524 326 1678 360 perplexus.

892 370 986 406 Neque
1000 371 1072 398 enim
1082 370 1201 406 judicem
1215 375 1262 398 aut
1275 371 1444 406 cognitorem
1455 370 1625 398 saecularium
1637 378 1681 396 ne~

893 417 1029 452 gotiorum
1047 417 1126 444 hodie
1144 421 1170 445 te
1185 417 1314 444 ordinare
1325 417 1383 443 vult
1398 416 1524 443 Christus
1539 415 1572 449 ",
1590 415 1630 442 uti
1645 422 1681 442 ne

894 462 1056 496 praefocatus
1070 462 1253 497 praesentibus
1264 461 1405 489 hominum
1419 460 1504 494 curis,
1519 467 1574 488 non
1590 460 1681 495 possis

893 508 978 534 verbo
997 506 1044 535 Dei
1065 515 1179 539 vacare,
1201 511 1228 534 et
1243 507 1395 535 secundum
1412 506 1536 533 veritatis
1558 505 1680 540 regulam

893 560 1039 580 secernere
1059 552 1146 579 bonos
1160 560 1175 579 a
1190 552 1280 580 malis.
1304 551 1358 579 ista
1376 559 1494 586 namque
1507 558 1590 586 opera
1600 571 1607 583 ,
1621 558 1681 587 quae

892 598 941 626 tibi
958 599 1049 626 minus
1070 606 1221 634 congruere
1239 598 1368 633 superius
1387 597 1582 633 exposuimus,
1603 596 1685 624 exhiv

892 644 1035 672 beantsibi
1050 645 1167 672 invicem
1179 645 1329 677 discentes,
1343 643 1370 672 id
1384 648 1426 672 est
1435 643 1512 677 laici;
1525 647 1552 671 et
1561 648 1586 670 te
1600 650 1681 670 nemo

892 696 1009 728 occupet
1019 692 1053 720 ab
1073 692 1117 720 his
1130 692 1242 725 studiis,
1259 699 1308 727 per
1326 699 1387 727 quae
1406 691 1482 719 salus
1495 690 1624 718 omnibus
1634 689 1682 717 da-

892 741 948 766 tur.

928 784 1005 812 Sicut
1025 784 1098 812 enim
1113 784 1135 801 ’⁷
1153 784 1202 811 tibi
1217 784 1365 819 impietatis
1381 783 1488 810 crimen
1504 785 1547 809 est
1557 801 1565 814 ,
1590 781 1681 816 negle-

892 830 945 858 ctis
956 830 1033 858 verbi
1054 830 1102 858 Dei
1121 830 1239 863 studiis,
1256 829 1457 858 sollicitudines
1473 828 1614 863 suscipere
1630 835 1681 854 sa:-

892 877 1000 904 culares
1016 887 1022 905 :
1039 877 1077 905 ita
1096 881 1123 905 et
1136 878 1285 912 unicuique
1303 877 1435 904 laicorum
1452 880 1594 910 peceatum
1609 878 1653 902 cst
1664 894 1672 906 ,

891 924 945 952 nisi
963 924 1078 951 invicem
1092 923 1143 950 sibi
1158 923 1239 950 etiam
1251 923 1278 950 in
1293 922 1337 950 his
1347 929 1408 957 quas
1424 921 1458 948 ad
1473 920 1628 948 communis
1642 919 1681 946 vi-

891 974 926 998 tae
939 977 1019 997 usum
1036 969 1174 1004 pertinent
1188 989 1195 1001 ,
1219 976 1330 1004 operam
1357 968 1474 995 fideliter
1489 967 1625 994 dederint.
1640 965 1682 993 Te

891 1024 958 1045 vero
969 1024 1097 1044 securum
1121 1015 1211 1043 facere
1225 1023 1258 1043 ex
1274 1015 1328 1047 his,
1345 1014 1447 1049 quibus
1463 1022 1516 1041 non
1531 1013 1614 1040 debes
1632 1020 1680 1039 va-

892 1069 956 1090 care
967 1062 1002 1095 ",
1017 1069 1112 1089 omnes
1124 1061 1306 1088 communiter
1316 1060 1468 1088 elaborent.
1486 1059 1563 1093 Quod
1577 1059 1598 1086 si
1612 1058 1682 1086 forte

893 1115 908 1134 a
923 1107 1078 1142 semetipsis
1094 1107 1146 1133 hoc
1158 1106 1221 1133 laici
1237 1113 1292 1133 non
1304 1105 1469 1140 intelligunt,
1485 1113 1535 1140 per
1549 1104 1680 1131 diaconos

893 1153 1026 1181 edocendi
1037 1157 1113 1184 sunt,
1128 1157 1158 1180 ut
1173 1153 1223 1180 tibi
1238 1152 1325 1180 solius
1340 1151 1468 1180 Ecclesiae
1481 1151 1681 1179 sollicitudines

893 1200 1098 1235 derelinquant;
1122 1206 1176 1234 quo
1191 1199 1278 1235 ipsam
1289 1218 1296 1231 ,
1313 1202 1344 1226 ut
1361 1198 1473 1234 dignum
1486 1202 1546 1231 est,
1569 1197 1682 1233 dispené

893 1254 956 1274 sare
983 1245 1120 1277 sufficias,
1146 1249 1174 1273 et
1199 1245 1323 1273 veritatis
1343 1245 1426 1272 verbo
1451 1244 1634 1272 abundantius
1654 1247 1682 1270 et

895 1290 1048 1319 studiosius
1071 1290 1222 1318 deservire.
1249 1289 1279 1317 Si
1299 1289 1371 1317 enim
1397 1289 1584 1317 mundialibus
1606 1288 1681 1316 curis

893 1337 980 1365 fueris
995 1339 1164 1372 occupatus,
1187 1339 1215 1362 et
1238 1335 1356 1371 teipsum
1372 1334 1493 1370 decipies
1505 1354 1512 1365 ,
1527 1337 1555 1361 et
1568 1341 1616 1362 eos
1630 1334 1677 1369 qui

894 1388 920 1411 te
935 1383 1061 1410 audiunt.
1075 1381 1134 1410 Non
1149 1382 1222 1409 enim
1233 1381 1352 1416 poteris,
1371 1388 1432 1416 qua:
1443 1380 1477 1407 ad
1492 1381 1607 1407 salutem
1619 1388 1682 1415 per—

895 1429 993 1461 tinent,
1007 1427 1115 1464 plenius
1131 1426 1248 1462 singulis
1269 1425 1424 1461 quibusque
1445 1425 1624 1460 distinguere.
1649 1423 1683 1451 Et

894 1482 928 1502 ex
942 1481 975 1502 eo
989 1473 1044 1506 ﬁet,
1061 1477 1092 1501 ut
1105 1477 1132 1502 et
1144 1476 1173 1500 tu
1188 1475 1317 1507 tanquam
1343 1472 1390 1507 qui
1404 1479 1458 1498 non
1474 1471 1601 1499 docueris
1616 1478 1677 1506 qua;

50 1518 102 1551 ris,
119 1522 202 1546 tanto
218 1526 262 1546 me
273 1518 353 1546 citius
371 1519 472 1548 laboris
481 1523 508 1547 et
519 1520 637 1549 tristitiae
647 1529 714 1550 mea:
727 1530 845 1551 moerere
857 1523 880 1554 c
896 1522 930 1550 ad
943 1521 1058 1550 salutem
1075 1521 1217 1549 hominum
1231 1520 1368 1556 pertinent
1380 1520 1503 1555 puniaris
1515 1519 1549 1551 ",
1566 1523 1592 1547 et
1601 1519 1683 1547 disci-

51 1565 206 1593 rclevabis.
226 1565 293 1593 Novi
312 1566 394 1593 etiam
420 1567 482 1601 hoc,
500 1575 518 1594 ο
537 1567 680 1601 Clemens.
706 1569 779 1604 quod
794 1569 844 1598 tibi

51 1610 135 1637 tadia
161 1614 191 1637 et
214 1611 374 1644 molestias,
393 1612 514 1647 pericula
536 1613 619 1641 etiam
643 1618 671 1642 et
698 1615 843 1649 opprobria

51 1656 191 1684 ineruditi
205 1657 279 1692 vulgi
303 1658 486 1694 indocilisque
505 1660 665 1694 conciliem;
682 1669 743 1696 qua
757 1665 785 1689 tu
804 1666 845 1690 ta-

49 1709 116 1728 men
130 1701 195 1728 scio
212 1701 286 1736 quod
300 1706 460 1730 constanter
478 1708 505 1731 ct
521 1703 630 1731 fortiter
645 1703 734 1739 feres,
757 1707 845 1742 respi-

49 1748 130 1775 ciens
146 1747 183 1775 ad
198 1747 272 1774 illam
284 1756 372 1783 spem,
385 1757 445 1784 quze
456 1749 505 1776 tibi
521 1751 591 1786 apud
609 1750 693 1779 Deum
708 1753 845 1788 patientiae

48 1797 192 1830 pratparat
205 1802 344 1822 coronam.
361 1794 415 1822 Sed
437 1800 464 1823 et
487 1796 555 1824 illud
575 1797 674 1833 cupio,
689 1802 717 1826 te
737 1807 844 1828 mecum

46 1842 126 1876 justa
142 1841 252 1868 ratione
267 1841 433 1877 perspicere,
445 1842 555 1877 quando
569 1844 687 1871 maxime
702 1851 785 1880 opera
797 1848 844 1872 tua

48 1888 160 1923 indiget
171 1887 310 1922 Christus,
320 1895 392 1916 nunc
402 1896 464 1916 cum
477 1889 604 1917 inimicus
618 1889 751 1918 adversus
762 1898 844 1926 spon-

48 1942 114 1962 sam
127 1934 191 1968 ejus
206 1937 361 1961 commovct
372 1934 485 1965 bellum.
504 1942 537 1962 an
552 1935 644 1964 futuro
659 1937 686 1964 in
707 1941 843 1972 tempore,

49 1980 170 2015 quando
184 1979 240 2014 jam
256 1979 384 2008 Christus
403 1984 466 2015 post
481 1981 624 2008 victoriam
648 1983 843 2019 triumphabit,

49 2033 106 2054 nec
127 2026 204 2053 ultra
224 2026 306 2054 ullius
329 2034 412 2061 opera
434 2027 582 2063 indigebit?
599 2028 665 2062 Quis
686 2037 740 2057 non
761 2030 844 2058 etiam

52 2073 135 2110 parvi
152 2080 254 2101 sensus
274 2073 423 2108 intelligat,
445 2075 516 2109 quod
531 2075 602 2103 istud
615 2079 658 2103 est
673 2080 781 2112 tempus
792 2097 799 2108 ,
818 2077 844 2105 in

51 2127 112 2155 quo
130 2126 246 2155 operam
269 2123 343 2146 tuam
367 2120 495 2148 Christus
516 2122 651 2156 requirit?
674 2121 741 2149 Tota
763 2123 845 2158 igitur

52 2170 150 2193 mente
166 2164 194 2192 in
209 2166 333 2200 praesenti
349 2167 514 2194 necessitate
526 2168 615 2201 praebe
629 2176 738 2203 operam
759 2174 843 2201 tuam,

52 2215 83 2239 et
95 2211 232 2238 auxilium
248 2211 276 2238 in
291 2212 392 2246 praeliis
409 2213 506 2241 exhibe
522 2214 576 2248 regi
592 2215 705 2249 optimo,
721 2223 845 2243 remune-

53 2257 184 2284 rationes
214 2256 372 2290 magnificas
393 2262 454 2292 post
476 2258 617 2286 victoriam
645 2259 784 2287 reddituro
812 2260 845 2288 ⁵⁸.

55 2303 195 2330 Libenter
207 2310 272 2338 ergo
288 2304 398 2338 suscipe
412 2304 587 2339 episcopatus
604 2304 731 2335 cilicium.
744 2313 777 2333 eo
791 2313 848 2332 ma-

55 2350 145 2380 xime,
161 2348 234 2383 quod
257 2349 459 2377 ecclesiasticas
472 2349 669 2385 dispositiones
692 2358 707 2377 a
728 2358 770 2377 me
784 2359 847 2386 pro-

54 2394 191 2422 babiliter
211 2394 349 2426 didicisti,
374 2398 404 2422 ut
428 2395 503 2422 salus
525 2403 636 2429 eorum,
658 2396 705 2432 qui
728 2404 773 2432 per
797 2404 847 2425 nos

54 2441 249 2476 oonfugerunt
269 2441 302 2468 ad
325 2440 429 2472 Deum.
452 2449 625 2477 nequaquam
649 2443 768 2472 vacillet.
794 2443 847 2471 Ve-

54 2491 219 2515 rumtamen
237 2492 263 2514 et
280 2487 400 2514 breviter
421 2491 449 2514 te
467 2487 502 2515 de
524 2488 611 2523 ipsius
634 2488 847 2524 dispensationis

54 2533 160 2560 ordine
183 2540 276 2559 coram
302 2533 430 2560 omnibus
458 2541 631 2561 commonere
660 2536 846 2563 necessarium

54 2581 133 2608 duco
144 2579 179 2606 ".

97 2625 138 2653 Tc
155 2625 265 2661 quidem
280 2625 304 2641 ³⁵
319 2629 426 2660 oportet
446 2625 720 2660 irreprehensibiliter
734 2629 825 2657 vivere
838 2651 845 2663 ,

896 1569 953 1605 puli
966 1576 1016 1604 per
1027 1567 1210 1604 ignorantiam
1222 1571 1345 1603 pereant.

930 1614 953 1630 ⁶⁶
966 1612 1072 1642 Idcirco
1088 1617 1117 1641 tu
1131 1612 1242 1649 quidem
1255 1612 1289 1639 ad
1303 1612 1356 1639 hoc
1366 1611 1455 1639 solum
1465 1615 1573 1643 vacato,
1589 1614 1619 1638 ut
1631 1618 1680 1646 op-

895 1663 1013 1696 portune
1028 1663 1055 1689 et
1067 1659 1127 1688 sine
1140 1658 1346 1687 intermissione
1360 1657 1460 1685 doceas
1483 1657 1595 1684 verbum
1614 1655 1681 1688 Dei,

895 1714 944 1742 per
958 1705 1030 1742 quod
1041 1705 1156 1733 salutem
1174 1703 1305 1738 consequi
1320 1703 1429 1738 possint
1445 1703 1476 1731 “.
1490 1701 1529 1729 llli
1543 1710 1608 1730 vero
1620 1711 1682 1729 cum

895 1756 971 1780 tanta
986 1751 1140 1780 reverentia
1155 1754 1203 1778 tua
1214 1750 1298 1778 verba
1312 1749 1476 1785 suscipiant,
1489 1753 1618 1784 tanquam
1635 1750 1682 1784 qui

896 1798 986 1826 sciant
1010 1797 1129 1832 legatum
1142 1799 1169 1824 te
1183 1799 1211 1824 et
1230 1802 1384 1830 praeconem
1402 1801 1465 1822 esse
1485 1795 1630 1827 veritatis,
1656 1800 1684 1823 et

895 1843 1081 1880 quodcunque
1105 1849 1188 1878 super
1205 1845 1307 1869 terram
1322 1840 1468 1876 ligaveris,
1492 1848 1554 1868 esse
1570 1841 1682 1875 ligatum

894 1894 922 1919 et
941 1890 970 1918 in
981 1889 1066 1923 coelo;
1087 1892 1114 1916 ct
1127 1887 1309 1924 quodcunque
1325 1887 1441 1914 solveris
1461 1894 1543 1923 super
1562 1891 1663 1914 terram
1674 1909 1681 1921 ,

895 1937 978 1965 etiam
997 1935 1034 1963 ibi
1055 1943 1117 1963 esse
1141 1933 1303 1962 solvendum
1321 1933 1353 1961 ι’.
1371 1932 1506 1966 Quoniam
1533 1932 1642 1969 quidem
1657 1936 1684 1960 et

895 1986 941 2015 tu,
956 1985 987 2009 ut
1006 1981 1062 2009 dixi
1074 2002 1082 2014 ,
1103 1987 1164 2015 qua:
1178 1982 1298 2015 oportet,
1313 1978 1412 2014 ligabis
1423 1997 1431 2010 ,
1452 1981 1479 2006 et
1491 1985 1552 2013 quae
1568 1977 1679 2013 expedit

894 2029 995 2057 solves.
1007 2027 1041 2054 Et
1055 2026 1090 2054 ad
1101 2029 1128 2054 te
1139 2025 1249 2061 quidem
1265 2025 1312 2060 qui
1324 2031 1421 2060 prazes,
1435 2024 1487 2051 ista
1501 2024 1556 2051 sint
1569 2023 1683 2054 monita,

894 2080 922 2103 et
936 2075 979 2102 his
995 2073 1106 2102 similia.
1130 2071 1172 2100 Ad
1196 2071 1372 2108 presbyteros
1396 2078 1461 2098 vero
1485 2070 1540 2098 sint
1557 2069 1609 2097 ista
1633 2068 1680 2096 "z

895 2121 966 2148 Ante
980 2119 1087 2151 omnia,
1105 2121 1134 2146 ut
1151 2117 1291 2154 pudicitiae
1310 2116 1471 2148 studentes,
1494 2115 1683 2142 adolescentes

897 2167 1002 2203 nuptiis
1014 2166 1146 2202 jungant,
1160 2171 1214 2199 quo
1231 2163 1350 2190 calorem
1367 2162 1500 2190 ferventis
1513 2162 1601 2190 aetatis
1619 2168 1685 2188 con-

896 2212 982 2248 jugali
1007 2212 1066 2247 lege
1091 2209 1270 2246 prteveniant.
1289 2207 1343 2236 Sed
1365 2216 1399 2236 ne
1417 2209 1445 2236 in
1467 2207 1685 2243 provectioribus

898 2259 1007 2294 quidem
1023 2264 1117 2284 curam
1131 2255 1233 2283 habere
1244 2254 1434 2291 hujuscemodi
1445 2254 1593 2289 negligant,
1608 2253 1684 2288 quia,

898 2306 925 2333 in
942 2305 1047 2335 multis.
1058 2303 1139 2331 etiam
1155 2310 1216 2329 cum
1229 2302 1352 2329 senuerit
1366 2308 1477 2336 corpus,
1489 2300 1686 2335 concupiscen-

899 2353 936 2380 tia
950 2353 1023 2386 viget
1042 2350 1075 2378 “.
1092 2349 1132 2377 Ne
1151 2348 1222 2376 forte
1243 2355 1309 2383 ergo
1325 2347 1514 2375 fornicationis
1529 2347 1621 2380 labes,
1638 2354 1686 2374 oe-

900 2398 1011 2426 casione
1027 2401 1151 2431 accepta,
1166 2398 1296 2429 tanquam
1311 2401 1446 2421 venenum
1464 2393 1614 2428 pessimum
1626 2399 1685 2420 ser-

901 2449 947 2480 pat
962 2445 989 2471 in
1005 2442 1094 2474 vobis.
1110 2449 1208 2469 cavere
1222 2445 1250 2469 et
1261 2440 1419 2467 antevenire
1432 2432 1618 2467 necessarium
1631 2442 1684 2470 est,

903 2499 937 2518 ne
951 2489 1025 2526 quod
1045 2490 1073 2516 in
1094 2488 1173 2516 vobis
1192 2486 1319 2514 adulterii
1340 2485 1478 2513 occultum
1503 2485 1641 2512 coalescat
1663 2485 1686 2500 "

902 2535 1069 2564 incendium.
1085 2533 1119 2560 Et
1136 2532 1202 2567 quid
1218 2532 1245 2559 in
1260 2531 1388 2559 omnibus
1411 2531 1531 2566 peccatis
1553 2530 1686 2558 adulterio

900 2581 1026 2618 gravius?
1037 2579 1193 2608 Secundum
1213 2586 1329 2613 namque
1340 2578 1368 2605 in
1389 2577 1411 2592 ⁸⁸
1426 2577 1514 2612 poenis
1529 2577 1634 2604 obtinet
1646 2577 1686 2603 lo-

901 2635 974 2661 cum,
1002 2627 1130 2663 quoniam
1159 2623 1267 2660 quidem
1295 2623 1412 2659 primum
1439 2623 1477 2650 illi
1502 2622 1613 2655 habent,
1637 2630 1686 2657 qut

98 2737 123 2776 ’ξ
148 2742 313 2776 germanus,
335 2737 410 2776 in__c.
430 2737 501 2776 Just.
540 2739 567 2776 ’ᾗ
584 2740 671 2776 ἀπατᾷ..
696 2739 719 2754 ⁸⁸
741 2739 773 2766 l2
789 2749 816 2775 ει.
839 2741 871 2773 l,
886 2739 1045 2776 Τοᾳιιίιίεηιἶ
1083 2738 1106 2754 ⁸⁸
1122 2736 1278 2776 Deestlmc
1290 2735 1470 2776 voculauinc
1497 2733 1568 2776 Just.
1605 2733 1679 2776 _"Al_l

59 2781 89 2834 ἓ..
106 2771 219 2814 lRSicut
229 2773 310 2800 enim.
367 2773 390 2789 ⁸⁸
421 2780 447 2801 et
459 2775 497 2813 Iris
512 2774 606 2809 quibus
630 2773 675 2814 deb

79 2812 182 2834 .varrsti
206 2815 296 2834 nam.
331 2807 353 2823 ⁸¹
380 2807 447 2834 lvo.
469 2816 496 2834 In
520 2810 625 2834 Deerat.
659 2809 675 2834 lr

79 2807 182 2835 Zvaristi
206 2815 296 2843 papae.
323 2807 353 2843 77‘}
380 2807 447 2840 lvo,
469 2808 496 2835 in
519 2807 625 2838 hecret.
659 2809 705 2836 lib.
723 2818 748 2836 γ.

60 2842 87 2860 ⁸³
113 2842 252 2871 ςαιιεοὰιί
281 2843 304 2858 ⁵⁶
321 2842 356 2871 52
370 2847 465 2878 qumst.
476 2844 500 2872 7.
518 2844 587 2881 Quid
601 2845 626 2871 in
640 2844 770 2872 clunibus.

367 2773 390 2789 ⁸⁸
421 2780 447 2801 et
459 2775 497 2801 his
512 2774 606 2809 quibus
630 2773 704 2801 debes
729 2773 878 2807 vacantem,
903 2773 974 2804 idem
995 2775 1092 2802 codex.

380 2807 447 2836 lvo.
469 2808 496 2835 in
520 2810 625 2836 liceret.
659 2809 705 2836 lib.
723 2818 748 2836 v.
803 2811 824 2827 σε
846 2807 940 2836 Matth.
970 2817 1026 2836 xvi.
1078 2810 1092 2825 "

873 2816 940 2836 allll.
970 2817 1026 2838 ενι.

1147 2772 1170 2789 ⁵⁹
1197 2772 1349 2807 ἀεροηατῑξ.
1387 2769 1495 2807 “ddiem
1518 2770 1546 2807 in
1568 2769 1682 2807 epistola

1078 2808 1101 2825 “
1119 2807 1215 2836 Const.
1230 2804 1280 2840 ‘rv,
1308 2806 1351 2834 l0.
1408 2805 1430 2821 “
1444 2804 1503 2832 Nic.
1529 2805 1548 2832 Ι.
1570 2812 1613 2839 ep.
1637 2804 1689 2830 49..
