1884 3104
165 135 218 163 ιθγ

601 134 629 162 5.
647 132 846 161 CLEMENTIS
861 132 871 160 ἰ
891 131 976 160 ROM.
998 131 1099 161 PONT.
1115 132 1229 161 OPERA
1248 131 1363 161 DUBIA.

1749 134 1802 163 468

165 193 296 220 aberrant
308 199 324 220 a
338 192 410 225 Deo,
427 190 537 220 etiamsi
553 191 646 219 sobrie
663 191 783 219 vixerint
797 192 830 218 ⁸⁷.
846 191 962 227 Propter
976 193 999 221 Α
1053 191 1082 219 Si
1097 190 1145 226 qui
1158 191 1181 206 "'
1195 198 1228 218 ex
1253 189 1384 219 fratribus
1404 189 1513 225 negotia
1532 189 1636 218 habent
1659 188 1734 218 inter
1750 198 1801 226 se,

166 238 239 274 quod
250 247 310 273 vos,
325 246 341 266 ο
358 237 523 274 presbyteri,
539 236 692 265 Ecclesiam
705 237 831 270 excolite,
845 240 872 264 et
886 237 960 264 ordi-

166 288 231 312 nate
246 285 270 300 "
292 291 422 320 sponsam
442 283 548 311 Christi
573 282 607 309 ad
628 282 801 318 pudicitiam.
824 282 960 318 Sponsam

167 333 258 358 autem
273 330 347 362 dico,
363 336 472 357 omnem
485 327 616 356 Ecclesia:
627 329 885 364 congregationem;
900 335 961 363 quae

167 375 190 402 si
210 374 310 410 pudica
326 375 437 402 inventa
461 374 544 401 fuerit
563 380 578 400 a
599 380 701 408 sponso
718 381 786 406 suo,
804 374 960 409 ingentibus

167 420 202 447 ab
218 427 251 448 eo
265 419 345 447 donis
356 423 383 446 et
402 419 564 447 muneribus
583 418 765 446 lionorabitur
778 428 785 453 ;
800 423 828 447 et
841 427 903 452 vos,
913 420 966 447 vel-

165 469 198 493 ut
218 466 340 493 ministri
351 473 471 501 sponsae,
486 469 514 493 et
529 465 609 493 amici
623 466 730 502 sponsi,
744 466 846 502 ingenti
861 465 960 502 gaudio

167 516 194 540 ct
211 512 303 539 lmtitia
325 512 515 548 perfruemini.
540 512 569 539 Si
582 520 646 541 vero
661 521 761 549 sponsa
779 513 836 540 haec
850 518 960 547 reperta

167 558 250 586 fuerit
264 558 463 585 commaculata
478 559 608 593 peccatis,
621 559 681 594 ipsa
692 558 813 594 quidem.
829 562 959 594 tanquam

167 604 292 639 indigna,
309 611 364 631 non
377 603 501 631 tradetur
514 604 655 639 regalibus
671 604 693 620 ⁶⁹
707 604 786 632 toris.
802 603 857 632 Vos
869 607 959 632 autem

166 656 263 684 poenas
277 648 379 678 dabitis
390 669 397 682 ,
422 649 446 676 si
464 648 535 676 forte
549 657 599 684 per
620 653 742 676 vestram
766 649 959 685 negligentiam

167 695 211 723 vel
226 695 362 723 desidiam
386 695 539 730 obrepserit
553 695 682 731 contagio
696 703 768 723 saeva
783 696 900 730 peccati.
916 694 960 723 ld-

167 743 243 770 circo
259 746 321 769 ante
332 742 425 769 omnia
447 742 605 769 sobrietatis
625 745 652 769 et
667 741 806 777 pudicitiae
827 742 961 769 sollicitu-

167 789 258 816 dinem
275 788 370 824 gcrite.
385 787 469 815 Valde
479 787 553 815 enim
569 787 640 822 apud
657 787 742 816 Deum
755 795 838 823 grave
853 787 960 815 crimen

167 834 278 862 ducitur
296 834 440 862 fornicatio
450 854 458 867 ,
477 834 557 869 cujus
574 834 680 870 species
695 837 760 861 sunt
774 833 883 869 quidem
898 833 959 869 plu-

167 888 225 913 res,
238 881 309 908 sicut
319 880 398 908 vobis
416 884 444 907 et
459 880 518 915 ipse
531 880 659 908 Clemens
673 879 820 915 diligenter
830 884 958 915 exponet.
976 871 996 898 Β

168 926 362 954 Verumtamen
384 927 470 962 prima
498 926 604 962 species
629 925 756 953 adulterii
779 931 840 959 est,
869 925 957 953 virum

166 973 279 1008 propria
295 981 381 1000 uxore
394 971 568 1000 solummodo
587 980 642 999 non
657 979 719 1000 esse
737 976 897 999 contentum
907 991 915 1005 ,
931 975 958 999 et

167 1019 311 1047 mulierem
328 1025 384 1045 non
404 1018 514 1053 proprio
528 1021 634 1044 tantum
659 1024 769 1045 servare
789 1024 818 1045 se
843 1017 913 1045 viro.
928 1016 958 1044 Si

166 1070 233 1098 ergo
248 1065 343 1090 castus
358 1061 441 1090 fuerit
455 1062 529 1097 quis,
545 1065 637 1097 potest
651 1066 678 1089 et
690 1062 826 1090 humanus
837 1066 865 1090 et
879 1063 960 1090 mise-

167 1109 256 1136 ricors
274 1108 344 1142 ﬁeri,
359 1115 408 1143 per
423 1108 498 1145 quod
517 1112 545 1136 et
557 1107 616 1142 ipse
630 1111 762 1135 aeternam
776 1116 791 1135 a
806 1107 861 1136 Deo
874 1109 959 1136 mise—

167 1154 315 1182 ricordiam
329 1158 527 1189 consequatur.
550 1153 622 1181 Sane
640 1154 713 1182 sicut
734 1154 862 1182 adulterii
875 1162 958 1183 vene-

167 1207 234 1227 num
253 1199 362 1227 cunctis
376 1199 455 1227 malis
471 1198 653 1234 perniciosius
670 1203 730 1232 est,
754 1200 793 1227 ita
810 1207 888 1227 amor
903 1199 959 1227 fra-

167 1249 264 1274 ternus
283 1249 310 1274 et
325 1245 447 1273 charitas
471 1245 555 1273 totius
576 1245 641 1272 boui
664 1244 804 1281 fastigium
826 1249 910 1274 tenet.
926 1245 958 1272 Et

167 1291 231 1320 ideo
245 1291 352 1327 diligite
366 1298 462 1318 omnes
477 1290 578 1318 fratres
593 1294 712 1324 vestros,
729 1295 756 1319 et
770 1299 833 1319 eum
849 1292 958 1328 religio-

167 1345 203 1365 ne
213 1345 246 1365 ac
256 1337 445 1365 misericordia
461 1337 593 1372 respicite
612 1337 646 1364 ad
661 1345 756 1365 omnes
769 1338 803 1365 ⁷³.
821 1337 958 1374 Orphanis

168 1383 297 1412 exhibete
306 1383 489 1418 vosmetipsos
504 1387 644 1418 parentes.
659 1382 757 1412 Viduis
771 1384 893 1412 virorum
909 1391 959 1412 cu-

166 1438 226 1458 ram
244 1429 394 1465 impendite
405 1449 413 1462 ,
429 1437 492 1456 cum
509 1430 583 1456 omni
594 1429 737 1463 castitate,
753 1438 815 1466 quae
829 1437 958 1458 necessa-

167 1476 210 1504 ria
223 1479 299 1509 sunt,
313 1476 478 1511 praebentes.
493 1474 621 1503 Juniores
637 1479 730 1503 tamen
745 1476 843 1504 viduas
853 1477 958 1511 nuptiis

167 1523 303 1558 copulate.
318 1522 368 1550 His
378 1522 424 1558 qui
441 1523 569 1558 ignorant
581 1523 708 1556 artiﬁcia,
725 1523 862 1558 exquirite
875 1523 958 1552 bone-

170 1574 230 1597 stas
243 1569 351 1605 aliquas
358 1569 532 1602 occasiones,
542 1569 642 1604 quibus
656 1570 757 1598 victum
771 1570 956 1598 necessarium

167 1619 310 1650 quaerant;
325 1614 476 1643 artiﬁcibus
492 1623 557 1643 vero
573 1622 684 1650 operam
695 1615 846 1651 providete,
861 1615 959 1643 debili-

167 1662 221 1689 bus
231 1661 451 1689 misericordiam
469 1661 560 1689 facite.
589 1660 653 1689 Scio
677 1665 769 1689 autem
790 1661 848 1690 haec
866 1662 958 1689 omnia

167 1707 291 1735 facturos
305 1714 366 1741 vos,
383 1707 407 1734 si
421 1707 584 1734 charitatcm
596 1715 652 1742 pra:
667 1707 776 1735 caeteris
788 1711 815 1735 et
826 1711 889 1735 ante
900 1715 959 1734 om-

167 1753 215 1781 nia
227 1753 255 1780 in
271 1756 363 1781 vestro
378 1753 462 1781 corde
476 1753 576 1790 ligatis.
593 1753 680 1788 Cujus
694 1753 857 1787 cbaritatis,
871 1757 900 1781 et
914 1761 956 1781 re-

168 1800 310 1835 cipiendae,
321 1803 349 1827 et
360 1800 502 1833 babendze,
521 1800 670 1827 maximum
682 1801 735 1828 erit
749 1799 901 1828 fomentum
910 1820 918 1833 ,
935 1800 958 1828 si

168 1846 326 1881 frequenter
338 1846 409 1875 inter
420 1847 604 1881 vosmetipsos
618 1854 792 1874 communem
806 1846 900 1874 cibum
917 1854 960 1874 ve-

168 1895 256 1919 strum
265 1899 444 1928 mensamque
464 1893 582 1926 faciatis,
596 1897 624 1921 et
635 1893 797 1928 inquantum
810 1892 962 1928 unusquis-

168 1947 222 1974 que
231 1939 370 1975 praevalet,
385 1940 511 1968 crebrius
525 1948 610 1975 panes
621 1948 653 1967 ac
665 1940 737 1968 sales
753 1947 819 1968 suos
832 1947 895 1967 cum
907 1939 960 1966 fra-

167 1986 257 2014 tribus
272 1986 330 2014 suis
346 1992 447 2014 sumat.
463 1986 516 2014 Per
530 1987 588 2014 haec
601 1987 674 2014 enim
688 1986 825 2022 praecipue
838 1986 959 2014 charitas

167 2036 359 2067 comparatur,
389 2035 417 2059 et
439 2039 522 2060 causa
550 2032 634 2059 totius
657 2032 722 2060 boni
744 2032 773 2059 in
801 2031 959 2066 hujusmodi

167 2078 362 2105 communione
380 2078 519 2106 consistit.
534 2077 584 2105 Ubi
597 2082 690 2105 autem
710 2085 763 2113 pax
782 2081 810 2104 et
830 2076 956 2109 bonitas,

168 2124 206 2151 ibi
220 2127 248 2152 et
265 2124 351 2152 salus.
376 2124 492 2160 Propter
514 2125 588 2159 quod
603 2131 764 2151 communes
784 2123 867 2150 facite
881 2122 958 2150 cibos

167 2173 277 2197 vestros
291 2178 353 2197 cum
369 2170 412 2197 bis
425 2170 473 2205 qui
490 2170 643 2198 secundum
659 2169 743 2197 Deum
757 2169 855 2196 fratres
872 2172 956 2201 sunt,

1013 238 1086 274 apud
1101 238 1259 273 cognitores
1274 237 1368 265 saeculi
1389 243 1446 264 non
1466 236 1640 272 iudicentur;
1664 237 1715 265 sed
1729 237 1801 273 apud

1011 284 1186 320 presbyteros
1198 283 1340 317 Ecclesiae,
1351 282 1485 319 quidquid
1507 283 1575 310 illud
1587 287 1639 315 est,
1653 283 1802 312 dirimatur

1011 334 1038 357 et
1052 330 1124 357 omni
1148 329 1231 356 modo
1245 329 1375 357 obediant
1386 329 1498 357 statutis
1511 337 1617 356 eorum.
1630 328 1724 365 Super
1742 337 1801 357 om-

1010 376 1055 403 nia
1069 379 1159 403 autem
1172 375 1314 403 avaritiam
1329 374 1431 410 fugite;
1446 383 1506 411 qum
1517 375 1641 403 homines
1654 375 1802 404 occasione

1010 422 1154 457 praesentis
1169 421 1240 448 lucri
1254 421 1288 448 ab
1302 421 1412 449 aeternis
1433 425 1540 456 separat
1557 421 1646 449 bonis.
1661 421 1799 455 Pondera,

1011 476 1166 501 mensuras,
1185 472 1314 501 stateras,
1331 475 1381 504 pro
1391 468 1461 496 locis
1473 467 1628 503 quibusque
1642 468 1800 503 aequissima

1011 514 1161 549 custodite;
1177 514 1302 550 deposita
1317 514 1434 542 fideliter
1448 514 1596 542 restituite.
1613 513 1680 547 Quae
1695 514 1799 547 omnia,

1010 565 1037 589 et
1052 561 1075 589 si
1090 569 1143 596 qua
1158 564 1222 588 sunt
1248 560 1350 588 similia
1375 560 1419 588 bis
1429 580 1436 593 ,
1458 560 1495 587 ita
1508 559 1618 587 demum
1640 560 1762 588 sollicite
1775 563 1801 588 et

1010 607 1157 642 diligenter
1170 606 1318 642 implebitis
1329 627 1336 639 ,
1349 607 1373 634 si
1393 606 1515 633 futurum
1531 605 1578 634 Dei
1589 605 1728 641 judicium
1743 606 1802 634 sine

1011 653 1216 681 intermissione
1240 653 1267 680 in
1287 656 1381 680 vestro
1404 652 1487 680 corde
1501 653 1626 680 volvatis.
1644 651 1715 685 Quis
1729 653 1799 680 enim

1011 706 1126 734 peccare
1138 698 1248 734 poterit,
1268 697 1291 725 si
1306 705 1415 733 semper
1429 700 1492 724 ante
1505 697 1600 725 oculos
1614 704 1682 725 suos
1696 697 1747 724 Dei
1756 696 1801 732 ju-

1011 746 1113 775 dicium
1127 749 1210 782 ponat
1220 746 1232 772 ?
1242 744 1321 778 Quod
1335 745 1361 772 in
1379 744 1431 772 ﬁne
1450 744 1545 771 mundi
1559 747 1667 771 eertum
1680 747 1727 771 est
1745 744 1801 779 agi-

1011 791 1135 824 tandum,
1152 794 1182 818 ut
1197 790 1306 818 tandem
1320 790 1366 826 qui
1382 789 1451 817 bene
1471 789 1500 817 in
1524 789 1575 816 hac
1592 789 1648 816 vita
1672 792 1800 824 egerunt,

1012 841 1218 872 consequantur
1242 836 1313 864 bona
1335 835 1475 871 reposita;
1489 839 1650 870 peccatores
1665 839 1760 862 autem
1773 838 1801 862 ut

1010 887 1215 919 consequantur
1233 886 1400 918 praeparatas
1421 886 1448 909 et
1466 880 1623 909 reconditas
1638 888 1755 916 poenas,
1770 880 1802 908 de

1009 929 1110 966 quibus
1129 930 1167 956 ita
1181 928 1302 957 futurum
1316 929 1442 956 dubitare
1451 927 1562 955 omnino
1573 935 1628 955 non
1638 934 1800 962 possumus;

1009 975 1145 1011 siquidem
1172 975 1230 1002 haec
1252 974 1345 1002 omnia
1362 975 1399 1001 ita
1416 981 1477 1002 esse
1496 978 1612 1001 ventura
1621 981 1706 1001 verus
1723 973 1801 1000 nobis

1008 1021 1144 1057 Propheta
1158 1021 1294 1056 praedixit.
1307 1019 1385 1048 Unde
1403 1024 1431 1048 et
1444 1028 1504 1052 vos,
1520 1019 1568 1055 qui
1584 1019 1651 1047 estis
1666 1019 1726 1047 veri
1740 1026 1800 1054 pro—

1009 1065 1098 1100 pheta:
1121 1064 1268 1099 discipuli,
1290 1064 1400 1100 abjicite
1425 1071 1440 1091 a
1460 1064 1590 1092 cordibus
1610 1064 1714 1091 vestris
1738 1068 1801 1091 ante

1009 1111 1101 1139 omnia
1112 1111 1266 1140 discordias
1275 1115 1302 1138 et
1317 1110 1470 1138 animorum
1482 1110 1678 1142 dissensiones,
1697 1119 1733 1138 ex
1744 1110 1802 1146 qui-

1009 1157 1061 1185 bus
1074 1165 1156 1185 omne
1165 1158 1266 1184 malum
1282 1164 1351 1192 opus
1367 1157 1499 1192 procedit,
1511 1161 1539 1184 et
1554 1156 1754 1191 benignitatem
1769 1164 1801 1184 ac

1009 1202 1212 1237 simplicitatem
1229 1206 1285 1229 tota
1299 1205 1391 1229 mente
1403 1205 1521 1229 servate.
1538 1201 1616 1234 Quod
1629 1201 1654 1229 si
1669 1200 1741 1229 forte
1755 1201 1802 1228 ali-

1008 1247 1090 1283 cujus
1101 1255 1150 1275 cor
1159 1248 1202 1275 vel
1220 1248 1301 1280 livor,
1316 1247 1361 1275 vel
1373 1246 1537 1281 inﬁdelitas,
1551 1247 1595 1274 vel
1613 1247 1724 1282 aliquod
1740 1255 1798 1274 ma-

1008 1295 1066 1321 lum
1088 1301 1123 1321 ex
1146 1293 1190 1322 his
1209 1302 1270 1330 quae
1292 1294 1420 1329 superius
1436 1293 1662 1326 memoravimus,
1679 1293 1798 1321 latenter

1009 1341 1168 1376 irrepserit;
1195 1349 1251 1369 non
1262 1341 1423 1374 erubescat,
1437 1341 1484 1377 qui
1505 1340 1604 1368 animae
1625 1348 1683 1368 sua:
1703 1348 1800 1369 curam

1008 1387 1088 1422 gerit,
1104 1387 1230 1415 conﬁteri
1245 1387 1303 1415 haec
1314 1387 1379 1415 huic
1391 1388 1437 1423 qui
1455 1391 1554 1422 praeest
1563 1407 1570 1421 ,
1583 1390 1615 1414 ut
1627 1387 1663 1415 ab
1677 1387 1740 1422 ipso
1750 1395 1801 1422 per

1009 1434 1122 1462 verbum
1155 1434 1203 1462 Dei
1228 1438 1255 1462 et
1278 1434 1423 1462 consilium
1456 1434 1566 1463 salubre
1591 1438 1716 1467 curetur,
1746 1442 1802 1469 quo

1009 1480 1096 1516 possit
1119 1481 1224 1516 integra
1235 1479 1287 1508 ﬁde
1298 1484 1325 1509 et
1345 1480 1474 1516 operibus
1490 1481 1570 1509 bonis
1583 1488 1681 1516 poenas
1703 1480 1799 1509 aeterni

1009 1527 1081 1563 ignis
1102 1527 1233 1563 effugere,
1253 1531 1280 1555 et
1306 1527 1339 1554 ad
1351 1531 1488 1563 perpetua:
1502 1527 1564 1555 vita:
1576 1527 1689 1562 praemia
1703 1535 1800 1562 perve-

1008 1579 1079 1600 mre.

1044 1617 1158 1646 Diacom
1175 1625 1241 1646 vero
1253 1617 1385 1647 Ecclesiae
1396 1618 1432 1652 ",
1446 1622 1577 1654 tanquam
1591 1618 1664 1646 oculi
1675 1618 1734 1646 sint
1744 1619 1800 1654 epi-

1009 1665 1085 1700 scopi
1097 1665 1258 1693 oberrames
1273 1665 1308 1697 ",
1324 1669 1352 1692 et
1367 1665 1626 1693 circumlustrantes
1646 1673 1712 1692 cum
1724 1673 1801 1693 vere-

1009 1709 1110 1736 cundia
1125 1713 1204 1737 actus
1215 1710 1302 1738 totius
1317 1709 1459 1743 Ecclesiae,
1476 1715 1503 1738 et
1518 1714 1726 1746 perscrutantes
1741 1711 1801 1738 dili-

1009 1755 1117 1791 gentius
1129 1775 1138 1788 ,
1155 1756 1178 1784 si
1196 1763 1279 1791 quem
1298 1755 1409 1783 videant
1423 1756 1543 1783 vicinum
1558 1756 1617 1784 ﬁeri
1631 1757 1799 1792 praecipitio,

1009 1805 1036 1829 et
1051 1802 1206 1837 proximum
1218 1809 1279 1830 esse
1291 1805 1415 1837 peccato,
1431 1805 1462 1830 ut
1484 1801 1606 1830 referant
1621 1802 1682 1830 haec
1695 1803 1731 1830 ad
1743 1804 1800 1839 epi-

1010 1855 1134 1883 scopum,
1150 1851 1177 1875 et
1188 1848 1357 1875 commoneri
1371 1849 1406 1875 ab
1417 1856 1449 1876 eo
1464 1848 1553 1883 possit
1568 1848 1592 1876 is
1602 1849 1650 1884 qui
1666 1850 1696 1876 in
1709 1850 1801 1885 praeci-

1009 1893 1105 1929 pitium
1119 1894 1247 1929 lapsurus
1261 1899 1323 1927 est,
1342 1894 1383 1921 uti
1403 1898 1559 1928 revocetur,
1572 1899 1599 1924 et
1618 1903 1676 1923 non
1691 1900 1801 1924 corruat

1009 1939 1036 1966 in
1051 1942 1203 1975 peccatum.
1215 1939 1431 1975 Negligentiores
1441 1940 1464 1956 ⁷⁶
1475 1948 1595 1976 quoque,
1609 1945 1636 1969 et
1642 1949 1692 1969 eos
1704 1943 1800 1978 quira-

1008 1985 1067 2012 rius
1078 1984 1111 2012 ad
1128 1984 1293 2012 audiendum
1309 1984 1423 2012 verbum
1435 1984 1483 2013 Dei
1497 1985 1644 2019 accedunt,
1660 1994 1715 2014 nec
1727 1987 1801 2014 solli-

1008 2030 1062 2059 cite
1073 2030 1107 2058 ad
1122 2030 1242 2065 episcopi
1259 2034 1406 2058 tractatum
1419 2031 1597 2062 conveniunt,
1612 2031 1666 2067 ipsi
1683 2040 1801 2060 commo~

1009 2080 1092 2105 neant
1103 2080 1129 2104 et
1140 2077 1295 2104 hortentur.
1313 2076 1343 2104 Si
1358 2077 1432 2105 enim
1451 2077 1556 2106 assidui
1572 2078 1628 2106 sint
1636 2078 1674 2106 ad
1688 2079 1800 2107 audien-

1009 2123 1086 2155 dum,
1100 2131 1156 2150 non
1174 2123 1262 2150 solum
1277 2123 1339 2150 vitae
1351 2127 1460 2151 aeternae
1477 2132 1511 2151 ex
1529 2124 1634 2152 salubri
1646 2126 1800 2153 commoni-

1009 2169 1082 2196 tione
1093 2168 1205 2203 capiunt
1224 2169 1310 2202 lucra,
1323 2177 1418 2197 verum
1430 2173 1457 2197 et
1478 2177 1649 2205 quaecunque
1671 2171 1726 2198 illa:
1738 2175 1799 2198 sunt

168 2215 235 2251 quia
251 2223 302 2250 per
316 2216 374 2243 haec
387 2216 547 2251 temporalia
562 2215 661 2248 officia,
677 2216 754 2250 pacis
767 2218 795 2243 et
815 2214 957 2242 cbaritatis
973 2220 995 2247 ο
1009 2216 1128 2244 tristitia:
1142 2216 1183 2243 vel
1203 2223 1346 2249 maerores,
1363 2224 1423 2252 quae
1433 2216 1457 2232 '”
1471 2224 1504 2244 ex
1519 2217 1664 2252 praesentis
1676 2218 1741 2246 vitae
1754 2225 1799 2246 ne-

170 2261 306 2289 fructibus
320 2261 420 2297 gaudia
435 2265 536 2289 aeterna
557 2261 729 2288 merebimini
746 2260 780 2288 “.
807 2260 892 2288 Multo
907 2268 957 2288 au-

168 2312 224 2335 tem
237 2308 384 2336 sollicitius
399 2308 554 2336 esurientes
568 2306 681 2339 reﬁcite,
697 2310 725 2334 et
741 2306 897 2334 sitientibus
909 2314 957 2342 po—

169 2357 227 2381 tum
243 2354 317 2386 date,
334 2354 417 2382 nudis
432 2354 645 2387 Vestimentum;
668 2360 755 2388 aegros
779 2353 907 2385 visitate,
930 2357 956 2380 et

169 2405 219 2426 cos
232 2399 279 2434 qui
291 2399 318 2426 in
334 2407 446 2427 carcere
461 2402 535 2431 sunt,
549 2402 630 2434 prout
644 2398 774 2434 possibile
784 2402 836 2430 est,
846 2398 955 2433 juvate;

169 2445 332 2480 peregrinos
347 2446 416 2474 satis
430 2449 555 2482 prompte
571 2446 598 2473 in
609 2445 736 2473 domibus
753 2445 851 2473 vestris
867 2445 957 2473 susci-

169 2490 226 2518 pite
236 2491 271 2519 ".
285 2490 320 2518 Et
334 2498 370 2518 ne
389 2491 483 2518 omnia
497 2499 571 2519 nunc
583 2491 741 2527 singulatim
755 2491 845 2518 dicam
855 2512 863 2525 ,
878 2498 959 2519 omne

170 2543 273 2565 bonum
291 2538 350 2573 ipsa
365 2545 414 2573 per
429 2546 458 2566 se
473 2538 508 2573 (si
524 2539 552 2566 in
566 2538 646 2566 vobis
665 2537 758 2573 fuerit)
773 2537 895 2565 charitas
910 2545 960 2566 vos

171 2583 265 2612 facere
276 2584 386 2612 docebit
396 2604 403 2616 ,
418 2585 491 2612 sicut
505 2589 532 2612 et
546 2585 702 2613 econtrario
718 2592 765 2613 eos
777 2585 823 2620 qui
839 2592 855 2612 a
871 2584 960 2613 salute

172 2628 254 2657 alieni
267 2632 342 2662 sunt,
355 2636 436 2658 omne
449 2630 551 2657 malum
563 2629 652 2659 facere
664 2630 757 2659 odium
772 2629 861 2658 docet.

1010 2262 1185 2290 cessitatibus
1198 2266 1225 2289 et
1239 2262 1364 2290 cladibus
1375 2267 1526 2298 temporum
1545 2264 1670 2296 veniunt,
1687 2272 1799 2300 qumque

1011 2309 1145 2336 malorum
1161 2309 1334 2336 sermonibus
1356 2308 1379 2324 ⁷⁸
1394 2309 1422 2336 in
1438 2309 1521 2337 corde
1541 2317 1592 2337 suo
1613 2310 1689 2337 velut
1710 2310 1798 2345 jacula

1010 2354 1097 2382 deﬁxa
1121 2355 1339 2388 circumferunt,
1365 2354 1533 2390 objiciuntur
1550 2356 1643 2383 omnia
1665 2357 1798 2391 praedica-

1009 2401 1083 2428 tione
1095 2400 1227 2435 veritatis,
1242 2405 1269 2429 et
1283 2401 1343 2428 vitae
1351 2407 1458 2430 aeternae
1469 2402 1594 2430 doctrina
1607 2402 1642 2435 ",
1662 2408 1691 2430 et
1711 2404 1798 2431 erudi-

1009 2447 1082 2473 tione
1100 2450 1224 2482 purgata.
1243 2447 1372 2482 Alioquin
1389 2448 1411 2476 si
1425 2448 1514 2475 multo
1528 2452 1652 2483 tempore
1673 2450 1795 2477 auditum

1009 2491 1173 2519 subtraham
1184 2499 1200 2518 a
1212 2492 1296 2519 verbo
1307 2492 1365 2525 Dei,
1381 2496 1409 2521 et
1425 2497 1586 2521 remaneant
1599 2494 1622 2509 ⁸⁸
1638 2494 1666 2521 in
1683 2495 1761 2522 cultu
1775 2495 1796 2511 "

1008 2538 1149 2568 vitiorum,
1162 2537 1221 2564 sine
1235 2537 1320 2565 dubio
1332 2538 1419 2573 spinis
1433 2542 1515 2566 erunt
1528 2546 1560 2566 ac
1573 2539 1597 2555 ⁸²
1609 2540 1738 2568 sentibus
1752 2548 1797 2568 oc-

1007 2584 1110 2618 cupati.
1124 2582 1157 2609 Et
1171 2583 1236 2618 quid
1249 2583 1334 2616 aliud,
1350 2584 1405 2611 nisi
1420 2584 1453 2611 ad
1471 2585 1560 2619 ignem
1578 2585 1641 2613 talis
1651 2585 1710 2614 hac
1726 2591 1796 2613 terra

1008 2629 1225 2665 pmparabitur?
1235 2629 1273 2658 De
1288 2630 1332 2658 his
1342 2638 1422 2665 ergo,
1435 2634 1465 2657 ut
1481 2630 1760 2668 diximusLdiaconis
1774 2632 1796 2648 ⁸³

206 2731 324 2769 "’_EtAin_
334 2735 409 2762 Dect.
424 2733 485 2767 lvo,
505 2735 552 2762 lib.
579 2743 628 2769 vi]:
665 2736 688 2769 ξ’
709 2734 848 2762 udornate.
886 2735 908 2751 θ’
933 2734 1087 2762 ertrudelur
1104 2743 1121 2760 α
1146 2734 1288 2769 regalibus.
1326 2735 1350 2750 "°
1360 2733 1476 2762 Constit.
1507 2743 1540 2762 Iv.
1557 2734 1584 2762 2.
1616 2735 1644 2751 "
1674 2734 1742 2762 Item
1767 2744 1791 2763 ιιι

173 2774 216 2804 ep.
230 2767 248 2794 2
268 2766 297 2795 S.
311 2767 425 2804 Evaristi
442 2778 526 2804 papm.
563 2771 585 2786 ⁷¹
603 2767 696 2795 Matth.
722 2778 785 2797 xxv.

174 2802 230 2829 δίαν.
283 2803 305 2819 ⁷⁸
321 2803 415 2831 Const.
429 2802 459 2837 ii,
471 2802 515 2832 Η.

838 2770 862 2785 ⁷³
883 2770 1029 2804 “.qua’st.
1052 2770 1079 2798 l.
1099 2769 1186 2804 Siqui
1207 2774 1256 2796 est.

572 2805 595 2821 "‘
609 2804 659 2831 Ms,
671 2804 890 2840 Negligentiores,
907 2810 932 2832 et
950 2806 985 2831 ita
1004 2812 1122 2840 semper.

174 2837 201 2878 ’.ξ
211 2837 260 2878 bis.
276 2847 433 2878 quiscunque
443 2839 627 2878 "sermonibus
641 2837 721 2866 suis:
744 2837 766 2855 ⁷⁷⁵
780 2840 833 2878 bis.
860 2839 1090 2878 t'iuz'urelfrnitole
1101 2859 1108 2869 ,
1129 2839 1256 2878 .doclrina
1267 2865 1274 2878 ,
1296 2837 1352 2868 ἐκ.

1312 2770 1336 2785 ἰ
1356 2769 1483 2797 Distinet.
1511 2771 1558 2804 93,
1573 2770 1687 2797 Dim-oni
1705 2770 1793 2798 Εεειου

1176 2805 1198 2820 ⁷⁷
1216 2804 1267 2843 llis.
1290 2806 1344 2840 qui.
1372 2809 1444 2843 ctex
1458 2806 1712 2843 _rece_ri_tiori_nianu
1725 2814 1788 2840 qm.

1408 2839 1431 2856 ⁸ο
1456 2838 1551 2867 inculti
1574 2838 1700 2865 vitiorum
1713 2860 1719 2872 ,
1731 2838 1788 2868 ‘ete,

179 2871 201 2887 "
217 2872 267 2902 Ms.
282 2871 303 2900 ἀ
319 2871 401 2902 cullu.
440 2876 462 2892 "
473 2875 557 2904 Deum
574 2875 729 2909 amiseram,
745 2876 827 2911 spinis
845 2883 885 2902 ac.
924 2875 946 2890 ⁸³
963 2874 1012 2902 Ms.
1029 2874 1144 2903 diaconi.
