1884 3104
30 139 86 168 869

657 126 836 158 EPISTOLE
852 124 1088 154 DECRETALES.

1609 125 1663 152 470

29 203 102 224 cura
113 194 158 223 sit.
167 193 223 222 Sed
237 195 266 222 et
275 199 326 222 eos
338 191 385 227 qui
399 188 550 220 secundum
560 194 670 216 carnem
682 188 826 221 aegrotant.
841 185 867 213 Α
879 181 968 209 tiones
983 181 1054 227 ipsas
1063 179 1089 227 ’ξ
1100 178 1181 207 bonis
1195 178 1317 227 moribus
1337 182 1364 206 et
1375 178 1454 227 bonis
1471 179 1599 214 operibus
1616 180 1665 207 ad-

30 241 153 270 sollicite
167 239 343 276 perquirant,
358 242 386 266 et
403 237 476 274 plebi
491 236 527 272 (si
541 235 611 263 forte
626 234 704 270 plebs
718 232 742 248 ⁸⁸
754 232 829 267 igno-

30 288 88 323 rat)
104 287 229 315 indicent
240 286 275 314 de
288 285 344 319 bis,
366 288 396 312 ut
415 287 443 312 et
461 282 515 318 ipsi
528 281 640 309 visitent
653 287 712 312 eos,
729 282 756 306 et
769 285 830 313 quae

30 334 195 363 necessaria
205 337 284 366 sunt,
303 332 443 367 praebeant
456 331 496 358 eis
510 337 572 357 cum
587 327 756 355 causcientia
768 326 828 360 ejus

31 382 79 416 qui
99 384 212 416 praeest.
231 379 311 413 Quod
326 378 349 394 ⁸⁸
362 382 453 405 tamen
468 376 552 403 etiam
569 374 592 402 si
608 373 677 402 clam
694 372 828 403 fecerinL,

31 435 90 454 non
106 427 273 462 peceabuut,
288 424 337 452 sed
362 428 389 451 et
403 423 436 451 de
451 421 618 458 peregrinis'
631 419 756 447 similiter
771 418 830 453 cpi~

32 480 120 507 scopo
151 473 301 507 suggerant
318 468 490 501 refovendis;
507 471 534 495 et
548 471 645 494 caetera
659 464 702 492 his
718 463 827 494 similia,

33 525 97 553 quae
116 517 152 544 ad
172 517 278 544 cultum
290 514 419 543 Ecclesiae
439 517 467 541 et
487 512 660 548 disciplinam
674 511 733 546 ejus
746 509 829 544 perti-

34 569 112 595 nent.
127 563 256 591 diaconis
270 569 343 589 curae
355 561 410 589 sint
425 559 458 587 ⁸⁸.
481 559 534 592 Qui
549 558 731 589 catechizant,
747 556 775 583 id
789 561 830 584 est

32 609 81 644 qui
97 608 187 636 verbo
201 606 522 642 instruuntincipientes
533 624 541 636 ,
559 604 648 640 primo
665 605 783 638 oportet,
799 605 830 629 ut

33 655 87 689 ipsi
104 653 238 682 instructi
253 653 326 686 sint;
342 652 376 680 de
387 652 477 679 anima
491 651 562 679 enim
575 650 665 686 agitur
676 649 828 677 hominum.

33 702 65 728 Et
82 704 197 736 oportet
212 708 274 728 eum
289 699 334 735 qui
349 699 429 727 docet
443 703 470 726 et
482 697 595 725 instruit
606 697 712 724 animas
727 696 810 723 rudes
820 715 841 729 ,_

33 756 97 776 esse
111 748 198 776 talem
209 768 216 780 ,
232 751 263 774 ut
277 754 327 782 pro
343 746 453 782 ingenio
465 745 630 773 discentium
651 743 829 779 semetipsum

34 793 126 828 possit
141 797 250 828 aptare,
260 796 288 819 et
301 791 377 819 verbi
394 791 516 819 ordinem
529 798 578 826 pro
593 790 729 817 audientis
749 796 830 824 capa-

33 842 120 869 citate
141 840 275 876 dirigere.
291 838 379 867 Debet
390 846 455 873 ergo
471 838 530 873 ipse
546 837 683 872 praecipue
699 837 722 853 8'
735 837 828 873 appri-

34 895 77 914 me
92 894 161 914 esse
175 885 303 913 eruditus
314 887 342 912 et
355 883 454 911 doctus
465 902 472 914 ,
490 881 753 918 irreprebensibilis,
768 888 829 909 ma-

34 937 129 963 turus,
146 930 314 966 impavidus,
334 929 406 957 sicut
415 928 466 964 ipsi
479 927 631 963 probabitis
639 927 698 955 fore
709 926 831 955 Clemen-

33 985 88 1005 tem
106 977 186 1004 hunc
199 980 261 1011 post
273 983 327 1003 me.
345 974 460 1003 Multum
473 977 516 1003 est
532 976 634 1007 autem,
650 974 677 1001 si
688 981 740 1009 ego
757 980 831 1001 nunc

34 1026 66 1051 de
87 1024 225 1059 singulis,
241 1030 301 1058 quae
313 1022 502 1058 unusquisque
515 1022 618 1050 habere
635 1021 752 1056 debeat,
767 1029 832 1058 pro-

34 1077 151 1104 sequar.

67 1116 273 1144 Verumtamen
288 1116 355 1143 illud
373 1119 414 1144 est
427 1114 499 1151 quod
511 1122 566 1151 prae
578 1116 685 1144 caeteris
695 1115 730 1143 ab
744 1115 834 1143 omni-

34 1162 86 1190 bus
101 1161 187 1190 vobis
202 1161 284 1196 cupio
294 1161 322 1188 in
337 1168 481 1188 commune
489 1160 602 1193 servari,
614 1164 646 1188 ut
658 1159 832 1188 concordiam

35 1207 170 1240 teneatis,
187 1215 238 1243 per
252 1207 324 1242 quod
339 1207 426 1234 solum
442 1206 466 1222 ⁸⁵
479 1206 596 1241 potestis
610 1210 719 1241 portum
731 1206 832 1242 quietis

35 1252 156 1284 intrare,
170 1255 200 1279 et
212 1251 348 1279 civitatem
361 1251 461 1279 summi
473 1251 556 1287 regis,
568 1259 628 1287 qum
643 1259 696 1287 pax
705 1251 832 1280 nomina-

35 1302 92 1329 tur,
107 1297 241 1324 habitare
255 1297 289 1325 '9.
306 1296 437 1325 Similis"
456 1305 573 1333 namque
583 1301 626 1325 est
640 1302 728 1326 status
742 1298 844 1326 omnis.

36 1343 174 1371 Ecclesiae
199 1351 307 1379 magnae
330 1344 410 1376 navi,
435 1351 496 1379 quae
506 1352 554 1379 per
570 1344 706 1372 undosum
720 1344 841 1380 pelagus,

34 1389 159 1417 diversis
171 1397 188 1416 e
205 1389 275 1416 locis
289 1392 315 1416 et
328 1389 484 1424 regionibus
500 1389 574 1417 viros
589 1392 688 1425 portat,
701 1390 736 1417 ad
750 1398 832 1417 unam

36 1434 163 1469 potentis
177 1434 257 1469 regni
271 1434 364 1461 urbem
377 1441 524 1469 properare
538 1434 691 1469 cupientes.
710 1432 751 1460 Sit
768 1440 833 1469 ergo

36 1481 117 1508 navis
130 1480 222 1515 hujus
237 1479 368 1507 Dominus
380 1480 414 1512 ",
428 1480 487 1515 ipse
501 1480 673 1515 omnipotens
690 1480 770 1514 Deus,
783 1487 833 1515 gu-

37 1527 175 1554 bernator
187 1534 256 1553 vero
271 1527 306 1553 sit
318 1526 452 1554 Christus.
471 1525 540 1553 Tum
552 1527 651 1554 deinde
667 1530 783 1562 proreta:
794 1526 835 1554 of-

37 1574 134 1600 tit-ium
163 1573 313 1607 episcopus
341 1572 469 1607 impleat,
495 1573 647 1608 presbyteri
671 1577 835 1607 nautarum,

35 1618 152 1646 diaconi
170 1618 395 1652 dispensatorum
411 1617 500 1644 locum
512 1621 621 1645 teneant
638 1627 645 1645 :
662 1617 689 1644 hi
705 1618 752 1653 qui
763 1622 837 1646 catc-

36 1665 166 1697 chizant,
185 1664 343 1698 nautologis
365 1664 560 1698 conferantur;
582 1665 699 1700 epibatis
723 1669 813 1693 autem
827 1687 835 1699 ,

37 1711 127 1738 totius
144 1710 331 1737 fraternitatis
343 1710 487 1737 multitudo
500 1710 597 1738 similis
608 1711 660 1745 sit;
673 1711 761 1746 ipsum
772 1720 838 1748 quu-

36 1765 91 1791 que
105 1765 189 1784 mare
201 1756 247 1783 hic
263 1756 380 1785 mundus
392 1756 523 1784 habeatur
539 1766 545 1783 :
562 1761 704 1784 ventorum
715 1765 779 1785 vero
788 1766 835 1786 va-

37 1806 157 1831 rietates
172 1807 204 1830 et
220 1802 360 1830 turbinum
371 1822 381 1834 ,
395 1802 512 1831 diversis
532 1804 730 1834 tentationibus
743 1805 837 1833 confe-

37 1857 141 1879 rantur
155 1860 163 1878 :
189 1850 411 1885 persecutiones,
427 1842 630 1878 'tl'ibulationes
649 1855 676 1878 et
697 1852 818 1886 pericula
829 1873 835 1883 .

36 1897 178 1923 ﬂuctibus
201 1898 387 1930 exequentur.
410 1894 523 1922 Terreni
548 1903 612 1923 vero
635 1896 766 1932 spiritus,
790 1898 837 1933 qui

39 1943 80 1969 vel
97 1942 135 1969 de
146 1940 332 1971 torrentibus,
345 1939 388 1967 vel
399 1939 432 1966 de
445 1939 616 1967 convallibus
627 1940 743 1975 spirant,
756 1949 838 1976 pseu-

38 1988 282 2023 doprophetarum
298 1990 325 2014 et
339 1985 525 2019 seductorum,
541 1994 588 2014 seu
603 1994 693 2022 pravae
708 1987 838 2015 doctrina:

39 2034 130 2060 verba
148 2032 291 2059 ducantur
304 2031 328 2047 ³⁸
345 2041 351 2059 ;
368 2032 553 2066 promontoria
568 2039 633 2060 vero
648 2038 676 2059 et
694 2032 754 2060 loca
769 2040 838 2060 con-

40 2080 170 2115 fragosa,
193 2077 219 2104 hi
232 2077 279 2112 qui
296 2078 323 2104 iu
339 2078 520 2112 potestatibus
535 2078 629 2106 saeculi
642 2082 706 2106 sunt
719 2078 837 2114 iudices,

40 2132 68 2154 et
81 2125 216 2162 pericula
234 2124 373 2151 minantur
387 2121 414 2151 et
429 2128 542 2152 mortes.
567 2124 721 2153 Dithalassa
737 2125 760 2142 ”
774 2134 839 2154 vero

41 2173 105 2199 loca
116 2192 126 2204 ,
143 2177 210 2206 qua:
223 2169 380 2205 duplicibus
403 2170 482 2197 unda:
499 2170 604 2199 fallacis
614 2171 727 2200 aestibus
744 2173 840 2201 verbe-

40 2222 160 2250 rantur,
179 2216 272 2244 dubiis
287 2219 387 2247 mente.
408 2219 435 2242 et
453 2215 488 2243 de
507 2216 753 2251 repromissionum
769 2218 841 2245 veri-

42 2269 101 2293 tate
117 2262 289 2291 nutantibus
299 2262 488 2295 conferantur,
504 2266 587 2298 atque
601 2263 645 2291 his
665 2263 712 2298 qui
732 2264 841 2292 irratio-

42 2309 137 2338 nabili
152 2308 235 2336 ﬁdem
253 2312 376 2336 nostram
388 2308 495 2336 ratione
509 2308 673 2337 discutiunt.
687 2309 841 2345 I-Iypocritae

43 2362 145 2384 autem
154 2358 185 2383 et
192 2355 291 2388 dolosi,
303 2355 399 2390 piratis
413 2354 516 2382 similes
532 2355 692 2383 habeantur.
705 2355 764 2384 Jam
777 2365 842 2386 vero

44 2402 169 2437 rapidus
187 2404 291 2432 vortex,
307 2404 335 2428 et
355 2403 474 2428 tartarea
489 2400 660 2436 Charybdis,
676 2407 703 2429 et
716 2403 796 2430 saxis
806 2403 840 2430 il<

44 2450 99 2476 lisa
128 2446 285 2481 naufragia,
311 2454 343 2476 ac
361 2446 508 2474 mortifera:
527 2447 752 2480 suhmersiones,
777 2449 842 2483 quid

44 2493 130 2522 εξευίι
157 2493 318 2522 aestimanda
349 2497 432 2526 sunt,
470 2500 552 2528 quam
582 2495 714 2528 peccata?
743 2494 841 2523 Restat

46 2543 161 2577 igitur,
200 2544 230 2566 ut
259 2539 318 2567 haec
344 2540 421 2567 navis
449 2547 531 2567 cursu
547 2547 680 2575 prospero
701 2545 758 2568 tuta
778 2550 842 2576 pos-

46 2590 85 2615 sit
101 2590 219 2623 portum
239 2585 400 2613 desideratas
416 2585 493 2613 urbis
516 2586 619 2614 intrare
630 2606 637 2618 ,
657 2587 693 2614 ita
712 2587 767 2615 Deo
782 2596 844 2622 pre-

47 2640 114 2660 cem
133 2630 249 2658 fundere
263 2631 433 2666 navigantes,
451 2635 481 2658 ut
497 2635 655 2659 mereantur
669 2633 768 2661 audiri.
786 2634 842 2660 Au-

47 2679 109 2707 diri
126 2681 219 2706 autem
231 2685 247 2704 a
261 2677 316 2705 Deo
330 2677 368 2704 ita
378 2677 487 2705 demum
503 2677 651 2705 merebitur
661 2679 734 2713 quis,
747 2680 771 2707 si
782 2687 845 2708 ora-

93 2771 124 2790 ⁸³
139 2768 181 2797 Ex
194 2776 246 2797 ms.
269 2769 329 2797 dele
355 2768 427 2803 plebs
477 2769 500 2785 ⁸⁸
516 2769 584 2797 Dist.
603 2769 654 2798 93.
667 2769 779 2798 Dmcom‘
795 2772 931 2801 Ecclesia.

51 2807 76 2824 "
102 2812 191 2842 quam
209 2805 305 2842 sola‘m.

877 226 1019 262 juventur.
1037 224 1091 253 Sed
1108 228 1171 252 ante
1195 224 1287 252 omnia
1307 232 1370 252 cum
1386 224 1477 260 quiete
1492 229 1519 253 et
1538 225 1666 259 silentio,

879 272 996 308 epibatze
1009 272 1047 308 (id
1063 276 1105 299 est
1121 270 1197 306 laici)
1214 270 1241 297 in
1256 269 1315 298 suis
1326 271 1516 306 unusquisque
1531 272 1668 301 resideant

879 317 966 350 locis,
983 325 1018 345 ne
1035 317 1105 344 forte
1130 323 1178 351 per
1199 315 1414 351 inquietudinem
1428 336 1436 348 ,
1463 319 1490 343 et
1514 316 1669 346 inconditos

880 363 1046 397 inutilesque
1066 361 1210 390 discursus
1221 382 1228 394 ,
1250 361 1272 388 si
1288 361 1391 396 passim
1406 362 1500 397 vagari
1514 363 1648 397 coeperint
1660 383 1667 393 .

880 409 922 436 vel
934 408 969 435 ab
982 408 1072 435 ofﬁcio
1089 415 1140 436 suo
1159 410 1258 434 nautas
1273 407 1440 442 impediant,
1456 407 1497 434 vel
1509 407 1537 434 in
1552 408 1668 436 alterum

879 455 951 482 latus
976 462 1024 489 per
1051 452 1268 488 inquietudinem
1291 459 1387 479 eorum
1411 452 1489 480 navis
1506 460 1601 488 pressa
1621 454 1669 481 αρε

880 503 1029 535 mergatur.
1044 498 1188 534 Nautologi
1199 499 1234 527 de
1246 498 1417 526 mercedibus
1425 498 1448 514 "
1460 503 1667 532 commoneant;

880 549 907 572 et
919 545 988 572 nihil
1003 544 1116 572 omnino
1135 545 1209 579 quod
1228 544 1262 571 ad
1279 543 1449 579 diligentiam
1468 543 1511 571 vel
1531 544 1564 571 ad
1585 545 1669 572 disci-

879 591 981 626 plinam
1002 591 1130 626 pertinet,
1146 590 1254 618 diaconi
1270 589 1419 625 negligant.
1435 588 1589 625 Presbyteri
1614 590 1669 617 vel-

867 639 912 663 -ut
932 639 1023 663 nauta;
1037 639 1131 671 aptent
1145 635 1252 671 singula
1270 635 1303 662 ad
1316 634 1525 662 instructionem
1540 634 1618 661 navis
1629 633 1671 660 di-

879 680 995 715 ligenter
1006 682 1022 712 ,”
1038 683 1065 708 et
1089 680 1226 707 instruant
1249 687 1309 716 quae
1328 680 1357 707 in
1371 687 1421 707 suo
1441 684 1562 714 tempore
1578 679 1671 713 requi-

880 725 966 753 renda
982 729 1056 753 sunt.
1071 724 1224 760 Episcopus
1237 728 1368 760 tanquam
1382 728 1510 760 proreta,
1526 723 1671 759 vigilanter

880 775 908 798 et
926 771 1042 798 sollicite
1065 771 1259 806 gubernatoris
1283 770 1366 798 verba
1392 769 1529 797 custodiat
1555 769 1670 797 Christi.

883 816 1010 844 Salvator
1024 816 1158 844 Dominus
1179 816 1349 852 gubernator
1368 814 1498 844 Ecclesiae
1515 824 1588 847 suae,
1609 815 1672 842 dili-

845 856 869 887 Β
882 866 961 897 gatur
973 862 1006 889 ab
1020 862 1158 893 omnibus.
1171 868 1197 889 et
1213 861 1305 897 ipsius.
1312 861 1399 889 solius
1409 861 1554 896 praceptis
1566 867 1598 887 ac
1610 860 1671 895 jus<

883 907 923 935 sis
942 907 1036 935 credat
1049 910 1078 934 et
1093 906 1202 934 ohediat
1217 907 1306 934 omnis
1326 905 1461 934 Ecclesia.
1486 905 1543 932 Deo
1563 912 1672 940 quoque

882 952 1072 980 indesinenter
1084 951 1253 987 supplicetur
1269 959 1285 978 a
1306 951 1414 978 cunctis
1432 950 1465 977 de
1486 949 1668 986 prosperitate

883 1002 1029 1028 ventorum
1040 1018 1048 1032 ,
1067 1001 1098 1025 ut
1112 997 1273 1032 navigantes
1295 1005 1403 1024 omnem
1425 995 1629 1024 tribulationem
1646 1000 1672 1022 et

883 1053 965 1073 omne
985 1044 1139 1080 periculum
1162 1047 1310 1079 superent,
1325 1047 1456 1078 tanquam
1471 1049 1546 1070 mare
1559 1041 1673 1077 profun-

883 1091 949 1119 dum
960 1090 1054 1118 mundi
1071 1090 1151 1117 istius
1162 1094 1189 1117 et
1203 1090 1266 1116 vitae
1282 1088 1407 1116 humana:
1418 1088 1529 1124 pelagus
1542 1089 1674 1121 navigan-

883 1139 936 1169 tes,
953 1135 983 1163 in
996 1143 1051 1170 quo
1065 1134 1241 1162 esurientium
1257 1133 1292 1160 sit
1307 1137 1333 1160 et
1345 1131 1505 1164 sitiendum,
1521 1130 1673 1158 nuditatem

883 1189 992 1217 quoque
1009 1180 1163 1212 ferendam,
1180 1179 1293 1206 morbos
1307 1179 1388 1206 etiam
1409 1177 1535 1212 corporis
1554 1181 1580 1204 et
1593 1177 1673 1211 aegri-

885 1227 994 1253 tudines
1009 1224 1181 1252 tolerandas.
1193 1223 1307 1258 Insuper
1321 1227 1348 1250 et
1362 1223 1504 1250 hominum
1520 1221 1628 1249 insidiis
1642 1228 1674 1248 ac

885 1271 948 1298 dolo
959 1277 1030 1306 saepe
1044 1269 1237 1302 laborandum,
1257 1269 1358 1304 quippe
1371 1268 1418 1303 qui
1434 1267 1631 1303 dispergendos
1645 1274 1675 1294 se

885 1323 1082 1351 nonnunquam
1096 1315 1233 1349 noverint,
1244 1314 1293 1342 sed
1307 1313 1454 1349 aliquando
1466 1313 1548 1341 etiam
1560 1321 1675 1348 congre‘

885 1361 1000 1397 gandos,
1016 1361 1138 1388 vomitus
1153 1366 1261 1395 quoque
1277 1361 1303 1388 et
1316 1357 1507 1393 sugillationes
1529 1356 1656 1384 ferendas
1666 1376 1674 1385 .

886 1414 949 1434 cum
963 1414 997 1434 ex
1008 1405 1171 1434 confusione
1186 1408 1361 1440 peccatorum
1376 1407 1403 1431 et
1421 1403 1572 1438 rejectione
1585 1402 1676 1429 crimi-

887 1460 961 1484 num,
974 1452 1048 1479 velut
1062 1451 1132 1478 male
1143 1450 1299 1486 congregati
1322 1449 1350 1476 in
1366 1449 1520 1477 visceribus
1531 1448 1618 1481 fellis,
1633 1449 1676 1484 ja-

887 1502 966 1524 ctura
982 1495 1106 1524 facienda
1124 1498 1186 1529 est,
1207 1498 1235 1522 et
1256 1494 1409 1529 abiicienda
1434 1501 1548 1530 prorsus
1564 1501 1579 1521 e
1595 1494 1677 1521 corde

887 1542 978 1569 omnis
991 1541 1159 1568 intrinsecus
1173 1547 1235 1575 qua:
1258 1540 1324 1567 latet
1345 1539 1499 1566 amaritudo
1514 1539 1637 1574 peccati,
1652 1539 1677 1566 si

888 1596 941 1623 qua
955 1588 1025 1615 forte
1036 1595 1069 1615 ex
1080 1587 1225 1615 desideriis
1238 1586 1349 1621 iniquis,
1366 1586 1439 1613 velut
1447 1592 1480 1613 ex
1497 1585 1565 1613 cibis
1576 1586 1676 1618 noxiis,

887 1637 1052 1668 congregata
1069 1638 1121 1660 est.
1138 1632 1225 1665 Quam
1241 1631 1338 1666 utique
1361 1638 1424 1658 cum
1444 1632 1597 1659 evomuerit
1615 1631 1678 1666 quis

887 1682 914 1706 et
932 1678 1075 1714 abjccerit,
1091 1678 1210 1713 ingentis
1219 1676 1388 1713 aegritudinis
1400 1677 1560 1704 liberabitur
1571 1677 1676 1708 morbo,

890 1725 914 1752 si
929 1730 1020 1752 tamen
1036 1728 1097 1759 post
1117 1724 1250 1751 vomitum
1261 1743 1269 1755 ,
1286 1730 1348 1758 qua:
1367 1722 1400 1749 ad
1425 1722 1570 1750 sanitatem
1594 1722 1679 1758 perti-

889 1773 966 1802 nent,
984 1773 1085 1798 sumat.
1107 1769 1302 1797 Verumtamen
1327 1768 1424 1795 scitote
1443 1769 1536 1795 cuncti
1548 1768 1588 1800 ’°,
1604 1768 1678 1802 quod

889 1822 970 1850 supra
995 1822 1091 1842 omnes
1114 1821 1163 1842 vos
1185 1814 1290 1841 laboret
1319 1814 1482 1848 episcopus;
1507 1813 1570 1848 quia
1592 1821 1679 1840 unus-

888 1860 1005 1896 quisque
1019 1863 1141 1887 vestrum
1159 1867 1239 1886 suum
1254 1859 1395 1894 proprium
1410 1858 1463 1886 fert
1477 1859 1615 1892 laborem,
1633 1859 1679 1886 ille

888 1914 953 1935 vero
969 1909 996 1934 et
1010 1913 1090 1934 suum
1109 1909 1136 1933 et
1151 1905 1332 1940 singulorum.
1350 1905 1465 1940 Propter
1479 1905 1563 1940 quod,
1583 1913 1600 1933 ο
1617 1906 1679 1933 Cle«

889 1960 977 1984 mens,
1004 1955 1135 1986 tanquam
1155 1951 1202 1986 qui
1219 1951 1348 1979 omnibus
1363 1959 1480 1986 praeesse
1502 1955 1530 1979 te
1549 1952 1677 1985 noveris,

889 1997 1015 2033 singulos
1027 1997 1119 2033 (prout
1142 1996 1275 2033 potueris)
1288 1997 1365 2032 juva,
1381 2001 1408 2024 et
1432 1998 1556 2032 singulos
1572 1998 1661 2025 releva
1671 2019 1678 2031 ,

890 2045 936 2079 qui
961 2048 989 2072 et
1018 2043 1188 2079 singulorum
1212 2051 1283 2070 onus
1293 2046 1321 2071 et
1344 2043 1558 2071 sollicitudinem
1574 2047 1676 2078 portas.

891 2087 968 2116 Unde
987 2092 1015 2116 et
1029 2095 1079 2123 ego
1095 2096 1168 2116 nunc
1184 2088 1254 2115 hanc
1270 2088 1319 2115 tibi
1334 2087 1481 2124 iujungens
1498 2088 1680 2124 dispensatio—

890 2141 963 2165 nem,
977 2133 1037 2161 scio
1052 2134 1117 2168 quia
1138 2133 1246 2169 accipio
1260 2133 1376 2169 gratiam
1390 2134 1478 2168 magis
1488 2154 1494 2166 ,
1510 2142 1592 2170 quam
1609 2142 1680 2170 pra:-

892 2184 945 2206 sto.
962 2178 1096 2206 Sedesto
1118 2178 1259 2206 conﬁdens
1276 2182 1303 2206 et
1322 2178 1430 2206 fortiter
1455 2179 1563 2212 ferens;
1587 2184 1680 2208 certus

894 2224 957 2258 quia
970 2224 1072 2252 laboris
1087 2224 1128 2251 tui
1141 2224 1269 2252 meritum
1282 2225 1399 2259 recipies
1409 2245 1416 2258 ,
1437 2232 1500 2252 cum
1520 2225 1555 2252 ad
1570 2230 1678 2261 portum

894 2271 994 2307 quietis
1024 2271 1190 2298 incolumem
1221 2270 1292 2297 hanc
1317 2271 1474 2306 provexeris
1502 2279 1610 2300 navem.
1640 2273 1680 2300 lbi

895 2318 1035 2346 mercedes
1046 2322 1074 2345 et
1091 2318 1202 2354 prmmia
1220 2326 1270 2353 pro
1284 2320 1408 2346 omnium
1424 2319 1512 2347 salute
1528 2320 1662 2356 suscipiet
1672 2341 1679 2354 ,

896 2364 920 2392 si
934 2364 980 2391 hic
992 2372 1042 2399 pro
1056 2365 1178 2391 omnium
1194 2364 1384 2392 incolumitate
1407 2365 1571 2400 vigilaveris.
1588 2366 1681 2402 Itaque

897 2410 920 2438 si
934 2413 962 2438 te
977 2410 1056 2438 multi
1065 2417 1080 2438 e
1098 2409 1229 2437 fratribus
1241 2414 1355 2446 propter
1367 2411 1485 2446 rigorem
1494 2412 1608 2447 justitia:
1619 2413 1682 2440 odio

897 2455 1053 2488 habuerint,
1071 2463 1104 2483 ex
1120 2455 1170 2483 hoc
1181 2456 1291 2490 quidem
1306 2463 1361 2483 non
1372 2454 1497 2490 'lmderis,
1512 2458 1558 2485 sed
1576 2466 1608 2485 ex
1630 2459 1683 2486 hu~

894 2502 1045 2536 juseemodi
1060 2501 1131 2530 odiis
1148 2510 1225 2529 amor
1237 2502 1285 2530 tibi
1301 2503 1494 2531 conciliabitur
1503 2504 1563 2533 Dei.
1576 2505 1608 2532 Et
1621 2505 1682 2533 ideo

897 2552 990 2583 satage
1001 2548 1087 2583 magis
1098 2552 1125 2576 et
1137 2549 1241 2584 refuge,
1256 2557 1289 2577 ne
1301 2550 1420 2578 lauderis
1436 2551 1470 2578 ab
1485 2551 1598 2586 iniquis,
1610 2556 1637 2579 et
1648 2560 1683 2580 ne

898 2602 911 2621 a
930 2594 1050 2629 pessime
1073 2595 1217 2630 agentibus
1235 2595 1375 2631 diligaris;
1400 2597 1449 2626 sed
1465 2598 1556 2632 potius
1571 2601 1684 2633 propter

895 2639 997 2673 justam
1013 2638 1246 2674 dispensationem
1263 2641 1285 2657 θ’
1295 2661 1302 2673 ,
1319 2645 1346 2669 et
1359 2642 1545 2677 aequissimam
1560 2643 1682 2678 regulam

899 2684 1065 2719 disciplinae.
1090 2693 1104 2712 a
1128 2685 1239 2714 Christo
1253 2687 1402 2715 collaudari
1427 2690 1556 2716 mercaris
1569 2689 1603 2716 ‘3.
1619 2689 1682 2717 llmc

973 2775 996 2790 ⁸⁸
1007 2775 1056 2812 Ms.
1069 2784 1134 2802 cura
1150 2781 1207 2812 sua
1234 2777 1256 2793 ⁸⁷
1275 2777 1303 2804 ln
1317 2785 1367 2804 ms.
1387 2777 1464 2806 abest
1478 2786 1529 2805 vox
1540 2779 1678 2812 praecipue.

363 2805 386 2847 ut"
401 2803 632 2847 Redunda‘tvox"
648 2806 778 2838 habitare,
809 2816 858 2847 nec
874 2810 1000 2847 >l_cgitur_
1018 2811 1044 2847 iu
1065 2819 1115 2838 ms.
1151 2812 1177 2847 7'“
1195 2810 1242 2847 rlvo
1263 2803 1302 2838 iur
1318 2803 1529 2847 Decretvaart.“

52 2843 75 2883 ξ’
89 2838 311 2883 Ahaelet.‘epi§t.
330 2838 463 2883 hqonst.
482 2848 514 2883 tt,
527 2839 570 2866 6i.
598 2840 632 2883 ,ξ’
667 2847 814 2883 tacentia.“
834 2844 858 2859 "3
874 2838 927 2883 Ms?
946 2845 1110 2883 Eithnlassa.
1147 2846 1170 2861 "
1191 2846 1274 2881 ipsius
1311 2838 1515 2876 "interc-ibitis."

51 2877 73 2905 2
99 2877 192 2913 epist.‘
222 2875 442 2910 ""Ms.jnstirizc
471 2875 701 2906 dispensationem.
740 2877 764 2893 ’³
792 2876 870 2906 Gesta
890 2878 918 2907 S.
943 2880 1037 2913 Petri,
1064 2889 1090 2915 p.
1118 2881 1180 2909 “‘5.
