1884 3104
189 152 239 180 471

616 149 645 178 S.
663 148 859 178 CLEMENTIS
879 150 888 177 I
907 148 992 176 ROM.
1011 148 1109 177 PONT.
1132 148 1245 177 OPERA
1265 149 1378 178 DUBlA.

1762 154 1809 180 ιτς

189 217 252 237 cum
268 208 394 237 dixisset.
410 212 436 236 et
444 208 490 235 his
505 207 606 235 similia
616 215 697 242 quam
713 208 842 243 plurima.
864 215 973 235 rursum
988 210 1011 238 Α
1024 206 1160 239 Clemens.
1175 215 1266 234 coram
1282 209 1410 235 omnibus
1435 207 1481 244 qui
1503 213 1656 243 praesentes
1681 212 1764 240 sunt,
1781 215 1809 237 ut

188 254 340 289 respiciens
355 253 389 280 ad
401 252 542 288 populum.
556 251 623 278 dixit
643 261 649 278 :
671 250 724 279 Sed
744 255 771 278 et
793 259 852 284 vos.
869 250 975 277 charis-

188 300 251 327 simi
267 299 366 326 fratres
384 303 411 326 et
426 297 551 326 conservi
567 297 632 331 mei,
648 297 711 324 huic
725 297 772 332 qui
787 296 914 332 praesidet
927 303 974 323 vo-

188 347 232 374 bis
250 346 284 372 ad
302 345 445 372 veritatem
461 343 630 375 docendam.
656 343 683 370 in
707 343 835 371 omnibus
850 342 973 374 obedite;

189 392 309 419 scientes
320 390 392 426 quod
406 390 429 417 si
441 390 504 426 quis
517 389 590 416 hunc
601 389 813 420 contristaverit,
823 388 972 418 Christum,

189 438 235 472 qui
250 437 275 464 ei
290 436 406 464 docendi
420 435 536 463 credidit
556 434 727 464 cathedram.
746 442 801 461 non
821 434 926 468 recipit.
942 433 975 460 Et

189 482 236 516 qui
248 481 387 509 Christum
400 488 453 508 non
469 480 632 515 susceperit,
641 487 691 506 nec
703 478 785 506 Deum
795 478 904 506 Patrem
913 486 974 506 sus-

189 529 296 562 cepisse
314 527 494 562 judicabitur.
510 530 538 553 et
551 525 611 554 ideo
630 533 680 552 nec
696 526 754 560 ipse
768 524 933 559 suscipietur
946 524 972 550 in

189 582 274 610 regno
285 574 427 602 cmlorum.
452 572 567 608 Propter
583 571 657 606 quod
678 571 793 605 satagitc
817 569 850 596 ad
865 577 973 597 omnem

189 621 331 647 collectam
346 622 374 646 et
383 618 622 653 congregationem
646 622 754 650 semper
771 615 927 646 convenire.
944 618 973 641 ut

189 674 244 694 non
268 665 342 693 velut
366 664 535 699 negligentes
553 666 580 690 et
594 661 704 690 desides
725 668 740 687 a
754 660 847 695 judice
863 660 973 688 Christo

189 710 421 738 condemnemini.
435 709 636 737 Convenientes
648 715 714 735 vero
727 714 835 742 semper
854 706 888 734 ad
911 706 974 734 Cle-

188 760 318 788 mentem,
333 755 395 782 date
409 763 504 782 omnes
525 761 635 789 operam
654 760 704 788 pro
724 753 783 787 ipso
809 752 922 783 sentire.
946 756 973 779 et

189 809 297 829 summo
316 801 407 829 studio
420 799 539 827 favorem
557 804 677 827 vestrum
692 806 757 834 erga
769 798 858 833 ipsum
881 801 974 826 osten-

188 848 254 876 dere
263 848 297 879 ”,
311 847 430 874 scientes
441 846 505 881 quia
520 849 630 880 propter
644 845 766 879 singulos
777 849 908 875 vestrum.
922 844 972 879 ipsi

1026 257 1202 288 posteaquam
1217 254 1301 289 (sicut
1313 258 1419 282 natura:
1433 255 1443 270 ⁸
1453 254 1574 282 debitum
1588 254 1643 289 est)
1664 256 1730 282 vita:
1748 263 1810 290 pne-

1025 300 1113 327 sentis
1124 300 1204 326 tinem
1217 299 1325 333 fecero,
1336 300 1347 315 ⁷
1362 299 1464 327 Iacobo
1481 299 1560 327 fratri
1569 300 1691 331 Domini,
1707 300 1809 328 descri-

1025 349 1070 380 pta
1082 345 1209 376 breviter.
1219 345 1260 372 vel
1273 353 1335 380 qua:
1351 345 1384 372 ad
1398 345 1506 372 initium
1523 345 1584 373 fidei
1603 349 1659 373 tuae
1671 350 1807 380 spectant,

1025 391 1066 418 vel
1090 391 1172 418 etiam
1187 398 1255 426 quos
1267 395 1330 418 ante
1355 390 1433 418 fidem
1457 391 1564 419 animos
1575 392 1709 426 gesseris,
1723 391 1771 418 sed
1784 396 1809 419 et

1024 436 1142 472 qualiter
1157 436 1224 463 mihi
1235 437 1270 463 ab
1296 436 1375 464 initio
1392 445 1480 472 usque
1497 436 1530 463 ad
1547 436 1627 464 finem
1643 444 1741 464 comes
1765 438 1808 464 iti-

1025 482 1098 509 neris
1109 486 1136 508 et
1159 485 1270 508 actuum
1283 482 1377 514 fueris.
1390 490 1504 517 quaeque
1526 489 1574 517 per
1594 482 1724 517 singulas
1742 482 1808 509 civi-

1024 531 1094 554 tates
1108 527 1162 562 (me
1186 527 1354 563 disputante)
1369 528 1505 555 sollicitus
1530 527 1638 555 auditor
1652 528 1808 562 exceperis.

1024 573 1125 608 quique
1163 573 1190 600 in
1221 573 1461 608 pradicationibus
1492 573 1561 601 meis
1588 574 1632 600 vel
1659 573 1809 600 verborum

1025 618 1108 645 fuerit
1131 618 1199 646 ordo
1213 619 1254 646 vel
1271 622 1402 652 actuum;
1417 619 1465 647 sed
1483 619 1530 654 qui
1556 627 1600 647 me
1617 619 1680 646 ﬁnis
1697 619 1727 646 in
1759 619 1809 645 bac

1024 665 1091 692 urbe
1103 665 1244 700 repererit.
1263 665 1334 692 sicut
1350 664 1419 696 dixi.
1439 665 1531 693 omnia
1543 672 1625 700 quam
1642 669 1736 700 potes.
1748 664 1810 691 bre-

1024 711 1096 737 viter
1123 710 1332 745 comprehensa.
1357 711 1391 738 ad
1419 711 1508 746 ipsum
1529 715 1556 739 te
1583 711 1728 738 destinare
1757 718 1810 737 non

1024 756 1122 791 pigeat.
1156 755 1211 784 Nec
1247 757 1368 784 verearis
1396 764 1431 784 ne
1458 756 1529 784 forte
1551 757 1668 784 multum
1698 756 1737 784 de
1752 764 1812 783 meo

1024 802 1099 828 exitu
1124 802 1330 830 contristandus
1364 802 1410 834 sit,
1425 810 1488 830 cum
1511 803 1537 830 id
1559 810 1603 830 me
1625 810 1677 837 pro
1709 803 1811 838 pietate

1024 848 1160 876 sustinere
1171 857 1225 876 non
1237 849 1364 884 ambigat.
1393 849 1449 876 Erit
1460 854 1550 876 autem
1570 849 1595 876 ei
1621 848 1728 884 grande
1740 849 1811 876 sola-

189 893 277 928 magis
292 892 343 920 soli
354 892 471 919 infestus
483 895 527 918 est
541 890 668 918 inimicus
678 890 723 921 Μ,
735 893 762 917 et
776 889 803 916 in
819 890 907 924 ipsum
916 896 973 916 ma-
987 887 1012 918 Β
1025 899 1030 920 ι

1030 894 1105 926 tium,
1121 895 1145 922 si
1164 894 1302 926 didicerit,
1327 894 1401 929 quod
1416 898 1477 930 post
1488 902 1532 922 me
1542 902 1596 922 non
1609 895 1760 929 imperitus
1771 895 1812 920 vir

186 941 248 976 jora
264 939 381 968 suscitat
395 938 475 965 bella.

224 986 337 1021 Oportet
354 992 419 1020 ergo
439 991 486 1011 vos
505 991 613 1011 summo
644 982 735 1010 studio
761 982 824 1016 niti.
851 986 880 1009 ut
897 981 972 1008 omni

187 1041 251 1068 erga
271 1033 346 1059 illum
365 1030 474 1057 vinculo
489 1031 592 1057 amoris
615 1029 706 1056 innexi
725 1028 886 1063 plenissimo
907 1035 972 1063 erga

187 1087 250 1106 eum
266 1077 423 1105 inhmreatis
440 1075 548 1103 aﬂectu.
584 1075 637 1102 Sed
658 1079 685 1102 et
708 1082 757 1102 vos
787 1081 896 1110 quoque
921 1074 972 1108 ipsi

188 1125 332 1152 unanimes
347 1123 375 1150 in
387 1123 461 1150 omni
477 1121 625 1149 concordia
649 1120 806 1156 perdurate,
832 1127 887 1155 quo
904 1119 973 1147 faci-

188 1171 242 1198 lius
258 1171 340 1198 etiam
352 1169 390 1196 illi
413 1169 524 1195 obedire
546 1175 642 1194 omnes
663 1166 722 1201 pari
737 1169 764 1194 et
788 1173 924 1193 consensu
945 1169 973 1192 et

188 1216 370 1243 unanimitate
385 1215 508 1251 possitis.
525 1213 640 1248 Propter
659 1212 732 1248 quod
746 1216 773 1240 et
787 1220 836 1240 vos
855 1212 972 1239 salutem

188 1262 332 1296 consequi.
345 1266 372 1288 et
387 1261 432 1288 ille
449 1260 546 1296 possit.
560 1258 810 1294 obtemperantibus
819 1257 871 1285 sibi
883 1257 971 1289 vobis,

189 1307 341 1342 promptius
357 1304 475 1338 impositi
483 1304 574 1331 oneris
583 1302 829 1338 pcndusevchere.|
844 1302 971 1336 Quaedam

189 1356 272 1380 etiam
281 1360 314 1380 ex
328 1352 406 1379 vobis
417 1351 484 1386 ipsis
495 1350 646 1385 intelligere
661 1348 777 1379 debetis.
789 1349 812 1375 si
827 1356 880 1383 qua
896 1352 971 1381 sunt,

189 1406 250 1433 qua
266 1398 324 1433 ipse
339 1402 449 1433 propter
466 1396 579 1424 insidias
599 1395 739 1422 hominum
763 1395 898 1421 malormn
917 1402 973 1422 non

190 1448 280 1480 potest
301 1443 454 1472 evidentius
483 1445 511 1470 et
529 1440 702 1469 manifestius
727 1440 862 1475 proloqui.
891 1439 972 1468 Verbi

190 1490 278 1526 gratia
290 1499 296 1517 ε
311 1490 321 1505 ’
339 1489 368 1516 Si
379 1489 506 1516 inimicus
517 1490 558 1515 est
569 1486 651 1513 alicui
664 1493 714 1521 pro
724 1486 831 1512 actibus
842 1485 911 1517 suis.
925 1493 972 1513 vos

186 1538 277 1568 nolite
289 1541 459 1572 exspectare,
470 1537 500 1561 ut
513 1533 572 1568 ipse
581 1532 658 1560 vobis
674 1532 765 1560 dicat:
781 1531 850 1559 Cum
862 1531 909 1558 illo
921 1540 972 1559 n0-

190 1584 238 1611 tite
250 1582 332 1609 amici
353 1588 434 1613 esse;
465 1579 512 1607 sed
531 1578 678 1614 prudenter
692 1578 838 1605 observare
855 1576 970 1609 debetis,

189 1633 218 1656 et
236 1627 369 1656 voluntati
399 1626 460 1661 ejus
475 1625 534 1653 sine
558 1623 770 1652 commonitione
785 1622 972 1651 obsecundare

189 1679 217 1702 et
246 1678 370 1702 avertere
393 1680 444 1700 vos
461 1672 495 1699 ab
510 1679 542 1699 eo
557 1671 601 1698 cui
627 1670 715 1705 ipsum
739 1669 846 1697 sentitis
874 1668 973 1696 adver-

190 1728 252 1748 sum
267 1720 298 1754 ³;
314 1719 362 1747 sed
380 1726 431 1746 nec
455 1717 530 1751 loqui
551 1717 604 1748 his,
625 1716 725 1751 quibus
738 1715 796 1750 ipse
813 1723 869 1743 non
884 1715 973 1750 loqui-

188 1770 245 1797 tur,
269 1770 299 1792 ut
313 1764 503 1799 unusquisque
519 1762 566 1797 qui
588 1762 617 1789 in
640 1762 719 1796 culpa
744 1765 798 1793 est,
823 1760 888 1788 dum
899 1761 973 1795 cupit

189 1812 312 1840 omnium
326 1814 448 1838 vestrum
466 1808 602 1835 amicitias
614 1814 752 1842 reparare,
771 1805 881 1834 festinet
889 1806 972 1833 citius

189 1855 364 1884 reconciliari
375 1855 411 1887 ei,
425 1856 470 1890 qui
485 1853 614 1881 omnibus
626 1857 734 1888 praeest.
749 1856 777 1880 et
795 1851 906 1887 per'hoc
915 1852 975 1879 red-

190 1905 236 1928 cat
259 1900 294 1928 ad
315 1900 441 1932 salutem,
454 1907 515 1927 cum
528 1899 641 1927 obedire
658 1898 773 1933 cmperit
783 1898 894 1926 monitis
905 1905 973 1933 prie-

189 1945 316 1973 sidcntis.
349 1945 379 1972 Si
393 1953 460 1972 vero
482 1945 545 1980 quis
574 1944 680 1972 amicus
699 1944 782 1972 fuerit
809 1944 852 1972 his
872 1944 973 1979 quibus

189 1992 248 2027 ipse
279 1991 385 2018 amicus
397 1999 451 2018 non
471 1994 523 2022 est,
539 1993 566 2017 et
580 1990 688 2018 locutus
712 1989 795 2017 fuerit
818 1989 860 2016 his
872 1989 972 2024 quibus

189 2038 248 2072 ipse
262 2044 317 2064 non
332 2036 466 2071 loquitur,
491 2044 563 2063 unus
572 2041 614 2063 est
639 2040 666 2063 et
681 2035 739 2070 ipse
755 2043 788 2062 ex
799 2035 854 2062 illis
863 2035 909 2069 qui
925 2043 973 2062 ex-

191 2083 342 2110 terminare
356 2082 450 2108 volunt
466 2081 615 2108 Eccicsiam
634 2080 682 2108 Dei
701 2089 707 2106 :
731 2084 758 2108 et
776 2088 837 2108 cum
858 2088 972 2116 corpore

188 2128 331 2156 vobiscum
345 2135 406 2155 esse
420 2127 555 2158 videatur,
571 2131 661 2154 mente
671 2131 698 2154 et
711 2127 804 2154 animo
818 2132 911 2154 contra
924 2135 972 2155 vos

188 2177 241 2200 est.
271 2173 304 2200 Et
329 2178 372 2200 est
394 2174 482 2200 multo
504 2173 620 2208 nequior
643 2173 731 2200 hostis
760 2173 816 2205 hic.
838 2179 918 2207 quam
933 2173 971 2200 illi

1025 939 1134 975 aliquis,
1149 944 1196 967 aut
1217 940 1354 972 indoctus,
1372 944 1453 975 atque
1475 940 1604 975 ignorans
1618 940 1706 967 divini
1728 940 1802 967 verbi

1024 986 1185 1022 mysterium
1196 986 1208 1002 ⁸
1223 1006 1231 1017 ,
1243 990 1271 1014 et
1285 986 1465 1014 ecclesiastici
1490 986 1595 1013 ordinis
1620 985 1810 1020 disciplinam,

1023 1033 1066 1059 vel
1087 1031 1219 1059 doctrinae
1233 1032 1353 1067 regulam
1368 1031 1505 1064 nesciens.
1531 1033 1688 1066 susceperit
1715 1032 1810 1058 cathe-

1024 1077 1101 1105 dram
1115 1085 1223 1111 meam;
1236 1078 1289 1105 scit
1305 1077 1388 1109 enim,
1409 1077 1473 1112 quia
1482 1077 1506 1105 si
1522 1077 1649 1105 indoctus
1660 1081 1688 1104 et
1703 1077 1810 1104 inscius

1023 1125 1140 1152 oﬂicium
1155 1124 1275 1152 doctoris
1299 1123 1425 1158 accipiat,
1446 1124 1507 1150 sine
1531 1123 1614 1150 dubio
1638 1123 1771 1158 discipuli
1785 1128 1809 1150 et

1023 1170 1163 1198 auditores
1177 1170 1337 1205 ignorantiae
1351 1169 1471 1197 tenebris
1486 1169 1608 1197 obvoluti
1619 1169 1640 1200 ',
1666 1169 1694 1196 in
1710 1169 1807 1196 interi-

1024 1220 1081 1244 tum
1096 1216 1297 1251 demergentur.
1318 1215 1397 1243 Unde
1410 1221 1437 1244 et
1445 1223 1506 1251 ego,
1519 1216 1556 1242 mi
1571 1215 1681 1243 domine
1693 1214 1806 1244 Jacobc.

1024 1269 1085 1289 cum
1099 1262 1156 1289 haec
1173 1262 1247 1289 abeo
1263 1266 1397 1297 pra-cepta
1412 1262 1589 1296 susceperim.
1601 1269 1718 1288 necesse
1726 1261 1807 1288 habui

1026 1308 1142 1343 implere
1155 1308 1227 1342 quod
1240 1308 1372 1341 jusserat,
1388 1307 1513 1334 indicans
1528 1307 1577 1334 tibi
1589 1311 1617 1334 ct
1630 1307 1664 1334 de
1676 1307 1719 1334 his
1730 1307 1806 1342 ipsis.

1024 1354 1104 1380 simul
1122 1357 1149 1381 et
1166 1353 1200 1380 de
1215 1353 1268 1380 illis
1286 1353 1404 1380 breviter
1426 1353 1670 1387 comprehenderis,
1687 1361 1750 1387 qua:
1760 1361 1808 1388 per

1023 1400 1146 1435 singulas
1161 1407 1284 1434 quasque
1301 1399 1384 1426 urbes
1392 1399 1558 1435 digrediens,
1571 1403 1618 1426 aut
1628 1400 1653 1426 in
1670 1399 1804 1434 praedica-

1024 1446 1107 1474 tionis
1121 1454 1246 1474 sermone
1261 1446 1422 1481 protulerit,
1438 1449 1485 1473 aut
1509 1446 1536 1472 in
1551 1451 1690 1481 gestorum
1703 1446 1807 1473 virtute

1024 1492 1178 1526 perfecerit;
1185 1493 1308 1526 quamvis
1317 1492 1364 1519 tibi
1374 1492 1406 1519 de
1416 1491 1459 1518 bis
1467 1491 1644 1526 plurimajam
1661 1495 1688 1518 et
1697 1491 1807 1526 plenius

1024 1542 1087 1565 ante
1103 1539 1249 1573 descripta,
1264 1538 1324 1574 ipso
1336 1538 1448 1573 jubentc
1458 1557 1466 1570 ,
1478 1537 1690 1569 transmiserim,
1708 1538 1761 1565 sub
1774 1546 1808 1565 eo

1024 1584 1083 1619 ipso
1107 1584 1196 1616 titulo,
1225 1591 1306 1619 quem
1337 1584 1396 1618 ipse
1422 1583 1544 1619 praecipit
1567 1582 1650 1617 afﬁgi.
1670 1583 1692 1598 "
1712 1583 1739 1610 id
1765 1587 1808 1610 est

1022 1630 1170 1658 Clementis
1199 1631 1388 1661 ltincrarium,
1409 1630 1429 1645 “
1452 1637 1508 1656 non
1524 1627 1735 1656 Praedicationis
1757 1628 1806 1656 Pe-

1023 1676 1058 1702 tri
1075 1676 1107 1702 ¹¹.

1059 1720 1111 1748 Sed
1122 1724 1149 1748 et
1157 1729 1232 1748 nune
1243 1727 1381 1755 exponere
1391 1720 1447 1755 jam
1461 1727 1522 1755 quae
1534 1720 1674 1755 praecepit.
1690 1719 1807 1748 Domino

1022 1774 1102 1802 opem
1116 1766 1232 1798 ferente,
1247 1766 1374 1801 incipiam
1388 1776 1394 1793 :
1416 1766 1593 1798 Pmnilemini,
1607 1767 1710 1801 inquit.
1730 1771 1755 1794 et
1769 1775 1806 1794 oe-

1023 1820 1081 1839 rcm
1092 1813 1161 1846 agite
1175 1812 1352 1846 paznilentiam
1366 1812 1398 1839 ".
1413 1811 1516 1843 Omnes
1529 1819 1594 1847 ergo
1609 1811 1750 1845 homines,
1761 1813 1805 1848 qui

1023 1856 1181 1885 Christiano
1196 1862 1343 1885 censentur
1366 1857 1508 1889 vocabulo.
1530 1857 1639 1885 Patrem
1659 1862 1688 1885 et
1708 1857 1805 1885 Filium

1023 1907 1050 1931 et
1066 1903 1196 1939 Spiritum
1211 1908 1346 1937 sanctum,
1360 1912 1442 1931 unum
1456 1903 1540 1931 Deum
1553 1908 1581 1932 et
1596 1904 1745 1932 Dominum
1759 1912 1805 1931 ve-

1022 1950 1121 1977 raciter
1141 1950 1254 1977 credere
1268 1954 1296 1977 et
1316 1950 1451 1980 conﬁteri,
1463 1957 1580 1984 eumque
1595 1953 1653 1977 tota
1674 1955 1768 1978 mente
1778 1954 1805 1977 et

1021 1995 1077 2017 toto
1092 1989 1172 2017 corde
1182 1994 1210 2018 et
1225 1994 1281 2017 tota
1297 1989 1395 2018 virtute
1407 1991 1528 2026 diligere.
1541 1996 1568 2019 ct
1579 1992 1725 2026 proximos
1738 1999 1802 2018 suos

1020 2040 1148 2068 tanquam
1172 2035 1347 2071 semetipsos,
1366 2036 1553 2071 docibilesque
1575 2043 1637 2064 esse
1660 2045 1752 2072 usque
1771 2036 1802 2063 ad

1020 2082 1164 2117 perfectam
1173 2082 1325 2110 doctrinam
1335 2082 1368 2109 ad
1377 2082 1434 2110 htec
1442 2081 1616 2117 perﬁcienda,
1626 2088 1803 2117 summopere

1019 2133 1132 2164 oportet.
1146 2127 1226 2156 Fides
1247 2128 1318 2156 enim
1337 2133 1364 2155 et
1376 2128 1494 2161 dilectio,
1508 2128 1592 2155 totius
1611 2127 1748 2155 bonitatis
1763 2131 1803 2155 est

1020 2173 1236 2201 fundamentum.
1259 2174 1324 2201 Sine
1341 2173 1393 2200 fide
1409 2178 1498 2200 autem
1519 2173 1626 2207 placere
1642 2172 1701 2200 Deo
1724 2181 1804 2200 nemo

189 2219 237 2254 qui
256 2219 323 2247 foris
337 2223 412 2251 sunt,
428 2223 456 2247 et
468 2219 606 2247 evidenter
618 2219 720 2246 inimici
741 2222 816 2246 sunt.
834 2218 884 2246 Hic
899 2219 971 2246 enim
987 2223 1010 2251 Β
1021 2219 1116 2255 poterit
1127 2220 1158 2246 η.
1170 2219 1279 2247 Christo
1293 2220 1383 2254 itaque
1393 2218 1578 2253 resurgente"
1593 2223 1620 2245 et
1638 2219 1804 2246 ascendente

190 2273 239 2300 per
253 2264 436 2293 amicitiarum
452 2265 580 2300 speciem,
591 2273 653 2300 qua:
664 2264 768 2292 inimici
779 2265 790 2280 ⁸
801 2269 876 2297 sunt,
892 2265 972 2300 gerit.

189 2316 217 2339 et
239 2311 387 2340 Ecclesiam
418 2312 550 2347 dispergit
572 2319 604 2339 ac
630 2315 720 2338 vastat
731 2312 752 2338 ⁸.
780 2311 812 2338 Et
834 2319 894 2338 cum
916 2311 973 2339 haec

189 2357 314 2390 dixisset.
327 2358 354 2385 in
371 2357 462 2386 medio
477 2365 569 2384 coram
585 2357 712 2384 omnibus
731 2365 829 2385 manus
844 2358 907 2385 mihi
922 2358 972 2385 im-

188 2403 291 2437 posuit.
316 2403 381 2431 etin
396 2403 526 2431 cathedra
541 2411 601 2434 sua,
624 2403 727 2438 ingenti
745 2404 909 2431 verecundia
929 2403 967 2430 fa-

187 2449 315 2483 tigatum:
342 2449 437 2477 sedere
453 2457 496 2477 me
517 2449 657 2484 compulit.
684 2448 808 2484 Cumque
826 2450 969 2482 sedissem.

187 2494 245 2522 haec
274 2496 308 2523 ad
328 2503 371 2523 me
398 2503 507 2523 rursum
534 2496 642 2523 locutus
672 2495 933 2531 estzDeprecorte,
953 2504 969 2524 o

1020 2266 1046 2293 in
1068 2266 1184 2299 caelum,
1199 2266 1286 2293 misso
1304 2270 1398 2292 sancto
1424 2264 1536 2299 Spiritu,
1552 2265 1650 2292 collata
1671 2264 1804 2299 apostolis

1019 2312 1130 2339 scientia
1143 2312 1306 2347 linguarum,
1316 2311 1406 2338 adhuc
1416 2311 1443 2338 in
1456 2318 1510 2338 uno
1524 2310 1616 2346 positi,
1629 2310 1803 2345 Symbolum.

1018 2358 1090 2392 quod
1105 2358 1191 2385 fidelis
1207 2365 1280 2385 nunc
1295 2362 1368 2384 tenet
1380 2356 1511 2389 Ecclesia,
1525 2356 1716 2390 unusquisque
1731 2356 1803 2390 quod

1019 2403 1105 2430 sensit
1119 2402 1244 2436 dicendo,
1258 2402 1449 2433 condiderunt,
1468 2406 1499 2428 ut
1517 2401 1688 2428 discedentes
1705 2401 1742 2428 ab
1763 2401 1804 2428 in-

1018 2449 1122 2481 vicem,
1141 2448 1210 2476 hanc
1227 2448 1347 2484 regulam
1368 2456 1416 2483 per
1438 2455 1532 2475 omnes
1553 2451 1647 2482 gentes
1671 2447 1805 2481 praedica-

1018 2499 1088 2522 rent.
1113 2495 1254 2523 Summam
1269 2502 1334 2531 ergo
1358 2495 1441 2522 totius
1457 2494 1517 2522 fidei
1539 2493 1684 2520 catholicae
1705 2501 1805 2520 recen-

222 2616 243 2651 ’f
261 2615 413 2649 dependere.
453 2616 487 2632 ¹⁰⁰
503 2617 610 2651 infestat
634 2617 765 2643 inimicus.
803 2618 811 2632 ¹
832 2617 916 2644 Conc.
934 2616 1054 2646 Vasensc
1069 2617 1101 2647 li.
1116 2624 1140 2643 c.
1156 2617 1183 2649 6.
1205 2625 1248 2644 an.
1267 2616 1330 2648 ΜΞ,
1345 2617 1468 2644 distinct.
1479 2616 1524 2643 93.
1538 2616 1571 2642 Et
1587 2616 1614 2643 in
1631 2617 1713 2651 epist.
1729 2617 1802 2645 decr.

185 2650 203 2676 5
226 2650 432 2686 Anaclet.papa:
447 2651 527 2686 cujus
543 2652 649 2687 initium
662 2655 704 2680 est
718 2659 724 2677 :
740 2651 895 2679 Benedictus
911 2652 998 2686 Deus,
1019 2657 1046 2679 et
1066 2652 1191 2680 similiter
1218 2651 1331 2678 Fabiani
1359 2659 1447 2687 papae,
1459 2658 1519 2687 qua
1544 2650 1671 2687 incipite

976 2688 986 2703 ³
1007 2688 1060 2715 Ms.
1092 2695 1224 2714 aversum.
1261 2685 1403 2714 ‘inimical
1441 2686 1545 2714 'Gesta
1560 2685 1647 2716 Petri.

184 2686 330 2720 prwreplis.
374 2687 384 2701 ‘
412 2687 498 2717 Cone.
526 2686 647 2715 Metense
677 2695 742 2714 ann.
764 2687 827 2718 888,
851 2695 876 2715 c.
898 2687 924 2714 8.

1701 2651 1803 2679 Divinis

1684 2694 1712 2721 ρ.
1739 2688 1801 2714 us.

186 2720 398 2748 ‘Ms.natumle.
435 2722 445 2738 '
462 2722 578 2749 Neronis
600 2730 673 2749 anno
690 2722 718 2754 8.
740 2728 867 2750 currente
888 2723 991 2750 Christi
1016 2722 1061 2752 62.
1083 2730 1172 2750 caesus
1193 2725 1245 2753 est.
1272 2720 1370 2748 Petrus
1395 2729 1460 2748 vero
1480 2721 1596 2748 Neronis
1620 2720 1745 2754 ejusdem
1770 2722 1804 2749 l3

183 2760 311 2794 exeunte.
328 2757 489 2794 Christi767'l.
527 2757 833 2794 “intiiiisteriumﬁtaret
861 2765 886 2785 c.
911 2756 987 2794 Just1
1022 2757 1032 2773 '
1054 2757 1102 2794 Ms.
1123 2757 1243 2794 involuti».
1283 2757 1305 2794 ξθ
1320 2755 1441 2794 Reliqua
1458 2756 1604 2794 sententia
1627 2764 1687 2794 non
1712 2760 1802 2794 exstat

185 2791 212 2816 in
225 2799 288 2827 _ms.
303 2795 397 2819 nostro
411 2793 502 2820 addita
522 2793 556 2819 ab
571 2793 662 2827 aliquo
687 2793 890 2827 interpolatore.
929 2794 951 2810 ιι
975 2792 1056 2820 Deest
1077 2793 1133 2819 haec
1150 2792 1257 2827 negatio
1283 2791 1311 2818 in
1330 2791 1401 2827 ms.:
1421 2791 1443 2806 ¹¹
1458 2791 1507 2818 Hic
1519 2791 1619 2827 desinit
1645 2792 1762 2827 epistola
1775 2792 1802 2818 in

184 2825 346 2863 quibusdam
359 2825 632 2863 codicilmsLCazter'a
661 2832 724 2854 sunt
747 2825 806 2863 vice
831 2828 999 2863 appendicis,
1032 2827 1122 2854 addita
1150 2825 1222 2863 circa
1239 2834 1341 2853 annum
1353 2826 1417 2858 800,
1432 2830 1461 2863 u_t
1483 2825 1600 2853 videtur.
1642 2827 1663 2842 "
1677 2826 1766 2856 Marc.
1780 2834 1801 2854 Ι.

185 2859 207 2874 ⁵⁸
221 2859 302 2890 llebr.
321 2869 359 2890 ιι.
388 2864 415 2891 6.

455 2863 475 2879 ¹¹
502 2862 627 2890 Vcnautii
644 2871 704 2898 exp.
730 2863 757 2891 in
790 2861 947 2899 Symbolum
971 2871 995 2890 ς.
1016 2863 1041 2896 Ι,
1057 2871 1143 2898 usque
1173 2862 1206 2890 ad
1219 2862 1330 2897 Diligere
1355 2870 1415 2896 ergo
1441 2861 1534 2894 Deum,
1556 2864 1611 2890 etc.
