1884 3104
58 153 114 181 ‘73
654 149 836 180 EPISTOLIE
857 151 1093 181 DECRETALES.
1636 154 1690 182 ιτι

58 213 166 239 sentes,
184 208 213 235 in
228 215 283 242 qua
299 211 327 235 et
340 207 482 243 integritas
497 207 669 235 credulitatis
686 209 852 240 ostenditur,
868 214 890 241 Α
906 212 951 236 nui
965 215 989 237 te
1003 211 1036 237 ".
1050 209 1083 236 Et
1100 210 1167 237 illud
1183 219 1189 237 :
1214 210 1266 237 Hie
1280 210 1351 238 Deus
1363 215 1462 244 noster,
1478 214 1504 238 et
1519 217 1569 237 non
1584 216 1691 246 reputa-

57 261 86 282 et
100 254 182 281 unius
198 253 246 280 Dei
261 253 464 288 Omnipotentis
472 253 509 289 (id
524 258 566 282 est
583 258 685 281 sancite
699 254 853 290 Trinitatis)
905 256 975 282 bitur
995 257 1063 283 alter
1074 257 1108 282 ad
1118 257 1220 289 eum“.
1237 256 1270 283 Et
1290 260 1352 292 post
1367 265 1374 282 :
1402 256 1436 283 1η
1450 261 1522 283 terra
1543 258 1615 284 visus
1637 262 1689 292 est,

57 300 202 335 aequalitas
234 299 402 332 declaratur,
419 303 446 327 et
470 300 631 335 mysterium
652 300 853 328 lncarnationis
904 307 928 329 et
942 304 1010 329 inter
1022 303 1137 330 homines
1153 308 1321 330 conuersatus
1337 307 1376 330 est
1388 303 1433 330 '°‘.

58 346 121 373 Filii
147 346 207 378 Dei,
222 346 271 380 qui
291 354 341 381 pro
361 346 450 374 salute
468 346 581 373 humani
611 347 720 382 generis
740 355 755 374 a
772 347 853 375 Patre
939 348 960 363 ³¹
969 348 1155 384 Diligerecrgo
1163 349 1245 376 Deum
1254 356 1474 384 unumquemque
1486 356 1518 376 ex
1531 352 1586 375 toto
1597 348 1690 382 corde,

56 395 92 420 de
119 394 192 420 cutio
220 391 403 424 descendens,
429 392 464 420 de
488 391 597 427 Virgine
620 393 696 420 nasci
724 393 853 428 dignatus
903 399 930 421 et
946 402 979 422 ex
992 398 1049 421 tota
1070 396 1171 427 anima,
1188 400 1217 422 ut
1233 395 1371 430 prmlixum
1386 400 1439 427 est,
1455 403 1489 422 er.
1508 399 1564 422 tota
1582 395 1691 422 fortitu-

56 445 108 470 est,
144 447 257 474 quoquo
274 439 295 454 ι*
309 439 414 471 ordine,
428 439 474 466 vel
491 439 601 473 quando
624 443 740 466 mortctn
758 444 851 474 pertn-
903 439 996 467 dine"
1013 445 1130 475 oportet,
1147 446 1173 468 et
1191 442 1344 476 proximum
1360 445 1488 476 tanquam
1501 442 1689 475 semetipsum,

57 486 129 516 lcrit,
146 485 286 519 quomodo
301 485 425 519 sepultus
441 487 602 516 surrexerit,
612 490 640 513 et
655 485 682 512 in
696 493 779 514 carne
790 487 850 521 ipsa
902 487 1083 520 respondente
1097 486 1212 514 Domino
1224 488 1330 514 cuidam
1347 486 1505 514 Scribarum
1520 494 1552 514 ac
1564 487 1688 514 dicente:

55 532 143 559 ccelos
158 531 327 561 ascenderit,
343 531 376 558 ad
384 532 563 566 dextramque
580 530 669 558 Patris
685 533 850 566 consederit,
902 531 1024 558 Primum
1041 534 1157 560 omnium
1181 534 1336 560 mandatum
1355 539 1404 566 est,
1425 534 1488 560 audi
1507 533 1593 560 Israel
1609 541 1617 559 :
1635 533 1690 560 Do-

53 577 139 612 judex
157 583 294 605 venturus
317 577 366 608 sit,
388 585 420 604 ac
449 578 567 612 qualiter
582 578 774 605 remissionem
789 587 852 614 pec-
904 579 990 605 minus
1003 579 1074 606 Deus
1095 585 1166 611 tuus,
1180 580 1250 607 Deus
1270 589 1338 607 unus
1354 585 1409 612 est;
1424 585 1451 608 et
1465 589 1472 607 :
1489 580 1586 616 Diliges
1601 580 1690 607 Domi-

54 629 183 651 catorum
214 631 295 652 sacro
316 624 482 658 baptismate
515 624 619 651 renatis
637 625 796 656 contulerit,
825 628 852 652 et
901 633 963 651 num
979 625 1062 653 Deum
1076 632 1148 653 tuum
1163 634 1197 653 ea:
1216 632 1268 653 toto
1279 626 1356 653 conlo
1375 632 1429 656 tuo,
1445 631 1469 653 ct
1484 634 1516 653 ea:
1528 632 1583 653 tota
1599 627 1689 653 anima

54 670 294 697 resurrectionem
311 670 420 697 humani
437 670 546 705 generis
565 670 585 686 ¹⁷
602 670 629 696 in
657 670 752 697 eadem
768 678 851 697 carne
902 675 958 703 tua,
975 677 999 699 et
1011 680 1044 699 ea:
1073 677 1128 699 tota
1143 678 1226 700 mente
1244 678 1301 703 tua,
1320 678 1344 699 et
1371 681 1403 699 ea:
1423 677 1480 699 tota
1500 673 1595 699 virtute
1620 677 1688 700 tua:

55 721 82 743 et
111 717 142 743 in
168 718 253 744 vitam
276 721 406 743 teternam
426 715 558 748 futuram,
573 716 614 743 sic
641 716 795 743 docuerunt
817 717 849 743 η.
900 716 948 743 hoc
965 718 1130 752 estprimum
1155 719 1322 745 mandatum.
1345 718 1493 745 Secundum
1504 723 1591 745 autent
1601 719 1689 747 simile

54 760 217 795 Symbolum
243 762 316 789 enim
337 761 440 793 Graece,
473 762 571 789 Latine
602 763 709 790 collatio
738 762 848 791 dicitur.
900 768 939 789 est
954 763 995 789 illi
1006 771 1015 789 .'
1027 763 1128 798 Diliges
1139 765 1290 798 proximum
1304 769 1376 791 tuum
1392 771 1516 799 tanquam
1530 766 1641 798 teipsum
1652 765 1686 794 ³⁸.

52 807 85 833 Et
95 808 117 823 ⁸³
127 808 315 843 hocprtedicti
323 809 534 844 sanctiapostoli
545 809 616 836 inter
626 817 655 837 se
663 817 710 844 per
718 809 849 844 Spiritum
901 807 988 843 Majus
1002 809 1098 836 horum
1116 810 1187 837 aliud
1208 809 1365 836 mandatum
1383 817 1437 837 non
1459 815 1520 842 est,
1536 811 1607 846 quod
1628 818 1688 838 ma-

51 857 184 880 sanctum
199 855 357 888 salubriter,
375 859 405 882 ut
426 855 531 882 dictum
546 859 599 888 est,
619 855 801 882 condiderunt
815 855 847 882 '°.
898 854 944 888 jus
968 858 1011 882 est
1034 855 1161 883 omnibus
1184 856 1451 884 holocautomatibus
1476 861 1503 884 et
1530 857 1685 886 sacriliciis.

49 898 161 926 Dicitur
175 904 204 927 et
220 900 364 933 indicium,
379 901 452 936 quod
469 908 517 935 per
538 901 601 933 hoc,
624 901 671 936 qui
687 905 760 929 recte
784 909 847 929 ere-
863 901 886 930 Β
900 899 977 927 Unde
989 904 1016 928 et
1032 901 1060 927 in
1081 900 1172 928 Veteri
1200 901 1378 929 Testamento
1396 903 1528 937 scriptum
1544 903 1659 931 habetur
1677 912 1684 930 :

49 946 166 977 diderit,
194 947 344 975 indicatur.
373 947 444 981 Ergo
472 947 580 974 cunctis
596 947 772 975 credentibus
788 957 848 983 qua:
901 946 978 979 Quod
994 946 1042 973 tibi
1060 947 1120 981 ﬁeri
1142 956 1193 974 non
1217 948 1264 981 vis,
1278 948 1355 975 alteri
1373 957 1403 975 ne
1418 948 1510 982 feceris
1522 949 1556 977 ³⁵.
1583 949 1615 975 Ει
1631 949 1686 977 Do-

49 993 235 1020 continentur
251 994 280 1020 in
306 992 420 1028 praefato
438 993 579 1027 Symbolo,
602 993 678 1021 salus
693 994 847 1023 animarum
899 993 990 1020 mintts
1005 993 1043 1019 ait
1061 1001 1067 1018 :
1086 993 1181 1020 Omnia
1201 1003 1359 1029 quwcunquc
1378 995 1455 1021 uultis
1470 1000 1499 1021 ut
1523 995 1626 1030 faciant
1640 1004 1686 1023 vo-

48 1043 74 1066 c:
110 1039 171 1065 vita
198 1043 330 1073 perpetua
360 1039 440 1066 bonis
463 1039 569 1066 actibus
594 1044 776 1074 prteparatur.
899 1038 938 1065 bis
954 1038 1082 1072 licmines,
1108 1044 1133 1066 et
1152 1048 1196 1067 vos
1208 1041 1287 1075 facite
1308 1042 1431 1069 similiter
1458 1042 1511 1069 illis
1525 1042 1557 1069 ³⁸.
1579 1041 1685 1075 Quibus

83 1084 117 1111 Et
131 1085 210 1120 quod
222 1086 243 1100 “
254 1086 281 1112 in
296 1085 445 1120 primordio
455 1085 847 1122 ejusdcmSymboliprmpoiii-
898 1085 1023 1120 utrisque
1038 1086 1174 1114 mandatis
1191 1087 1223 1120 ³⁸,
1239 1095 1287 1122 per
1301 1096 1385 1115 unum
1401 1088 1504 1115 malitia
1529 1089 1686 1124 compesci-

46 1135 103 1162 tur,
113 1130 206 1158 Credo
219 1132 245 1157 in
256 1131 339 1158 Deum
347 1131 453 1158 Patrem
462 1136 678 1170 onnupotcntem;
685 1133 846 1167 prmclarum
898 1134 953 1164 tur,
970 1135 996 1159 et
1009 1140 1056 1166 per
1069 1133 1143 1160 aliud
1158 1133 1314 1168 benignitas
1328 1139 1505 1170 propagatur,
1523 1139 1553 1162 ut
1581 1143 1615 1162 ne
1626 1143 1685 1162 ma-

47 1177 110 1204 ﬁdei
126 1178 321 1204 testimonium
338 1181 365 1204 et
382 1177 589 1204 fundamentum
609 1178 638 1204 in
652 1180 740 1212 prima
756 1179 847 1207 fronte
898 1177 953 1204 lum
965 1178 1027 1212 quis
1043 1178 1151 1211 inferat,
1167 1180 1214 1207 sed
1227 1181 1326 1207 bonum
1336 1181 1483 1215 impendat.
1510 1180 1642 1213 Primum,
1655 1184 1685 1208 ut

46 1227 235 1254 monstratur,
249 1223 315 1258 quia
331 1223 423 1251 salvus
431 1230 494 1250 esse
508 1224 620 1257 poterit,
632 1226 679 1259 qui
696 1230 771 1253 r.:cte
783 1234 845 1254 cre-
897 1231 930 1250 ca
937 1229 993 1251 teat
1008 1225 1121 1260 lmdere;
1137 1226 1287 1253 secundum
1302 1230 1331 1252 ut
1343 1227 1416 1254 norit
1425 1228 1525 1254 bonum
1542 1232 1682 1262 praestare.

46 1269 159 1297 ditlerit.
173 1269 290 1297 Credere
298 1270 367 1296 enim
376 1274 477 1303 oportet
492 1270 656 1297 accedentem
666 1272 700 1298 ad
712 1272 795 1300 Deum
803 1274 845 1307 ";
897 1270 928 1297 Si
935 1272 1003 1298 enim
1015 1271 1125 1304 fratrem
1140 1280 1215 1307 quem
1226 1273 1307 1305 vides,
1318 1281 1369 1300 non
1379 1273 1484 1308 diligis;
1503 1273 1595 1307 Deum,
1607 1282 1684 1309 quem

45 1317 178 1350 quoniam
195 1316 275 1342 corde
286 1316 400 1342 creditur
414 1316 448 1343 ad
463 1317 610 1351 justitiam,
627 1322 652 1344 et
667 1326 711 1346 ore
740 1320 845 1354 confes-
897 1325 949 1344 non
962 1318 1043 1349 vides,
1056 1318 1186 1353 quomodo
1210 1323 1282 1353 potes
1305 1319 1415 1354 diligere
1429 1320 1450 1335 ³⁷
1463 1320 1474 1347 'l
1487 1320 1533 1346 Sic
1553 1329 1618 1355 ergo
1633 1329 1684 1349 nos

45 1363 82 1388 sia
97 1363 130 1397 ﬁt
158 1362 197 1388 ad
210 1362 324 1389 salutem
339 1363 372 1390 ".
396 1362 473 1390 Unde
491 1363 529 1389 ait
545 1363 681 1398 Propheta
700 1374 705 1391 :
723 1364 841 1396 Credidi,
897 1364 976 1392 decet
990 1372 1119 1392 exercere
1138 1373 1232 1392 curam
1249 1370 1386 1397 nostram,
1404 1371 1495 1393 utnon
1512 1366 1682 1396 dimittamus

43 1414 151 1442 propter
166 1410 241 1443 quod
266 1409 369 1435 locutus
399 1417 458 1436 sum
470 1409 502 1437 “.
532 1409 565 1436 Et
586 1410 653 1437 illud
668 1420 673 1437 :
692 1410 788 1438 Justus
812 1419 845 1439 ea:
896 1417 990 1437 curam
1006 1415 1125 1439 vestram
1143 1421 1150 1438 :
1168 1415 1195 1438 et
1210 1411 1250 1438 sic
1265 1411 1378 1447 diligere
1394 1420 1455 1444 nos,
1472 1420 1507 1439 ne
1529 1414 1684 1448 negligatur

45 1457 96 1490 ﬁde
105 1457 172 1483 vivit
187 1456 222 1483 ".
241 1455 272 1482 Et
290 1463 297 1481 :
313 1454 375 1482 Nisi
392 1455 564 1489 credideritis,
577 1464 628 1483 non
644 1456 794 1492 intelligetis
807 1458 841 1486 '°.
895 1456 1006 1483 dilectio
1026 1457 1140 1491 proximi
1154 1466 1162 1490 ς
1178 1458 1244 1492 quia
1260 1458 1281 1473 "
1290 1457 1337 1485 Dei
1353 1458 1463 1485 dilectio
1480 1459 1560 1485 morti
1573 1467 1682 1495 compa-

44 1503 115 1538 Ergo
129 1503 154 1518 "
174 1503 205 1529 in
229 1503 312 1529 rebus
328 1502 457 1529 humanis
473 1502 576 1529 nullum
604 1510 673 1537 opus
700 1503 841 1538 incipitur,
896 1506 982 1533 ratur,
1008 1503 1116 1530 dicente
1143 1502 1305 1538 Sapientia:
1339 1504 1435 1531 Valida
1463 1509 1503 1532 est
1527 1505 1632 1532 dilectio
1654 1510 1683 1532 ut

43 1549 97 1576 nisi
111 1549 199 1576 labor
213 1548 304 1576 omnis
318 1549 351 1575 ad
364 1548 490 1575 ell'ectum
505 1548 598 1575 venire
613 1549 751 1576 credatur.
767 1549 843 1577 Unde
857 1577 876 1587 η
895 1556 966 1574 mors
979 1548 1001 1564 "
1014 1558 1020 1575 :
1038 1549 1154 1581 idcirco,
1167 1550 1231 1584 quia
1247 1550 1318 1576 sicut
1333 1558 1407 1577 mors
1426 1551 1559 1578 violenter
1573 1557 1682 1587 separat

44 1596 220 1623 credendum
233 1599 275 1622 est
291 1595 317 1621 in
336 1594 429 1627 Deum,
447 1601 462 1620 a
487 1601 541 1629 quo
564 1598 618 1620 tam
636 1602 758 1629 praesens
773 1596 840 1627 vita,
856 1577 877 1605 ο
895 1595 1014 1621 animam
1031 1602 1046 1622 a
1062 1602 1187 1630 corpore,
1199 1595 1236 1622 ita
1248 1596 1358 1622 dilectio
1374 1596 1421 1623 Dei
1437 1602 1545 1632 separat
1562 1598 1682 1625 animam

43 1650 126 1676 quam
144 1641 243 1668 futura
260 1641 405 1668 tribuatur.
423 1640 495 1667 Deus
519 1644 610 1667 autem
628 1641 777 1676 appellatio
800 1645 843 1668 est
894 1641 1028 1668 violenter
1045 1648 1060 1667 a
1077 1641 1216 1668 mundano
1231 1645 1257 1668 et
1271 1642 1375 1668 carnali
1404 1650 1505 1670 amore.
1534 1643 1585 1676 Qui
1599 1644 1680 1676 enim,

43 1688 216 1716 substantia:
239 1687 419 1722 sempiternae,
437 1687 494 1714 sive
509 1687 616 1714 timoris
635 1687 729 1714 divini.
761 1687 844 1722 Igitur
894 1687 1026 1714 Dominus
1042 1687 1140 1721 inquit,
1151 1686 1240 1722 diligit
1251 1687 1438 1719 me,mandata
1457 1697 1514 1714 mea
1525 1689 1637 1716 servabit
1646 1689 1679 1718 δ”,

44 1733 116 1762 Deus
132 1735 200 1761 sine
212 1733 357 1768 principio,
368 1733 426 1760 sine
440 1733 503 1765 ﬁne,
516 1733 643 1768 simplex,
658 1733 840 1768 incorporeus
893 1733 961 1760 Nam
976 1734 1023 1768 qui
1037 1733 1083 1760 Dci
1105 1737 1242 1768 praecepta
1264 1734 1427 1766 contemnit,
1445 1733 1528 1761 Deum
1545 1743 1599 1762 non
1615 1735 1679 1762 dili-

44 1784 69 1807 et
88 1779 395 1814 incomprehensibilis.
417 1778 524 1806 Patrem
547 1783 638 1806 autem
665 1787 726 1806 cum
750 1780 840 1812 audis,
893 1780 942 1815 git.
974 1779 1051 1807 Unde
1067 1780 1200 1814 scriptum
1225 1783 1269 1806 est
1285 1789 1292 1807 :
1311 1779 1401 1806 Nolite
1419 1785 1511 1813 putare
1534 1781 1602 1815 quod
1620 1790 1678 1808 ma-

43 1826 251 1861 agnoscequod
265 1825 361 1852 habeat
373 1825 471 1852 Filium
482 1826 615 1852 veraciter
625 1826 758 1860 genitum.
769 1827 842 1853 sicut
893 1826 977 1853 nantis
997 1826 1023 1852 in
1038 1825 1176 1852 dilectione
1191 1833 1259 1855 mea.
1279 1827 1301 1852 si
1319 1834 1370 1852 non
1398 1827 1564 1853 seroaveritis
1580 1835 1678 1861 prwce-

42 1880 198 1909 possessor
227 1871 327 1898 dicitur
352 1872 398 1906 qui
424 1871 528 1906 aliquid
550 1871 688 1905 possidet,
704 1875 731 1898 et
753 1872 841 1898 domi-
892 1877 937 1907 pta
951 1881 1009 1899 mea
1023 1873 1056 1899 “.
1081 1871 1175 1906 Neque
1185 1872 1258 1898 enim
1276 1880 1366 1907 regem
1394 1873 1544 1907 diligimus,
1564 1874 1586 1901 si
1614 1874 1678 1901 odio

43 1927 96 1947 nus
125 1919 178 1954 qui
208 1917 291 1945 habet
305 1917 376 1953 quod
392 1917 557 1944 dominetur.
586 1916 657 1944 Deus
673 1925 738 1952 ergo
749 1917 839 1951 Pater,
893 1920 964 1954 leges
977 1919 1037 1953 ejus
1051 1919 1192 1945 habemus.
1216 1917 1309 1952 Neque
1323 1918 1394 1944 enim
1411 1926 1444 1945 ex
1458 1922 1516 1946 toto
1531 1920 1613 1947 corde
1628 1928 1676 1955 po-

42 1965 142 1992 secrcti
157 1963 501 1991 sacramentivocabulum
515 1964 567 1995 est,
583 1963 663 1997 cujus
674 1971 739 1991 vere
754 1963 839 1991 Filius
893 1966 956 1993 terit
970 1965 1015 1992 ille
1034 1964 1118 1992 Deum
1136 1963 1259 1999 diligere,
1279 1964 1326 1998 qui
1353 1965 1478 1991 noscitur
1501 1966 1530 1992 in
1558 1967 1665 2001 proxim

43 2016 83 2038 est
98 2011 242 2041 Verbum,
263 2013 290 2037 et
307 2009 459 2044 speculum,
481 2013 508 2037 et
523 2010 676 2042 character,
701 2014 728 2037 et
750 2011 841 2046 imago
892 2019 1011 2038 corruere
1024 2011 1045 2025 δ’
1062 2010 1208 2037 dilectione
1223 2019 1230 2036 :
1245 2010 1309 2044 quia
1319 2018 1366 2045 per
1374 2010 1546 2038 dilectionem
1559 2013 1675 2047 proximi

44 2059 139 2085 vivens
156 2056 252 2083 Patris
271 2056 397 2089 viventis,
416 2056 444 2082 in
472 2056 600 2084 otnnibus
628 2055 702 2083 Patri
728 2057 838 2090 similis,
891 2057 1050 2092 pervcnitur
1073 2056 1107 2083 ad
1132 2056 1293 2083 charilatem
1324 2055 1446 2089 Christi,
1475 2059 1616 2092 quoniam,
1646 2066 1675 2088 ut

42 2103 170 2137 ejusdem
192 2106 297 2129 natura:
312 2102 339 2129 in
361 2102 513 2135 divinitate,
545 2103 665 2137 genitus,
681 2107 709 2130 et
723 2103 839 2138 genitori
891 2103 1060 2139 praelibatum
1080 2106 1133 2133 est,
1154 2102 1181 2128 in
1197 2101 1241 2128 his
1269 2101 1376 2129 duobus
1391 2105 1533 2138 praeceptis
1552 2109 1608 2131 tota
1632 2106 1676 2133 lex

43 2157 89 2183 per
113 2149 215 2175 omnia
233 2148 390 2183 cotequalis.
419 2147 474 2175 Nec
493 2154 631 2183 quaeratur
647 2149 783 2184 quomodo
793 2158 840 2185 εις·
891 2149 991 2184 pandet
1013 2153 1039 2175 et
1054 2148 1194 2184 propheta:
1210 2148 1243 2175 ⁸³.
1256 2147 1394 2176 Docibiles
1407 2156 1481 2184 ergo,
1493 2151 1538 2184 qui
1555 2151 1676 2186 perfecte

44 2197 100 2222 nuit
118 2195 245 2228 Filium;
263 2195 335 2229 quod
350 2199 377 2222 et
391 2195 478 2230 angeli
496 2196 630 2227 nesciunt,
649 2199 676 2222 ct
700 2196 839 2230 prophetis
890 2195 964 2222 docti
984 2202 1039 2222 non
1055 2199 1119 2222 sunt
1134 2195 1167 2221 ad
1181 2195 1239 2221 haec
1255 2194 1409 2229 peragenda
1421 2215 1427 2226 ,
1445 2200 1553 2230 oportet
1580 2205 1675 2226 omnes

43 2242 222 2277 incognitum
238 2245 289 2268 est.
312 2241 389 2268 Unde
404 2242 469 2268 illud
484 2241 586 2269 dictum
602 2245 644 2269 est
660 2251 666 2269 :
685 2241 838 2269 Generatio-
855 2243 876 2270 D
890 2248 962 2271 esse,
986 2244 1014 2268 et
1029 2244 1059 2267 ut
1082 2241 1133 2274 ipsi
1158 2241 1231 2267 docti
1256 2240 1322 2273 sint,
1342 2246 1369 2268 et
1385 2241 1454 2268 alios
1467 2243 1617 2276 prudenter
1632 2245 1675 2271 in-

44 2297 99 2314 nem
109 2289 172 2323 ejus
187 2288 246 2322 quis
254 2288 390 2314 enarrabit
401 2288 435 2303 "'
445 2287 548 2321 ‘?Quam
558 2292 691 2315 secretam
704 2288 836 2323 originem
891 2290 1007 2317 struere,
1019 2289 1045 2313 et
1058 2286 1176 2320 perfecte
1195 2286 1300 2320 possint
1314 2287 1423 2318 docere,
1439 2287 1517 2322 juxta
1534 2288 1674 2318 Danielcm

43 2344 105 2362 cum
122 2334 243 2370 proprio
267 2333 346 2366 Filio,
374 2334 449 2361 novit
473 2334 531 2368 ipse
557 2334 633 2362 solus
660 2335 706 2369 qui
734 2335 836 2369 genuit.
889 2333 1060 2368 prophetam,
1083 2332 1130 2366 qui
1153 2332 1214 2358 ait:
1236 2332 1354 2366 Populus
1380 2337 1466 2359 autent
1484 2334 1568 2361 sciens
1589 2335 1673 2363 Deum

44 2381 130 2408 "Nec
148 2381 252 2406 Dousa
265 2380 344 2406 nobis
358 2379 546 2407 discutiendus
557 2380 658 2410 est,sed
668 2379 837 2413 credendus;
889 2387 977 2410 suum,
998 2378 1124 2405 obtinebit
1149 2383 1173 2404 et
1195 2378 1285 2412 faciet,
1302 2383 1326 2405 et
1350 2378 1421 2406 docti
1437 2380 1463 2406 in
1482 2381 1577 2415 populo
1600 2382 1674 2410 doce-

44 2429 89 2463 qui
101 2429 130 2454 in
139 2427 228 2454 nobis
241 2426 308 2461 ipsis
316 2427 465 2459 nescimus,
479 2427 550 2461 quod
564 2426 689 2458 facimus,
702 2427 839 2461 quomodo
890 2426 952 2452 bunt
967 2425 1094 2460 plurimus
1108 2425 1141 2452 “.
1170 2424 1271 2452 Omnes
1286 2425 1428 2457 doeibiles,
1444 2430 1473 2453 ut
1486 2427 1541 2461 jam
1569 2428 1671 2456 dictum

44 2473 201 2509 sapientia,
219 2473 426 2507 ingenium,aut
443 2473 607 2502 intellectus.
619 2476 665 2499 aut
680 2472 837 2506 Consilium,
891 2476 944 2503 est,
961 2472 1007 2507 qui
1019 2471 1092 2498 docti
1103 2471 1125 2488 “
1141 2475 1215 2503 sunt,
1234 2479 1296 2498 esse
1310 2476 1434 2506 oportet;
1451 2473 1498 2500 sed
1517 2475 1674 2504 sacerdotes

44 2526 89 2547 aut
101 2527 189 2547 mens
203 2522 296 2546 nostra
306 2523 418 2554 generat
429 2519 552 2546 verbum.
573 2519 624 2546 Sed
636 2518 835 2550 sullicitnossc,
891 2517 1028 2544 doctiores
1058 2517 1164 2544 caeteris
1191 2517 1300 2552 populis
1331 2525 1445 2545 necesse
1471 2518 1529 2546 fore
1559 2520 1674 2549 docebat

44 2569 108 2602 quia
126 2568 179 2593 lux
195 2566 288 2601 genuit
299 2565 482 2600 splendorem,
495 2566 566 2592 sicut
582 2565 618 2591 ait
631 2564 765 2600 PcOpbcta
782 2575 788 2591 :
803 2564 837 2591 In
892 2563 1022 2591 Christus
1045 2563 1187 2590 dicens“:
1215 2563 1285 2595 Quia
1310 2564 1333 2590 si
1346 2572 1430 2590 camus
1458 2573 1526 2592 meo
1548 2566 1672 2595 ducatum

43 2611 234 2647 splendoribus
250 2616 401 2638 sanctorum
420 2619 452 2637 ea;
472 2615 546 2638 utero
558 2616 618 2638 ante
632 2611 780 2645 Luciferum
794 2619 838 2646 ge-
891 2614 1009 2644 prwstet,
1032 2609 1109 2636 ambo
1128 2611 1156 2636 in
1181 2609 1281 2643 foveam
1302 2609 1398 2637 cadunt
1412 2610 1446 2638 ".
1476 2612 1637 2641 Sacerdotes
1650 2616 1672 2632 ’⁵⁸

74 2685 96 2700 ’⁸
107 2687 229 2720 quoque.
256 2683 285 2720 _"
298 2682 457 2720 resurrectio
465 2683 559 2720 futura
573 2682 617 2708 sit.
638 2681 687 2720 ‘”‘_
700 2681 825 2720 §._:Attg..
842 2688 925 2720 se_r_m.
1024 2681 1063 2720 De
1077 2686 1176 2720 temp.;
1188 2680 1398 2720 lini._i_n_Symb.
1425 2681 1459 2720 _"
1472 2681 1543 2720 quia.
1582 2681 1605 2698 "
1614 2690 1677 2720 con-

35 2715 178 2746 tulerunt;
192 2722 199 2728 '
209 2719 240 2754 ¹¹Δ
251 2717 319 2754 Ergo
332 2719 412 2754 quod.
427 2715 473 2754 _“
484 2717 619 2754 Hebrixt,
635 2716 662 2744 6.
700 2716 722 2732 "
734 2715 909 2754 lioth._x,10.
947 2717 970 2732 ἰ
983 2716 1055 2754 Psal:
1065 2724 1125 2754 εῖχνὲ
1138 2717 1180 2743 it).
1218 2717 1241 2731 "
1258 2715 1362 2754 liabac.
1374 2725 1403 2747 ll,
1418 2715 1444 2742 4.
1455 2716 1507 2754 μ’]
1524 2716 1576 2754 ls_a.
1591 2718 1676 2754 Vini).

35 2756 57 2794 ξξ
74 2754 157 2794 Itali,
171 2751 248 2794 prtef.
267 2750 526 2794 agitatam.“
550 2752 653 2794 "Ligna.
666 2758 725 2794 tan,
741 2751 783 2794 8.“
806 2752 828 2768 ³⁸
842 2753 912 2794 éug.
931 2752 1087 2794 sein}.-
1103 2751 1141 2778 De
1155 2751 1343 2794 tempi‘RtI-II,
1357 2751 1373 2778 Ι.
1391 2759 1420 2794 q;
1490 2750 1561 2794 Psal.
1577 2759 1632 2794 erit,
1648 2752 1677 2778 5.

35 2790 58 2804 ³⁴
88 2785 202 2817 Barnéh
218 2796 259 2819 ιιι,
272 2785 316 2815 ὄϐξ
354 2789 387 2804 ³⁸·
400 2785 480 2818 ibid.
493 2787 536 2814 58.
575 2787 596 2802 ⁸¹
610 2786 746 2814 Hactenus
762 2785 829 2813 Ven.
845 2785 920 2814 Fort.
959 2787 980 2802 ⁸¹
995 2787 1088 2814 Matth.
1104 2795 1170 2813 χχιι.
1209 2787 1231 2802 ³³
1246 2787 1323 2814 ltent.
1336 2794 1380 2818 vt;
1396 2785 1489 2812 Matth.
1502 2793 1576 2819 xxn;
1592 2786 1676 2812 Marc.

37 2833 84 2848 xii.
126 2823 153 2840 ³⁵
167 2823 236 2848 Tol).
254 2832 290 2848 ιν.
309 2824 354 2848 16.
391 2824 413 2840 ³³
429 2823 524 2848 Matth.
538 2830 587 2848 vn.
605 2822 650 2848 12.
689 2822 712 2837 ³⁸
727 2821 756 2848 S.
772 2821 866 2848 Grec”
882 2830 897 2848 ιι
916 2821 1026 2848 ΜογηΙ..
1045 2822 1071 2848 Α..
1111 2822 1132 2837 ³⁷
1150 2821 1248 2848 Hoan.
1264 2830 1299 2848 IV.
1339 2821 1360 2836 ³⁸
1387 2821 1415 2847 S.
1434 2821 1496 2847 lsid.
1517 2820 1545 2848 2.
1563 2826 1632 2848 sent.
1649 2821 1675 2848 5.

36 2833 84 2853 ιιι.
126 2823 153 2840 ⁸⁵
167 2823 236 2851 Tol).
254 2832 290 2855 tv,
309 2824 354 2852 16.
391 2824 413 2840 ³³
428 2823 524 2850 Matth.
538 2830 587 2854 vn,
605 2822 650 2849 12.
689 2822 712 2837 ³⁸
727 2822 756 2849 S.
772 2822 866 2872 Greqq
882 2830 897 2848 ιι
916 2822 1026 2850 ΜογηΙ..
1045 2822 1071 2848 Α..
1111 2822 1132 2837 ³⁷
1150 2822 1248 2849 IJoan.
1264 2830 1299 2848 IV.
1339 2822 1360 2836 ³⁸
1387 2822 1415 2847 S.
1434 2822 1496 2847 lsid.
1517 2822 1545 2852 2,
1563 2826 1632 2851 sent,
1649 2822 1675 2848 5.

36 2861 58 2875 ³’
69 2860 157 2886 Cant.
176 2867 238 2886 νιιι.
275 2859 298 2875 ⁸⁸
312 2858 390 2886 Joan.
406 2867 462 2889 xiv,
476 2857 520 2885 ‘25.
558 2858 580 2873 “
596 2856 673 2885 Joan.
687 2865 732 2888 XV,
750 2857 794 2884 10.
845 2858 854 2872 ¹
870 2865 971 2884 errare.
1010 2857 1033 2872 ⁸³
1049 2855 1143 2883 Matth.
1157 2865 1225 2887 xxii.
1242 2857 1286 2884 40.
1326 2856 1349 2872 ⁸⁵
1362 2855 1430 2883 Dan.
1447 2863 1485 2887 x1,
1497 2856 1542 2883 32.
1579 2856 1601 2872 “
1614 2865 1677 2884 non.

38 2895 60 2910 ”
73 2894 141 2923 Hac
155 2894 211 2923 duo
227 2894 358 2923 vocabula
371 2902 424 2923 non
441 2898 504 2922 sunt
518 2893 544 2921 in
563 2900 615 2921 ms.
653 2893 675 2907 ’⁸⁷
687 2892 781 2920 Matth.
798 2901 844 2927 xv,
863 2892 903 2920 li.
944 2892 965 2908 ⁵⁸
981 2892 1108 2920 Distinet.
1123 2893 1169 2925 93,
1184 2891 1338 2920 Sacerdotes
1351 2899 1419 2918 t'cru.
