1884 3104
178 144 231 173 475

604 141 634 169 S.
654 139 853 169 CLEMENTlS
872 139 883 166 l
902 139 986 168 ROM.
1005 139 1107 167 PONT.
1124 139 1240 169 OPEBA
1256 141 1373 170 DUBIA.
1759 144 1809 172 HG

177 208 243 229 vero
256 199 298 228 sal
312 203 392 228 terrae
408 201 437 228 et
458 198 553 226 mundi
569 198 661 226 lumen
673 198 696 214 “
710 198 825 230 docens,
841 198 969 234 praecepit
983 200 1006 228 Δ
1021 198 1103 233 cepit,
1117 199 1163 234 qui
1177 207 1232 227 non
1243 200 1400 235 primatum,
1412 204 1460 228 aut
1472 200 1758 236 archiepiscoporum,
1767 206 1812 229 aut

177 247 206 273 in
224 245 370 281 splendore
385 245 521 272 bonorum
542 251 656 280 operum
681 243 791 272 Patrem
818 244 971 280 gloriﬁcare

177 291 283 325 Deum;
303 291 337 319 de
352 291 454 326 quibus
479 290 613 318 Dominus
642 290 682 317 ait
698 300 704 317 :
726 289 804 317 Beati
822 291 896 323 estis,
912 299 971 318 cum

177 338 365 365 maledixerint
380 337 453 364 vobis
469 337 597 368 homines,
610 340 634 363 et
649 337 781 370 persecuti
794 345 839 363 vos
854 337 969 371 fuerint,

177 389 202 411 et
217 385 334 411 dixerint
351 392 426 411 omne
451 383 553 410 malum
581 383 729 409 adversum
742 391 798 415 vos,
820 383 971 410 mentientes

177 436 282 466 propter
296 439 346 458 me.
371 429 487 457 Gaudete
500 433 525 456 et
552 428 694 460 exsultate,
714 429 841 464 quoniam
873 437 969 456 merces

179 481 265 504 vestra
281 477 387 511 copiosa
401 481 440 503 est
452 476 480 502 in
495 475 582 507 caelis;
599 475 637 501 sic
659 475 728 502 enim
755 475 887 509 persecuti
908 479 970 502 sunt

178 523 333 558 prophetas,
349 522 395 557 qui
409 522 516 556 [uerunt
534 526 594 548 ante
608 529 662 547 vos.
687 520 736 547 Vos
748 521 813 547 estis
829 520 871 547 sal
893 525 970 548 terrw

180 569 257 602 Quod
275 569 297 595 si
309 568 350 595 sal
362 568 507 599 evanuerit,
521 567 548 593 in
567 575 617 602 quo
642 566 781 593 satietur?
806 565 847 592 Ad
858 565 970 593 nihilum

180 615 248 642 valet
263 615 347 647 ultra,
366 615 417 641 nisi
436 619 464 640 ut
477 614 551 648 foras
563 613 697 644 mittatur,
712 616 736 639 et
750 612 921 639 conculcetur
937 611 970 638 ab

179 661 339 688 hominibus.
374 659 437 687 Non
452 664 536 694 potest
547 659 641 686 civitas
659 658 785 685 abscondi
798 665 879 692 supra
895 667 971 685 mon-

180 708 341 743 temposita,
368 714 450 742 neque
479 705 625 732 accendunt
653 704 801 736 lucernam,
821 709 845 730 et
870 709 968 738 ponunt

178 762 238 781 eam
255 754 302 781 sub
326 753 425 785 modio,
446 752 491 779 sed
517 759 594 790 super
608 750 808 782 candelabrum,
837 755 866 776 ut
884 750 969 776 luceat

180 800 301 827 omnibus
319 800 365 834 qui
380 800 406 826 in
429 799 507 826 domo
528 802 589 825 sunt
604 797 638 828 ‘°,
654 801 682 823 ut
697 796 745 831 qui
774 796 969 831 ingrediuntur

180 847 271 874 lumen
286 846 396 873 videant
410 845 442 873 ".
470 845 516 872 Sic
545 843 631 870 luceat
647 843 693 869 lux
712 848 799 870 vestra
814 850 905 869 coram
920 842 968 869 ho-

179 892 305 923 minibus,
318 897 347 918 ut
362 891 467 918 videant
479 890 547 917 bona
562 897 642 923 opera
662 893 759 919 vestra,
776 892 801 915 et
819 888 968 923 gloriﬁcent

179 938 289 965 Patrem
313 942 438 970 uestrum,
456 937 500 972 qui
515 937 542 962 in
553 935 624 962 CtBlis
646 939 685 962 est
699 935 733 962 ".
749 933 902 969 Episcopos
919 941 969 960 au-

179 989 233 1012 tem
249 991 297 1019 per
317 983 438 1019 singulas
451 982 588 1013 civitates,
606 981 706 1016 quibus
731 980 776 1007 ille
803 988 859 1006 non
876 980 959 1007 mise-

179 1036 241 1062 rat,
283 1029 428 1065 perdoctos
453 1032 480 1056 et
517 1028 665 1063 prudentes
698 1027 770 1054 sicut
808 1031 964 1061 serpentes,

179 1078 376 1113 simplicesque
405 1077 477 1104 sicut
492 1075 646 1107 columbas,
672 1074 750 1109 juxta
769 1072 876 1099 Domini
898 1079 968 1107 prte-

179 1124 345 1159 ceptionem,
370 1123 451 1150 nobis
481 1121 590 1148 mittere
617 1120 757 1155 prmcepit.
783 1119 861 1152 Quod
885 1119 968 1145 etiam

180 1171 269 1198 facere
284 1169 483 1201 inchoavimus,
495 1171 522 1194 et
540 1167 656 1194 Domino
675 1173 754 1200 opem
779 1165 892 1197 ferente,
920 1164 965 1191 ta-

178 1217 251 1245 cturi
271 1223 378 1243 sumus.
396 1214 450 1243 Vos
470 1218 561 1241 autem
574 1221 622 1248 per
636 1215 743 1239 vestras
763 1211 896 1238 dioeceses
912 1211 970 1245 epi-

179 1271 280 1299 scopos
298 1265 404 1289 sacrate
419 1265 446 1288 et
461 1259 570 1291 mittite,
584 1259 647 1293 quia
666 1265 716 1285 nos
733 1257 766 1284 ad
780 1257 849 1283 alias
864 1261 968 1292 partes,

178 1309 252 1345 quod
262 1309 332 1336 idem
345 1307 439 1342 jussit,
453 1313 535 1341 agere
557 1304 730 1332 curabimus.
762 1303 876 1338 Aliquos
896 1311 964 1330 vero

179 1356 214 1382 ad
228 1354 330 1382 Gallias
356 1353 558 1388 Hispaniasque
569 1350 593 1367 "
618 1350 769 1382 mittemus,
783 1354 810 1377 et
829 1349 965 1384 quosdam

179 1402 213 1428 ad
229 1401 401 1428 Germaniam
413 1404 439 1426 et
455 1398 571 1430 Italiam,
585 1400 667 1433 atque
683 1397 716 1424 ad
732 1397 852 1431 reliquas
873 1400 968 1431 gentes

179 1447 298 1482 dirigere
319 1445 457 1480 cupimus.
482 1444 534 1472 Ubi
549 1448 640 1470 autem
667 1442 816 1470 ferociores
837 1446 864 1470 et
879 1441 967 1469 rebel-

179 1493 262 1519 liores
286 1496 382 1527 gentes
415 1499 476 1518 esse
500 1489 723 1524 cognoverimus,
753 1488 818 1515 illuc
848 1488 967 1523 dirigere

179 1538 361 1572 sapientiores
377 1541 404 1564 et
420 1536 586 1564 austeriores
614 1542 729 1562 necesse
754 1534 896 1566 habemus,
919 1535 967 1569 qui

154 1607 156 1610 .
179 1583 302 1619 ᾳιιοιίᾱε
324 1591 378 1610 non
404 1585 515 1610 cessent
537 1581 630 1608 divina
651 1581 788 1609 seiuinare
807 1581 922 1613 semina,
938 1587 965 1608 et

178 1630 280 1657 inultos
294 1629 404 1657 Christo
417 1629 528 1661 lucrari,
545 1633 572 1656 et
589 1627 622 1654 ad
638 1631 740 1655 rectam
756 1627 835 1654 ﬁdem
849 1631 877 1654 et
892 1628 965 1654 viam

178 1676 301 1703 veritatis
327 1675 486 1710 perducere,
509 1678 539 1701 ut
557 1674 651 1709 plures
674 1674 830 1709 manipulos
850 1673 967 1701 Domino

179 1723 287 1749 valeant
315 1725 492 1756 praesentare.

212 1768 276 1795 “In
290 1767 345 1795 illis
359 1775 424 1795 vero
441 1767 609 1800 civitatibus,
635 1766 664 1794 in
683 1766 784 1801 quibus
803 1765 868 1792 olim
895 1764 966 1800 apud

176 1815 302 1842 ethnicos
327 1814 555 1842 archillamines"
578 1822 684 1845 eorum,
704 1818 785 1848 atque
807 1812 887 1847 primi
898 1811 965 1846 legis

177 1860 306 1888 doctores
327 1865 415 1892 erant,
442 1860 634 1894 episcoporum
660 1859 792 1894 primates
821 1857 896 1893 poni,
921 1858 965 1884 vel

178 1907 360 1942 patriarchas,
376 1907 423 1941 qui
443 1906 613 1941 reliquorum
640 1905 834 1940 episcoporum
860 1902 964 1937 judicia

177 1958 204 1980 et
228 1953 333 1988 majora
355 1951 475 1988 (quoties
499 1958 614 1979 necesse
636 1950 717 1985 foret)
732 1950 841 1985 negotia
862 1949 890 1976 in
910 1949 964 1976 tide

177 1999 322 2034 agitarent,
334 2002 361 2026 et
376 1997 528 2026 secundum
549 1996 595 2024 Dei
611 1996 791 2027 voluntatem,
808 1995 881 2022 sicut
894 2003 962 2022 con—

177 2045 326 2071 stituerunt
342 2044 429 2071 sancti
442 2043 569 2078 apostoli,
585 2044 622 2069 ita
638 2046 710 2069 utne
723 2042 786 2076 quis
801 2042 903 2076 injuste
916 2050 964 2077 pe-

178 2091 354 2121 riclitaretur,
383 2089 577 2117 delinirent."
594 2088 622 2115 ln
649 2089 703 2115 illis
726 2093 816 2116 autem
843 2089 961 2116 civitati-

178 2137 241 2168 bus,
255 2136 282 2163 in
297 2136 396 2171 quibus
415 2136 519 2162 dudum
539 2135 611 2170 apud
626 2135 770 2169 przedictos
781 2141 858 2162 erant
869 2137 962 2163 archi-

177 2183 312 2214 llamines,
328 2190 397 2217 quos
413 2186 503 2209 tamen
519 2181 641 2209 minores
657 2181 785 2208 tenebant
808 2189 888 2216 quam
906 2190 964 2209 uie--

177 2233 298 2256 moratos
313 2230 453 2264 primates,
464 2228 685 2262 archiepiscopos
703 2227 809 2255 institui
821 2228 960 2263 priecepit,

176 2276 222 2311 qui
248 2283 302 2302 non
324 2280 415 2302 tamen
436 2275 595 2310 primatum,
621 2274 668 2301 sed
691 2274 962 2310 archiepiscoporum

176 2322 333 2349 fruerentur
356 2322 476 2349 nomine.
503 2320 700 2356 Episcoporum
727 2321 961 2356 quoquejudicia,

176 2373 206 2396 ut
232 2367 359 2403 superius
376 2371 557 2394 memoratum
581 2369 634 2399 est,
648 2371 675 2393 et
694 2366 801 2401 majora
827 2367 964 2396 Ecclesia-

174 2424 236 2443 rum
260 2414 378 2451 negotia.
403 2414 426 2441 si
450 2413 501 2448 ipsi
523 2412 745 2444 reclamaverint,
769 2417 816 2440 aut
839 2414 959 2449 aliquem

174 2463 310 2493 timorem,
325 2464 372 2488 aut
388 2461 455 2488 istos
477 2459 519 2486 vel
539 2459 608 2486 alios
630 2463 775 2493 suspectos
801 2460 958 2495 habuerint,

175 2509 208 2536 ad
220 2509 276 2543 jam
293 2508 381 2535 dictos
397 2507 527 2541 primates
544 2505 586 2532 vel
608 2506 790 2540 patriarchas,
805 2516 840 2535 ne
860 2508 960 2543 aliquis

175 2558 304 2582 nocenter
317 2554 338 2569 ⁵⁷
354 2553 464 2588 periret,
480 2552 625 2579 transferri
648 2553 832 2586 perdocuit".
851 2554 878 2581 in
902 2556 961 2582 sin-

173 2602 244 2637 gulis
257 2608 321 2628 vero
336 2599 449 2634 reliquis
473 2598 631 2625 civitatibus
646 2598 782 2634 singulos,
800 2605 827 2628 et
842 2609 896 2628 non
918 2602 960 2629 bi-

174 2656 224 2676 nos
237 2647 279 2675 vel
293 2650 386 2674 ternos
402 2649 448 2672 aut
460 2644 552 2679 plures
565 2644 719 2679 episcopos,
732 2647 862 2674 constitui
885 2656 956 2683 pra:-

208 2758 230 2774 "
237 2766 303 2786 esse.
345 2757 367 2774 '°
376 2756 470 2784 Matth.
478 2756 617 2789 ν,11-16.

173 2794 282 2828 ninsque

174 2864 232 2890 libJ
243 2872 272 2891 tt.

173 2907 216 2933 cp.
233 2899 258 2926 ‘2.
297 2899 318 2913 ³³
330 2897 382 2926 Jul.
394 2895 441 2933 ιιι),
457 2898 484 2930 2,
498 2906 521 2925 ‹·.
539 2895 582 2923 56,

1023 245 1298 280 metropolitanorum
1320 246 1441 279 nomine,
1457 247 1524 282 quia
1549 251 1653 275 matres
1668 247 1810 275 civitatum

1021 299 1077 319 non
1093 295 1200 325 tenent,
1218 293 1266 320 sed
1281 293 1474 328 episcoporum
1489 297 1594 320 tantum
1610 294 1748 320 vocabulo
1765 302 1810 329 po-

1021 340 1153 372 tirentur;
1167 339 1298 374 quoniam
1309 347 1360 367 nec
1372 341 1443 367 inter
1460 339 1534 374 ipsos
1550 340 1690 374 apostolos
1706 347 1756 374 par
1770 340 1811 367 in-

1021 385 1130 412 stitutio
1145 384 1208 416 fuit,
1225 385 1273 412 sed
1289 393 1361 413 unus
1381 385 1510 413 omnibus
1530 385 1638 420 praefuit
1646 385 1680 412 π’.
1699 384 1758 412 Hoc
1772 390 1799 412 ta

1021 438 1083 457 men
1100 431 1305 465 pmvidendum
1331 431 1462 463 instituit,
1478 439 1513 459 ne
1534 431 1561 458 in
1584 432 1669 464 villis,
1695 437 1743 458 aut
1770 439 1811 459 ca-

1021 476 1108 504 stellis
1123 477 1167 504 vel
1192 476 1307 504 modicis
1325 477 1494 509 civilatibus,
1519 477 1732 504 instituerentur
1755 479 1811 512 epi-

1021 522 1113 557 scopi;
1127 530 1161 549 ne
1177 528 1231 549 vue
1248 530 1342 550 eorum
1359 531 1458 549 nomen
1474 522 1559 550 ﬁeret.
1575 523 1730 558 Episcopus
1746 531 1811 559 ergo

1020 568 1106 595 vicem
1123 571 1308 602 apostolorum
1318 576 1421 603 gerere,
1436 567 1579 595 Dominum
1590 569 1723 597 dOCuisse
1737 569 1811 597 dice-

1021 613 1077 645 bat,
1094 617 1120 641 et
1136 614 1305 649 reliquorum
1319 614 1518 649 discipulorum
1532 615 1620 642 vicem
1635 619 1735 643 tenere
1749 623 1810 650 pre-

1021 660 1148 696 sbyteros
1166 660 1267 688 debere
1289 661 1457 688 insinuabat.
1473 660 1507 688 Et
1522 661 1544 688 si
1564 661 1627 696 quis
1639 661 1763 696 aliquem
1779 670 1810 690 ex

1021 706 1064 733 bis
1081 706 1291 739 scandalizaret,
1313 706 1504 742 gravissimam
1521 706 1559 733 illi
1586 715 1697 742 pmnam
1716 707 1811 735 inferri

1020 751 1120 779 debere
1139 752 1317 786 praadicabat.
1332 751 1455 780 Cunctos
1476 760 1505 780 se
1519 752 1636 780 invicem
1653 752 1772 788 diligere
1786 758 1811 780 et

1021 798 1153 833 adjuvare
1173 798 1282 831 debere,
1303 803 1329 826 et
1344 798 1482 826 neminem
1498 799 1532 826 ab
1548 798 1688 833 adjutorio
1717 799 1811 828 fratris

1021 853 1050 872 se
1064 845 1226 872 subtrahere
1238 845 1432 874 instruebat.“
1449 844 1606 872 llomicidas
1618 853 1683 873 vero
1699 851 1728 873 et
1736 846 1811 873 adul-

1020 894 1105 924 teros,
1121 899 1152 918 ac
1164 895 1281 920 cunctos
1297 891 1487 919 criminalibus
1498 891 1614 919 nexibus
1629 892 1773 927 alligatos,
1786 896 1811 919 et

1018 937 1065 972 qui
1078 937 1118 964 eis
1134 937 1288 972 coaequales
1298 945 1353 964 non
1367 940 1456 969 erant,
1473 936 1614 972 ableorum
1626 938 1775 965 vexatione
1786 942 1811 965 et

1019 983 1204 1015 accusatione,
1223 983 1338 1010 docente
1356 982 1482 1015 Domino,
1501 983 1674 1018 prohibebat,
1692 988 1722 1011 et
1744 992 1811 1011 non-

1018 1029 1072 1056 nisi
1088 1036 1103 1055 a
1115 1029 1301 1064 coaequalibus
1321 1029 1424 1064 aliquid
1438 1030 1478 1057 eis
1492 1029 1589 1057 inferri
1607 1029 1714 1057 debere
1730 1030 1811 1058 doce-

1018 1075 1081 1108 bat;
1098 1075 1162 1110 quia
1180 1075 1346 1110 discipulum
1367 1083 1451 1110 supra
1474 1076 1637 1111 magistrum
1665 1084 1743 1109 esse,
1768 1082 1812 1104 aut

1019 1121 1102 1148 ullam
1115 1121 1141 1148 ei
1164 1121 1292 1156 injuriam
1307 1121 1419 1153 inferre,
1441 1121 1597 1149 nullatenus
1611 1122 1715 1150 debere
1731 1130 1812 1158 opor-

1019 1171 1070 1196 tet.
1082 1168 1104 1183 ⁶¹
1122 1167 1241 1196 infames
1257 1168 1339 1195 etiam
1365 1176 1472 1201 omnes,
1490 1171 1517 1195 et
1533 1176 1603 1203 quos
1628 1169 1768 1203 primates
1787 1173 1812 1196 et

1019 1215 1094 1250 leges
1113 1215 1205 1243 saeculi
1220 1222 1275 1242 non
1286 1214 1451 1250 suscipiunt,
1464 1214 1512 1242 sed
1524 1220 1551 1242 et
1563 1215 1649 1242 laicos
1661 1215 1697 1242 ab
1715 1223 1810 1242 eorum

1019 1261 1196 1289 accusatione
1218 1265 1245 1288 et
1269 1261 1414 1288 vexatione
1440 1268 1550 1295 semper
1575 1260 1672 1295 repelli
1695 1260 1809 1293 debere,

1019 1307 1144 1342 rogabat,
1169 1312 1196 1335 et
1220 1311 1337 1335 cunctos
1358 1307 1412 1334 illis
1433 1305 1558 1334 subditos
1581 1313 1644 1334 esse
1664 1306 1810 1342 praecipie-

1018 1354 1076 1381 bat.
1086 1353 1107 1369 "
1123 1353 1292 1380 Cunctorum
1322 1353 1496 1381 sacerdotum
1517 1352 1612 1384 vitam,
1636 1353 1810 1388 superiorem

1019 1399 1241 1434 sanctioremque
1252 1407 1283 1426 ac
1297 1399 1444 1427 discretam
1465 1407 1480 1426 a
1494 1399 1675 1426 saecularibus
1689 1403 1719 1426 et
1734 1399 1811 1427 laicis

1019 1446 1177 1473 hominibus
1188 1453 1261 1479 esse,
1271 1449 1299 1472 et
1310 1445 1466 1480 spirituales
1477 1453 1602 1480 quosque
1617 1448 1703 1479 atque
1718 1452 1808 1472 sacer»

1018 1492 1096 1520 dotes
1111 1500 1194 1527 super
1208 1491 1333 1519 carnales
1348 1498 1380 1517 ac
1394 1490 1479 1518 laicos
1500 1498 1608 1525 semper
1636 1491 1810 1518 constituen-

1019 1538 1069 1566 dos
1084 1538 1217 1571 docebat;
1233 1537 1362 1573 quoniam
1381 1544 1430 1572 pro
1447 1537 1561 1563 minimo
1578 1536 1659 1564 nobis
1675 1544 1741 1564 esse
1762 1537 1810 1564 de-

1018 1584 1072 1616 bet,
1089 1589 1118 1610 ut
1134 1592 1149 1610 a
1164 1584 1266 1611 talibus
1292 1590 1440 1618 arguamur
1461 1586 1488 1610 ct
1509 1578 1676 1617 judiccmur,
1702 1581 1746 1609 vel
1775 1583 1808 1609 ab

1017 1631 1137 1658 humano
1154 1631 1208 1658 die.
1218 1630 1241 1646 ”
1257 1629 1373 1665 Majores
1397 1637 1463 1656 vero
1481 1636 1495 1655 a
1508 1628 1663 1656 minoribus
1685 1636 1738 1655 nec
1765 1636 1810 1655 ac-

1017 1677 1109 1704 cusari
1127 1684 1176 1704 nec
1195 1676 1315 1711 judicari
1329 1677 1466 1703 ullatenus
1484 1682 1566 1710 posse
1589 1674 1721 1707 dicebat;
1739 1682 1810 1709 quo—

1018 1723 1090 1750 niam
1107 1730 1162 1749 non
1179 1723 1267 1750 solum
1288 1722 1341 1749 hoc
1364 1721 1483 1753 divinas,
1497 1721 1544 1749 sed
1560 1724 1587 1748 et
1611 1720 1685 1756 leges
1713 1720 1809 1748 saeculi

1017 1769 1140 1796 inhibere
1155 1769 1282 1796 docebat.

1052 1816 1152 1843 Omnes
1163 1823 1229 1851 ergo
1245 1815 1333 1850 legum
1345 1813 1500 1841 divinarum
1515 1813 1633 1840 libenter
1644 1811 1808 1844 violatores,

1016 1865 1043 1889 ct
1063 1869 1205 1889 sacrarum
1227 1860 1432 1889 institutionum
1448 1859 1601 1886 voluntarie
1627 1859 1809 1892 perturbato-

1016 1916 1071 1940 res,
1095 1907 1282 1935 ecclesiastica
1307 1906 1435 1941 indignos
1460 1905 1554 1940 regula
1569 1908 1596 1931 et
1611 1908 1710 1931 sancta
1726 1912 1806 1931 com-

1016 1954 1146 1981 munione
1171 1953 1322 1987 judicabat;
1350 1951 1514 1986 Operatores
1539 1958 1605 1978 vero
1628 1951 1807 1983 earumdem,

1015 2002 1110 2036 eisque
1124 2000 1291 2032 obedientes,
1303 2002 1479 2033 utrarumque
1491 2004 1522 2023 ac
1537 2001 1700 2023 camerarum
1716 1996 1807 2023 bono-

1015 2055 1076 2074 rum
1098 2047 1196 2082 dignos
1221 2053 1282 2072 esse
1307 2044 1424 2071 dicebat.
1445 2042 1522 2069 Unde
1550 2046 1577 2069 et
1607 2042 1760 2076 prophetas
1780 2043 1808 2069 in

1015 2093 1201 2121 testimonium
1222 2092 1347 2119 sumebat
1361 2089 1484 2121 :Audite,
1499 2089 1568 2121 cceli,
1581 2093 1606 2115 et
1622 2088 1735 2115 auribus
1747 2097 1808 2122 per-

1015 2141 1080 2175 cipe,
1102 2144 1183 2171 terra,
1203 2139 1328 2174 quoniam
1352 2137 1479 2164 Dominus
1507 2136 1610 2162 locutus
1639 2140 1699 2162 est:
1721 2134 1811 2162 Filios.

1015 2186 1127 2213 enutrivi
1146 2189 1170 2212 et
1194 2183 1321 2216 exaltari,
1337 2183 1389 2218 ipsi
1409 2187 1497 2209 autem
1513 2186 1665 2216 spreverunt
1680 2189 1734 2209 me.
1753 2181 1808 2209 Co-

1013 2233 1101 2268 gnovit
1115 2231 1160 2258 bos
1173 2238 1349 2265 possessorem
1367 2237 1454 2260 suum,
1473 2232 1497 2255 et
1514 2228 1605 2255 asinus
1617 2236 1736 2263 prtesepe
1760 2228 1807 2254 do-

1015 2279 1079 2305 mini
1096 2278 1147 2309 sui,
1165 2276 1252 2304 Israel
1267 2281 1355 2303 autem
1374 2284 1425 2302 non
1440 2275 1558 2310 cognovit
1579 2283 1628 2306 me,
1646 2279 1672 2301 et
1689 2275 1807 2309 populus

1013 2333 1085 2351 meus
1095 2333 1145 2350 non
1161 2323 1300 2350 intellexit.
1315 2322 1357 2348 Vw
1368 2322 1438 2357 genti
1453 2321 1593 2356 peccatrici
1602 2321 1612 2346 Ι
1622 2321 1719 2355 populo
1730 2321 1805 2355 φατὶ

1014 2370 1163 2405 iniquitate,
1179 2369 1273 2396 semini
1297 2376 1420 2403 nequam,
1435 2367 1499 2401 [illis
1520 2367 1676 2393 sceleratis!
1702 2366 1807 2393 Derch

1013 2419 1123 2451 querunt
1139 2415 1290 2446 Dominum,
1303 2413 1545 2448 blasphemarerunt
1561 2412 1689 2440 Sanctum
1703 2412 1804 2445 Israel,

1015 2462 1159 2489 abalienati
1173 2466 1233 2488 sunt
1248 2465 1402 2487 retrorsum.
1419 2459 1502 2494 Super
1516 2468 1567 2494 quo
1588 2460 1737 2494 percutiam
1760 2469 1804 2487 vos

1012 2510 1095 2540 ultra,
1111 2507 1236 2534 addentes
1251 2506 1517 2541 prmvarirationem?
1537 2505 1621 2533 Omne
1645 2511 1726 2540 caput
1743 2506 1804 2533 lan-

1011 2555 1131 2590 guidum,
1144 2559 1167 2581 et
1183 2562 1258 2580 omne
1281 2561 1326 2580 cor
1347 2561 1455 2579 atterens
1468 2560 1502 2579 :a
1518 2553 1612 2586 planta
1632 2553 1707 2587 pedis
1723 2562 1805 2588 usque

1011 2603 1047 2630 ad
1063 2603 1181 2629 verticem
1192 2609 1243 2627 non
1259 2604 1297 2627 est
1310 2599 1337 2626 in
1350 2607 1380 2625 eo
1392 2599 1513 2625 sanitas:
1530 2598 1624 2625 vulnus
1643 2604 1668 2625 et
1688 2600 1766 2630 livor,
1779 2604 1804 2626 et

1013 2650 1093 2685 plaga
1109 2651 1210 2675 tumens
1223 2650 1324 2673 nonest
1340 2644 1534 2679 circumligata,
1551 2652 1597 2671 nec
1613 2649 1710 2671 curata
1724 2647 1804 2672 medi-

387 2756 505 2799 Llattlky,
516 2756 617 2799 lii-l
656 2759 677 2799 'f
686 2758 766 2799 Deest
779 2761 867 2788 media
879 2761 936 2799 haec
947 2770 960 2789 s

1036 2760 1123 2799 itia_in
1143 2757 1386 2799 I_.pccn_si_codice.
1402 2797 1406 2799 Δ
1424 2756 1590 2799 "iliitl,,16.
1733 2755 1802 2799 ξμς-

173 2794 282 2828 ninsque
331 2792 354 2809 "
364 2791 430 2819 Dist.
450 2792 497 2825 80,
520 2792 553 2819 In
576 2793 630 2819 illis
649 2795 814 2827 civitatibus;
841 2801 868 2824 et.
892 2793 946 2824 Leo
963 2797 1007 2828 ΙΧ,
1024 2804 1066 2831 ep.
1085 2796 1110 2823 5.

173 2829 241 2861 Aug.
261 2829 288 2855 in
300 2828 364 2854 Adr.
386 2828 448 2854 coll.
465 2827 554 2854 datam
588 2828 692 2861 lngilr.,
726 2838 751 2858 e.
782 2831 827 2861 25,
842 2832 897 2859 Jul.
915 2840 958 2861 en.
977 2832 1003 2859 2.
1043 2832 1063 2847 ³⁷
1084 2840 1110 2861 ιιι

216 2837 241 2864 g.
261 2837 288 2855 In
300 2837 364 2854 nor.
386 2837 448 2854 con.
465 2837 554 2854 (latam
588 2837 692 2861 Iugum,
726 2838 751 2858 e.
782 2837 827 2863 2.5,
842 2837 897 2859 Jul.
915 2840 958 2866 ep.
977 2837 1003 2859 ‘2.
1043 2837 1062 2847 "
1084 2840 1112 2866 qu

216 2865 272 2902 .tln.
298 2863 410 2902 __'_"tq.
428 2862 674 2902 i.‘ltealqs_Petrtts
700 2865 800 2902 liadr.f,
820 2876 844 2895 c.
861 2868 906 2901 65,
931 2867 1112 2895 collectiouis.

1449 2792 1580 2825 ﬂamines.
1620 2792 1644 2807 ⁵⁵
1657 2792 1725 2818 Vide
1737 2791 1800 2816 Ant.

1547 2827 1570 2844 ⁸⁵
1591 2825 1620 2853 In
1651 2825 1730 2854 De":
1740 2825 1798 2850 Ιγο.

1684 2863 1706 2879 ε’
1722 2861 1802 2892 Fab.,

1152 2796 1173 2810 ⁵⁸
1192 2794 1273 2827 primi
1289 2792 1434 2820 sacerdotes

1043 2827 1063 2847 ⁵⁷
1084 2831 1142 2866 quis
1161 2830 1321 2866 innocenter.
1336 2863 1343 2866 _
1360 2828 1383 2866 δή
1398 2827 1490 2866 jussit.

1166 2866 1186 2881 “'
1200 2865 1228 2897 ‘2,
1244 2873 1270 2899 (ι.
1290 2865 1318 2897 7,
1332 2863 1407 2890 Laici
1421 2863 1447 2888 in
1462 2863 1643 2890 accusatione.
