1884 3104
39 152 78 181 ιπ
605 148 783 178 EPISTOLIE
802 149 1030 178 DECRETALES

1580 157 1635 185 478

40 211 129 241 contine,
142 216 218 244 neque
228 209 287 244 fata
304 208 369 237 oleo.
391 207 476 236 Terra
494 213 582 236 vestra
605 208 722 240 deserta.
735 209 796 237 civi-
812 216 830 244 Α
847 208 985 243 episcopis
1004 208 1032 236 in
1050 209 1180 237 omnibus
1195 209 1301 245 absque
1317 217 1396 237 mora
1408 210 1578 244 obedientes,
1591 213 1637 240 in.

41 262 91 285 tates
104 261 186 284 vestrm
197 256 256 291 igne
270 263 419 283 succensce:
431 255 562 290 regionem
576 260 690 282 vestram
701 265 793 283 coram

39 303 94 330 vobis
117 302 190 329 alieni
207 301 343 334 devorant,
362 307 388 329 et
406 300 570 328 desolabitur
600 302 668 328 sicut
691 302 719 329 in
747 311 793 330 va-

40 351 110 376 stitate
132 348 227 381 hostili,
238 352 264 375 et
284 348 519 383 derelinquetur“.
549 347 606 380 Var,
631 348 731 383 inquit,
747 350 793 384 qui

40 397 108 423 dicitis
134 395 224 423 bonum
245 395 358 428 malum,
378 399 404 422 et
423 395 524 422 malum
545 395 652 428 bonum,
669 402 792 430 ponentes

41 442 134 470 tenebras
144 442 232 474 lucem,
243 447 268 469 et
280 443 364 469 lucem
384 442 514 474 tenebras,
531 447 653 476 ponentes
670 451 793 470 amarum

40 490 60 515 in
72 488 142 521 dulce,
156 493 178 515 et
203 489 280 516 dulce
302 489 331 515 in
352 497 484 516 amarum.
502 488 650 524 Propterea
674 491 792 523 captivus

40 535 112 562 ductus
120 539 155 562 est
167 535 276 569 populus
293 543 376 567 meus,
388 535 451 570 quia
466 543 519 562 non
530 535 621 562 habuit
641 536 789 569 scientiam,

40 586 57 608 et
71 581 153 608 nobiles
172 581 227 616 ejus
245 582 403 608 interierunt
423 581 503 614 fante,
529 586 553 608 et
569 581 711 609 multitudo
735 582 792 616 ejus

40 628 72 654 siti
87 628 188 655 exaruit.
207 627 353 663 Propterea
377 628 502 655 dilatavit
523 627 642 663 infernus
673 628 790 656 animam

40 682 106 706 suam,
118 678 138 700 et
152 674 250 708 aperuit
268 682 297 701 os
317 682 394 701 suum
411 674 508 710 absque
536 674 592 701 ullo
616 676 738 703 termino.
756 676 791 703 Et

39 718 162 746 descendent
173 719 251 754 fortes
264 720 334 754 ejus,
351 725 375 747 et
394 720 506 754 populus
522 720 590 755 ejus,
617 725 643 748 et
665 721 790 749 sublimes

39 766 164 801 gloriosique
181 766 234 801 ejus
262 765 297 793 ad
313 775 382 794 eum.
409 766 442 793 Et
458 767 640 794 incurvabitur
662 767 750 801 homo,
765 773 791 794 et

39 811 189 838 humiliabitur
201 813 250 844 vir,
267 817 292 839 et
304 813 374 840 oculi
388 813 541 840 sublimium
553 814 741 848 deprimentur.
756 813 790 840 Et

38 858 168 885 excitabitur
181 858 311 886 Dominus
321 860 486 886 exercituum
500 859 526 886 in
534 859 649 894 judicio,
669 864 693 887 et
718 860 789 887 Deus

846 255 977 282 stituente
998 254 1125 288 Domino,
1147 263 1209 283 esse
1229 255 1329 284 debere
1350 257 1507 284 docebat".
1523 257 1634 288 Nullum

845 301 911 328 item
927 301 1016 328 aliena
1037 301 1233 336 concupiscere
1254 306 1302 329 aut
1326 310 1500 338 praesumere,
1514 311 1574 338 qua:
1587 313 1637 333 eo-

845 354 907 373 rum
924 351 1014 378 erant.
1035 347 1081 375 sed
1108 356 1332 383 unumquemque
1350 349 1409 376 suis
1435 349 1543 384 sibique
1557 358 1634 378 com-

845 393 940 420 missis
964 397 1110 421 contentos
1136 402 1198 422 esse
1214 394 1369 422 docebat".
1385 394 1527 422 Neminem
1550 397 1634 424 etiam

845 439 928 466 alicui
944 439 1047 475 aliquid
1060 440 1159 473 facere,
1176 442 1230 469 nisi
1245 441 1319 476 quod
1335 442 1387 469 sibi
1399 442 1458 469 ﬁeri
1474 443 1567 475 vellet,
1590 443 1634 470 in-

845 485 980 513 struebat.
997 486 1125 514 Sanctam
1141 495 1251 522 quoque
1260 487 1410 515 Ecclesium
1428 488 1634 516 immaculatum

843 537 939 559 onmes
956 539 1065 559 servare
1085 532 1184 561 debere
1203 534 1420 569 evangelitabat,
1440 535 1521 569 cujus
1542 536 1634 566 claves

843 577 990 613 episcopos
1008 586 1070 606 esse
1095 579 1214 607 dicebat.
1238 579 1293 614 Ipsi
1307 580 1379 607 enim
1396 581 1496 608 habent
1511 586 1633 616 potesta—

843 626 899 650 tem
914 624 1044 652 claudere
1067 627 1178 658 caelum,
1198 630 1224 653 et
1249 627 1357 661 aperire
1372 632 1465 661 portas
1478 628 1548 662 ejus,
1566 631 1631 664 quia

843 669 934 698 claves
949 671 1013 698 cceli
1034 671 1098 698 facti
1114 676 1189 700 sunt.
1207 672 1362 701 Admonere
1378 678 1469 701 autem
1481 682 1528 702 eos
1543 676 1626 704 nemi-

843 723 905 742 nem
921 716 1020 744 debere
1034 717 1161 750 docebat,
1175 719 1238 754 quia
1249 719 1322 746 oculi
1335 719 1442 746 Domini
1458 726 1532 753 sunt,
1548 725 1575 749 et
1587 723 1631 757 qui

840 770 884 789 eos
902 763 996 798 tangit,
1016 765 1099 799 tangit
1123 765 1251 800 pupillam
1268 766 1338 793 oculi
1368 766 1463 801 ejus".
1480 767 1512 794 Et
1528 772 1632 803 quanta

842 816 923 843 pinna
937 809 1037 846 dignus
1052 812 1087 838 sit
1108 812 1152 847 qui
1170 820 1217 839 eos
1231 813 1413 845 scandalizat,
1427 814 1516 850 ipsum
1537 815 1632 842 Domi-

842 863 907 882 num
923 856 1052 885 docuisse
1067 858 1188 890 dicebat,
1204 859 1251 886 ubi
1265 860 1303 886 ait
1319 869 1325 887 :
1340 860 1392 892 Qui
1408 861 1631 888 scandalizaverit

38 909 119 931 ωηαιη
133 904 339 940 εαηειίρεαωιατ
352 906 379 932 ίη
390 905 536 940 Ῑαςιίιίαθ..
557 905 688 934 Cal-"Mes
704 907 788 942 5pm-
805 910 826 937 Β
841 909 922 928 unum
936 902 968 929 de
981 904 1087 937 pusillis
1109 905 1166 931 istis
1182 905 1228 940 qui
1247 906 1274 932 in
1290 914 1330 932 me
1344 906 1465 938 credunt,
1488 907 1590 942 expedit
1607 909 1630 935 ei

38 951 130 978 tualibus
142 951 264 980 resistere
280 952 450 987 prohibebat.
465 951 498 980 Et
510 952 544 980 de
555 952 596 979 his
610 952 656 988 qui
666 954 788 981 cervices

37 1004 84 1024 suas
98 1001 180 1024 contra
194 998 341 1033 magistros
355 1002 383 1026 et
406 999 530 1027 seniores
554 1007 620 1027 suos
634 1000 786 1036 erigebant,

38 1042 79 1069 hac
90 1043 112 1070 in
121 1044 265 1079 exemplum
282 1044 436 1072 adducebat
446 1045 467 1062 ⁸⁸
482 1053 488 1070 :
501 1045 629 1072 Detracta
643 1051 682 1074 cst
697 1047 731 1074 ad
745 1047 788 1074 ins

37 1089 88 1121 feros
102 1089 211 1123 superbia
226 1095 282 1124 tua,
302 1092 416 1118 concidit
425 1091 447 1111 ⁸⁷
461 1091 573 1119 cadaver
591 1097 683 1121 tuum:
698 1094 788 1121 subter

37 1141 54 1162 te
65 1141 173 1163 sternetur
190 1138 269 1170 tinea,
285 1142 311 1165 et
328 1138 516 1172 operimentum
535 1144 608 1165 tuum
631 1147 707 1166 erunt
729 1149 785 1167 ver—

37 1190 83 1209 mes.
96 1183 217 1216 Quomodo
236 1184 357 1211 cecidisti
374 1185 406 1212 de
426 1186 501 1219 caelo,
517 1185 636 1220 Lucifer,
651 1187 695 1222 qui
711 1196 787 1214 mane

37 1227 134 1256 oriebaris
142 1230 152 1256 ἒν
160 1228 287 1257 Corruisti
300 1231 326 1257 in
337 1235 447 1263 terram,
459 1232 504 1266 qui
517 1232 675 1260 vulnerabas
685 1237 785 1267 gentes,

35 1275 67 1307 qui
78 1274 165 1303 dicebas
177 1276 202 1303 in
217 1277 294 1304 corde
308 1282 353 1304 tua
365 1285 374 1304 :
390 1277 423 1304 In
435 1278 528 1305 mlum
542 1279 726 1313 conscendam,
741 1287 787 1307 su-

35 1326 132 1352 perastra
145 1321 189 1349 Dei
199 1323 324 1350 exaltaba
338 1323 434 1351 solium
447 1332 532 1351 meum
538 1332 549 1357 ,'
560 1324 653 1352 sedebo
661 1326 689 1353 in
699 1331 787 1353 monte

36 1365 172 1401 Tcstamenti,
190 1370 217 1397 in
235 1370 364 1398 lateribus
387 1371 534 1406 aquilonis;
550 1372 692 1399 ascendam
707 1381 786 1408 super

35 1412 167 1442 altitudinem
179 1416 296 1449 nubium,
309 1417 405 1444 similis
419 1426 463 1444 ero
477 1417 627 1445 Altissimo.
648 1418 787 1446 Verumta-

34 1467 76 1485 men
88 1461 116 1487 ad
129 1461 250 1496 infernum
264 1463 413 1491 detralteris
427 1464 453 1491 in
466 1464 627 1499 profundum
651 1465 712 1492 laci.
730 1466 784 1499 Qui

35 1510 52 1531 te
64 1507 163 1540 viderint,
181 1509 213 1536 ad
229 1515 253 1537 te
277 1510 488 1543 inclinabantur,
505 1516 577 1547 teque
601 1513 784 1546 prospicient;

35 1554 125 1587 nunquid
139 1555 183 1582 iste
197 1561 234 1583 est
250 1558 301 1589 vir,
314 1557 359 1592 qui
373 1557 489 1584 turbavit
501 1557 524 1573 ⁸⁸
537 1563 646 1591 terram,
660 1559 705 1594 qui
719 1567 782 1586 con-

34 1601 94 1626 cussit
113 1609 194 1637 regna,
210 1604 254 1638 qui
280 1604 370 1638 posuit
392 1602 480 1631 orbem
504 1603 646 1637 desertum,
665 1609 690 1632 et
705 1604 782 1632 urbes

34 1645 74 1678 ejus
88 1645 214 1681 destruxit,
229 1650 325 1677 vinctis
343 1650 399 1684 ejus
416 1659 467 1678 non
479 1651 584 1685 aperuit
600 1659 733 1678 carcerem
743 1652 785 1679 ⁸⁹ἱ³

34 1690 165 1722 Ebrietatem
176 1696 273 1731 oppido
289 1696 463 1731 prohibebat,
479 1701 505 1725 et
514 1698 650 1730 ebriosos,
666 1707 784 1734 corpore

34 1742 53 1763 et
63 1740 136 1768 animo
145 1746 261 1771 mortuos
277 1750 338 1770 esse
352 1743 536 1778 prtedicabat;
552 1744 585 1771 de
596 1745 696 1778 quibus
714 1749 740 1772 ct
754 1746 782 1772 in

34 1786 155 1820 exemplum
185 1789 294 1817 aiebat:
315 1789 358 1816 Vw
385 1790 429 1824 qui
454 1791 613 1826 consurgitis
641 1799 717 1818 mane
748 1791 782 1817 ad

33 1831 152 1861 (Matutam
166 1835 327 1868 sectandam,
346 1841 371 1862 et
385 1835 530 1870 potandum
551 1845 632 1871 usque
651 1837 685 1864 ad
697 1845 783 1871 vespe-

34 1881 173 1910 ram,utoino
186 1883 301 1909 wstuetis
314 1891 322 1910 :
338 1882 453 1915 cithara,
463 1888 488 1909 et
500 1882 569 1918 lyra,
584 1888 607 1910 et
617 1889 781 1918 tympanum,

34 1929 51 1949 et
60 1925 119 1960 tibia,
130 1931 152 1954 et
164 1928 246 1955 vinum
259 1929 286 1956 in
297 1929 421 1956 conviviis
436 1929 527 1956 castris
540 1937 549 1956 .'
563 1934 588 1956 et
598 1937 661 1964 opus
673 1929 783 1956 Domini

34 1978 71 1996 non
82 1974 202 2007 respicitis,
219 1983 264 2002 nec
292 1983 371 2010 opera
398 1984 525 2003 manuum
549 1977 605 2010 ejus
634 1976 783 2003 considera-

36 2018 90 2045 tis".
104 2019 129 2046 Et
138 2020 230 2048 iterum
243 2031 250 2049 :
268 2021 315 2049 Vae
326 2024 371 2057 qui
384 2027 499 2056 potentes
517 2023 580 2050 estis
596 2022 630 2049 ad
642 2022 782 2049 bibendum

34 2063 108 2097 unum,
120 2071 141 2092 et
154 2068 198 2094 viri
217 2068 299 2102 fortes
320 2068 355 2094 ad
373 2068 534 2102 miscendam
549 2069 723 2096 ebrietatem:
736 2070 782 2104 qui

32 2108 154 2145 iustiﬁcati:
166 2114 270 2149 impium
284 2123 332 2149 pro
349 2116 509 2148 muneribus,
525 2121 549 2142 et
559 2115 693 2150 justitiam
711 2115 781 2150 justi

35 2156 121 2189 oufertis
134 2160 162 2186 ab
180 2169 218 2189 eo.
234 2161 348 2197 Propter
369 2162 428 2195 hoc,
443 2163 510 2189 sicut
527 2161 633 2189 devorat
654 2162 781 2196 stipulam

36 2202 103 2237 lingua
111 2205 179 2240 ignis,
194 2213 215 2234 et
226 2208 301 2235 calor
311 2209 426 2242 flammw
441 2209 539 2240 exurit,
552 2209 590 2235 sic
603 2208 680 2235 radix
690 2216 780 2235 eorum

839 953 868 973 ut
883 949 1062 983 suspendatur
1076 950 1146 976 mola
1161 951 1282 977 asinaria
1295 952 1323 978 in
1334 952 1401 982 collo
1414 953 1481 987 ejus,
1491 959 1515 980 et
1529 953 1631 981 denter-

838 999 918 1029 gatur
933 995 960 1022 in
972 996 1133 1030 profundum
1149 997 1242 1024 maris.
1261 997 1304 1025 Va:
1318 998 1416 1026 mundo
1437 1007 1453 1025 a
1476 1000 1630 1027 scandulis!

841 1039 953 1068 Necesse
967 1047 1006 1068 est
1020 1043 1089 1069 enint
1110 1047 1139 1068 ui
1152 1043 1257 1070 veniant
1279 1045 1407 1072 scandala
1423 1054 1431 1073 .‘
1449 1050 1629 1073 verumtamen

839 1095 877 1114 va:
889 1087 988 1114 homini
1002 1089 1052 1121 illi,
1070 1096 1116 1123 per
1133 1097 1207 1124 quem
1220 1090 1377 1117 scandalum
1395 1091 1479 1117 venit!
1494 1091 1525 1118 Si
1539 1097 1630 1119 autem

839 1142 934 1162 manus
951 1139 997 1161 tua
1013 1135 1182 1162 scandalizat
1198 1141 1232 1168 te,
1247 1135 1371 1164 abscinde
1386 1145 1456 1170 eam,
1481 1142 1506 1164 et
1530 1139 1630 1173 projice

838 1181 885 1207 abs
901 1186 934 1208 te.
950 1181 1053 1208 Bonum
1069 1186 1108 1208 est
1134 1182 1181 1209 tibi
1209 1183 1243 1210 ad
1262 1183 1343 1210 vitam
1372 1184 1473 1220 ingredi
1502 1184 1626 1218 debilem,

837 1235 917 1262 quam
942 1227 1009 1254 duas
1037 1236 1132 1255 manus
1162 1229 1299 1257 habentem
1329 1232 1400 1258 mitti
1429 1232 1456 1258 in
1484 1232 1630 1267 gehennam

836 1274 916 1310 ignis.
933 1274 969 1301 Et
983 1275 1007 1302 si
1029 1283 1073 1309 pes
1095 1280 1155 1303 tuus
1169 1276 1336 1305 scandalizat
1352 1283 1386 1310 te,
1413 1279 1537 1306 abscinde
1551 1287 1623 1313 eum,

836 1326 861 1348 et
877 1322 976 1356 projice
990 1321 1037 1348 abs
1051 1327 1084 1350 te.
1098 1322 1203 1350 Bonum
1227 1328 1267 1350 est
1288 1323 1335 1350 tibi
1360 1325 1469 1352 introire
1485 1325 1520 1352 ad
1546 1327 1629 1353 vitam

836 1366 971 1401 claudum,
986 1376 1066 1403 quam
1080 1368 1147 1396 duos
1162 1368 1239 1404 pedes
1252 1369 1390 1397 habentem
1416 1371 1486 1397 mitti
1501 1374 1527 1398 in
1543 1373 1629 1407 ignem

837 1418 975 1441 teternum.
990 1414 1023 1440 Et
1038 1415 1061 1441 si
1075 1415 1167 1442 oculus
1186 1420 1247 1442 tuus
1258 1416 1426 1443 scandalizat
1439 1422 1472 1450 te,
1481 1426 1543 1446 erue
1555 1427 1627 1452 eum,

835 1464 859 1486 et
873 1460 973 1494 projice
981 1460 1027 1488 abs
1042 1466 1075 1488 te.
1089 1461 1192 1489 Bonum
1204 1467 1242 1489 est
1256 1463 1302 1489 tibi
1320 1471 1400 1490 unum
1413 1464 1518 1492 oculum
1526 1465 1626 1493 haben-

837 1510 888 1532 tem
905 1508 932 1532 in
945 1507 1026 1534 vitam
1047 1507 1167 1539 introire,
1183 1517 1262 1544 quant
1287 1509 1353 1536 duos
1382 1510 1471 1537 oculos
1491 1511 1628 1539 habentem

837 1553 906 1580 mitti
915 1554 940 1580 in
949 1553 1092 1589 gehennam
1103 1555 1181 1590 ignis.
1199 1555 1297 1588 Videte,
1310 1565 1341 1583 ne
1356 1559 1528 1585 eontemnatis
1544 1567 1626 1586 unum

835 1606 868 1624 ea:
878 1599 918 1626 Itis
929 1599 1045 1633 pusillis.
1062 1601 1146 1628 Arnen
1161 1600 1221 1628 dico
1236 1603 1308 1628 vobis
1323 1611 1332 1629 :
1348 1603 1515 1639 Qutccunquc
1529 1605 1627 1640 alliga—

836 1646 924 1672 veritis
948 1655 1026 1681 super
1044 1652 1154 1679 terram,
1170 1653 1247 1674 erunt
1273 1648 1385 1683 alligata
1412 1655 1436 1676 et
1461 1651 1488 1677 in
1503 1653 1568 1678 cwlo
1581 1657 1627 1680 :et

835 1700 994 1728 quacunque
1005 1694 1136 1721 solveritis
1148 1703 1225 1728 super
1240 1699 1351 1728 terram,
1364 1701 1441 1723 erant
1457 1697 1546 1725 soluta
1562 1703 1586 1726 et
1598 1700 1626 1727 in

835 1739 909 1766 cado.
931 1738 1032 1766 Iterum
1054 1740 1112 1766 dico
1133 1740 1215 1772 vobis,
1236 1742 1299 1776 quia
1315 1742 1338 1768 si
1358 1742 1410 1769 duo
1427 1750 1460 1769 ea:
1476 1743 1547 1771 vobis
1562 1753 1626 1772 con-

834 1786 962 1811 senserint
978 1793 1055 1819 super
1071 1790 1180 1814 terram.
1199 1787 1231 1814 de
1251 1789 1323 1814 omni
1345 1797 1372 1814 re
1386 1797 1567 1825 quamcunque
1581 1800 1627 1826 pe-

835 1832 934 1864 tierint,
951 1832 995 1866 [iet
1020 1832 1074 1859 illis
1089 1841 1105 1859 a
1124 1832 1207 1860 Patre
1225 1842 1291 1865 meo,
1317 1835 1363 1869 qui
1379 1835 1405 1861 in
1421 1836 1491 1862 caelis
1507 1841 1557 1864 est.
1575 1837 1626 1865 Ubi

833 1879 902 1904 enim
915 1883 977 1905 sunt
991 1877 1043 1905 duo
1055 1879 1094 1906 vel
1111 1883 1162 1906 tres
1184 1881 1335 1915 congregati
1349 1881 1376 1908 in
1390 1882 1494 1909 nomine
1509 1891 1575 1916 meo,
1588 1884 1625 1911 ibi

833 1932 892 1950 sum
914 1924 941 1950 in
956 1924 1041 1951 media
1060 1926 1194 1953 eorum”.
1210 1925 1242 1953 Et
1257 1927 1355 1954 iterum
1381 1935 1430 1962 per
1459 1929 1622 1964 prophetam

833 1970 966 2006 loquitur,
983 1971 1077 1999 dicens
1093 1982 1098 1999 :
1114 1972 1239 2007 Expavit,
1256 1973 1356 2008 inquit,
1366 1975 1459 2001 etclam
1472 1983 1551 2010 super
1563 1978 1621 2008 hoc,

832 2022 857 2044 et
872 2017 977 2044 [torruit
1002 2019 1117 2053 amplius
1140 2019 1310 2054 vehementer,
1328 2021 1394 2048 dicit
1418 2021 1587 2050 Dominus".
1600 2023 1623 2051 0

834 2063 1031 2091 intolerabilem
1058 2065 1266 2100 malignitatem,
1283 2075 1300 2095 ο
1314 2068 1433 2103 linguam
1449 2069 1622 2104 iniquitatem

833 2109 989 2144 loquentem
1003 2116 1099 2138 contra
1116 2112 1211 2147 Deutn,
1224 2118 1251 2141 et
1272 2119 1391 2142 mentem
1406 2116 1433 2142 in
1449 2116 1621 2145 altitudinem

832 2163 918 2184 cornu
934 2158 1125 2185 extollentem!
1144 2158 1177 2185 Et
1192 2160 1290 2187 iterum
1307 2170 1313 2188 :
1331 2160 1449 2196 lmpone,
1464 2161 1553 2196 homo,
1569 2168 1622 2190 tua!

833 2202 932 2237 litigare
940 2203 1037 2230 ostium
1051 2209 1075 2230 et
1090 2213 1187 2233 seram.
1201 2205 1295 2238 Cessa,
1309 2215 1394 2235 cornu
1408 2209 1435 2235 in
1448 2209 1621 2238 altitudinem

35 2250 181 2284 quasifavilla
199 2254 257 2286 erit,
274 2259 299 2281 et
313 2263 416 2290 germen
430 2263 521 2282 eorum
543 2260 570 2281 ut
585 2255 669 2288 pulvis
688 2263 779 2282 ascen—
796 2260 817 2286 ι)
832 2250 978 2283 extollens,
993 2255 1020 2278 et
1047 2252 1164 2287 loquens
1186 2253 1318 2281 adversus
1342 2254 1426 2281 Deum
1448 2255 1620 2290 iniquitatem

35 2294 73 2322 ἀει.
88 2297 224 2332 Abjecerunt
244 2301 314 2328 enim
337 2301 418 2336 legem
442 2301 549 2328 Domini
569 2302 741 2334 exercituum,
756 2307 781 2329 et

35 2341 134 2377 daquium
145 2346 230 2374 Sancti
245 2347 333 2375 israel
348 2348 602 2383 blasp/temavcrnnt.
617 2348 679 2376 Ideo
696 2349 781 2376 iratus

35 2393 63 2414 est
77 2389 139 2423 furor
151 2392 252 2421 Domini
265 2395 292 2421 in
305 2394 400 2429 populo
414 2403 472 2426 suo,
489 2399 513 2421 et
534 2394 650 2420 extendit
673 2403 781 2421 munitm

35 2444 92 2463 "tam
100 2447 165 2473 super
176 2449 242 2475 eum,
254 2446 278 2468 et
292 2441 419 2475 percussit
435 2449 503 2467 eum.
516 2439 550 2466 Et
562 2441 782 2467 conturbatisunt

36 2489 120 2517 montes,
130 2490 151 2512 et
165 2487 232 2521 facta
254 2493 313 2514 sunt
330 2487 470 2514 morticina
485 2494 575 2513 eorum
589 2487 666 2522 quasi
679 2491 780 2513 stercus

35 2528 54 2554 ἱη
66 2531 133 2559 medio
150 2533 301 2567 platearum.
315 2533 348 2560 In
362 2533 481 2560 omnibus
497 2533 537 2560 Itis
552 2541 603 2560 non
618 2538 656 2559 est
672 2541 779 2560 aversus

35 2574 92 2607 furor
104 2577 161 2612 ejus,
173 2580 214 2607 sed
235 2580 319 2607 adhuc
334 2588 428 2607 manus
446 2580 502 2614 ejus
517 2579 664 2607 extenta“.
680 2580 703 2595 ⁷²
712 2579 779 2606 Nul-

35 2621 76 2648 lum
86 2625 182 2653 etiam”
196 2627 382 2663 presbyterum
392 2628 419 2654 in
432 2626 550 2662 alicujus
561 2626 683 2662 episcopi
698 2634 780 2662 paro-

34 2668 81 2696 chi:
96 2671 184 2707 aliquid
199 2682 276 2710 agere
290 2675 398 2709 debere,
413 2676 518 2711 absque
542 2675 602 2710 ejus
627 2675 777 2711 permissu,

35 2713 168 2753 docebat“;
193 2721 239 2748 sed
260 2725 286 2749 et
310 2725 425 2750 cunctos
455 2722 631 2758 presbyteros
658 2723 777 2758 propriis

60 2795 169 2836 “
178 2799 196 2836 2
206 2804 231 2827 et
247 2808 303 2836 seq.

35 2867 183 2915 mtillﬂitm
202 2867 387 2915 ’l'ocontentu'm
410 2872 481 2901 abire
511 2877 636 2908 oportere.

61 2900 129 2932 lCor.
141 2912 196 2940 vui,
209 2906 240 2934 12

359 2801 492 2842 "Issi-nu
505 2801 540 2842 βο
553 2805 653 2842 sissq-
684 2801 707 2816 "
723 2799 837 2842 άίςςίξτέι-

34 2837 78 2865 seq.
109 2832 306 2866 "lsai.v,ilét
323 2843 380 2872 seq.
419 2837 440 2853 ⁷¹
458 2832 588 2868 lbid.,‘22
600 2832 698 2872 et'seq.
722 2855 729 2860 ι
756 2835 860 2863 "Can.
876 2834 1022 2869 apustJO.
1064 2834 1087 2849 ⁷³
1098 2833 1148 2861 Ms.
1164 2835 1243 2861 enim.
1291 2835 1316 2850 ’⁸
1342 2835 1453 2863 volebat.
1506 2836 1529 2851 ”
1545 2837 1612 2866 Can.

36 2867 155 2905 fustati.
202 2871 225 2887 "
244 2877 387 2901 contentum
410 2872 481 2901 abire
511 2877 636 2905 oportere.
698 2870 817 2899 "Zach.
842 2878 873 2905 ti,
908 2871 934 2899 8.
950 2870 974 2887 ⁷³
1012 2869 1107 2898 Matth.
1128 2877 1204 2904 tvut,
1233 2869 1250 2898 6
1279 2874 1307 2899 et
1338 2878 1395 2905 seq.
1427 2870 1612 2902 "loreum".

833 2300 860 2324 et
885 2298 1042 2331 proximum
1066 2302 1155 2327 tuum.
1183 2299 1332 2335 Quousque
1358 2302 1476 2329 insultas
1505 2303 1620 2337 patienti

831 2343 941 2371 Christo
959 2347 986 2372 et
1000 2344 1151 2373 fratribus?
1163 2345 1210 2373 Sic
1233 2351 1323 2374 autem
1339 2353 1483 2382 peccantes
1512 2350 1539 2376 in
1564 2349 1620 2376 fra—

831 2396 897 2423 tres,
913 2396 940 2418 et
954 2392 1140 2426 percutientes
1151 2400 1247 2419 eorum
1264 2393 1400 2420 inﬁrmam
1423 2395 1619 2423 conscientiam

832 2439 859 2466 in
872 2439 1013 2467 Christum
1030 2440 1150 2475 graviter
1165 2441 1284 2475 peccatis
1293 2442 1328 2473 ⁸ο,
1340 2447 1366 2468 ct
1378 2442 1418 2468 rei
1437 2441 1543 2476 judicio
1555 2442 1621 2470 elle-

830 2486 879 2518 cti,
901 2486 1017 2514 infames
1040 2486 1204 2519 elliciemini,
1224 2491 1251 2514 et
1275 2487 1348 2522 juste
1375 2489 1555 2523 repellemini.
1586 2489 1621 2516 Et

831 2531 929 2559 iterum
946 2540 994 2567 per
1005 2533 1164 2567 prophetam
1180 2533 1311 2568 loquitur,
1329 2534 1423 2562 dicens
1439 2543 1445 2560 :
1465 2535 1515 2563 Vos
1531 2542 1619 2564 autem

830 2577 978 2605 sacerdotes
993 2578 1101 2606 Domini
1120 2578 1293 2612 vocabimini;
1309 2581 1424 2608 ministri
1449 2583 1498 2609 Dei
1522 2586 1617 2617 nostri,

829 2624 931 2652 dicetur
947 2624 1018 2651 vobis
1031 2633 1039 2651 :
1053 2624 1249 2653 Fortitudinem
1262 2627 1378 2662 gentium
1392 2628 1541 2660 comedetis,
1554 2635 1578 2656 et
1592 2631 1619 2658 in

829 2673 916 2708 gloria
938 2680 1028 2699 eorum
1043 2672 1208 2707 superbietis.
1226 2673 1281 2700 Pro
1294 2673 1449 2707 confusione
1467 2679 1552 2702 vestra
1567 2675 1618 2702 du-

829 2721 893 2756 plici
906 2726 930 2747 et
948 2719 1053 2752 rubore,
1084 2718 1232 2746 laudabunt
1257 2724 1358 2754 partem
1387 2729 1487 2749 eorum.
1505 2721 1618 2756 Propter

876 2799 897 2815 ⁸⁷
910 2799 1016 2826 cecidit.
1039 2799 1060 2815 ⁸⁸
1072 2797 1139 2825 Luc.
1156 2798 1330 2828 conturbavit.
1365 2800 1387 2815 °°
1398 2800 1460 2828 lsai.
1477 2809 1532 2831 xw,
1548 2801 1577 2829 Η
1589 2806 1616 2830 et

1064 2834 1087 2849 ⁷³
1098 2833 1148 2861 Ms.
1164 2835 1243 2861 enim.
1291 2835 1316 2850 ’⁸
1342 2835 1453 2863 volebat.
1506 2836 1529 2851 ”
1545 2837 1614 2866 Can.
