1884 3104
219 161 268 189 179

625 157 654 186 S.
668 157 867 186 CLEMENTIS
883 157 892 185 1
914 156 997 185 ROM.
1018 154 1119 182 PONT.
1139 154 1252 183 OPERA
1271 152 1386 182 DUBlA.

1801 156 1853 182 ικθ

216 218 263 245 hoc
275 217 302 243 in
314 220 385 243 terra
399 223 448 242 sua
463 214 581 249 duplicia
591 214 774 248 possidebunt,
791 218 816 240 et
830 214 925 240 Iustitia
938 220 1004 239 sem—
1018 214 1039 241 Α
1055 219 1145 238 eorum
1160 210 1290 238 delectata
1306 217 1355 238 est.
1374 211 1447 238 Unde
1471 214 1497 239 et
1524 219 1570 247 ego
1592 211 1693 247 eligam
1707 212 1853 240 iussione:

216 265 320 299 piterna
335 262 385 289 erit
399 262 456 293 eis;
471 261 534 296 quia
545 269 590 296 ego
604 259 732 286 Dominus
741 259 852 294 diligens
860 258 1003 293 judicium,

216 315 241 337 et
256 309 317 336 odio
342 307 440 334 ltabens
469 307 591 341 rapinam
613 307 640 333 in
666 305 868 336 holocaustum;
894 309 919 331 et
937 304 1006 332 dabo

217 364 282 388 opus
302 362 391 382 eorum
406 353 433 379 in
452 353 573 385 ueritate,
594 356 618 379 et
634 351 718 386 ftcdus
740 356 890 386 perpetuum
910 350 1006 385 feriam

217 403 266 430 eis.
283 401 318 428 Et
335 401 432 427 scietur
449 400 477 426 in
495 399 615 433 gentibus
639 407 726 425 semen
747 406 849 428 eorum,
863 401 887 424 et
902 405 1007 432 germen

217 457 309 476 eorum
325 448 351 474 in
365 447 450 474 medio
469 446 635 480 populorum.
653 445 750 472 Omnes
766 445 811 480 qui
825 443 936 470 uiderint
950 451 1005 475 eos,

218 499 373 530 cognoscent
392 502 447 525 eos,
462 493 526 528 quia
550 493 595 519 isti
615 496 676 518 sunt
698 500 784 518 semen
810 491 852 517 cui
877 490 1007 517 benedixit

220 542 360 569 Dominus.
391 539 513 566 Gaudeas
530 538 648 573 gaudebo
669 538 695 564 in
715 537 837 568 Domino,
854 541 878 563 et
892 536 1008 563 exsulta-

219 590 257 615 bit
268 588 359 615 animo
371 595 428 613 mea
438 587 464 612 in
479 585 531 611 Deo
545 591 619 615 meo;
634 584 697 618 quia
707 582 792 609 induit
805 591 843 609 me
856 582 1006 609 uestimento

219 635 327 666 salutis,
343 638 366 660 et
382 632 534 659 indumento
547 630 662 665 justitite
678 628 849 657 circumdedit
865 636 915 659 me,
930 627 1007 663 quasi

218 689 343 716 sponsum
359 679 511 706 decoratum
526 684 635 707 corona,
648 680 673 702 et
694 675 770 710 quasi
792 682 915 709 sponsam
927 681 1009 700 orna-

220 733 272 754 tam
289 726 431 754 monilibus
445 725 511 751 suis.
531 723 603 750 Sicut
618 722 687 749 enim
704 726 773 748 terra
788 720 886 755 profert
903 728 1007 755 germen

220 782 307 805 suum,
321 777 344 799 et
356 773 423 798 sicut
439 771 531 797 hortus
549 777 635 796 semen
650 776 727 794 suum
742 767 882 802 germinat,
899 766 936 792 sic
952 765 1008 792 Do-

219 820 305 846 minus
321 818 390 844 Deus
414 815 571 852 germinabit
588 814 724 848 justitiam
744 817 768 839 et
790 812 893 839 laudem
918 820 1008 838 coram

219 864 348 892 universis
380 861 540 898 gentibus“.
555 860 641 887 "Eos
669 865 760 886 autem
776 867 791 885 ιι
806 859 866 886 solo
892 858 1008 886 Domino

220 915 267 938 aut
281 909 457 945 judicandos,
478 911 525 934 aut
551 906 744 937 removendos,
757 909 785 932 et
810 913 865 932 non
886 905 922 932 ab
947 904 1008 932 aliis

220 965 282 985 esse
297 955 416 986 dicebat.
432 953 497 989 quia
527 953 570 981 sui
600 956 675 984 sunt,
692 956 719 979 et
745 960 800 979 non
829 951 953 978 alterius.
976 950 1008 977 Et

220 1003 283 1037 quis
298 1006 349 1033 est,
364 1000 411 1036 qui
437 999 550 1026 alterius
561 998 666 1033 judicet
688 997 816 1025 servum?
829 997 896 1023 Nam
915 997 938 1024 si
953 1005 1007 1023 non

219 1048 363 1083 patiuntur
380 1047 515 1077 homines,
532 1052 583 1072 nec
608 1044 680 1072 Deus
702 1044 815 1071 deorum
833 1048 860 1070 et
877 1043 1008 1070 Dominus

219 1093 422 1122 dominantium
439 1092 497 1119 hmc
514 1092 651 1118 ullatenus
672 1090 785 1125 patitur.
803 1089 880 1117 Unde
901 1093 928 1117 et
942 1096 1006 1124 pro-

219 1140 315 1175 phetas
336 1139 388 1166 sibi
411 1142 496 1165 testes
511 1144 573 1164 esse
593 1136 711 1167 dicebat,
729 1143 776 1170 per
792 1143 861 1170 quos
877 1135 1008 1162 Dominus

219 1186 352 1221 loquitur,
371 1184 465 1211 dicens
480 1193 486 1210 :
505 1183 571 1210 Ecce
586 1183 678 1210 σιτεοπὶ
693 1187 727 1214 te,
741 1182 785 1209 scd
800 1191 851 1209 non
867 1182 943 1216 quasi
963 1190 1008 1208 ar-

218 1238 325 1267 gentum
340 1231 405 1265 elegi
424 1235 448 1257 te
470 1231 496 1256 in
522 1230 628 1256 camino
650 1229 824 1264 paupertatis.
841 1228 953 1262 Propter
968 1237 1008 1255 me

221 1279 331 1312 faciant.
348 1282 376 1303 ut
393 1285 444 1303 non
465 1275 638 1309 blasphemer,
651 1280 675 1302 et
701 1275 815 1309 gloriam
831 1283 915 1301 nteant
931 1274 1008 1301 alteri

221 1333 272 1351 non
287 1323 365 1350 dabo.
382 1322 452 1349 Audi
468 1331 518 1354 me,
539 1321 622 1348 Jacob
638 1326 661 1347 et
675 1320 772 1353 Israel,
785 1329 861 1356 quem
878 1329 923 1355 ego
935 1328 1005 1347 voco.

225 1370 279 1405 Ego
293 1370 358 1404 ipse,
373 1377 419 1404 ego
433 1368 546 1402 primus,
560 1371 584 1393 et
596 1375 642 1402 ego
655 1367 821 1394 novissimus.
835 1366 932 1393 Manus
943 1374 1007 1401 quo-

220 1424 270 1451 que
285 1424 342 1442 mea
360 1414 481 1449 fundavit
498 1418 607 1444 terram,
627 1417 651 1440 et
663 1412 772 1439 dextera
791 1422 849 1440 mea
865 1421 953 1440 mensa
968 1417 1007 1439 est

221 1462 310 1489 cwlos.
330 1461 385 1496 Ego
400 1460 496 1488 uocabo
511 1468 566 1492 eos,
582 1464 606 1486 et
623 1459 850 1486 stabuntsimul".
858 1459 900 1486 Me
914 1459 1007 1487 insula:

219 1507 421 1543 cit-spectabunt,
435 1511 460 1533 et
481 1506 616 1532 brachium
634 1514 719 1532 meum
752 1505 929 1532 sustinebunt.
956 1505 1008 1532 Sa-

223 1555 265 1581 lus
281 1559 368 1580 autem
390 1561 447 1579 mea
462 1552 489 1578 in
513 1552 698 1586 sempiternum
714 1552 774 1582 erit,
791 1555 815 1577 et
830 1550 935 1585 iustitia
949 1559 1007 1577 mea
1020 1554 1041 1581 C

221 1609 272 1628 non
289 1600 401 1634 deﬁciet.
419 1598 515 1625 Audite
540 1606 589 1629 me,
610 1598 654 1632 qui
672 1598 746 1624 scitis
762 1597 878 1631 justum,
895 1598 1005 1631 populus

221 1655 306 1673 meus.
324 1646 364 1672 les:
377 1653 435 1671 mea
450 1645 477 1670 in
493 1643 571 1670 corde
585 1651 686 1670 eorum.
707 1642 797 1669 Nolite
808 1643 898 1669 timere
917 1651 1007 1677 oppro-

222 1693 308 1719 brium
326 1692 471 1722 hominum,
488 1695 513 1716 et
526 1688 702 1724 blasphemia:
718 1696 808 1715 eorum
822 1697 853 1715 ne
870 1689 1005 1716 metuatis.

221 1738 295 1766 Sicut
317 1738 386 1764 enim
406 1736 598 1767 uestimentum,
617 1735 655 1761 sic
667 1734 783 1761 comedet
800 1743 843 1762 eos
862 1736 967 1766 vermis,
983 1740 1007 1762 et

220 1784 288 1811 sicut
304 1783 394 1810 lanam
407 1783 445 1809 sic
460 1781 595 1808 devotabit
607 1790 649 1808 eos
664 1781 743 1808 tinea.
760 1780 840 1808 Salus
852 1786 938 1808 autem
950 1790 1007 1808 mea

220 1831 248 1857 in
264 1830 451 1865 sempiternum
469 1829 528 1860 erit,
541 1832 565 1855 et
574 1828 684 1862 justitia
710 1836 769 1854 mea
786 1828 815 1854 in
827 1828 1006 1863 generationes

221 1876 418 1912 generationum
427 1875 460 1902 ⁸⁸.
474 1873 507 1901 Et
529 1874 627 1901 iterum
642 1883 648 1901 :
661 1871 825 1901 Abscondita
838 1879 878 1902 est
893 1875 934 1900 aia
951 1883 1008 1901 mea

221 1931 239 1948 a
252 1922 375 1954 Domino,
392 1926 415 1948 et
433 1929 449 1947 a
464 1920 518 1947 Deo
541 1928 597 1947 meo
620 1919 753 1954 judicium
771 1927 856 1946 meum
872 1921 1006 1947 transivit.

223 1967 349 2004 Nunquid
365 1967 460 1999 nescis,
478 1971 523 1993 aut
538 1975 588 1993 non
604 1967 722 1994 audisti?
739 1966 819 1998 Deus,
834 1967 1008 2001 sempiternus

222 2015 362 2046 Dominus,
381 2015 425 2049 qui
445 2015 541 2040 creavit
567 2014 691 2040 terminos
715 2018 801 2045 terrce,
818 2022 870 2040 non
892 2013 1006 2047 deﬁciet,

222 2069 302 2096 neque
319 2059 461 2091 laborabit,
477 2068 523 2086 nec
541 2063 578 2085 est
597 2059 762 2093 investigatio
787 2060 925 2094 sapientite
939 2060 1006 2094 ejus.

223 2107 275 2140 Qui
290 2106 336 2132 dat
358 2106 428 2132 lasso
443 2106 576 2137 uirtutem,
589 2110 613 2131 et
629 2104 669 2131 his
681 2105 725 2139 qui
749 2113 799 2131 non
813 2111 884 2137 sunt,
900 2107 1009 2140 fortitu-

223 2153 311 2180 dinem
320 2157 344 2179 et
359 2152 440 2179 robur
449 2151 621 2186 multiplicat.
633 2151 764 2185 Deﬁcient
776 2152 850 2185 pueri
864 2157 888 2179 et
902 2152 1009 2179 labora-

223 2199 299 2232 bunt,
313 2204 337 2226 et
348 2199 456 2233 juvenes
473 2199 500 2225 in
528 2199 687 2233 infirmitate
713 2197 818 2225 cadent.
847 2198 898 2231 Qui
921 2205 1008 2227 autent

222 2251 328 2279 sperant
344 2246 371 2273 in
389 2245 512 2278 Domino,
541 2244 681 2271 mutabunt
706 2244 891 2279 fortitudinem
907 2256 916 2273 .-
932 2255 1009 2273 assu-

223 2296 293 2318 ment
307 2299 405 2326 pennas
422 2292 489 2318 sicut
515 2291 762 2326 aquilaJ:current,
787 2296 811 2317 et
837 2300 888 2318 non
908 2292 1010 2320 labora-

223 2337 504 2369 bunt:ambulabunt,
532 2341 556 2364 et
583 2346 634 2364 non
656 2337 776 2371 deficient
788 2336 821 2365 ⁸⁸.
846 2337 961 2365 Taceant
976 2340 1010 2366 ad

223 2394 264 2412 me
276 2385 382 2417 insulto,
398 2389 422 2412 et
439 2389 526 2420 gentes
543 2389 641 2411 mutent
657 2383 850 2418 fortitudinem.
867 2385 1010 2418 Accedant,

222 2436 247 2458 et
264 2436 324 2458 tunc
344 2431 498 2466 loquantur,
526 2430 606 2457 simul
631 2429 665 2457 ad
687 2429 820 2465 judicium
854 2432 1011 2467 propinque-

223 2486 282 2504 mus
294 2477 327 2505 ⁸⁸.
345 2477 402 2504 Iios
418 2481 508 2504 autem
523 2476 570 2511 qui
583 2483 631 2503 eos
646 2480 749 2508 vetent,
767 2481 813 2503 aut
828 2485 954 2504 amovere
967 2478 1008 2505 vel

223 2523 355 2551 damnare
385 2523 522 2555 nituntur,
555 2522 687 2549 Dominus
710 2530 759 2557 por
782 2523 941 2558 prophetam
963 2524 1012 2551 da-

223 2569 469 2604 mnat”,elusqne
484 2570 516 2596 ad
530 2568 744 2596 satisfactionem
760 2577 853 2596 eorum
869 2574 895 2596 et
916 2570 1010 2597 Eccle-

224 2615 271 2642 sia:
296 2616 439 2643 damnatos
462 2624 522 2643 esse
551 2616 680 2648 docebat,
695 2616 741 2643 ubi
760 2616 797 2642 ait
813 2624 818 2641 :
833 2616 911 2643 Talia
927 2616 1006 2651 elege-

223 2667 284 2688 runt
310 2663 338 2689 in
368 2662 416 2689 uiis
434 2663 500 2695 suis,
517 2668 542 2690 et
566 2662 809 2689 abominationibus
833 2663 888 2689 suis
917 2664 1008 2691 anima

257 2752 278 2767 "
292 2751 356 2780 lsai.
373 2761 428 2783 ιιι.
443 2753 459 2780 6
475 2757 501 2781 et
516 2761 574 2788 seq.
610 2753 631 2769 ⁸¹
643 2752 688 2779 lvo
706 2751 732 2778 in
750 2752 838 2782 Decr.,

1055 266 1157 290 eorum,
1175 262 1199 284 et
1214 257 1411 284 damnationem
1428 257 1560 284 adducam
1582 258 1638 290 eis;
1650 258 1715 293 quia
1745 258 1854 285 locutus

1056 312 1115 331 sum
1139 305 1190 338 eis,
1209 308 1234 331 et
1250 312 1303 331 non
1324 304 1467 331 audierunt
1478 311 1488 330 :
1504 304 1671 339 feceruntque
1699 305 1811 331 malum
1828 306 1854 332 in

1057 350 1141 377 oculis
1158 351 1233 384 meis,
1249 355 1274 377 et
1288 358 1346 385 quw
1368 350 1453 382 nolui,
1469 350 1611 385 elegerunt.
1626 350 1729 378 Audite
1744 351 1854 378 verbum

1059 395 1178 427 Domini,
1192 397 1237 431 qui
1250 396 1362 423 tremitis
1388 395 1422 422 ad
1446 396 1635 431 uerbumejus;
1648 397 1783 424 dia-erunt
1799 398 1855 431 fra-

1057 446 1109 469 tres
1133 443 1222 474 uestri,
1256 442 1374 468 odientes
1389 450 1444 473 vos,
1459 447 1484 469 et
1511 442 1661 476 abjicientes
1676 448 1793 477 propter
1806 452 1854 469 no-

1058 497 1115 515 men
1130 496 1214 515 meum
1234 487 1424 523 :Glori/icetur
1447 488 1585 520 Dominus,
1607 494 1632 516 et
1652 489 1810 516 uidebimus
1829 490 1854 517 in

1059 534 1153 562 la-titia
1165 538 1262 566 uestra,
1275 534 1328 569 ipsi
1343 539 1431 561 autem
1446 534 1640 568 confundentur
1647 535 1681 562 ⁸⁸.
1700 535 1767 562 Non
1781 536 1853 562 enim

1058 580 1226 607 laborabunt
1241 580 1343 608 frustra
1361 580 1387 607 in
1401 581 1612 608 conturbatione
1627 582 1770 616 praesules
1792 583 1853 613 mei,

1058 627 1120 659 quia
1139 634 1225 653 semen
1241 626 1435 653 benedictorum
1446 627 1553 654 Domini
1563 632 1611 654 est.
1628 627 1787 661 Antequam
1800 629 1853 654 cla-

1058 676 1139 705 ment,
1165 680 1212 707 ego
1240 672 1400 704 ea’audiam;
1417 672 1502 699 adhuc
1526 673 1581 700 illis
1608 673 1798 708 loquentibus,
1812 682 1854 708 ego

1060 719 1169 744 audiam
1177 718 1211 745 ⁸³.
1227 717 1267 744 Ad
1285 718 1492 753 glorificandum
1505 727 1546 752 se,
1560 723 1587 746 et
1604 719 1701 746 divina
1723 719 1854 746 mandata

1059 764 1221 791 seminanda
1241 764 1465 799 evangelizanda,
1482 773 1530 792 eos
1550 764 1684 793 Dominus
1705 765 1806 801 elegit,
1829 771 1855 793 et

1060 819 1115 838 non
1133 815 1163 837 ut
1184 810 1394 845 prohibeantur,
1410 814 1457 837 aut
1483 812 1693 846 perturbentur,
1726 819 1856 847 suggere-

1061 857 1125 889 bat;
1141 857 1164 872 '°
1173 857 1304 892 quoniam
1331 857 1379 892 qui
1406 864 1454 884 eos
1474 857 1557 889 laedit,
1573 865 1635 885 eum
1664 857 1755 890 laedit,
1776 859 1855 893 cujus

1061 904 1197 938 legatione
1226 903 1387 938 funguntur.
1415 903 1567 932 Prtedicare
1593 912 1642 931 eos
1670 905 1803 937 assidue,
1830 910 1854 932 et

1059 950 1188 977 mandata
1205 949 1314 977 Domini
1327 950 1386 977 sine
1408 950 1612 978 intermissione
1624 952 1802 979 annuntiare
1813 959 1854 978 ro-

1059 996 1149 1030 gabat.
1163 995 1252 1031 Opera
1266 1003 1362 1023 eorum
1386 996 1457 1023 bona
1478 1004 1571 1023 coram
1590 996 1757 1024 hominibus
1778 1005 1855 1024 mon~

1059 1046 1158 1075 strare,
1174 1046 1201 1069 et
1217 1042 1414 1069 conscientiam
1436 1042 1535 1069 bonam
1560 1050 1653 1069 coram
1670 1043 1733 1071 Deo
1757 1044 1855 1071 habere

1060 1088 1230 1116 insinuabat.
1249 1088 1350 1115 Omnes
1370 1088 1509 1124 principes
1522 1092 1612 1119 terrae.
1628 1093 1657 1116 et
1670 1094 1797 1117 cunctos
1808 1090 1855 1117 ho-

1059 1135 1147 1161 mines
1158 1134 1197 1162 eis
1213 1134 1335 1165 obedire.
1351 1139 1378 1162 et
1387 1134 1477 1169 capita
1493 1142 1542 1161 sua
1556 1134 1733 1167 submittere,
1745 1143 1855 1163 eorum-

1058 1189 1111 1216 que
1124 1181 1266 1215 adjutores
1283 1182 1399 1208 cxistere
1418 1181 1601 1216 praecipiebat,
1616 1185 1645 1208 ut
1663 1189 1769 1209 omnes
1785 1181 1855 1217 pari-

1059 1231 1101 1255 ter
1118 1227 1210 1255 ﬁdeles
1224 1231 1251 1254 et
1265 1232 1458 1262 cooperatores
1472 1227 1539 1262 legis
1555 1226 1602 1254 Dei
1614 1232 1853 1260 monstrarentur,

1059 1282 1094 1301 ne
1114 1273 1148 1301 de
1165 1275 1205 1301 eis
1222 1273 1329 1300 dicatur
1343 1283 1349 1300 :
1362 1273 1562 1308 Confundentur
1578 1278 1602 1300 et
1615 1273 1778 1301 erubescent
1801 1282 1853 1301 om-

1059 1328 1104 1347 nes
1126 1320 1171 1355 qui
1185 1324 1303 1354 pugnant
1317 1319 1456 1346 aduersum
1485 1324 1519 1350 te,
1545 1325 1569 1346 et
1595 1325 1671 1346 erunt
1697 1321 1784 1355 quasi
1807 1329 1855 1346 non

1058 1367 1123 1398 sint,
1140 1370 1165 1393 et
1179 1366 1300 1400 peribunt
1322 1366 1371 1392 uiri
1393 1366 1438 1400 qui
1455 1365 1640 1392 contradicunt
1656 1366 1719 1394 tibi.
1747 1367 1854 1400 ρωπος

1057 1421 1113 1444 eos.
1129 1417 1154 1439 et
1170 1421 1222 1439 non
1243 1412 1357 1439 invenies
1375 1412 1444 1439 viros
1459 1411 1566 1440 rebelles
1584 1417 1652 1440 tuos.
1670 1412 1767 1440 Erunt
1781 1414 1855 1448 quasi

1058 1467 1110 1486 non
1124 1459 1187 1491 sint,
1204 1463 1229 1485 et
1240 1458 1320 1485 veluti
1333 1458 1498 1493 consumptio
1513 1457 1625 1485 hominis
1652 1458 1790 1487 bellantis
1808 1459 1855 1486 ad-

1058 1513 1160 1532 versum
1179 1505 1243 1532 to".

1091 1551 1114 1567 "
1133 1550 1233 1578 Omnes
1246 1558 1310 1586 ergo
1321 1550 1368 1585 qui
1380 1550 1419 1578 eis
1437 1551 1657 1589 contraveniunt,
1675 1551 1717 1578 ita
1737 1552 1853 1579 damna-

1059 1603 1101 1624 tos
1112 1600 1138 1624 et
1153 1597 1269 1624 infames
1285 1605 1371 1632 usque
1383 1598 1416 1625 ad
1434 1597 1649 1625 satisfactionem
1664 1599 1854 1630 monstrabat,

1057 1647 1084 1671 et
1097 1644 1151 1671 nisi
1165 1648 1397 1676 converterentur,
1413 1652 1429 1671 a
1445 1644 1586 1672 liminibus
1599 1644 1727 1672 ecclesia:
1748 1646 1855 1673 alienas

1057 1697 1118 1718 esse
1131 1690 1314 1725 prmcipiebat.
1326 1691 1349 1706 ’³
1363 1690 1577 1717 llomicidiorum
1593 1698 1658 1718 vero
1678 1692 1737 1718 tria
1753 1700 1853 1727 genera

1057 1743 1118 1764 esse
1132 1736 1249 1770 dicebat,
1260 1740 1287 1764 et
1301 1744 1408 1771 poenam
1420 1744 1515 1764 eorum
1526 1737 1637 1772 parilem
1651 1736 1713 1765 fore
1725 1738 1853 1766 docebat.

1060 1782 1136 1809 Sicut
1156 1782 1228 1810 enim
1244 1782 1396 1810 homicidas
1411 1782 1601 1810 interfectores
1620 1782 1754 1817 fratrum,
1778 1785 1816 1811 ita
1830 1789 1854 1811 et

1058 1830 1226 1857 detractores
1240 1837 1345 1861 eorum,
1358 1836 1460 1863 eosque
1471 1829 1606 1861 odientes,
1620 1829 1783 1858 homicidas
1797 1838 1854 1858 esse

1058 1875 1250 1903 manifestabat
1264 1884 1271 1909 ;
1284 1875 1347 1910 quia
1359 1878 1385 1902 et
1405 1876 1451 1910 qui
1466 1875 1567 1902 occidit
1582 1875 1693 1903 fratrem
1716 1883 1815 1908 suum,
1830 1880 1853 1903 et

1058 1922 1103 1957 qui
1122 1921 1189 1954 odit,
1206 1926 1232 1949 et
1247 1922 1293 1957 qui
1310 1922 1428 1949 detrahit
1449 1921 1484 1954 ei,
1504 1922 1606 1956 pariter
1621 1921 1773 1949 homicidae
1796 1930 1852 1950 esse

1058 1973 1247 1997 monstrantur
1258 1969 1291 1996 “.
1308 1968 1409 1997 Omnes
1423 1969 1504 1996 etiam
1521 1977 1535 1995 a
1557 1969 1718 1997 carnalibus
1743 1969 1852 1997 deside—

1057 2015 1116 2047 riis,
1134 2022 1194 2050 quas
1212 2015 1330 2042 militant
1342 2015 1472 2042 adversus
1487 2015 1617 2049 animatn,
1644 2015 1804 2047 abstinere,
1828 2020 1852 2042 et

1057 2062 1157 2089 bonam
1177 2069 1272 2089 eorum
1288 2063 1523 2090 conversationem
1538 2070 1571 2089 ac
1598 2062 1779 2089 innocentem
1797 2071 1852 2089 om-

1058 2108 1140 2135 nibus
1155 2111 1309 2135 monstrare
1325 2108 1448 2143 rogabat.
1473 2108 1512 2135 Ex
1529 2107 1613 2135 corde
1636 2107 1711 2135 enim
1734 2113 1852 2135 cunctos

1059 2154 1190 2181 attentius
1205 2154 1320 2182 invicem
1335 2155 1447 2190 diligere
1460 2154 1626 2185 insinuabat,
1643 2157 1670 2181 et
1683 2161 1782 2181 veram
1801 2154 1852 2181 fni-

1060 2201 1214 2228 ternitatem
1228 2201 1299 2228 inter
1310 2209 1339 2228 se
1351 2201 1450 2228 habere
1460 2200 1583 2227 docebat.
1597 2199 1767 2232 Quotidiana
1780 2201 1851 2227 enim

1060 2247 1135 2275 illius
1151 2247 1318 2282 praedicatio,
1334 2247 1404 2274 inter
1419 2250 1516 2274 caetera
1526 2246 1617 2273 divina
1626 2245 1769 2278 mandata,
1797 2246 1850 2273 hzcc

1060 2297 1128 2325 erat,
1146 2301 1228 2329 quam
1253 2293 1281 2320 in
1306 2293 1366 2327 ejus
1389 2293 1542 2327 exemplum
1570 2292 1651 2320 etiam
1675 2292 1738 2325 tibi,
1766 2292 1851 2320 frater

1060 2340 1223 2368 charissime
1235 2359 1243 2372 ,
1258 2339 1411 2374 significare
1430 2338 1535 2366 curavi.
1546 2338 1569 2354 "
1584 2337 1734 2368 Bonorum.
1748 2339 1848 2374 inquit,

1059 2391 1171 2421 operum
1184 2385 1256 2412 inter
1269 2388 1366 2412 caetera
1382 2385 1485 2412 semina
1500 2392 1532 2412 ac
1544 2384 1651 2420 negotia
1663 2388 1739 2416 sunt,
1763 2393 1850 2420 quan-

1061 2437 1119 2459 tum
1135 2431 1324 2467 unusquisque
1336 2432 1406 2466 sapit
1420 2435 1446 2459 et
1459 2435 1558 2466 potest,
1574 2434 1646 2459 totus
1671 2431 1763 2458 intimi
1791 2439 1849 2459 cor-

1062 2479 1116 2511 dis,
1133 2482 1163 2505 ut
1181 2477 1351 2513 praelibatum
1366 2481 1418 2510 est,
1433 2477 1585 2505 visceribus
1608 2477 1692 2505 Deum
1720 2477 1848 2513 diligere.

1060 2530 1087 2554 et
1100 2525 1255 2560 proximum
1267 2525 1340 2552 velut
1353 2524 1471 2559 seipsum
1485 2531 1490 2549 :
1502 2524 1635 2559 abnegare
1645 2523 1770 2558 seipsum
1787 2525 1846 2552 sibi.

1060 2576 1089 2599 ut
1103 2571 1197 2599 Iesum
1211 2571 1351 2598 Christum
1364 2570 1506 2605 Dominum
1523 2573 1646 2597 nostrum
1660 2573 1813 2604 sequatur;
1825 2574 1847 2596 et

1059 2618 1128 2645 nihil
1139 2617 1200 2653 ejus
1215 2617 1301 2644 amori
1316 2624 1482 2652 prmponere,
1499 2616 1640 2644 veritatem
1660 2616 1746 2643 corde
1757 2621 1787 2644 et
1804 2623 1846 2642 ore

1059 2664 1183 2700 proferre
1200 2663 1308 2696 debere,
1324 2667 1351 2691 et
1366 2668 1448 2690 totam
1464 2671 1538 2699 spem
1559 2662 1615 2690 Deo
1636 2671 1748 2698 semper
1772 2672 1846 2691 coni-

854 2759 882 2786 p.
898 2752 924 2784 5,
939 2759 963 2779 c.
977 2752 1039 2779 232.
1053 2752 1159 2782 Anacl..
1175 2759 1218 2785 cp.
1228 2751 1256 2778 ‘2.
1269 2751 1345 2778 Alex.
1358 2751 1433 2786 cpi.
1449 2751 1575 2785 Telcsph.
1586 2751 1651 2778 Fab.
1663 2751 1743 2780 Melc.
1758 2752 1842 2785 Julius

225 2787 373 2827 D:mt..clc.
410 2789 432 2805 ⁸³
446 2788 507 2816 lsai.
522 2786 618 2827 stertit,
636 2788 670 2814 10
682 2791 708 2814 el
724 2795 786 2827 seq.
810 2788 833 2803 ⁸⁸
845 2786 961 2827 Isaiam.
979 2787 1028 2827 ἥξει
1045 2795 1131 2827 seq.__
1141 2786 1300 2827 ⁶⁵Λ1ςιιιί.λιι2
1314 2787 1349 2812 27
1364 2792 1391 2813 ct
1407 2794 1466 2827 5ch
1502 2786 1596 2827 “:‘lsai:
1613 2795 1671 2819 xu,
1685 2788 1729 2827 ιε.
1752 2789 1775 2805 ⁸⁷
1789 2788 1840 2815 Do-

226 2831 230 2834 '
256 2824 259 2827 ’
274 2832 323 2849 ’πηι
341 2824 476 2850 damnare.
532 2824 554 2839 ⁸⁸
566 2824 627 2849 lsni.
644 2830 716 2850 LIVI.
733 2822 749 2848 5
763 2825 790 2848 el.
801 2830 858 2856 seq.

344 2859 371 2887 π,
387 2858 416 2885 Si
432 2864 518 2885 autent
535 2858 615 2884 vobis.

382 2894 457 2921 navit
481 2894 513 2920 ad
527 2902 602 2921 oram
616 2894 642 2920 in
654 2900 706 2919 ms.
725 2890 842 2919 Justclli.

470 3037 538 3093 is.

893 2833 895 2835 τ
910 2822 934 2838 ⁸⁸
946 2821 1008 2848 lsai.
1023 2829 1084 2853 va,
1096 2822 1144 2852 ‘23,
1159 2821 1205 2848 ει.

655 2859 678 2874 ’³
689 2856 725 2883 De
746 2857 841 2890 pmnit.
852 2856 975 2885 distinct.
988 2865 1006 2884 ι.
1023 2873 1026 2880 ;
1043 2856 1066 2873 ’⁸
1094 2856 1103 2883 1
1118 2856 1196 2884 Joan.
1214 2864 1256 2888 In,
1277 2856 1319 2883 15.

1244 2824 1267 2840 ⁰⁰
1279 2821 1358 2856 Grcg.
1370 2829 1418 2851 xu,
1431 2820 1476 2847 22.
1497 2821 1532 2857 _"
1542 2821 1604 2857 lsai.
1619 2829 1676 2853 xu,
1699 2822 1730 2850 lt
1749 2828 1775 2851 et
1785 2832 1838 2857 seq.

1369 2857 1391 2872 "
1409 2864 1433 2884 υ.
1453 2857 1469 2883 4
1497 2855 1563 2892 Reg.
1579 2856 1608 2884 S.
1633 2857 1746 2886 Benedit
1756 2860 1794 2891 ti,
1815 2855 1841 2885 ut
