1884 3104
31 191 80 219 481

627 185 806 214 ΕΡΙΞΤΟΙηΕ
827 185 1062 213 DECRETALES.

1613 183 1664 211 582

32 249 152 275 mittere.
165 244 329 273 lnstruebat
343 247 420 272 actus
436 251 492 271 suae
503 243 564 271 vitae
577 243 652 270 omni
662 239 730 270 horai
737 246 830 271 custo-
843 246 867 273 Α
881 250 937 269 cere
948 242 1029 268 nolite
1040 242 1061 269 '.
1077 241 1130 276 lpsi
1145 245 1235 269 autem
1249 241 1380 276 episcopi,
1394 240 1417 268 si
1430 239 1664 275 exorbitavcrint',

32 294 102 324 dire,
115 296 143 319 et
155 292 183 319 in
198 291 274 318 omni
290 291 350 317 loco
362 289 446 317 Deum
457 289 610 324 respicere;
623 288 737 316 ﬁrmiter
745 289 826 321 scire,

31 338 216 373 cogitationes
232 337 319 365 malas
332 335 409 364 cordi
427 342 478 363 suo
493 335 680 366 advenientes,
705 341 768 362 mox
793 335 828 362 ad

32 383 177 411 Christum
202 382 327 415 allidere,
341 385 369 410 et
392 381 583 409 sacerdotibus
605 381 713 408 Domini
739 382 827 409 mani-

34 429 149 456 festare.
174 427 212 456 Os
232 435 313 456 suum
338 434 353 454 a
375 427 461 454 multo
471 427 494 442 "
517 427 560 454 vel
587 434 670 462 pravo
691 427 828 462 colloquio

34 474 186 506 custodire,
204 479 230 501 et
244 473 327 501 verba
352 480 432 506 vana,
446 476 493 499 aut
509 472 649 499 mendacia
663 480 719 499 non
734 472 825 508 loqui;

34 519 100 553 quia
114 527 145 546 os
167 518 237 553 quod
263 518 400 550 mentitur,
427 517 524 544 occidit
548 517 666 544 animam
676 518 710 546 ⁸⁷.
739 518 826 546 Verba

34 565 128 592 divina
143 564 261 592 libenter
276 563 381 597 audire,
397 567 424 591 et
439 563 629 591 sacerdotibus
641 563 700 591 suis
711 564 827 592 libenter

34 611 239 644 obtemperare,
257 613 338 645 atque
352 610 510 637 obedientes
525 617 586 637 esse
605 610 730 637 docebat.
753 609 826 637 Prae-

34 657 167 684 dicationi
182 660 210 684 et
223 657 340 683 orationi
356 663 389 683 ac
407 656 517 684 lectioni
538 656 695 691 frequenter
719 657 826 684 incum-

33 703 120 736 bere,
150 706 178 729 et
204 702 389 738 eleemosynas
414 710 493 730 veras
519 704 658 738 perlicere.
686 702 826 730 Desideria

33 749 128 777 carnis
144 755 201 776 non
214 748 355 783 perlicere,
372 748 418 776 sed
434 748 572 783 propriam
590 748 716 783 frangere
732 748 826 775 volun-

33 800 117 822 tatem
136 805 143 822 :
158 795 224 822 boni
237 795 339 830 aliquid
353 794 380 821 in
396 802 426 822 se
440 802 503 822 cum
525 794 636 827 viderit,
659 794 715 822 Deo
738 795 825 829 appli-

33 849 95 868 care
106 841 143 874 ⁹⁸,
161 848 217 867 non
229 841 280 868 sibi
294 844 341 868 :el.
354 840 455 867 malum
471 848 485 867 a
501 848 531 868 se
546 839 647 868 factum
663 845 821 876 cognoscat,

32 891 57 913 et
82 887 139 914 sibi
162 887 319 921 imputet".
347 886 460 914 Multum
480 887 555 922 loqui
580 895 635 914 non
655 894 757 920 amare,
776 888 823 915 sed

32 933 173 960 custodire
189 932 259 959 labis
271 940 331 965 sua,
347 941 382 960 ne
396 932 488 960 dolum
518 936 566 959 aut
579 933 682 960 malum
706 932 824 968 loquan-

33 983 85 1005 tur.
107 977 189 1005 Diem
208 978 305 1012 judicii
329 980 436 1011 timere,
460 978 613 1015 gehennam
631 986 821 1013 expavescere,

32 1024 114 1050 vitam
138 1028 269 1051 aeternam
295 1025 369 1051 omni
395 1024 617 1059 concupiscentia
646 1024 821 1059 desiderare;

32 1077 84 1096 non
102 1068 245 1102 occidere,
267 1078 322 1097 non
345 1070 506 1101 adniterari.
524 1078 579 1098 non
594 1070 697 1098 furtum
719 1070 821 1103 facere,

33 1123 86 1142 non
109 1122 169 1142 rem
189 1115 305 1150 proximi
327 1117 534 1151 concupiscere,
557 1125 613 1144 non
629 1117 727 1144 falsum
747 1117 823 1144 testi-

31 1160 153 1188 monium
168 1161 262 1189 dicere
273 1161 317 1194 Μ,
339 1161 387 1190 sed
409 1170 505 1190 omnes
527 1162 652 1190 homines
675 1163 821 1196 honorare,

31 1214 134 1242 corpus
153 1208 304 1240 custodire,
325 1215 410 1236 vanas
430 1211 457 1235 et
478 1208 596 1236 caducas
619 1215 672 1235 non
695 1209 822 1244 amplecti

32 1253 157 1286 delicias,
170 1253 306 1289 jejunium
320 1257 347 1281 et
360 1253 467 1288 vigilias
482 1258 591 1282 sanctas
603 1261 703 1288 amare,
720 1262 821 1290 paupe-

31 1306 75 1327 res
86 1307 227 1332 recreare,
244 1299 332 1327 nudos
354 1299 465 1332 vestire,
490 1299 612 1327 inﬁrmos
634 1300 757 1332 sisitare,
783 1300 822 1328 si-

30 1345 132 1373 tientes
159 1349 276 1380 potare,
305 1349 428 1373 mortuos
454 1346 570 1380 sepelire
590 1365 597 1378 ,
620 1351 647 1373 et
675 1346 821 1382 diligenter

31 1399 125 1419 eorum
143 1392 288 1426 exsequias
299 1398 438 1427 peragere,
452 1399 502 1427 pro
511 1392 606 1426 eisque
619 1399 698 1420 orare
709 1396 735 1420 et
750 1393 821 1420 elee-

31 1443 162 1473 mosynas
176 1437 262 1471 dare;
284 1438 406 1466 dolentes
431 1439 578 1470 consolari,
607 1443 634 1466 et
658 1439 716 1466 suis
741 1439 820 1466 bonis

30 1483 166 1516 refovere,
180 1488 208 1512 et
222 1492 238 1511 a
252 1485 332 1512 malis
348 1485 454 1511 actibus
466 1492 495 1511 se
511 1484 630 1511 alienum
645 1483 746 1512 facere.
759 1483 819 1511 Non

31 1538 92 1558 esse
108 1531 270 1565 superbum,
288 1539 344 1558 non
358 1531 538 1563 vinolentum,
553 1538 604 1558 nec
619 1530 734 1557 multum
755 1530 820 1558 eda-

878 288 987 315 abistis
1000 295 1052 314 non
1070 293 1134 315 sunt
1146 287 1361 322 reprehendendi
1383 286 1426 314 vel
1451 285 1593 321 arguendi,
1617 286 1664 313 sed

876 334 1082 369 supportandi',
1100 334 1153 360 nisi
1168 334 1195 361 in
1211 333 1263 361 [ide
1274 334 1436 361 erraverint.

913 379 954 406 llli
969 387 1034 414 ergo
1050 387 1132 415 super
1148 380 1216 406 istos
1233 384 1308 412 sunt,
1324 387 1379 406 non
1401 382 1490 406 autem
1514 378 1559 406 isti
1584 385 1667 412 super

877 425 956 458 illos;
977 425 1106 460 quoniam
1122 425 1209 460 major
1226 433 1240 452 a
1256 425 1362 452 minore
1380 433 1431 452 nec
1449 425 1537 459 argui,
1552 432 1602 450 nec
1617 423 1665 457 ju-

876 471 962 498 dicari
976 474 1074 506 potest.
1089 470 1186 498 Nullus
1204 479 1233 498 se
1248 471 1361 498 extollat
1372 478 1435 506 erga
1446 471 1591 497 doctorcs’
1607 477 1666 496 ma-

877 517 977 552 gistros
996 525 1071 550 suos,
1087 517 1151 552 quia
1165 517 1318 552 discipulus
1333 524 1414 552 super
1427 517 1588 552 magistrum
1603 523 1666 544 esse

876 570 931 590 non
946 562 1035 594 debet.
1049 570 1100 590 nec
1111 567 1199 598 potest
1213 563 1244 590 '°.
1263 563 1281 579 “
1291 563 1388 590 Nullus
1402 563 1466 589 velit
1476 563 1530 589 dici
1541 566 1665 594 sanctus,

876 612 1020 643 antequam
1038 609 1090 642 sit;
1116 609 1162 636 sed
1179 610 1256 644 prius
1277 609 1324 641 sit,
1348 609 1408 636 ut”
1432 609 1525 636 verius
1545 608 1662 636 dicatur.

876 652 1013 689 Prteccpta
1033 654 1150 687 Domini,
1177 655 1376 689 d0ctorumque
1401 662 1433 682 ac
1457 655 1663 689 magistrorum.

875 699 956 726 factis
970 701 1092 735 quotidie
1108 701 1268 736 adimplere,
1285 704 1312 728 et
1328 701 1355 727 in
1371 700 1474 728 Christi
1489 702 1599 727 nomine
1615 708 1664 735 pro

876 746 994 774 inimicis
1007 755 1085 774 orare
1099 751 1215 781 oportet.
1235 746 1422 773 Ia(lbetlientia
1439 746 1510 773 cnim
1533 750 1559 773 et
1575 746 1666 772 humi—

875 792 951 820 lialio
978 801 1038 827 quae
1065 793 1203 828 magistris
1230 792 1339 827 agitur,
1368 791 1483 818 Domino
1507 791 1662 819 exhibetur.

877 839 967 865 Timor
984 839 1090 866 Domini
1111 839 1250 866 delectabit
1275 847 1329 870 cor,
1353 842 1376 864 et
1398 838 1472 864 dabit
1496 838 1616 865 latitiam
1639 843 1665 864 et

875 884 1000 919 gaudium
1014 885 1040 911 in
1052 885 1239 920 longitudinem
1251 884 1364 911 diarum.
1380 884 1492 910 Timenti
1507 883 1589 910 Deum
1603 883 1665 910 bene

874 931 922 957 erit
938 931 965 956 in
980 931 1115 961 extremis,
1132 935 1156 957 et
1171 931 1198 957 in
1213 930 1255 957 die
1270 930 1447 964 defunctiouis
1462 938 1517 956 suae
1530 929 1664 956 benedice-

874 980 917 1002 tur
929 977 959 1004 ".
980 976 1025 1003 Vw
1037 976 1175 1003 dissolutis
1188 976 1278 1009 corde,
1291 977 1336 1012 qui
1351 985 1403 1003 non
1418 975 1526 1002 credunt
1546 975 1611 1006 Dea,
1636 980 1664 1004 et

873 1022 1006 1049 resistunt
1024 1022 1161 1049 mandatis
1172 1022 1244 1057 cjus,
1266 1026 1292 1049 et
1307 1022 1496 1049 inobedientes
1510 1029 1542 1048 ac
1566 1026 1664 1048 contu-

872 1075 965 1094 maces
980 1072 1046 1095 sunt
1068 1068 1111 1096 his
1137 1069 1185 1103 qui
1212 1068 1272 1103 ejus
1295 1067 1429 1102 legatione
1452 1067 1663 1103 fungunturzet

872 1113 929 1140 ideo
945 1122 996 1140 non
1010 1119 1178 1149 protegentur
1193 1114 1225 1141 ab
1241 1123 1281 1141 eo.
1302 1114 1347 1141 γιε
1363 1114 1403 1141 Itis
1429 1115 1473 1149 qui
1493 1113 1664 1148 perdiderunt

872 1160 1067 1192 sustinentium,
1084 1161 1128 1195 qui
1143 1160 1337 1195 dereliquerunt
1351 1161 1406 1187 vias
1425 1165 1522 1192 rectas,
1537 1164 1562 1186 et
1576 1160 1663 1186 diverv

871 1209 958 1232 terunt
973 1207 1067 1233 invias
1080 1214 1186 1241 pravas.
1203 1206 1236 1233 Et
1247 1206 1309 1242 quid
1327 1207 1436 1241 facient,
1452 1215 1509 1233 cum
1523 1207 1648 1240 inspicere

871 1252 975 1286 coeperit
989 1251 1116 1279 Dominus
1126 1255 1139 1281 .9
1153 1253 1205 1286 Qui
1220 1254 1311 1280 timent
1326 1253 1468 1279 Dominum
1482 1271 1489 1284 ,
1514 1260 1565 1278 non
1585 1256 1662 1278 erunt

871 1298 1036 1326 incredibiles
1058 1299 1134 1326 verbo
1146 1299 1218 1326 illius
1230 1307 1239 1325 :
1255 1304 1280 1326 et
1295 1299 1341 1334 qui
1362 1298 1473 1333 diligunt
1490 1297 1577 1330 illum,
1601 1306 1663 1324 con-

871 1344 1010 1371 servabunt
1023 1345 1091 1371 viam
1108 1345 1192 1372 illius.
1210 1345 1262 1378 Qui
1285 1346 1375 1372 timent
1399 1345 1552 1377 Dominum,
1575 1345 1663 1380 inqui-

870 1395 926 1416 rant
952 1399 1010 1425 quw
1024 1390 1185 1426 beneplacita
1201 1396 1262 1418 sunt
1277 1391 1320 1418 illi
1333 1400 1342 1419 :
1357 1397 1381 1418 et
1394 1391 1438 1426 qui
1458 1391 1570 1426 diligunt
1591 1401 1660 1424 eum,

871 1436 1037 1470 replebuntur
1050 1437 1105 1473 lege
1121 1438 1213 1471 ipsius.
1229 1438 1281 1471 Qui
1293 1439 1383 1465 timent
1399 1438 1547 1470 Dominum,
1559 1446 1663 1472 pra'pa-

869 1482 965 1508 rabunt
981 1482 1062 1509 corda
1078 1492 1138 1515 sua,
1154 1488 1178 1510 et
1193 1485 1220 1510 in
1242 1489 1381 1518 conspectu
1404 1484 1477 1510 illius
1503 1485 1660 1518 sancti/ica-

871 1527 934 1554 bunt
949 1529 1053 1555 animas
1067 1538 1140 1556 suas.
1157 1529 1210 1562 Qui
1225 1530 1316 1557 timent
1334 1530 1488 1561 Dominum,
1509 1530 1661 1557 custodiunt

32 1585 100 1609 cem,
117 1585 173 1604 non
189 1577 401 1609 somnolentum,
421 1585 477 1604 non
491 1577 609 1612 pigrum,
625 1583 680 1603 non
698 1584 818 1603 munnu-
834 1584 856 1612 ο
873 1573 1002 1601 mandata
1016 1575 1100 1606 illius,
1113 1581 1136 1602 et
1150 1576 1306 1610 patientiam
1320 1576 1449 1603 habebunt
1467 1584 1547 1611 usque
1565 1577 1600 1602 ad
1620 1577 1662 1602 in-

32 1626 163 1654 ralorem,
181 1630 232 1650 nec
247 1622 428 1650 detractorem
442 1632 449 1656 ;
465 1623 529 1658 quia
543 1624 590 1658 qui
611 1623 739 1655 detrahit,
762 1631 817 1651 non

33 1676 62 1696 se
73 1669 93 1701 ¹,
109 1668 158 1696 scd
173 1675 201 1696 et
213 1669 311 1696 multos
326 1669 394 1696 alios
409 1668 519 1696 occidit.
532 1668 601 1695 lram
610 1676 664 1696 non
676 1669 816 1703 perlicere,

32 1721 81 1741 nec
95 1714 247 1741 iracundiae
260 1719 365 1749 tempus
389 1722 539 1742 reservare.
564 1714 661 1742 Dolum
684 1715 713 1742 in
735 1715 818 1743 corde

32 1767 85 1786 non
99 1763 206 1792 tenere,
222 1767 272 1787 nec
295 1767 388 1794 pacem
409 1759 504 1787 falsam
527 1760 621 1788 dare'.
647 1759 816 1788 Charitatem

31 1813 85 1832 non
98 1806 300 1841 derelinquere,
321 1805 487 1840 necjurare,
503 1813 538 1833 ne
564 1806 634 1833 forte
654 1806 816 1841 perjurium,

31 1852 102 1887 quod
127 1852 218 1879 absitl
235 1851 292 1879 liat.
320 1851 418 1879 Malum
445 1859 496 1887 pro
517 1852 589 1879 malo
612 1859 668 1879 non
691 1852 816 1885 reddere,

32 1905 80 1925 nec
98 1897 229 1932 injuriam
242 1897 341 1930 facere,
361 1898 408 1926 sed
424 1897 521 1925 factam
542 1898 675 1933 patienter
690 1898 815 1926 sulferre.

32 1943 160 1972 inimicos
175 1944 287 1979 diligere
299 1964 306 1976 ,
324 1944 516 1972 maledicentes
530 1952 560 1971 se
572 1951 628 1970 non
641 1944 815 1976 maledicere,

33 1991 78 2018 sed
100 1990 191 2025 magis
203 1990 374 2022 benedicere,
389 1994 416 2018 et
432 1991 649 2025 persecutionem
666 1998 715 2025 pro
735 1990 817 2025 justi-

33 2038 68 2063 tia
81 2036 232 2064 sustinere.
249 2035 415 2064 Charitatem
428 2037 438 2052 ⁸
453 2044 556 2068 amare,
571 2040 599 2064 et
623 2037 728 2063 nullum
752 2037 816 2065 odio

32 2082 150 2115 habere;
165 2082 231 2117 quia
244 2083 289 2117 qui
299 2082 353 2109 odit
369 2082 478 2117 fratrem
493 2091 570 2109 suum
588 2083 720 2109 homicida
742 2088 781 2110 est
793 2084 814 2111 ⁸.

31 2128 182 2157 Elationem
199 2128 303 2164 fugere,
319 2129 405 2157 zelum
422 2129 522 2156 malum
537 2137 592 2156 non
614 2129 723 2160 habere,
745 2129 816 2156 invi-

31 2174 101 2202 diam
115 2183 173 2202 non
187 2183 324 2207 exercere,
340 2183 390 2202 nec
403 2176 605 2203 contentionem
627 2183 729 2202 amare.
746 2174 815 2202 Cum

30 2221 252 2249 discordantibus
266 2225 329 2248 ante
343 2222 410 2249 solis
423 2228 552 2248 occasum
563 2222 590 2248 in
606 2228 700 2256 pacem
715 2220 812 2253 redire,

868 1621 1025 1655 spectionem
1056 1621 1149 1653 illius,
1177 1621 1291 1649 dicentes
1312 1629 1322 1648 .'
1354 1621 1384 1649 Si
1404 1623 1582 1656 ptznitentiam
1609 1631 1661 1649 non

868 1667 1008 1702 egerimus,
1021 1667 1166 1694 incidemus
1184 1669 1212 1694 in
1227 1676 1320 1694 manus
1336 1668 1394 1701 Dei,
1411 1674 1435 1695 et
1452 1677 1503 1695 non
1520 1669 1547 1695 in
1566 1676 1660 1695 manus

868 1714 1025 1741 hominum:
1041 1715 1184 1742 secundum
1195 1716 1264 1742 enim
1288 1715 1494 1750 magnitudinem
1518 1715 1602 1746 illius,
1621 1716 1660 1742 sic

868 1765 893 1787 ει
909 1762 1092 1788 misericordia
1108 1762 1189 1796 ipsius
1201 1769 1260 1788 cum
1280 1762 1336 1795 ipso
1347 1761 1425 1787 est”.
1447 1760 1535 1787 Venite
1548 1760 1659 1796 (inquit)

868 1807 929 1842 ﬁlii,
937 1807 1025 1834 audite
1033 1816 1081 1840 me,
1094 1808 1213 1834 timorem
1223 1807 1330 1834 Domini
1338 1806 1433 1833 docebo
1445 1815 1487 1833 vos
1497 1807 1541 1834 "'.
1553 1806 1659 1835 Currite

867 1853 929 1880 dum
940 1853 1026 1880 lumen
1032 1854 1091 1881 vita:
1097 1853 1208 1885 habetis,
1218 1862 1249 1880 ne
1261 1853 1372 1880 tenebris:
1380 1855 1471 1880 mortis
1484 1863 1528 1881 vos
1539 1863 1659 1889 compre-

867 1899 982 1927 hendant
993 1900 1024 1927 ³⁸.
1038 1900 1130 1927 Omnis
1144 1901 1189 1935 qui
1206 1900 1259 1927 vult
1274 1900 1363 1932 vitam,
1376 1905 1401 1926 et
1420 1901 1491 1935 cupit
1503 1900 1588 1927 videre
1600 1900 1657 1927 dies

868 1946 959 1978 bonos,
974 1946 1110 1981 prohibeat
1126 1946 1245 1981 linguam
1256 1955 1332 1973 suam
1348 1955 1365 1973 a
1377 1947 1458 1978 malo,
1475 1950 1499 1974 et
1516 1946 1588 1973 labia
1599 1947 1657 1981 ejus

868 1995 1052 2028 neloquantur
1064 1992 1166 2020 dolum.
1186 1992 1303 2019 Divertat
1323 1992 1434 2025 amato,
1460 1997 1485 2019 et
1505 1993 1589 2027 faciat
1609 1993 1657 2020 bo-

866 2046 929 2065 num
942 2048 951 2066 :
964 2039 1078 2073 inquirat
1092 2046 1193 2073 pacem,
1208 2043 1232 2065 et
1243 2044 1413 2073 persequatur
1423 2047 1480 2065 eam
1491 2047 1501 2066 :
1513 2039 1574 2074 quia
1588 2039 1658 2066 oculi

866 2084 975 2111 Domini
990 2093 1068 2119 super
1077 2085 1176 2119 justus,
1191 2090 1215 2111 et
1227 2093 1303 2111 aures
1317 2085 1373 2119 ejus
1395 2084 1429 2111 ad
1452 2093 1538 2119 preces
1554 2093 1654 2112 eorum.

873 2130 964 2157 Vultus
991 2136 1078 2157 autent
1102 2130 1210 2158 Domini
1240 2139 1318 2166 super
1351 2131 1475 2165 facientes
1501 2131 1573 2158 mala
1590 2151 1598 2163 ,
1627 2135 1656 2157 ut

864 2176 956 2210 perdat
970 2176 1002 2203 dc
1017 2181 1086 2203 terra
1101 2178 1253 2204 memoriam
1262 2177 1404 2204 eorum“‘.
1416 2177 1558 2211 Propterea
1574 2177 1656 2204 nolite

866 2224 924 2258 ﬁeri
936 2224 1002 2250 sicut
1016 2232 1095 2258 equus
1111 2229 1135 2250 et
1158 2224 1255 2256 mulus,
1276 2225 1304 2250 in
1326 2223 1419 2258 quibus
1430 2233 1482 2250 non
1495 2230 1534 2251 est
1553 2223 1657 2250 intelle-

31 2267 102 2295 etde
116 2267 164 2295 Dei
184 2267 371 2295 misericordia
386 2275 526 2302 nunquam
544 2267 698 2302 desperare.
717 2266 814 2294 Senio-
830 2262 852 2290 Ῑ)
866 2275 933 2296 ctus.
949 2269 1000 2297 Sed
1017 2270 1144 2296 lwtamini
1158 2271 1184 2296 in
1199 2269 1322 2301 Domino,
1344 2275 1367 2296 et
1390 2270 1520 2297 exsatiate
1535 2271 1615 2304 justi,
1629 2275 1655 2297 et

32 2322 72 2341 res
85 2313 223 2345 venerari,
234 2318 261 2341 et
277 2313 399 2347 iuniores
411 2313 532 2348 diligere.
548 2312 708 2348 Episcopos,
726 2320 816 2340 sacer-

31 2360 104 2388 dotes
119 2367 197 2391 suos,
214 2367 247 2386 ac
260 2362 373 2387 cunctos
385 2359 506 2394 reliquos
521 2359 648 2387 Ecclesiae
662 2359 814 2391 ministros,

32 2411 110 2442 atque
123 2414 234 2434 omnem
245 2405 349 2440 plebem
361 2405 412 2433 sibi
426 2406 610 2438 commissam,
625 2406 708 2433 verho
722 2405 815 2433 divino

31 2457 55 2479 et
68 2452 199 2480 mandato
212 2453 347 2480 instruere
361 2461 392 2480 ac
408 2453 534 2488 dirigere,
557 2452 661 2487 hosque
675 2459 770 2479 omnes
787 2456 815 2479 et

30 2505 122 2525 eorum
142 2498 288 2534 episcopos
303 2502 359 2526 tota
370 2490 568 2540 animi:virtute
581 2498 693 2533 diligere
705 2501 734 2524 ut
748 2505 814 2524 ocu-

39 2552 68 2572 os
90 2552 169 2576 suos,
194 2544 259 2579 quia
273 2545 344 2571 oculi
363 2549 426 2572 sunt
439 2544 557 2572 illorum.
574 2543 695 2570 lEorum
713 2551 815 2578 prince-

31 2591 81 2625 ptis
100 2591 129 2618 in
144 2591 274 2618 omnibus
290 2590 409 2623 obedire,
432 2590 539 2618 etiamsi
564 2590 615 2625 ipsi
633 2590 723 2622 aliter,
739 2589 812 2624 quod

31 2637 116 2665 absit!
133 2640 227 2672 agant,
247 2644 382 2664 memores
392 2636 496 2664 scilicet
506 2636 579 2664 illius
590 2635 723 2663 Dominici
743 2643 812 2670 prae-

33 2683 101 2718 cepti
117 2692 124 2710 :
141 2682 210 2716 Qui:
224 2682 325 2715 dicunt,
338 2683 416 2717 facile
431 2690 441 2710 :
455 2690 512 2718 qua:
526 2687 613 2709 autem
637 2681 747 2717 faciunt,
769 2681 812 2716 fa-

63 2781 179 2810 “rnalo.
211 2783 234 2798 "
246 2789 307 2816 cap.
323 2791 342 2813 ν,
354 2783 396 2810 Η.
434 2782 458 2798 ’⁸
470 2782 622 2809 attribuere.
655 2783 678 2798 ”
691 2783 809 2817 applicet.

33 2817 356 2849 'Cauitatem,itams.c.
390 2817 425 2844 ⁸1
455 2817 534 2844 Joan.
558 2825 598 2849 ιιι,
614 2818 656 2845 15.

33 2853 82 2882 sub
103 2851 280 2887 Symmacho.
295 2886 299 2887 γ
317 2853 329 2868 ⁵
341 2852 472 2887 portendi.

35 2881 68 2917 75.7
92 2881 215 2922 “Bauli.
232 2894 251 2919 I,
273 2886 318 2919 12,
332 2881 375 2915 i5.
415 2888 436 2903 "
456 2887 539 2915 Eccli.
556 2895 586 2919 ιι,
608 2887 642 2915 i5
655 2894 682 2915 et
696 2895 752 2922 seq.

35 2924 79 2953 t3.
113 2924 133 2940 "
149 2921 225 2952 Psat.
238 2929 314 2957 tm,
330 2922 357 2956 9,
377 2923 420 2951 ll.
460 2922 482 2939 "
496 2922 562 2951 Luc.
582 2931 642 2956 xm,
663 2922 698 2950 29

707 2784 809 2817 ppliret.
849 2785 883 2800 ¹⁰⁰
893 2784 1004 2813 Deut.v.

707 2819 745 2834 Ιισ)
771 2827 786 2834 η
813 2819 837 2834 't,
860 2819 998 2834 οηηη-,Ιηοη

512 2826 534 2844 ιι.
558 2825 598 2849 ιιι,
614 2819 656 2845 15.
707 2819 718 2834 ⁵
730 2820 755 2851 2,
770 2827 798 2853 q.
813 2819 840 2847 Ἰν
857 2819 1025 2847 Sacerdote;.
1101 2822 1110 2836 ⁶
1124 2822 1217 2849 Matth.
1238 2831 1315 2853 χλιιι,
1334 2824 1362 2850 5.
1399 2823 1424 2846 "l

512 2852 528 2904 τι
543 2860 584 2904 ‘1‘.-
608 2854 643 2904 ,ζ’
656 2853 750 2904 Flati-
773 2861 790 2880 ι
801 2853 1028 2904 ιιέτιξξο·ηξ’¹’...¹ἱες
1049 2856 1161 2904 t.
1174 2856 1378 2904 .S,:._.B°:3!s‘~'tcti-
1416 2858 1424 2904 ἒ

748 2910 752 2917 ,
812 2889 843 2904 η’
854 2888 925 2915 Psal.
941 2898 1035 2923 sum,
1053 2891 1096 2919 li.

748 2923 767 2938 ι’
804 2919 936 2958 Recognit.
955 2932 990 2954 Iv.

867 2316 1018 2351 gloriamini
1038 2325 1126 2343 omnes
1138 2317 1201 2342 recti
1222 2317 1299 2343 corde
1312 2316 1343 2343 ".
1365 2316 1435 2349 Quia
1457 2316 1534 2342 multi
1553 2317 1654 2343 venient

867 2362 900 2389 ab
915 2363 1014 2389 oriente
1035 2367 1059 2389 et
1080 2363 1230 2395 occidi-nte,
1248 2362 1361 2390 Domino
1387 2362 1505 2394 dicente,
1525 2367 1553 2389 et
1571 2370 1586 2388 a
1609 2371 1654 2390 se-

866 2410 1019 2443 ptentrione
1033 2413 1113 2443 atque
1126 2409 1247 2440 meridie,
1259 2414 1284 2436 et
1293 2408 1438 2436 recumbam
1450 2417 1507 2435 rum
1518 2409 1653 2436 Abraham

866 2458 891 2480 et
914 2453 994 2480 Isaac
1017 2459 1042 2481 et
1052 2454 1136 2481 Iacob
1146 2454 1178 2482 ³³.
1204 2454 1319 2490 Propter
1336 2455 1408 2490 quod
1419 2455 1451 2486 ι’,
1468 2454 1600 2489 deprecor
1615 2459 1651 2486 te,

865 2499 950 2526 frater
965 2500 1136 2534 charissime,
1151 2504 1180 2527 ut
1202 2500 1300 2528 doceas
1322 2501 1451 2528 attentius
1465 2501 1538 2528 hunc
1553 2502 1652 2536 praedi-

864 2546 980 2574 cationis
993 2546 1115 2574 ordinem
1139 2551 1166 2574 et
1179 2547 1379 2574 absolutionum
1390 2547 1459 2578 dies,
1472 2552 1501 2574 ut
1513 2547 1652 2574 solventur

863 2591 960 2618 aninue
982 2591 1133 2624 hominum,
1157 2600 1217 2627 quae
1239 2593 1346 2620 occulta
1372 2593 1418 2620 Dei
1440 2593 1551 2624 virtute,
1569 2601 1650 2627 quem

862 2636 980 2664 debeant
993 2637 1115 2673 diligere,
1130 2639 1290 2673 priusquam
1309 2638 1469 2671 doceantur,
1485 2642 1647 2674 agnoscunt.

861 2681 981 2717 Operum
997 2691 1062 2711 vero
1077 2684 1147 2711 ratio
1164 2685 1291 2720 potestati
1305 2691 1332 2712 et
1347 2685 1459 2713 arbitrio
1473 2684 1648 2719 uniuscujus—

1043 2786 1050 2801 '
1065 2783 1082 2811 f.
1095 2793 1122 2812 se
1134 2784 1229 2818 solum,
1241 2792 1276 2813 ita
1293 2787 1422 2814 ms.Just.
1462 2787 1644 2820 'pra'trndere.

1101 2822 1110 2836 ⁶
1124 2822 1217 2849 Matth.
1238 2831 1315 2853 χλιιι,
1334 2824 1362 2850 5.
1399 2823 1408 2837 "
1421 2822 1504 2849 Cone.
1521 2822 1599 2848 Rom.
1617 2828 1645 2852 γ,

1450 2865 1510 2892 quo.
1551 2857 1571 2871 ”
1582 2863 1643 2889 cap.

1135 2891 1307 2924 “Joan.xu,
1324 2892 1369 2920 35.
1416 2891 1522 2919 “'Psal
1546 2899 1644 2923 nam,
