1884 3104
48 169 119 196 “48Ξί

652 171 832 200 ΕΡΙΒΤΟΙΑΕ
853 172 1089 201 DECRETMES.

1630 179 1683 206 I86

74 225 143 253 tertia
156 226 195 253 vel
209 230 307 261 quarta
322 227 388 255 hora
398 230 563 265 acceperint,
573 230 698 265 jejunent
711 239 798 266 usque
811 229 844 257 ad
858 233 880 261 Λ
896 234 994 264 sceret,
1009 232 1031 259 si
1047 231 1165 260 mundus
1177 237 1250 261 esset
1263 241 1278 260 a
1293 233 1415 266 nmliere,
1428 242 1491 262 cum
1506 243 1535 264 se
1550 237 1682 265 mundum

74 276 210 306 vesperam.
229 270 275 298 Sic
287 278 392 299 secreta
408 275 624 302 sanctiﬁcatione
635 280 736 303 aeterna
749 280 843 303 custo-

74 317 159 344 dienda
178 320 240 344 sunt
261 322 442 346 sacramenta.
461 319 498 347 De
513 321 587 348 vasis
604 329 670 349 sane
693 322 781 350 sacris
805 322 841 348 ita

74 361 203 396 gerendum
224 366 266 389 est
283 370 290 388 :
308 363 410 391 Aitaris
433 365 519 400 palla,
540 366 670 394 cathedra
688 367 721 400 ³⁹,
738 368 839 394 cande-

72 407 162 434 labrum
176 411 202 434 et
222 409 331 442 velum,
348 410 370 437 si
389 410 491 438 fuerint
513 415 648 440 vetustate
666 418 840 448 consumpta.

74 452 180 479 incendio
194 452 302 487 dentur,
316 456 445 489 quoniam
461 464 517 484 non
537 457 600 484 licet
611 464 643 484 ea
656 465 716 492 quae
727 458 755 485 in
775 465 840 485 san-

71 497 162 524 ctuario
174 497 283 532 fuerint,
297 500 368 527 male
382 501 504 535 tractari,
517 502 564 529 sed
576 502 701 530 incendio
713 502 840 530 universa

72 541 205 570 tradantur.
229 544 346 573 Cineres
369 553 479 583 quoque
506 554 601 575 eorum
624 548 652 575 in
678 549 839 583 baptisterio

72 589 221 622 inferantur,
238 590 286 618 ubi
311 592 403 619 nullus
429 593 574 620 transitum
598 593 707 625 habeat,
736 597 783 620 aut
810 595 838 621 in

71 635 165 670 pariete,
178 640 222 662 aut
243 635 271 663 in
299 636 383 665 fossis
398 639 616 673 pavimentorum
637 639 786 674 jactentur,
804 648 838 668 ne

71 681 247 708 introeuntium
271 681 389 716 pedibus
416 683 603 719 inquinentur.
631 683 716 711 Nemo
744 692 792 719 per
814 685 838 700 ⁸ο

70 726 231 761 ignorantiam
247 727 368 755 clericus
383 729 455 764 palla
470 733 609 756 mortuum
630 729 724 757 credat
743 730 838 757 obvol-

70 772 178 804 vendunt,
203 776 250 799 aut
272 773 407 802 diaconus
433 776 561 811 scapulas
586 777 693 811 operire
714 777 779 804 velit
801 777 835 808 δι,

69 823 117 851 quae
130 817 175 844 fuit
188 818 216 845 in
231 819 325 852 altari,
343 823 389 847 aut
406 825 481 849 certe
498 830 558 857 qum
570 822 633 849 data
652 826 694 849 est
714 822 742 849 in
759 830 837 850 men-

69 870 114 889 sam
128 865 148 879 “
165 863 280 893 Domini.
294 865 347 898 Qui
367 866 424 894 haec
439 867 549 901 fecerit,
571 868 614 896 vel
639 868 736 896 leviter
755 869 834 903 quasi

70 908 124 934 nihil
143 913 167 936 et
187 910 359 946 negligenter
381 912 509 940 habuerit
531 913 623 940 divina
646 914 776 950 mysteria
801 912 837 946 ⁸³(
850 904 871 931 Β

67 953 179 983 diaconus
212 956 346 990 triennio,
374 965 477 993 sexque
499 959 639 987 mensibus
662 967 677 986 a
695 959 835 987 Dominico

67 1001 154 1029 alienus
177 1003 229 1030 erit
254 1004 354 1037 altari,
379 1005 457 1040 gravi
476 1013 624 1040 percussus
648 1007 832 1034 anathemate.

67 1048 129 1081 Quod
149 1049 170 1076 si
189 1050 322 1078 clericum
343 1052 485 1087 presbyter
509 1059 563 1079 non
587 1053 785 1080 commonuerit
799 1053 832 1086 “,

65 1092 141 1120 decem
156 1095 231 1123 annis
243 1099 272 1123 et
287 1097 410 1132 quinque
424 1097 565 1124 mensibus
580 1098 833 1126 excommunicatus

66 1139 108 1172 sit;
121 1145 256 1175 propterea
270 1141 347 1177 quod
361 1142 395 1170 de
409 1141 561 1170 Dominicis
577 1144 757 1172 sacramentis
769 1145 833 1173 sub-

63 1185 121 1218 jecta
141 1186 188 1213 sibi
212 1194 268 1214 non
291 1188 491 1215 commonuerit
514 1189 678 1220 ministeria,
695 1195 722 1217 et
736 1195 831 1225 postea

65 1237 116 1258 cum
127 1232 217 1267 grandi
242 1232 399 1261 humilitate
419 1234 500 1261 matri
525 1235 719 1263 reconcilietur
735 1236 830 1265 Eccle-

65 1276 110 1303 siae.
122 1276 240 1306 “Pallas
250 1286 319 1306 vero
335 1284 363 1307 et
380 1279 457 1312 vela,
474 1287 534 1315 qua:
554 1280 582 1307 in
598 1282 748 1309 sanctuarii
767 1290 830 1311 sor-

64 1321 139 1350 didata
154 1323 251 1352 fuerint
272 1325 438 1358 ministerio,
466 1326 575 1354 diaconi
597 1334 660 1354 cum
682 1327 830 1358 humilibus

63 1368 179 1397 ministris
195 1371 275 1405 juxta
291 1370 315 1387 “
329 1372 481 1399 sacrarium
496 1373 603 1406 lavent,
618 1382 674 1401 non
688 1375 829 1410 ejicientes

63 1412 123 1442 foras
144 1422 158 1442 a
179 1417 301 1445 sacrario
322 1417 457 1446 velamina
482 1418 631 1448 Dominicte
651 1428 770 1454 mensae,
794 1429 829 1450 ne

63 1460 118 1488 forte
128 1462 212 1497 pulvis
229 1463 368 1491 Dominici
383 1464 508 1500 corporis
530 1466 602 1494 male
615 1466 724 1494 decidat
738 1475 754 1494 a
770 1468 829 1496 sin-

62 1505 119 1534 done
132 1507 193 1536 I‘oris
206 1509 311 1543 abluta,
327 1514 355 1538 et
369 1510 423 1537 erit
441 1510 499 1538 haec
519 1513 643 1547 operanti
658 1516 800 1547 peccatum
818 1524 824 1541 :

62 1550 146 1581 idcirco
163 1555 232 1582 intra
248 1556 402 1584 sacrarium
419 1557 552 1586 ministris
566 1559 750 1594 praecipimus,
767 1560 824 1587 haec
838 1573 858 1601 ο

62 1604 139 1626 sancta
152 1601 172 1616 ⁵⁷
186 1609 248 1629 cum
262 1602 404 1637 diligentia
424 1603 741 1640 custodire.Sanepelvis
754 1614 824 1634 nova

61 1651 220 1681 comparetur,
236 1653 264 1675 et
279 1653 378 1683 praeter
397 1648 449 1675 hoc
467 1649 536 1676 nihil
557 1650 631 1678 aliud
651 1655 756 1686 tangat.
772 1651 825 1679 Sed

60 1697 102 1717 nec
115 1692 134 1707 ⁵⁸
154 1692 209 1728 ipsa
231 1694 321 1728 pelvis
336 1693 405 1721 velis
430 1697 585 1729 apponatur
609 1696 750 1729 lavandis,
771 1697 825 1725 nisi

60 1744 109 1771 qua
120 1737 150 1765 ad
165 1738 299 1767 Dominici
315 1739 410 1766 altaris
425 1740 529 1766 cultum
542 1741 690 1775 pertinent.
709 1742 731 1758 δ’)
743 1742 825 1770 Pallae

60 1782 137 1811 altaris
149 1784 210 1811 solae
225 1785 254 1812 in
278 1792 312 1812 ea
326 1785 462 1818 laventur.
477 1789 504 1813 et
521 1786 548 1813 in
573 1787 625 1813 alia
648 1788 707 1815 vela
724 1788 824 1823 janua—

59 1836 109 1856 rum
127 1830 157 1858 ”.
184 1831 221 1859 De
241 1832 311 1859 velis
334 1835 425 1859 autem
447 1832 593 1867 januarum
611 1834 634 1849 '“
652 1841 720 1861 cura
749 1835 786 1863 sit
801 1836 823 1852 "

59 1875 159 1904 ostiariis
171 1884 203 1904 ex
226 1877 414 1905 admonitione
431 1877 583 1912 majorum,
599 1887 634 1906 ne
655 1880 718 1914 quis
734 1881 822 1916 negli~

58 1928 112 1954 gens
122 1925 164 1949 aut
183 1923 297 1959 ignarus
323 1924 357 1951 ad
380 1924 470 1952 velum
492 1925 583 1959 januaz
597 1925 696 1953 domus
715 1926 822 1955 Domini

59 1972 140 1994 manus
162 1968 301 1996 incondite
321 1972 427 2004 tergat;
450 1970 498 1997 sed
515 1971 608 1998 statim
620 1972 757 2000 coercitus
777 1973 821 2000 di-

59 2016 106 2040 seat
117 2016 200 2044 omnis
214 2015 309 2047 homo,
321 2016 384 2052 quia
396 2016 486 2044 velum
510 2017 575 2044 atrii
600 2017 698 2046 domus
712 2018 820 2047 Domini

59 2064 164 2088 sanctum
177 2066 228 2090 est.
245 2063 270 2078 "
283 2062 461 2099 Praecipimus
476 2064 558 2091 etiam
578 2072 613 2092 ne
634 2067 822 2094 excommuni-

57 2105 138 2132 cato“
151 2106 288 2141 Ecclesiae,
304 2109 362 2137 sive
376 2109 455 2140 laico.
475 2109 509 2137 de
529 2109 690 2146 fragmentis
705 2112 821 2140 oblatio-

59 2157 110 2178 num
129 2152 231 2182 Domini
256 2158 375 2190 ponatur
393 2155 428 2183 ad
453 2161 586 2184 mensam.
609 2156 686 2185 Unde
707 2159 763 2186 scis
779 2163 819 2192 tu,

58 2195 95 2226 qni
116 2198 211 2232 passim
236 2200 351 2227 sacrarii
377 2200 400 2216 ⁸⁵
421 2208 506 2236 panes
529 2201 648 2237 indignis
672 2202 818 2238 impendis,

57 2241 116 2269 unde
127 2245 205 2277 nosti,
221 2246 245 2273 si
261 2252 276 2272 a
290 2246 449 2274 mulieribus
471 2248 569 2275 mundi
593 2252 658 2276 sunt
678 2249 706 2276 hi
719 2250 819 2285 quibus
834 2248 856 2275 D

57 2284 188 2322 impendis?
201 2290 271 2319 Hinc
285 2295 312 2319 et
323 2292 408 2320 David
423 2292 458 2320 ab
471 2293 627 2321 Ahimelech
640 2293 664 2310 "
678 2284 818 2324 sacerdote

57 2331 227 2372 interrogatus,
243 2345 307 2366 cum
337 2346 422 2374 panes
438 2339 491 2367 sibi
503 2339 537 2367 ad
555 2340 750 2369 comedendum
769 2350 819 2378 po-

893 280 957 304 ante
991 277 1112 304 triduum
1146 278 1338 313 proﬁteretur,
1367 287 1452 314 panes
1485 282 1681 316 propositionis

892 323 1076 351 manducavit.

926 369 949 388 ⁸⁷
969 369 1009 397 Ad
1026 369 1168 398 Domimca
1184 374 1273 398 autem
1297 372 1428 407 mysteria
1446 373 1515 400 tales
1532 374 1678 409 eligantur.

891 415 914 431 "
925 416 972 450 qui
987 420 1050 443 ante
1070 417 1273 445 ordinationem
1289 425 1369 445 suam
1391 419 1523 454 conjuges
1545 428 1609 448 suas
1624 429 1678 449 non

890 461 1016 488 noverint
1030 461 1063 488 ⁸⁸.
1087 461 1165 495 Quod
1190 463 1213 490 si
1232 468 1294 498 post
1318 464 1534 498 ordinationem,
1551 467 1678 496 ministro

890 506 986 534 altaris
1002 507 1150 542 contigerit
1167 509 1309 544 proprium
1321 509 1451 538 invadere
1467 511 1556 539 cubile
1571 514 1675 545 uxoris.

889 552 1003 579 sacrarii
1025 561 1079 581 non
1104 554 1187 581 intret
1212 555 1316 588 limina,
1339 563 1390 583 nec
1414 557 1542 585 sacriﬁcii
1560 560 1676 594 portitor

889 597 946 630 ﬁat,
962 607 1013 626 nec
1033 600 1117 628 altare
1131 601 1280 636 contingat,
1298 610 1349 629 nec
1362 603 1396 630 ab
1409 603 1584 633 otl‘erentibus
1600 606 1676 634 holo-

889 645 976 672 causti
995 645 1161 673 oblationem
1174 647 1317 682 suscipiat,
1339 656 1390 675 nec
1410 650 1442 676 ad
1465 649 1599 679 Dominici
1614 660 1676 680 cor-

887 689 963 724 poris
979 691 1159 725 portationem
1172 691 1194 707 ⁸⁰
1212 692 1335 725 accedat,
1364 702 1415 721 nec
1428 695 1449 710 "
1469 704 1567 731 aquam
1583 704 1675 725 sacer-

887 734 997 762 dotibus
1023 736 1144 771 porrigat
1166 737 1200 764 ad
1227 745 1336 766 manus.
1361 738 1439 767 Ostia
1457 740 1492 756 δ”
1519 741 1674 772 forinsecus

887 781 1007 814 claudat,
1023 783 1130 809 minora
1148 788 1224 818 gerat
1237 784 1336 817 oilicia,
1358 793 1470 814 urceum
1486 787 1544 815 sive
1558 789 1672 817 calicem

886 826 919 853 ad
935 827 1021 855 altare
1047 836 1101 855 non
1118 828 1231 857 sufferat
1247 831 1280 857 θ’.
1297 830 1324 857 Si
1349 830 1420 859 forte
1444 833 1579 868 quispiam
1606 843 1670 870 pre-

887 873 989 908 sbyter,
1007 874 1064 901 sive
1078 875 1222 908 diaconus,
1239 877 1353 904 sacrarii
1367 878 1509 906 sindonem
1520 880 1669 915 velvelum,

886 919 1028 947 subtracta
1043 921 1206 953 vendiderit,
1218 922 1240 938 ⁸³
1248 921 1324 950 Judaa
1336 922 1477 952 lscariotis
1489 925 1588 954 similis
1601 928 1672 955 msti-

884 966 1006 993 mabitur
1025 967 1057 993 “.
1083 967 1136 1000 Qui
1159 973 1272 1004 propter
1299 970 1476 1004 cupiditatem
1501 971 1596 999 fecerit
1618 973 1671 1001 hoc

884 1017 964 1045 opus.
984 1012 1090 1039 noverit
1105 1020 1134 1040 se
1150 1013 1301 1048 supradicti
1315 1014 1392 1042 Judm
1413 1021 1604 1052 suscepturum
1616 1026 1672 1053 pose

883 1063 947 1083 nam
962 1056 995 1084 “.
1007 1055 1131 1085 Clericus
1153 1066 1219 1085 vero
1239 1059 1316 1086 solus
1332 1060 1366 1087 ad
1386 1060 1493 1089 feminae
1506 1063 1670 1091 tabemacu-

882 1102 939 1129 lum
955 1110 1009 1130 non
1029 1103 1152 1136 accedat,
1168 1112 1219 1131 nec
1235 1110 1372 1140 properet,
1395 1107 1455 1134 sine
1474 1108 1588 1143 majoris
1603 1114 1668 1137 natu

882 1149 1015 1184 principis
1032 1149 1168 1183 jussione.
1183 1150 1205 1166 “
1220 1150 1275 1178 Nec
1287 1152 1427 1187 presbyter
1443 1153 1518 1181 solus
1531 1161 1593 1181 cum
1609 1155 1667 1182 sola

882 1193 1056 1229 adjung‘atur,
1082 1194 1130 1221 sed
1150 1194 1259 1222 duobus
1284 1195 1411 1224 adductis
1434 1197 1550 1225 testibus
1575 1198 1668 1227 visitet

881 1239 1028 1268 inﬁrmam.
1040 1239 1096 1267 Nec
1116 1240 1192 1268 solus
1212 1248 1274 1268 cum
1294 1240 1353 1268 sola
1369 1240 1471 1268 femina
1485 1241 1592 1271 fabulas
1611 1245 1664 1271 mi-

881 1289 966 1313 sceat.
980 1286 1001 1303 "
1016 1285 1073 1313 Nce
1083 1285 1294 1314 archidiaconus
1315 1292 1362 1314 aut
1378 1286 1521 1321 diaconus,
1538 1289 1589 1317 sub
1600 1297 1666 1324 prae-

881 1336 956 1360 textu
983 1332 1063 1360 officii
1090 1333 1254 1361 humilitatis
1280 1334 1321 1366 ",
1346 1333 1502 1369 frequenter
1527 1335 1665 1364 domicilia

880 1384 1079 1413 matronarum,
1092 1384 1140 1408 aut
1156 1380 1227 1408 forte
1245 1388 1293 1415 per
1307 1380 1423 1408 clericos
1435 1384 1482 1408 aut
1498 1381 1666 1411 domesticos

878 1429 949 1464 ejus,
963 1433 1094 1456 matronae
1107 1428 1236 1456 mandent
1249 1429 1345 1456 secreti
1362 1429 1384 1445 "
1399 1428 1512 1464 aliquid.
1526 1429 1554 1456 Si
1569 1430 1665 1465 cogni-

878 1480 936 1502 tum
953 1475 1046 1509 fuerit,
1070 1478 1098 1502 et
1125 1474 1170 1502 ille
1194 1474 1357 1509 deponatur,
1382 1479 1409 1502 et
1431 1475 1476 1502 illa
1491 1482 1507 1502 a
1523 1475 1664 1504 liminibus

878 1525 1005 1549 arceatur
1018 1521 1155 1548 Ecclesiae.
1179 1520 1232 1548 Sed
1253 1520 1277 1548 si
1299 1519 1369 1548 forte
1390 1520 1480 1556 aliqua
1502 1521 1663 1550 intercessio

876 1568 966 1601 fuerit,
982 1567 1111 1602 episcopo
1123 1570 1293 1602 suggeratur.
1308 1565 1342 1592 Et
1356 1566 1378 1593 si
1394 1566 1457 1594 talis
1469 1570 1521 1598 est,
1537 1567 1570 1593 ad
1581 1574 1664 1602 quam

876 1614 972 1641 debeat
988 1614 1028 1640 ire
1041 1613 1086 1648 pio
1100 1613 1124 1628 "°
1140 1612 1292 1638 interventu
1308 1611 1366 1646 ipse
1380 1615 1485 1646 pergat.
1500 1611 1548 1638 Sin
1559 1616 1661 1644 autem,

875 1660 909 1686 de
923 1659 1009 1686 latere
1023 1666 1073 1685 suo
1085 1658 1194 1692 dirigat,
1212 1665 1274 1684 cum
1290 1657 1398 1684 duobus
1423 1660 1470 1683 aut
1495 1657 1582 1684 tribus
1593 1677 1601 1689 ,
1613 1657 1661 1692 qui

874 1706 928 1733 hoc
943 1713 1042 1733 sanare
1056 1705 1171 1732 debeant
1190 1704 1224 1731 “.
1242 1703 1314 1730 Sane
1328 1703 1362 1730 ad
1377 1703 1540 1730 visitandam
1562 1703 1661 1730 mulie-

874 1759 932 1779 rem
946 1751 1082 1778 iuﬁrmam
1096 1749 1188 1776 nullus
1200 1748 1317 1776 clericus
1336 1747 1514 1783 ingrediatur,
1527 1748 1581 1775 nisi
1596 1755 1659 1774 cum

874 1796 982 1824 duobus
992 1798 1039 1822 aut
1053 1795 1151 1822 tribus.
1169 1793 1254 1822 Nemo
1276 1797 1367 1821 tamen
1380 1793 1543 1821 clericorum
1558 1794 1581 1809 "
1596 1800 1658 1820 cum

874 1846 1004 1870 extranea
1018 1840 1123 1868 habitet
1138 1839 1237 1867 femina
1254 1839 1287 1872 ⁷³,
1304 1839 1357 1866 nisi
1375 1839 1500 1874 proxima
1515 1842 1561 1866 aut
1580 1846 1660 1866 soror

873 1887 965 1915 fuerit.
981 1886 1015 1913 Et
1035 1887 1087 1913 hoc
1111 1893 1174 1913 cum
1196 1892 1296 1920 magna
1316 1884 1500 1912 sollicitudine
1522 1883 1578 1911 ﬁat.
1597 1883 1658 1911 Non

872 1933 1032 1968 ignoramus
1055 1931 1175 1958 malitias
1202 1929 1319 1956 Satanae.
1348 1928 1482 1956 Universa
1508 1928 1565 1956 haec
1593 1936 1657 1955 cum

873 1977 1081 2006 mansuetudine
1103 1975 1291 2003 ecclesiastica
1313 1974 1476 2010 complenda
1495 1977 1559 2002 sunt
1573 1974 1656 2001 mini—

873 2024 967 2052 steria.
986 2023 1129 2059 Negotium
1148 2022 1221 2049 enim
1243 2020 1292 2048 Dei
1314 2028 1370 2048 non
1388 2020 1466 2048 decet
1488 2020 1657 2055 negligenter

871 2070 987 2106 expleri.
1003 2068 1103 2097 lterum
1115 2071 1198 2102 atque
1221 2067 1320 2095 iterum
1340 2067 1374 2094 de
1388 2065 1549 2101 fragmentis
1564 2065 1656 2092 Domi-

872 2115 926 2142 nici
947 2113 1071 2148 corporis
1092 2111 1298 2139 demandamus.
1316 2111 1434 2138 Calicem
1452 2118 1517 2138 vero
1539 2111 1573 2138 ad
1591 2118 1655 2145 per-

871 2160 1012 2189 ferendum
1026 2158 1185 2193 sanguinem
1198 2156 1316 2188 Domini,
1328 2159 1508 2192 praeparatum
1523 2163 1586 2183 cum
1597 2159 1655 2183 tota

870 2205 1004 2233 munditia
1039 2202 1200 2234 ministerii,
1225 2201 1351 2229 minister
1374 2204 1516 2236 praeparet,
1539 2208 1583 2233 ne,
1599 2208 1675 2228 non.

871 2253 940 2280 bene
955 2251 1027 2278 lotus
1051 2249 1138 2282 calix,
1153 2248 1270 2275 diacono
1284 2250 1426 2281 peccatum
1449 2246 1496 2273 ﬁat
1517 2245 1651 2273 oilerenti.

870 2297 910 2325 Ita
923 2304 986 2324 cum
998 2295 1072 2323 omni
1088 2295 1245 2326 honestate,
1261 2297 1361 2320 cuncta
1385 2300 1445 2328 quae
1465 2300 1546 2327 supra
1569 2299 1652 2326 expo—

871 2344 988 2372 suimus.
1007 2344 1114 2376 oportet
1135 2339 1251 2375 impleri.
1267 2339 1348 2366 Tales
1372 2339 1406 2366 ad
1428 2338 1452 2354 "
1470 2338 1652 2365 ministerium

83 2444 105 2494 ἐξ.
113 2447 245 2494 ξιτψ-ξφ.
260 2448 545 2494 Ρξιερξιεθεξιρὶειίῃοι.
556 2456 567 2462 ·
580 2451 792 2494 :Altaris‘palla.
828 2456 852 2494 ιζ’
859 2455 895 2483 De
902 2453 1161 2494 consec.distinct._t
1174 2461 1181 2494 ξ
1193 2452 1276 2494 Nemo
1288 2460 1357 2494 per._
1381 2451 1647 2494 {'Cong-Al‘u-{Fap-

57 2478 244 2518 5,e15;Autiss.
259 2484 303 2515 12,
317 2485 360 2513 l5.
399 2485 421 2501 “
432 2485 483 2514 Ms.
493 2486 521 2513 in
536 2495 637 2518 meum;
646 2478 1011 2518 ireiriiiihusin'déiéiiii'
1021 2478 1425 2516 ’ίῖᾖέίὶιξιὸᾶεῆἷ-ηἷίῆιίέιρνίαί
1436 2478 1485 2503 in“
1495 2487 1545 2515 Ms.
1557 2478 1650 2515 alim;-

56 2517 137 2555 rtum't,
151 2522 178 2555 et
191 2519 352 2555 itarursum
369 2525 472 2555 postea.

113 2586 539 2627 distinct.__2_:_’l'ribusgradibus,
557 2591 570 2627 §
590 2586 676 2627 Tanta
686 2594 723 2620 in.

51 2626 188 2657 zannorum.
224 2624 247 2640 ⁸³
262 2624 368 2653 Matisc.
383 2624 426 2657 li,
440 2633 465 2654 c.
483 2626 510 2653 6.

519 2521 552 2563 “ﬁ
568 2521 623 2563 lvo.
640 2527 716 2563 part.
729 2531 770 2553 lll.
782 2532 813 2563 ‘c.
830 2526 894 2563 266.

55 2548 100 2599 illo
111 2552 196 2599 vierba.
233 2554 314 2599 “ibis;
331 2548 395 2599 illati.
434 2555 517 2599 "Ms.
530 2548 625 2599 qulf,
639 2548 961 2599 it'gzid'ié;§é_iiiéh¢_ur,
977 2548 1238 2599 έῖῖἶιίηηξῗΑὶιξιιιιρ.
1252 2566 1267 2584 a
1284 2565 1309 2586 c.
1321 2557 1442 2599 :lustelii:
1495 2558 1527 2599 ’ξ’

774 2595 796 2610 δ’
820 2595 869 2623 Ms.
886 2596 965 2622 etiam
992 2604 1057 2622 cura
1084 2595 1129 2626 sit,
1143 2594 1248 2621 caeteris
1275 2594 1395 2624 omissis,
1424 2592 1456 2619 de
1479 2593 1540 2620 velis
1560 2598 1647 2620 autem

564 2626 586 2643 "
595 2626 644 2654 Ms.
661 2636 692 2655 ne
708 2637 822 2661 unquam
838 2635 936 2658 extero.

134 2657 302 2687 Achimeleclt.
321 2695 326 2700 ι
339 2661 361 2676 ⁸⁷
376 2660 502 2700 A_i_it_er_
517 2669 584 2700 mss.
598 2662 680 2690 Ilard.
693 2668 720 2690 et
737 2657 807 2692 Just.
823 2657 888 2700 quae
896 2669 1071 2693 reservantur
1084 2665 1168 2692 notis.

1326 2523 1348 2539 "
1365 2522 1394 2549 ln
1412 2530 1464 2550 ms.
1479 2523 1579 2550 absunt
1590 2523 1649 2552 ha‘c

947 2526 969 2541 ⁸⁵
984 2525 1034 2553 Ms.
1047 2525 1130 2555 intra,
1150 2527 1180 2550 ut
1196 2531 1269 2551 mox.
1326 2525 1348 2539 "
1365 2525 1394 2549 In
1412 2530 1464 2550 ms.
1479 2525 1579 2550 absunt
1590 2525 1630 2551 ha‘

947 2569 961 2586 ι.
977 2561 1052 2586 etin.
1096 2560 1119 2575 ⁵ο
1131 2559 1238 2586 Ahsnnt
1252 2566 1267 2584 a
1284 2565 1309 2586 c.
1324 2557 1442 2586 Justelii.
1495 2558 1516 2573 "
1533 2557 1570 2585 De
1581 2566 1632 2586 con

1096 2560 1119 2575 ⁵⁰
1131 2559 1238 2586 Ahsunt
1252 2566 1267 2584 a
1284 2565 1309 2586 c.
1324 2557 1442 2586 Justelii.

1231 2628 1254 2644 "
1270 2627 1308 2654 ita
1320 2636 1371 2655 ms.
1388 2627 1577 2662 atVulgata,et
1593 2628 1647 2656 He—

982 2630 1004 2646 ll
1023 2639 1033 2646 ις
1039 2629 1168 2646 ,παρημιάὸ

1021 2636 1179 2657 sanctuarii.
1231 2636 1254 2644 "
1271 2636 1308 2654 tta
1320 2636 1371 2655 ms.
1388 2636 1415 2654 at
1427 2636 1577 2662 vutgata,et
1593 2636 1645 2656 ne-

1021 2669 1071 2691 illll'
1084 2665 1168 2692 notis.
1220 2663 1243 2679 ⁵⁸
1256 2663 1306 2690 Ms.
1320 2664 1365 2698 qui
1378 2667 1438 2689 ante
1454 2662 1645 2690 ordinationem

54 2689 158 2734 genitae:
167 2701 231 2734 suos
240 2695 367 2734 nouerint.
391 2696 413 2711 ⁵³
422 2696 542 2734 Scilicet,
555 2689 683 2734 sisemper
693 2689 974 2728 con-linere‘lnuovlgueririt.
986 2700 1031 2727 Sic
1046 2700 1108 2734 legit
1119 2701 1190 2726 hunc
1202 2699 1292 2734 locum
1306 2689 1333 2725 εί
1350 2699 1544 2734 interpretatur
1556 2698 1625 2724 llum
1636 2713 1643 2718 -

54 2723 135 2770 {tertii-5
151 2728 313 2770 Acardinatis,
328 2735 450 2770 tempore
458 2723 556 2759 Leonis
568 2731 614 2770 lx,
629 2723 676 2761 lib.
688 2723 1141 2770 Ἷ⁰ροτιὶίῗηεγη
1156 2742 1180 2761 c.
1197 2733 1326 2770 Just.__°'
1336 2732 1404 2770 sed:
1421 2723 1470 2749 r'"
1482 2733 1644 2770 ills-7901M"!

53 2760 201 2804 ζεθεεέθιιεζη
223 2760 351 2804 Mitigat“
369 2760 507 2804 ζτξαηίίῖιιεῤ
530 2760 613 2804 ostio;
624 2772 677 2795 etc.
698 2760 970 2798 “iurciitnisoilevad
987 2760 1072 2797 ἆιὶὰνὲ
1086 2760 1216 2804 suggerat.
1236 2778 1260 2797 c.
1276 2760 1386 2804 llariet
1391 2767 1462 2796 Just.
1500 2768 1522 2783 "
1537 2768 1558 2795 ll
1573 2766 1640 2795 Tur.

53 2791 91 2826 Β,
104 2794 140 2824 Ill.
163 2791 239 2827 Braé.
255 2800 282 2828 5.

53 2834 95 2856 seu

53 2861 72 2877 1|

54 2897 213 2933 etPatribus.
246 2905 270 2922 ⁷⁵
279 2897 403 2935 Distinet.
420 2897 478 2945 25:;
493 2897 630 2936 Titinii

334 2800 356 2842 f‘
369 2800 420 2845 Ms:
442 2801 508 2828 Inde
524 2802 619 2845 similis
633 2804 988 2845 qslﬁnabiturﬁcoriotis.“
1001 2806 1023 2845 ’ξ’
1036 2800 1188 2845 Hipp.'_§6._

96 2831 324 2879 ξιιῌξιιιιιριιὶθω
338 2836 453 2879 inferips
467 2837 607 2879 repetitur.
645 2839 666 2879 f7
683 2832 785 2869 Turon.
901 2831 988 2869 illa."
1009 2831 1135 2879 Ιξιέηίῐιίει
1148 2839 1233 2879 ίζῙῘῖείί-
1258 2839 1297 2879 ,⁸³
1310 2837 1361 2866 Μδσ
1374 2839 1501 2879 “"9"”!-
1538 2838 1562 2854 "

153 2866 371 2916 ξςίὸαιηξειὶῃιψ.
385 2911 394 2916 Δ
408 2870 470 2916 Tun
493 2866 545 2916 ms;
576 2873 654 2916 abest
676 2882 728 2905 vox
743 2866 965 2916 aiie'ricbr'dm.
1004 2876 1040 2915 -υ
1056 2866 1236 2914 macram,
1249 2873 1283 2903 de
1305 2881 1359 2909 qua
1384 2880 1456 2909 saepe
1475 2873 1503 2901 in
1517 2866 1642 2902 conciliis

1108 2803 1175 2832 .726.
1214 2805 1237 2820 ⁵⁸
1252 2804 1281 2830 ln
1302 2811 1352 2830 ms.
1371 2803 1446 2830 deest
1461 2803 1516 2830 haec
1538 2804 1641 2832 integra

1275 2839 1297 2854 θ’
1310 2837 1361 2866 Ms.
1374 2839 1501 2865 secretim.
1538 2838 1562 2854 '°
1583 2845 1641 2871 pro.
