1884 3104
210 157 263 185 487

652 156 681 184 S.
699 155 895 184 CLEMENTIS
913 157 922 183 l
939 155 1023 183 ROM.
1042 155 1145 184 ΡΟΝΤ.
1166 154 1279 182 OPERA
1303 156 1416 184 DUBlA.

1791 158 1836 185 488

207 216 346 251 eligantur
356 214 462 246 clerici,
475 213 521 248 qui
538 213 618 248 digne
629 214 734 249 possint
745 213 886 241 Dominica
901 222 995 242 sacra-
1009 218 1032 244 Δ
1046 219 1199 242 convertar.
1215 213 1275 241 Non
1299 214 1412 249 requirit
1434 221 1449 240 a
1474 217 1501 241 te
1525 213 1597 242 Deus
1618 214 1778 249 pecuniam,
1793 217 1837 243 sed

207 265 300 289 menta
314 265 442 288 tractare.
460 260 556 287 Melius
572 264 613 287 est
629 260 703 287 enim
728 259 834 287 Domini
858 260 994 287 sacerdoti

209 315 312 342 paucos
337 307 437 334 habere
456 307 607 338 ministros,
632 305 679 341 qui
705 307 811 341 possint
830 306 911 341 digne
927 314 995 341 opus

208 353 256 380 Dei
270 360 408 385 exercere,
423 360 505 387 quam
518 352 619 379 multos
630 352 752 384 inutiles,
769 353 816 388 qui
829 360 900 380 onus
915 360 995 387 grave

208 399 358 426 ordinatori
374 398 520 426 adducant.
537 398 560 425 Α
573 398 708 433 principio
723 399 844 432 epistola:
858 406 946 433 usque
961 399 995 426 ad

208 445 282 473 hunc
297 446 397 477 locum,
413 445 447 472 de
462 445 642 473 sacramentis
662 445 782 479 delegavi
797 445 866 472 bene
887 445 995 472 intuen-

207 491 251 519 dis
266 491 290 507 ⁷⁵
306 498 313 517 :
329 491 375 518 ubi
396 498 450 518 non
475 491 593 517 murium
609 495 730 518 stercora
751 491 823 518 inter
843 491 994 526 fragmenta

207 535 357 563 Dominicae
370 537 503 571 portionis
517 539 674 570 appareant,
687 543 775 571 neque
790 536 813 552 "
824 536 931 571 putrida
947 544 995 570 per

207 583 399 618 negligentiam
416 587 575 610 remaneant
593 584 770 614 clericorum,
788 586 814 610 et
829 583 994 610 convenien-

207 634 258 659 tes.
276 628 322 664 qui
341 629 466 664 accipere
484 629 536 656 sibi
561 629 724 656 medicinam
750 628 924 660 desiderant,
944 636 995 663 pu-

206 675 280 701 trida
294 682 356 701 cuin
372 675 499 707 viderint,
522 675 609 710 magis
625 682 688 701 cum
708 673 823 703 ridiculo
838 677 864 701 et
886 673 995 700 fastidio

206 722 352 748 videantur
366 722 500 756 accipere,
517 725 544 748 et
559 722 585 748 in
602 726 743 755 peccatum
761 720 846 755 magis
867 720 994 747 decidant

206 775 256 802 per
283 767 473 803 negligentiam
502 768 675 794 clericorum.
707 766 878 801 Quapropter
914 773 995 793 nemo

206 814 372 841 clericorum
389 814 459 841 ultra
480 814 538 841 haec
551 814 706 841 dissimulet
716 833 723 845 ,
739 818 786 840 aut
799 813 937 848 negligere
952 813 995 840 ul-

206 859 316 887 latenus
331 859 439 890 audeat.
457 859 503 886 sed
530 859 656 889 libenter,
673 866 734 893 quae
758 858 834 892 jussa
851 861 925 889 sunt,
946 866 994 885 ex-

208 905 291 940 pleat,
309 909 335 932 et
350 908 521 932 sacramenta
533 905 623 931 divina
642 911 814 939 nequaquam
829 904 996 939 negligenter

206 954 369 978 contrectet.
387 950 502 985 Ideoque
515 954 569 976 tam
582 950 696 985 juvenes
710 957 791 984 quam
805 949 930 977 senes'de
942 949 995 982 his,

205 1001 235 1025 et
248 997 281 1024 de
303 996 378 1023 omni
400 996 609 1024 conversatione
628 1003 695 1027 sua,
713 1001 741 1023 et
764 995 954 1027 conversione.
970 999 997 1022 et

207 1042 371 1078 poenitentia
392 1042 471 1069 valde
496 1049 559 1069 esse
584 1041 719 1069 sollicitos
741 1045 859 1076 oportet,
873 1041 997 1076 satisque

207 1097 299 1125 agere,
314 1094 355 1121 ut,
373 1089 430 1116 haec
446 1088 580 1124 condigne
598 1092 689 1123 agant,
712 1093 739 1116 et
760 1089 794 1115 de
820 1088 928 1123 reliquo
951 1095 998 1114 or-

207 1138 273 1161 nent
291 1138 347 1160 tam
365 1134 458 1160 clerici
474 1141 556 1168 quam
577 1133 722 1160 saeculares
743 1133 848 1160 animas
865 1140 930 1160 suas
953 1140 998 1159 or-

208 1180 345 1207 namentis
357 1179 539 1215 dignissimis,
552 1179 726 1214 dogmatibus
744 1179 849 1206 scilicet
862 1179 996 1211 veritatis,

207 1226 308 1253 decore
318 1225 464 1260 pudicitiae,
484 1225 628 1259 splendore
642 1225 766 1259 iustitiae,
779 1225 898 1252 candore
912 1225 998 1260 pieta-

207 1274 255 1305 tis,
271 1273 387 1306 aliisque
401 1271 539 1303 omnibus,
556 1271 657 1306 quibus
679 1271 860 1305 compositam
875 1272 897 1286 "
920 1271 998 1298 decet

209 1325 271 1345 esse
284 1317 475 1344 rationabilem
490 1320 618 1344 mentem.
632 1315 700 1343 Tum
715 1320 847 1351 pnetcrea
861 1315 999 1343 declinare

209 1372 226 1391 a
241 1363 390 1391 consortiis
406 1361 560 1389 inhonestis
580 1365 608 1388 et
623 1361 788 1394 inﬁdelibus,
805 1365 832 1388 et
853 1362 999 1389 societates

210 1410 312 1437 habere
329 1408 459 1439 ﬁdelium,
474 1412 555 1442 atque
566 1408 627 1435 illos
642 1407 816 1442 frequentare
834 1413 997 1440 conventus,

210 1457 239 1483 in
253 1456 354 1491 quibus
372 1455 405 1482 de
426 1455 568 1490 pudicitia,
586 1455 619 1482 de
641 1454 759 1489 iustitia,
776 1454 810 1481 de
830 1455 930 1489 pietate
946 1459 1000 1482 tra-

211 1506 312 1529 ctatur.
336 1500 422 1528 Orare
437 1508 546 1535 semper
568 1499 652 1527 Deum
673 1508 706 1527 ex
729 1504 787 1527 toto
811 1501 903 1532 corde,
922 1504 949 1528 et
966 1502 999 1528 ab

211 1549 274 1583 ipso
288 1551 380 1583 petere
405 1555 466 1583 qum
487 1548 582 1579 decet,
599 1547 650 1581 ipsi
667 1547 770 1581 gratias
790 1555 880 1581 agere,
906 1556 998 1575 veram

211 1593 411 1630 pmnitudinem
435 1601 528 1628 gerere
553 1593 755 1628 praeteritorum
778 1598 932 1627 gestorum,
950 1594 1001 1620 ali-

210 1640 373 1675 quantulum
395 1641 488 1671 etiam,
511 1640 534 1666 si
549 1640 680 1675 possibile
699 1646 751 1672 est,
776 1648 824 1674 per
844 1639 1001 1666 misericor-

210 1687 272 1714 dias
286 1693 435 1721 paaperum
450 1686 546 1720 juvare
561 1686 765 1720 paenitentiam.
785 1685 836 1713 Per
856 1686 913 1712 haec
929 1686 1000 1712 enim

212 1731 318 1759 facilior
332 1732 410 1759 venia
426 1732 545 1764 dabitur,
562 1735 588 1759 et
603 1732 753 1767 indulgenti
776 1733 858 1759 cilius
881 1732 1003 1767 indulge-

210 1778 295 1804 bitur.
309 1777 388 1810 Quod
413 1777 436 1804 si
461 1777 642 1812 provectioris
668 1778 756 1805 aetatis
782 1778 817 1805 sit
845 1778 884 1809 is,
901 1778 947 1811 qui
967 1778 1001 1805 ad

210 1823 401 1858 paenitentiam
425 1823 508 1854 venit.
526 1831 559 1851 eo
584 1823 671 1856 magis
695 1824 798 1858 gratias
818 1831 898 1858 agere
921 1823 1001 1850 debet

211 1868 278 1901 Deo,
292 1869 364 1903 quod
379 1872 524 1903 postquam
538 1869 600 1896 ﬁnis
610 1869 634 1884 ’⁸
650 1873 691 1896 est
704 1870 795 1897 omnis
807 1870 925 1904 impetus
939 1876 1002 1895 con-

211 1914 390 1949 cupiscentiae
417 1914 555 1946 carnalis,
586 1915 700 1942 scientia
726 1914 849 1942 veritatis
876 1918 999 1948 accepta,

211 1961 287 1988 nulla
302 1961 328 1988 ei
350 1961 473 1987 imminet
492 1968 582 1995 pugna
598 1960 767 1992 certaminis,
785 1967 833 1995 per
849 1967 942 1995 quam,
959 1959 1002 1986 in-

213 2011 358 2041 surgentes
370 2005 502 2034 adi'ersus
523 2007 653 2037 animam,
670 2006 801 2040 reprimat
813 2006 937 2041 corporis
951 2013 1001 2033 vo-

213 2052 335 2079 luntates
348 2052 383 2080 ".
401 2051 531 2086 Superest
542 2059 608 2086 ergo
622 2052 647 2078 ei
662 2051 690 2078 in
707 2051 845 2086 agnitione
864 2051 998 2084 veritatis,

211 2103 242 2125 et
258 2098 453 2125 misericordia:
468 2097 598 2133 operibus
622 2097 756 2128 exerceri,
778 2101 808 2123 ut
828 2097 924 2124 all‘erat
943 2097 1001 2124 fru—

213 2148 276 2172 ctus
290 2145 388 2179 dignos
401 2144 577 2179 poenitentiae.
590 2143 646 2171 Nec
661 2148 752 2179 putet,
769 2145 833 2178 quia
848 2144 875 2171 in
895 2149 1000 2179 tempo-

213 2191 253 2219 ris
266 2191 436 2226 longitudine
450 2191 643 2218 documentum
665 2191 852 2217 conVersionis
876 2191 1000 2218 ostendi-

1045 260 1167 287 animum
1179 261 1381 288 misericordem
1393 264 1420 286 et
1433 260 1504 294 piam
1518 263 1647 287 mentem.
1661 259 1756 295 Neque
1766 260 1837 288 dives

1045 305 1251 332 conversionem
1268 312 1345 331 suam
1361 305 1467 331 dill‘erat
1482 312 1532 339 pro
1550 304 1741 332 sollicitudine
1755 313 1826 333 seem

1044 351 1106 383 lari,
1122 351 1186 378 dum
1203 352 1303 386 cogitat
1325 350 1463 386 quomodo
1484 351 1622 385 dispenset
1643 351 1837 378 abundantiam

1045 397 1164 433 frugum.
1185 396 1278 432 Neque
1302 397 1374 424 dicat
1397 397 1467 423 intra
1492 397 1691 431 semetipsum:
1714 396 1785 430 Quid
1800 396 1837 423 fa-

1044 444 1135 471 ciam!
1155 444 1201 471 ubi
1222 443 1368 470 recondam
1395 443 1501 470 fructus
1529 443 1623 470 meos?
1646 442 1744 477 Neque
1769 444 1838 470 dicat

1045 490 1142 516 anima:
1156 497 1226 517 suae:
1238 489 1265 516 Η
1267 489 1327 516 abes
1338 490 1422 515 multa
1433 489 1500 516 bona
1511 489 1626 523 reposita
1638 488 1667 516 in
1677 497 1764 516 annos
1774 489 1838 516 mul-

1045 540 1107 568 tos,
1119 535 1225 569 epulare
1239 539 1264 561 et
1280 535 1380 561 [tt-tare.
1394 534 1460 561 Nam
1480 534 1585 562 dicetur
1601 534 1626 562 ei
1646 544 1652 562 :
1673 534 1774 567 Stulte,
1794 535 1838 561 hac

1044 586 1119 608 nocte
1132 581 1267 615 auferetur
1281 580 1327 608 abs
1347 585 1371 607 te
1391 581 1481 607 anima
1495 586 1550 613 tua,
1566 585 1591 608 et
1602 589 1661 616 qua:
1678 581 1784 615 parasti
1799 589 1838 607 cs-

1041 627 1088 661 jus
1111 627 1218 654 erunt"
1234 627 1245 653 ?
1263 626 1356 661 Itaque
1370 626 1481 654 festinet
1493 627 1526 653 ad
1538 627 1730 662 pcenitentiam
1755 628 1837 654 omnis

1044 676 1121 705 aetas,
1145 674 1235 700 omnis
1266 680 1348 700 sexus
1372 673 1516 707 omnisque
1540 672 1673 705 conditio,
1707 676 1737 699 ut
1759 673 1837 699 vitam

1045 723 1230 754 consequatur
1247 723 1388 746 aeternam.
1404 718 1523 746 Juvenes
1537 719 1647 753 quidem
1673 719 1703 745 in
1724 726 1759 745 eo
1774 719 1838 753 grati

1045 766 1111 797 sint,
1137 765 1211 799 quod
1235 765 1262 791 in
1285 765 1344 799 ipso
1369 764 1470 799 impetu
1494 764 1705 796 desideriorum,
1722 765 1837 791 cervices

1046 819 1110 840 suas
1128 811 1194 846 jugo
1210 811 1360 845 subjiciunt
1382 811 1544 845 disciplinte.
1570 810 1656 837 Senes
1669 814 1699 837 et
1717 810 1772 844 ipsi
1786 810 1837 836 lau-

1046 860 1160 890 dabiles.
1191 859 1254 894 quia
1282 858 1362 885 multi
1385 858 1518 892 temporis
1543 857 1792 888 consuetudinem,
1816 856 1838 882 in

1049 914 1101 941 qua
1117 905 1188 932 male
1197 904 1326 940 praeventi
1343 908 1416 935 sunt,
1432 912 1480 939 pro
1506 903 1555 931 Dei
1575 911 1668 930 amore
1680 904 1705 919 ⁸⁸
1721 910 1838 930 commu-

1049 956 1116 979 tant.
1141 951 1225 979 Nemo
1248 959 1313 986 ergo
1334 950 1450 983 dilferat,
1467 958 1547 977 nemo
1571 953 1732 977 cunctetur.
1749 948 1838 982 “Qu:

1049 998 1122 1025 enim
1143 1004 1226 1025 causa
1244 996 1391 1023 cunctandi
1408 1001 1449 1023 est
1470 996 1504 1023 ad
1525 996 1593 1023 bene
1610 995 1770 1031 agendum?
1779 995 1838 1021 Ani-

1050 1052 1111 1071 mus
1127 1043 1178 1071 sibi
1197 1043 1269 1070 male
1296 1043 1435 1075 conscius,
1455 1042 1518 1070 dum
1538 1042 1648 1068 videtur
1662 1042 1717 1068 sibi
1741 1041 1837 1068 nullam

1050 1099 1157 1127 pinnam
1174 1091 1241 1126 pati,
1258 1090 1346 1117 credit
1371 1089 1434 1124 quia
1460 1097 1514 1116 non
1543 1089 1648 1124 iudicet
1690 1087 1836 1117 Dominus;

1050 1144 1112 1164 cum
1130 1136 1204 1163 abuti
1221 1135 1352 1170 patientia
1369 1134 1427 1166 Dei,
1440 1138 1467 1161 et
1485 1141 1542 1161 non
1557 1134 1714 1168 intelligere
1729 1140 1838 1168 parcen-

1051 1182 1086 1209 tis
1113 1181 1321 1216 benignitatem,
1334 1180 1391 1214 jam
1418 1179 1455 1207 sit
1475 1187 1574 1214 magna
1595 1178 1751 1205 damnatio.
1767 1176 1837 1204 Unde

1051 1228 1183 1263 scriptum
1201 1231 1263 1254 est:
1281 1226 1439 1253 Maledictus
1462 1226 1546 1252 omnis
1574 1225 1618 1260 qui
1645 1233 1713 1259 opus
1737 1223 1838 1251 Domini

1052 1274 1212 1309 negligenter
1228 1274 1282 1308 agit
1293 1273 1326 1299 “.
1355 1273 1529 1307 Quapropter
1558 1271 1710 1306 pastoralis
1738 1270 1837 1296 ordinis

1051 1322 1103 1349 est,
1126 1318 1335 1353 infatigabiliter
1360 1325 1499 1348 revocare.
1527 1316 1661 1351 quidquid
1692 1315 1728 1343 ad
1752 1322 1838 1342 corre-

1050 1365 1169 1392 ctionem
1194 1364 1369 1399 populorum,
1386 1363 1441 1390 imo
1461 1362 1548 1397 magis
1575 1362 1696 1389 ﬁliorum
1716 1362 1839 1397 spiritua-

1052 1410 1119 1437 lium
1154 1414 1287 1444 quantum
1302 1414 1343 1436 est
1358 1408 1400 1435 fas
1416 1408 1579 1442 intelligere.
1604 1408 1771 1442 cognoverit
1785 1414 1839 1441 per-

1050 1457 1149 1489 tinere,
1162 1459 1188 1483 et
1202 1463 1268 1488 non,
1285 1455 1356 1490 quod
1376 1455 1461 1482 nbsit‘.
1483 1461 1546 1480 cum
1568 1461 1618 1481 suo
1636 1453 1765 1488 periculo
1779 1453 1838 1479 alie-

1052 1513 1094 1532 me
1118 1505 1175 1539 spei
1203 1512 1252 1539 per
1267 1504 1353 1530 solam
1376 1502 1569 1537 negligentiam
1585 1501 1675 1528 facere
1694 1500 1839 1528 detrimen~

1014 1569 1034 1597 ο
1053 1555 1122 1583 tum;
1139 1550 1186 1578 sed
1214 1550 1286 1585 quod
1313 1549 1345 1576 ad
1372 1548 1508 1583 generalis
1533 1547 1628 1575 salutis
1643 1551 1753 1581 spectat
1771 1554 1840 1574 wra-

1054 1596 1194 1631 pendium,
1210 1595 1314 1623 salubri
1330 1601 1444 1621 necesse
1471 1597 1514 1621 est
1535 1592 1682 1627 providere
1711 1596 1837 1619 tractatu.

1053 1642 1195 1669 "Homini
1219 1641 1349 1675 religioso
1377 1647 1473 1674 parum
1495 1647 1556 1666 esse
1581 1638 1662 1665 debet
1684 1638 1839 1665 inimicitias

1052 1689 1166 1715 aliorum
1196 1695 1250 1714 non
1275 1694 1417 1717 exercere,
1430 1685 1473 1713 vel
1496 1692 1550 1712 non
1576 1692 1678 1719 augere
1704 1684 1777 1711 male
1803 1683 1839 1709 lo-

1050 1734 1169 1769 quendo.
1186 1733 1239 1761 nisi
1258 1740 1304 1760 eas
1325 1732 1409 1760 etiam
1423 1731 1599 1765 exstinguere
1615 1730 1688 1758 bene
1707 1729 1838 1764 loquendo

1052 1779 1199 1807 studuerit.
1216 1779 1239 1794 ⁵⁸
1248 1778 1319 1805 Ecce
1334 1777 1391 1804 oris
1410 1776 1496 1803 nostri
1510 1776 1628 1802 buccina
1642 1774 1676 1801 ad
1694 1782 1778 1802 aures
1790 1775 1836 1801 ho-

1051 1824 1156 1850 minum
1182 1830 1374 1858 personamus,
1390 1829 1478 1856 neque
1496 1828 1526 1848 se
1540 1820 1673 1855 deinceps
1701 1820 1838 1849 excusabit

1050 1879 1105 1899 non
1122 1871 1268 1901 monitum,
1282 1870 1341 1902 qui,
1359 1869 1430 1904 quod
1453 1868 1530 1903 sequi
1547 1868 1655 1899 debeat,
1671 1874 1730 1895 tam
1754 1870 1838 1896 verbis

1050 1925 1133 1952 quam
1147 1916 1246 1943 litteris
1263 1915 1402 1942 edocetur.
1415 1914 1437 1930 '"
1446 1913 1541 1945 Qualis
1559 1916 1650 1940 autem
1665 1914 1834 1941 condemna-

1050 1963 1102 1992 tio.
1118 1965 1145 1990 et
1156 1962 1245 1997 qualis
1266 1961 1391 1988 imminet
1407 1959 1566 1987 maledictio
1581 1960 1624 1986 his
1642 1960 1691 1994 qui
1707 1961 1735 1986 in
1750 1964 1838 1994 patres

1051 2012 1179 2046 peccant,
1189 2008 1282 2035 divina
1293 2014 1343 2034 nos
1358 2006 1438 2033 docet
1451 2003 1606 2040 Scriptura.
1622 2005 1652 2032 Si
1667 2006 1744 2033 enim
1757 2005 1837 2033 Cbam

1051 2056 1124 2082 ﬁlius
1139 2054 1195 2081 Noe
1205 2054 1239 2086 ⁸⁸,
1256 2061 1318 2080 cum
1339 2053 1454 2081 vidisset
1478 2052 1581 2079 nudum
1607 2060 1690 2079 suum
1724 2057 1837 2087 patrati.
1866 2052 1867 2058 ‘

1051 2101 1180 2137 quoniam
1195 2107 1251 2126 non
1266 2099 1407 2134 cooperuit
1421 2099 1508 2133 patris
1527 2098 1680 2133 corporalis
1692 2098 1716 2114 δ’
1730 2097 1837 2125 nudita-
1866 2115 1867 2126 η

1051 2151 1119 2177 tem,
1135 2144 1183 2172 sed
1198 2152 1337 2179 egressus,
1352 2143 1489 2170 nuntiavit
1509 2151 1568 2170 eam
1594 2142 1741 2175 fratribus,
1754 2147 1781 2170 et
1801 2143 1838 2169 illi

1051 2192 1214 2219 vestimento
1234 2197 1296 2217 eum
1322 2193 1539 2224 cooperuerunt;
1554 2189 1613 2224 ipse
1628 2189 1740 2224 quidem
1755 2189 1836 2216 Chant
1866 2210 1867 2238 ι

213 2241 269 2269 tur,
284 2242 311 2264 et
321 2244 376 2264 nou
391 2236 417 2263 in
433 2236 586 2263 devotionis
598 2243 630 2263 ac
644 2237 774 2270 propositi
793 2236 929 2264 ﬁrmitate.
946 2236 1001 2264 Deo
1017 2240 1040 2268 D
1054 2241 1081 2263 et
1102 2236 1139 2263 illi
1158 2236 1202 2270 qui
1227 2243 1260 2262 ex
1283 2242 1316 2262 eo
1340 2235 1398 2261 uati
1421 2238 1496 2267 sunt,
1521 2235 1574 2262 sub
1598 2235 1749 2262 maleditto
1777 2234 1836 2261 facti
1866 2234 1867 2258 Ξ

211 2283 286 2310 enim
304 2281 456 2309 manifestae
478 2285 543 2308 sunt
559 2285 673 2312 mentes,
686 2282 750 2316 quia
772 2289 826 2308 non
847 2286 998 2316 temporum

211 2330 344 2356 rationem
358 2329 469 2364 colligit,
486 2329 533 2356 sed
547 2329 711 2356 animorum.
728 2328 787 2364 Ipse
806 2329 876 2357 enim
893 2331 998 2364 probat,

211 2373 235 2400 si
251 2373 322 2409 quis,
338 2374 429 2408 agnita
448 2373 570 2400 veritatis
594 2374 795 2409 prmdicatione.
817 2383 870 2402 non
883 2375 998 2407 distulit,

212 2426 300 2452 neque
315 2422 423 2453 tempus
438 2418 596 2453 negligendo
610 2420 779 2453 consumpsit
793 2420 826 2450 ⁸⁸.
843 2420 888 2447 sed
908 2421 1000 2447 statim

210 2470 248 2497 et,
263 2464 286 2491 si
308 2464 361 2492 dici
377 2468 475 2499 potest,
498 2464 593 2492 eodem
618 2470 755 2492 tnomento
780 2466 915 2500 praeterita
938 2474 1000 2500 per-

212 2509 385 2541 horrescens,
400 2511 552 2537 l‘uturorum
568 2510 732 2538 desiderium
746 2512 826 2545 cepit,
837 2516 864 2538 ct
882 2511 908 2538 in
925 2519 1000 2538 amo—

212 2563 270 2583 rem
286 2557 362 2591 regni
378 2557 496 2584 cmlcstis
514 2557 625 2584 exarsit.
645 2556 761 2591 Propter
780 2557 851 2591 quod
864 2564 943 2584 netno
956 2565 1003 2583 ve-

212 2605 301 2629 strum
320 2602 390 2628 ultra
405 2602 567 2634 dissimulet,
592 2610 641 2629 nec
660 2606 732 2629 retro
748 2602 886 2637 respiciat,
904 2603 951 2630 sed
968 2602 1002 2629 ad

212 2645 387 2682 Evangelium
412 2648 488 2683 regni
513 2647 559 2674 Dei
587 2648 701 2674 libenter
724 2648 846 2675 accedat.
878 2646 937 2674 Non
960 2647 1003 2674 di-

211 2698 258 2721 cat
275 2701 397 2728 pauper:
414 2693 500 2728 Quia,
524 2702 586 2722 cutn
610 2694 686 2722 dives
710 2694 799 2722 factus
822 2693 911 2725 fuero,
937 2697 1001 2721 tunc

247 2773 270 2788 ⁷⁸
298 2774 409 2801 tuendis.
461 2774 523 2801 "'S.

212 2809 236 2823 "
252 2807 407 2842 voluptates.
446 2810 468 2824 ⁸ο
484 2807 648 2843 contempsit.

212 2843 274 2871 4'58.
330 2844 352 2860 "
365 2844 464 2871 Jerem.
479 2852 573 2871 xum.

254 2877 376 2905 “Wstinia.
401 2879 434 2906 de
456 2879 624 2914 5capitulis.
663 2880 685 2894 3‘
701 2877 768 2905 Gen.
797 2885 835 2904 ιι.

552 2774 631 2808 Creg.
662 2774 689 2800 in
709 2772 839 2800 (Sacram.
865 2771 990 2808 captDe
1006 2771 1064 2808 ord.
1083 2771 1250 2808 subdiacqni.

688 2809 708 2824 ⁵¹
725 2808 791 2834 Luc.
805 2814 854 2837 λιι,
872 2804 917 2836 19.
933 2807 978 2833 2t).
1017 2807 1039 2822 "‘
1068 2808 1169 2834 timore.
1200 2806 1223 2821 ⁸³
1236 2806 1305 2839 Aug.
1325 2806 1350 2831 in
1374 2804 1417 2832 Ps.
1437 2814 1473 2832 Ix.
1488 2805 1558 2839 apud
1577 2804 1831 2838 Prosperum.sent.
1866 2806 1867 2811 ‘

611 2845 633 2859 ⁹⁵
659 2844 786 2905 Eirqucr.
804 2842 965 2893 sent.”l78.
982 2841 1082 2903 Calixt.
1113 2842 1199 2904 epici].

611 2888 624 2907 ι.
724 2886 768 2905 cn.
797 2885 835 2904 ιι.
921 2884 1029 2910 corpora
1041 2884 1091 2904 om.

1053 2289 1118 2311 sunt
1127 2292 1135 2316 ;
1144 2283 1189 2318 qui
1205 2286 1298 2309 autem
1307 2284 1520 2316 cooperuerunt,
1532 2288 1657 2315 magnam
1670 2280 1836 2308 benedictio-
1866 2283 1867 2286 ‘

1054 2338 1117 2357 nem
1139 2332 1317 2360 meruerunt;
1332 2328 1419 2355 multo
1438 2327 1525 2363 magis
1551 2327 1597 2354 isti
1623 2328 1731 2361 majore
1745 2331 1836 2355 etam-
1866 2326 1867 2347 l

1053 2376 1141 2411 pliore
1158 2374 1386 2402 condemnatione
1406 2372 1482 2408 digni
1501 2376 1567 2399 sunt
1589 2373 1636 2407 qui
1650 2372 1778 2407 patribus
1790 2372 1831 2399 ob

1053 2421 1139 2453 viare,
1157 2423 1204 2447 aut
1215 2423 1311 2446 contra
1334 2426 1382 2446 eos
1394 2418 1539 2453 insurgere
1553 2418 1691 2450 nituntur,
1708 2423 1755 2445 aut
1770 2419 1826 2452 injn

1053 2468 1122 2495 riam
1134 2466 1178 2494 vel
1202 2465 1396 2493 contumeliam
1411 2464 1451 2491 eis
1467 2464 1569 2491 inferre
1585 2463 1758 2498 moliuntur;
1773 2472 1837 2499 quo-

1053 2514 1127 2540 niam
1146 2511 1193 2547 qui
1209 2511 1250 2539 eis
1264 2511 1381 2542 resistit,
1398 2510 1455 2537 Deo
1472 2510 1592 2543 resistit,
1612 2514 1641 2537 et
1652 2511 1701 2545 qui
1718 2511 1758 2538 eis
1770 2510 1832 2543 inju~
1866 2515 1867 2539 γ

1053 2558 1123 2585 riam
1137 2558 1179 2584 vel
1197 2556 1391 2584 contumeliam
1412 2556 1488 2587 facit,
1512 2555 1577 2587 Deo,
1595 2556 1677 2590 cujus
1706 2556 1837 2591 legatione

1054 2603 1217 2638 funguntur,
1234 2602 1300 2629 facit
1315 2612 1320 2628 :
1337 2601 1451 2636 Expavit
1465 2601 1556 2628 emtum
1570 2609 1648 2635 super
1663 2601 1724 2633 hoc,
1739 2607 1763 2628 et
1776 2601 1834 2626 lior-

1053 2648 1108 2674 ruit
1123 2647 1238 2681 amplius
1251 2646 1421 2677 vehementer,
1434 2645 1498 2671 dicit
1518 2645 1647 2672 Dominus
1658 2646 1693 2673 ’°.
1706 2645 1728 2673 0
1742 2646 1834 2672 intole
1866 2658 1867 2662 η

1053 2694 1167 2721 rabilem
1186 2692 1401 2727 malignitatem!
1419 2699 1437 2718 ο
1459 2691 1579 2726 linguam
1608 2692 1763 2727 loquentem
1786 2691 1833 2716 ini-

1303 2771 1326 2786 '”
1343 2776 1482 2804 comptam,
1499 2772 1534 2798 ita
1553 2777 1606 2796 ms.
1657 2770 1682 2785 "'
1722 2768 1832 2803 fractus.

1250 2841 1274 2855 “
1292 2840 1424 2873 2.01m“
1460 2840 1485 2870 τι

1142 2877 1166 2894 ὀ
1188 2875 1244 2904 Jer.
1270 2883 1301 2903 ιι.

1524 2840 1670 2873 acerdom,
1688 2845 1713 2867 et
1731 2840 1831 2872 religat;
1866 2879 1867 2887 γ
