1884 3104
42 155 93 186 ‘89

647 130 829 180 splsrou:
847 148 1083 177 DECRETALES.

1624 148 1676 175 490

42 213 171 249 quitatem
190 217 291 239 contra
312 210 409 244 Deum,
422 214 449 238 et
471 214 593 237 mentem
617 209 644 236 in
659 207 833 235 altitudinem
850 208 872 236 A
886 207 951 241 gite,
966 210 994 234 et
1005 206 1148 233 veritatem
1166 204 1251 232 corde
1264 203 1404 240 prolertc,
1421 203 1550 239 quoniam
1572 204 1676 233 multos

43 267 126 287 contu
146 258 342 286 extollentem!
359 256 392 284 Et
407 257 505 284 iterum
522 265 529 284 :
545 254 662 290 lmpone,
680 255 769 286 homo,
782 259 834 280 tute

43 306 136 340 lingua
163 305 264 332 ostium
289 308 313 330 et
343 311 432 330 seram
442 303 475 329 ⁹¹.
491 302 606 330 Cessa"
617 302 645 329 in
658 301 835 329 altitudinem

42 351 185 381 extollens,
199 354 228 378 et
246 351 365 384 loquens
388 348 521 376 adversus
544 348 630 376 Deum
659 347 833 382 iniquitatem

43 401 69 424 et
92 397 251 431 proximum
281 399 370 423 tuum.
396 393 545 430 Quousque
573 394 692 422 insultas
719 392 834 428 patienti

41 441 151 468 Christo
181 444 210 467 et
240 439 392 468 fratribus?
425 440 488 467 Haec
514 447 566 467 nos
596 439 760 467 familiarius
785 439 834 466 do-

42 486 132 521 cebat,
154 490 184 514 et
211 485 271 513 haec
296 486 377 514 nobis
399 486 582 521 publicitus”
599 485 748 520 praedictus
774 491 834 512 ma~

41 533 125 567 gister
169 535 198 559 et
235 531 386 559 instructor
428 536 511 567 atque
546 531 689 558 ordinator
727 534 832 562 noster.

40 579 172 613 princeps
197 578 388 612 apostolorum
415 577 531 608 Petrus,
557 578 584 604 in
614 577 737 604 Ecclesia
764 584 834 612 prm-

40 624 161 657 dicabat,
180 624 344 659 exemplum'
363 624 442 654 dans,
456 627 484 650 ut
502 627 528 650 et
543 631 594 650 nos
610 622 737 651 similiter
750 622 834 650 facia-

41 678 103 699 mus
119 679 127 697 :
145 670 348 703 Humiliamini,
376 671 474 705 inquit,
501 670 528 696 in
551 674 693 703 conspectu
714 668 832 701 Domini,

39 722 64 744 et
85 715 222 744 exaltabit
261 715 348 744 vos”.
360 715 451 742 Nolite
486 714 624 742 detrahere
663 713 832 747 alterutrum,

39 764 168 797 quoniam
188 762 234 798 qui
250 762 364 789 detrahit
379 761 468 796 fratri,
488 766 534 788 aut
551 761 595 796 qui
606 760 711 795 judicat
724 761 834 796 fratrem

39 817 129 839 suum.
159 807 276 835 detrahit
300 809 359 843 legi,
378 812 402 834 et
422 807 528 842 judicat
558 807 649 842 legem.
672 806 724 839 Qui
747 812 834 834 autem

39 854 142 881 indicat
173 856 267 889 legem,
291 863 342 881 non
376 859 414 881 est
438 854 524 888 factor
553 853 627 888 legis,
666 853 711 880 sed
738 853 832 888 judex.

41 900 116 927 Unus
133 906 173 928 est
187 901 256 927 enim
273 900 409 935 lcgislator
420 905 444 927 et
456 899 550 934 judex,
566 899 611 934 qui
625 903 711 933 potest
725 898 835 932 perdere

38 952 61 972 et
78 946 206 974 liberare.
232 946 272 973 Tu
292 951 379 973 autem
401 946 459 981 quis
483 953 521 977 es,
549 946 594 980 qui
612 945 720 980 judicas
744 946 835 980 proxi-

38 1001 112 1018 mum
122 992 165 1021 ’⁴“,
178 992 240 1020 Non
250 996 367 1027 oportet.
383 991 443 1018 Non
460 991 582 1026 pnecipit
592 999 642 1018 nos
654 991 778 1026 judicare
793 992 835 1018 in-

36 1038 140 1070 vicem,
156 1037 206 1065 sed
223 1038 309 1073 magis
326 1037 457 1065 auxilium
474 1035 582 1066 ferre."
600 1036 645 1064 Va:
654 1037 717 1069 erit,
734 1037 832 1073 inquit,

37 1085 82 1112 his
97 1085 147 1119 qui
164 1084 267 1112 fratres
281 1084 425 1116 tribulant,
445 1089 472 1116 ct
483 1083 524 1112 eis
540 1083 587 1119 qui
601 1091 649 1112 eos
663 1091 834 1120 persequun<

36 1134 93 1158 tur.
113 1130 171 1158 Vos
187 1134 280 1157 autem
295 1136 398 1165 quanto
416 1130 535 1165 amplius
557 1130 737 1163 tribulamini,
758 1135 834 1158 tanto

36 1176 218 1212 purgatiores
240 1181 324 1212 atque
345 1176 484 1204 beatiores
505 1175 683 1208 efficiemini,
701 1177 724 1204 si
741 1181 832 1204 tamen

35 1224 97 1258 ipsa
120 1223 267 1250 tribulatio
296 1223 431 1258 patienter
458 1222 539 1250 fuerit
563 1227 733 1258 supportata.
754 1222 833 1256 Quod

34 1270 120 1296 etiam
137 1269 200 1305 ipse
211 1276 263 1297 nos
282 1269 413 1297 Dominus
430 1269 523 1296 docuit
537 1279 543 1295 :
563 1269 640 1297 Beati
653 1270 698 1304 qui
712 1276 833 1304 persecu—

36 1316 138 1342 tionem
151 1315 296 1350 patiuntur
306 1321 411 1350 propter
422 1315 557 1349 justitiam
565 1315 597 1343 ⁹⁶.
609 1315 642 1343 Ει
656 1316 720 1343 item
733 1324 739 1342 :
756 1315 833 1343 Beati

34 1362 123 1394 eritis,
139 1370 201 1388 cum
218 1370 262 1389 vos
277 1361 380 1389 oderint
393 1362 522 1394 homines,
537 1367 561 1390 et
575 1362 703 1397 persecuti
717 1371 760 1390 vos
775 1362 833 1397 [ul-

34 1408 101 1438 rint,
116 1412 143 1434 et
164 1407 289 1438 eiecerint
317 1416 409 1435 nomen
435 1413 550 1436 vestrum
571 1413 697 1444 tanquam
719 1408 830 1436 malum.

35 1453 159 1481 Gaudete
175 1455 203 1480 in
215 1454 266 1481 illa
280 1454 322 1481 die
336 1459 360 1481 et
375 1456 521 1487 exsultate,
538 1456 662 1490 quoniam
681 1464 779 1483 merces
794 1463 833 1483 ue-

34 1505 92 1528 stra
104 1501 196 1527 multa
213 1505 253 1527 est
264 1501 292 1527 in
306 1501 411 1528 cmlo".
428 1500 504 1528 Unde
522 1505 549 1528 et
572 1502 630 1536 ipse
651 1501 690 1528 ait
707 1511 713 1528 :
731 1501 830 1537 Diliges

884 253 940 288 jam
956 252 1141 288 supplantavit
1156 251 1305 286 suspicio'.
1323 250 1491 277 Charitatem
1509 257 1617 285 semper
1631 250 1678 278 diu

886 299 978 333 ligite.
994 302 1022 325 et
1036 296 1136 324 fratres
1158 297 1296 329 adiuvate.
1319 296 1406 323 Erunt
1426 296 1499 322 enim
1517 296 1597 331 quasi
1620 304 1677 325 non

886 350 941 373 sm’t
963 350 991 372 et
1009 342 1138 380 peribunt
1157 345 1209 371 vin
1222 343 1268 378 qui
1284 341 1480 370 contradicunt
1495 343 1582 370 vobis.
1600 340 1677 372 Unda

885 396 912 419 et
925 389 1058 419 Dominus
1069 392 1107 418 ait
1123 398 1130 416 :
1148 389 1200 424 Qui
1212 398 1255 417 vos
1276 389 1363 420 audit.
1377 398 1417 416 me
1432 394 1526 419 auatt:
1541 397 1618 425 etqut
1632 399 1677 417 vos

885 438 994 472 spernit,
1010 446 1051 464 me
1063 437 1212 472 spernit;et
1220 437 1265 472 qui
1280 436 1378 468 spernit
1390 445 1440 468 me,
1452 438 1551 470 spernit
1565 446 1623 464 eum
1632 437 1680 472 qui

884 492 926 511 me
945 485 1017 511 misit
1026 484 1046 512 ³.
1059 484 1092 510 Et
1108 484 1172 512 item
1191 493 1197 511 ι
1209 484 1261 517 Qui
1271 483 1340 510 enim
1354 491 1405 509 non
1414 487 1454 509 est
1470 482 1608 510 adversum
1619 492 1676 516 vos,

883 538 931 565 pro
945 530 1016 558 vobis
1031 536 1080 557 est.
1097 530 1223 565 Quisquis
1242 530 1310 556 enim
1322 533 1412 564 potum
1426 528 1526 556 dederit
1548 530 1618 557 vobis
1631 538 1678 557 ca-

885 577 960 604 licem
975 585 1050 612 aqua:
1065 577 1091 604 in
1108 577 1213 603 nomine
1235 584 1302 608 meo,
1321 576 1384 610 quia
1395 574 1496 602 Christi
1510 576 1583 608 estis,
1601 585 1676 604 amen

885 623 944 650 dico
952 623 1034 654 vobis,
1049 629 1100 650 non
1111 622 1200 657 perdet
1212 621 1353 648 mercedem
1365 630 1451 649 suam.
1466 620 1499 648 Et
1509 623 1553 657 qui
1564 621 1678 649 seanda—

885 670 1003 696 liznverit
1019 677 1100 696 unum
1116 676 1148 696 ex
1163 668 1203 695 his
1213 668 1318 702 pusillis
1335 667 1501 695 credentibus
1517 668 1543 694 in
1565 677 1614 702 me,
1631 668 1677 695 bo-

885 725 947 743 num
971 720 1009 743 est
1030 714 1054 742 ei
1077 714 1171 750 magis.
1195 714 1218 742 si
1241 714 1451 741 circumdarctur
1470 714 1541 741 mola
1557 715 1677 742 asinaria

886 763 953 790 collo
964 763 1033 796 ejus,
1048 767 1071 789 et
1086 763 1113 788 in
1128 770 1200 788 mare
1217 762 1374 788 mitteretur.
1389 758 1423 787 Et
1439 760 1463 788 si
1477 762 1677 789 scandalizare-

886 809 919 835 rit
934 814 957 835 te
972 814 1067 835 manus
1083 813 1139 840 tua,
1157 807 1280 834 abscinde
1299 807 1384 834 illum.
1397 807 1499 834 Bonum
1511 813 1549 834 est
1565 807 1613 834 tibi
1631 809 1678 835 dc-

886 854 965 881 bilem
974 854 1084 881 introire
1094 855 1122 881 in
1138 854 1228 884 vitam,
1240 862 1320 889 quam
1336 853 1404 880 duas
1427 862 1521 880 nianus
1536 852 1673 881 habentem

887 901 925 927 ire
936 899 963 927 in
973 900 1127 935 gehennam,
1146 900 1172 927 in
1187 899 1272 935 ignem
1291 899 1542 934 inemstinguibilem,
1561 900 1605 926 ubi
1621 909 1677 927 ver-

887 948 937 973 mis
952 954 1042 973 eorum
1054 955 1106 973 non
1116 947 1240 978 moritur,
1254 950 1278 973 et
1292 946 1360 981 ignis
1376 955 1427 973 non
1438 945 1624 981 exstinguitur.
1644 946 1678 974 Et

886 993 910 1020 si
923 1000 967 1027 pes
978 997 1038 1019 tuus
1052 992 1218 1019 scandalizat
1234 997 1269 1024 te,
1285 996 1394 1026 amputa
1415 992 1501 1020 illum.
1522 992 1625 1019 Bonum
1638 996 1676 1019 est

887 1039 946 1072 tibi,
958 1039 1082 1066 claudum
1094 1039 1206 1066 introire
1221 1038 1249 1066 in
1263 1040 1345 1066 vitam
1364 1042 1501 1070 a’ternam,
1517 1047 1596 1074 quant
1611 1038 1676 1065 duos

885 1085 962 1119 pedes
976 1085 1123 1117 habentem,
1136 1085 1205 1112 mitti
1220 1086 1248 1112 ia
1263 1085 1407 1120 gehennam
1421 1084 1489 1120 ignis
1501 1084 1677 1120 inexstingui‘

886 1131 958 1163 bilis,
971 1131 1016 1158 ubi
1025 1132 1119 1159 vermis
1129 1140 1219 1158 eorum
1232 1140 1284 1158 non
1297 1129 1420 1163 moritur.
1429 1136 1453 1158 et
1470 1129 1538 1166 ignis
1554 1139 1604 1158 non
1620 1139 1678 1158 exs-

887 1177 1025 1212 tinguitur.
1049 1177 1160 1211 Quodsi
1174 1178 1266 1205 oculus
1281 1182 1341 1205 tuus
1365 1177 1533 1204 scandalizat
1557 1183 1591 1208 te.
1613 1179 1678 1211 ejic:

885 1232 954 1252 eum.
976 1224 1079 1252 Bonum
1098 1229 1137 1252 est
1155 1225 1202 1251 tibi
1211 1222 1312 1252 luscum
1329 1223 1440 1252 introire
1454 1223 1480 1251 in
1496 1231 1602 1259 regnum
1615 1224 1676 1256 Dei,

885 1278 964 1306 quam
997 1271 1063 1298 duos
1094 1271 1183 1298 oculos
1220 1271 1356 1298 habentem
1384 1270 1454 1298 mitti
1481 1271 1508 1297 in
1534 1270 1676 1306 gehennam

885 1316 964 1353 ignis.
995 1319 1040 1345 ubi
1066 1319 1159 1345 vermis
1183 1324 1274 1345 eorum
1291 1325 1341 1344 non
1358 1317 1480 1348 moritur,
1507 1323 1531 1343 et
1547 1317 1613 1351 ignis
1626 1323 1678 1343 non

885 1366 1069 1400 exstinguitur.
1093 1366 1186 1393 Omnis
1217 1365 1286 1392 enim
1309 1365 1385 1391 homo
1410 1364 1467 1398 igne
1494 1362 1615 1394 satietur,
1652 1368 1677 1390 et

886 1413 971 1439 omnis
987 1412 1093 1440 victima
1110 1411 1222 1439 salietur
1231 1411 1251 1438 ⁵.
1268 1411 1373 1438 Bonum
1385 1415 1422 1437 est
1438 1410 1480 1436 sal
1494 1409 1581 1440 :quod
1599 1410 1622 1436 si
1635 1409 1678 1436 sal

885 1457 1017 1486 insulsum
1031 1459 1122 1493 fuerit,
1137 1458 1165 1484 in
1185 1466 1236 1493 quo
1267 1457 1335 1484 illud
1349 1457 1471 1484 salictis?
1483 1455 1582 1482 llabete
1598 1455 1639 1482 sal
1649 1456 1677 1482 in

885 1505 967 1535 vobis.
984 1509 1008 1532 et
1018 1512 1108 1539 pacem
1118 1503 1210 1531 habete
1230 1504 1301 1530 inter
1316 1504 1379 1530 υοδ⁸
1391 1512 1398 1535 ;
1410 1502 1475 1537 quia
1491 1503 1614 1536 quisquis
1631 1508 1672 1527 ve-

33 1546 187 1574 Dominum
203 1546 288 1574 Deum
307 1551 380 1573 mum
392 1555 424 1574 ex
441 1551 495 1575 toto
516 1547 594 1574 corde
609 1552 664 1581 ιιιο,
680 1553 705 1574 ει
724 1555 756 1575 επ
777 1553 833 1576 tota
847 1558 868 1586 ο
885 1555 972 1579 strum
985 1556 1059 1579 recte
1074 1551 1211 1583 docuerit,
1230 1554 1257 1578 et
1272 1550 1348 1585 justc
1368 1549 1476 1579 vixerit,
1493 1548 1601 1575 habebit
1618 1547 1678 1582 ειη.

34 1594 129 1620 anima
141 1598 203 1625 tua,
218 1599 244 1620 et
258 1602 289 1620 ea:
301 1594 362 1620 totis
377 1593 476 1621 viribus
489 1595 551 1626 tuis,
563 1599 587 1621 et
598 1595 748 1628 proximum
760 1599 832 1621 tuum

35 1640 105 1666 sicut
126 1639 297 1673 teipsum"'.
314 1639 373 1667 Non
390 1641 462 1668 enim
475 1660 482 1672 ,
512 1640 617 1676 inquit.
647 1645 721 1669 recte
746 1642 833 1677 diligit

36 1683 137 1717 Deum,
152 1685 202 1720 qui
212 1684 323 1712 fratrem
337 1686 491 1721 inSequitur
501 1694 508 1713 :
520 1695 571 1714 nec
581 1688 669 1722 diligit
679 1689 832 1723 proximum

34 1731 81 1767 qui
97 1732 126 1759 ei
143 1731 283 1762 detrahit,
303 1732 346 1759 vel
361 1733 409 1767 qui
429 1733 505 1760 illum
526 1738 655 1767 accusat;
675 1734 739 1769 quia
761 1735 833 1770 quod

34 1778 87 1805 sibi
100 1778 170 1813 quis
189 1777 246 1805 fieri
261 1785 316 1805 non
332 1780 400 1810 vult,
418 1779 470 1807 hoc
482 1780 560 1808 alteri
575 1781 733 1809 nullatenus
745 1781 834 1810 facere

34 1824 130 1852 debet.
152 1823 265 1855 Discite,
283 1824 380 1859 inquit,
396 1824 443 1851 lilii
462 1826 704 1861 mei.sapientiam.
720 1832 747 1855 et
762 1832 835 1855 tene-

33 1873 94 1897 tote
100 1869 188 1897 tidem
196 1873 309 1901 rectam,
318 1874 345 1898 et
353 1871 548 1905 amplectimini
556 1872 729 1905 charitatem,
739 1878 767 1901 ut
780 1882 834 1902 non

34 1916 190 1943 exeidatis.
202 1915 271 1942 Data
284 1920 322 1943 est
335 1917 403 1943 enim
419 1925 435 1943 α
447 1916 560 1944 Domino
570 1923 697 1952 potestas,
709 1924 734 1946 ct
751 1921 833 1948 virtus

34 1961 69 1987 ab
85 1961 244 1997 ᾼιιὶιςεὶηιο,
256 1963 301 1997 qui
314 1963 486 1998 interrogabit
497 1972 577 1998 opera
591 1971 687 1998 vestra,
696 1971 720 1993 et
732 1968 835 2001 cogita-

36 2009 124 2036 tiones
141 2010 307 2036 scrutabitur
320 2015 420 2037 eestras
431 2011 464 2038 ".
479 2011 532 2044 Qui
546 2016 636 2039 autem
656 2013 835 2041 custodiet-int

33 2055 180 2090 justitiam
202 2056 276 2090 juste
293 2057 491 2091 judicabuntur
512 2067 518 2084 :
539 2063 565 2085 et
586 2058 632 2093 qui
649 2059 834 2086 didicerint”

34 2102 126 2135 justa,
136 2102 162 2117 ”
176 2102 251 2136 juste
267 2102 407 2129 invenient
422 2102 487 2137 quid
503 2104 696 2138 respondeant.
721 2104 835 2140 Semper

34 2152 182 2176 cavetote.
194 2146 326 2182 Praecepit
339 2148 411 2175 enim
435 2157 469 2175 ne
482 2149 631 2184 aliquando
643 2155 754 2186 peccato
767 2159 834 2178 con-

35 2195 202 2222 sentiamus
219 2198 246 2222 et
266 2195 506 2229 praetermittamus
521 2200 655 2230 praecepta
671 2196 717 2224 Dei
734 2198 832 2225 nostri.

39 2241 78 2258 ‘°'
90 2241 239 2268 Eeclesias
253 2248 303 2275 per
317 2247 438 2276 congrua
452 2245 479 2268 et
495 2242 573 2269 utilia
589 2242 670 2270 facite
684 2243 753 2276 loca,
773 2251 834 2278 quas

35 2288 146 2316 divinis
162 2287 292 2322 precibus
307 2294 417 2314 sacrare
428 2290 554 2322 oportet,
573 2292 601 2316 et
613 2288 640 2315 in
652 2289 769 2324 singulis
789 2298 833 2317 sa-

34 2334 192 2364 cerdotes.
216 2332 317 2360 divinis
341 2333 513 2360 orationibus
542 2333 597 2361 Deo
625 2335 740 2367 dicatos,
757 2337 832 2370 poni.

34 2379 120 2413 Quos
130 2381 169 2407 ab
181 2379 308 2406 omnibus
317 2380 442 2406 venerari
458 2383 576 2414 oportet,
588 2384 615 2407 et
630 2388 685 2408 non
696 2389 834 2417 quoquam

34 2425 165 2461 gravari.
184 2425 298 2460 Semper
315 2425 401 2453 vitate
415 2426 497 2459 mala,
514 2432 541 2454 et
562 2435 612 2462 pro
629 2429 773 2457 animabus
787 2439 834 2458 ve-

33 2472 110 2501 stris
126 2480 164 2500 ne
175 2473 382 2501 confundamini
398 2473 490 2501 dicere
501 2480 595 2501 verum
604 2475 624 2502 ‘.
635 2474 777 2504 Mcndacia
792 2478 834 2506 fu-

71 2587 97 2606 ³¹
114 2585 207 2615 Eceli.
222 2595 319 2617 xxviii.

31 2623 124 2652 stola.

31 2659 164 2686 "Abest
181 2657 238 2685 haec
276 2660 374 2687 vocula
402 2667 422 2685 ειν
448 2667 474 2687 c.
492 2659 564 2687 Just.

31 2694 85 2722 cli.
99 2701 141 2722 Π-
186 2693 293 2722 ‘Ecclt.
322 2702 366 2724 ιιι.
403 2694 488 2723 ‘Lue.
520 2703 550 2727 ι,
568 2695 612 2724 16.

31 2729 88 2758 lib.
106 2735 164 2756 νυ.

77 2751 88 2758 .
106 2735 164 2756 VII.

201 2941 334 2970 Panos.
356 2938 416 2968 Gn.
436 2937 461 2969 ιι

166 2622 289 2658 ’fAlex.,
306 2631 349 2658 ep.
367 2625 392 2652 l.
431 2617 599 2657 "Mallius,
615 2625 658 2652 10.
696 2617 868 2658 ⁹⁷Ιιιί(Ι,ξν1ἱ.
905 2617 1183 2656 ⁶⁷¹Μθῑιὴ.ἰιιι,’37.
1221 2623 1244 2638 ³⁸
1253 2622 1307 2658 Sap

618 2661 651 2676 "°
677 2661 711 2688 10
726 2669 753 2696 q.
770 2657 951 2689 ἸζΕοεΙεδὶιιε
964 2668 1031 2696 per"
1057 2665 1085 2687 et
1104 2660 1138 2686 de
1152 2665 1240 2696 _c_1ms.
1269 2659 1332 2685 dist.
1358 2664 1362 2672 λ

797 2657 951 2689 (Εοειεδὶιιε
964 2668 1031 2696 per"
1057 2665 1085 2687 et
1104 2660 1138 2686 de
1152 2665 1240 2696 _c_1ms.
1269 2659 1332 2685 dist.
1358 2662 1384 2696 1)
1397 2657 1541 2696 _Ecc.’_esias.

665 2696 677 2712 ⁸
701 2697 756 2726 sale
773 2697 894 2724 salietur.

885 1597 964 1625 riam.
981 1596 1033 1630 Qui
1047 1601 1137 1624 autem
1154 1604 1235 1624 secus
1254 1596 1351 1631 egerit,
1365 1594 1552 1622 indubitanter
1567 1600 1677 1629 poenam

886 1644 1042 1671 sustinebit.
1059 1644 1123 1671 Ideo
1134 1643 1205 1670 bona
1223 1650 1303 1677 agere
1317 1649 1366 1669 ves
1381 1647 1490 1676 semper
1508 1644 1628 1676 oportet,
1646 1643 1677 1667 ut

885 1690 1009 1718 bravium
1030 1694 1139 1718 mternse
1151 1690 1213 1717 vita:
1228 1688 1397 1725 percipiatis.

919 1735 968 1765 Bis
983 1745 1049 1772 ergo
1061 1737 1131 1764 bene
1139 1740 1234 1772 parete
1246 1735 1402 1763 sententiis.
1418 1731 1456 1760 Ne
1467 1733 1530 1768 quis
1538 1733 1596 1760 hac
1607 1741 1677 1768 prie-

884 1787 963 1818 eepta
977 1783 1090 1810 minime
1104 1783 1199 1810 credat
1214 1780 1363 1816 implenda,
1380 1779 1521 1814 etjudicio
1533 1778 1580 1805 Dei
1596 1783 1677 1806 aeter-

885 1830 912 1856 ni
926 1829 995 1865 ignis
1009 1832 1145 1856 tormenta
1161 1827 1314 1859 sustineat,
1331 1826 1378 1861 qui
1393 1825 1573 1853 ecclesiastici
1585 1824 1676 1859 operis

886 1882 965 1902 sacra
984 1874 1146 1909 neglexerit.
1163 1873 1227 1901 Hzec
1241 1873 1335 1908 igitur,
1350 1871 1434 1899 frater
1450 1871 1562 1904 Jacobe,
1579 1871 1613 1898 de
1628 1879 1676 1898 ore

886 1922 974 1950 sancti
989 1919 1061 1948 Petri
1073 1920 1197 1955 jubentis
1216 1919 1309 1946 audivi
1324 1927 1330 1944 :
1349 1918 1378 1945 Si
1393 1918 1456 1952 quis
1472 1922 1604 1952 prmcepta
1618 1917 1675 1944 hac

884 1977 940 1998 non
957 1969 1063 2003 integra
1077 1966 1250 1998 custodierit,
1264 1966 1300 1993 sit
1314 1964 1457 1992 anathema
1475 1972 1561 1998 usque
1577 1963 1610 1990 ad
1624 1964 1674 1990 ad-

885 2020 997 2044 ventum
1016 2015 1124 2042 Domini
1141 2013 1230 2041 nostri
1246 2012 1312 2040 .lesu
1332 2011 1447 2039 Christi.
1463 2011 1524 2038 llaec
1539 2014 1676 2045 praecepta

885 2071 901 2090 a
911 2066 1006 2090 sancto
1013 2061 1094 2089 Petro
1101 2060 1225 2096 apostolo
1235 2059 1328 2094 accepi
1338 2067 1345 2091 ;
1355 2062 1382 2086 et
1393 2058 1455 2090 tibi,
1466 2057 1553 2084 frater
1568 2056 1675 2084 charis-

886 2109 964 2142 sime,
983 2108 1125 2135 insinuare
1138 2105 1244 2138 curavi,
1257 2109 1287 2132 ut
1298 2104 1401 2132 servari
1419 2103 1511 2131 omnia
1532 2103 1675 2138 praacipias

886 2155 945 2182 sine
960 2153 1079 2181 macula.
1096 2152 1125 2180 Si
1137 2152 1199 2187 quis
1211 2159 1276 2178 vero
1287 2151 1406 2178 audierit
1421 2154 1459 2182 te,
1471 2150 1549 2176 utilis
1558 2150 1611 2176 erit
1624 2150 1675 2175 mi-

887 2202 973 2228 nister
985 2200 1048 2228 Jesu
1065 2199 1177 2226 Christi.
1191 2198 1241 2231 Qui
1258 2202 1415 2225 autemnon
1431 2195 1548 2222 audierit
1563 2199 1600 2226 te,
1618 2195 1675 2222 imo

887 2249 1041 2282 loquentem
1057 2246 1202 2273 Dominum
1218 2253 1265 2280 per
1280 2249 1317 2276 te,
1334 2244 1392 2278 ipse
1405 2242 1458 2270 sibi
1474 2242 1674 2269 damnationem

887 2294 1013 2329 accipiet.
1026 2293 1036 2308 θ
1052 2292 1231 2327 Omnipotens
1241 2290 1323 2321 Deus,
1333 2289 1506 2320 charissimc,
1517 2291 1600 2315 suate
1612 2294 1671 2322 pro-

887 2340 1005 2367 tectione
1013 2338 1159 2369 custodiat,
1171 2341 1252 2372 atque
1258 2336 1291 2363 ad
1299 2334 1419 2363 cmlestis
1428 2334 1674 2362 remunerationem

886 2386 991 2422 patrita,
1007 2384 1150 2420 multiplici
1170 2384 1324 2410 animarum
1339 2381 1429 2408 fructu
1447 2381 1589 2416 perducat.
1602 2379 1674 2407 Dens

886 2433 1021 2461 teiternm
1035 2432 1188 2466 iterumque
1200 2429 1366 2457 incolumem
1381 2427 1530 2459 custodiat,
1546 2434 1674 2454 reveren-

887 2480 994 2507 tissime
1009 2478 1103 2505 frater.
1116 2479 1215 2504 Amen.

358 2589 382 2604 "
397 2597 488 2624 cornu.
527 2589 550 2605 "
566 2589 676 2624 publice.
715 2591 738 2606 ἰ
753 2589 763 2616 l
779 2590 852 2619 Petr.
868 2589 996 2618 v."‘.lac.
1013 2597 1052 2622 iv,
1066 2588 1099 2615 ad
1116 2596 1196 2624 quem
1213 2591 1301 2624 tamen
1315 2589 1371 2614 haec
1386 2587 1476 2624 scribi!
1491 2589 1591 2616 dicitur
1614 2587 1670 2622 epi-

1311 2645 1316 2649 .
1334 2631 1372 2654 vi,
1388 2623 1414 2649 ι.
1452 2622 1485 2639 ν’·
1501 2624 1667 2650 crediderint.

1313 2663 1332 2683 t.
1358 2662 1384 2683 1,
1399 2657 1542 2683 Ecclesias.
1598 2659 1605 2672 '
1619 2657 1667 2683 Et“-

1640 2666 1669 2682 ('-

943 2692 1060 2723 "Mare.
1087 2703 1126 2727 is,
1151 2693 1187 2721 59
1207 2699 1232 2721 et
1253 2701 1310 2728 seq.
1366 2693 1376 2707 '
1395 2692 1424 2721 S.
1450 2693 1531 2729 Greg.
1555 2701 1599 2728 ep.
1623 2692 1667 2723 21,

1508 2933 1548 2963 .16
