1884 3104
182 178 215 206 ες)
220 178 229 205 i

583 203 589 209 ε
624 172 653 200 S-
671 170 869 200 CLEMENTIS
886 171 894 197 1
913 170 995 198 R0“.
1015 168 1117 197 PONT.
1136 166 1251 196 OPEilA
1267 164 1383 195 DUBlA.

1765 159 1817 187 ιη

226 240 1767 264 ______________________.___.__———

761 297 1052 344 EPISTOLA
1074 289 1084 304 ⁷
1133 296 1228 340 lii.

185 379 232 407 AD
249 374 720 406 EPISCOPOS.PRESB\'TEROS,
737 372 918 405 DIACONOS,
932 371 1020 403 ETC.,
1037 371 1080 398 ET
1103 368 1300 397 UNIVERSOS
1317 367 1473 400 FIDELES,
1484 367 1527 395 DE
1538 365 1678 395 OFFICIO
1693 363 1821 392 SACER—

791 419 894 448 DOTIS
910 418 954 446 ET
970 416 1205 449 CLEltiCORUM,

658 491 752 527 Ruﬁno
764 491 870 519 Torona
880 489 1042 526 Aquileiam!
1056 487 1209 523 presbytero
1221 487 1371 522 interprete.

229 606 356 635 CLEIIENS
371 605 448 633 urbis
457 604 550 633 Romae
569 604 716 640 episcopus
727 603 856 632 omnibus
871 602 979 638 coepis-
994 604 1018 632 Α
1031 602 1104 629 nime
1126 600 1272 629 crediderit
1297 598 1457 628 doctoribus
1472 600 1499 625 et
1516 595 1656 632 episcopis
1673 593 1735 621 suis
1748 612 1755 624 .
1772 599 1825 619 non

189 654 277 689 copis.
295 652 473 689 presbyteris,
492 651 616 679 diaconis
629 658 662 678 ac
682 650 799 685 reliquis
816 649 937 682 clericis,
953 652 981 676 et

189 700 299 728 cunctis
315 698 487 734 principibus
502 697 655 732 majoribus
672 689 875 728 minoribusve,
892 695 982 722 omni-

191 745 299 781 busque
323 744 490 780 generaliter
505 743 516 760 ⁵
536 743 663 771 ﬁdelibus
682 742 850 774 benedictio,
871 741 982 769 claritas

191 797 220 821 et
250 792 336 827 gloria
362 791 390 818 in
417 790 505 826 gratia
532 789 601 823 Dei,
622 796 683 824 quae
699 788 763 815 data
790 791 833 816 est
847 788 928 815 nobis
954 787 983 815 in

193 838 305 867 Christo
322 837 387 866 Jesu
402 837 519 865 Domino
534 840 639 864 nostro.

232 884 314 920 Urget
329 892 390 915 nos,
416 883 528 916 fratres,
545 883 650 910 multus
666 889 744 910 amor
764 885 866 913 vester,
880 884 907 909 et
921 880 986 909 reli-

194 931 271 966 giosa
287 930 383 957 invitat
391 930 511 961 devotio,
525 930 589 964 quia
600 929 737 956 debitores
749 936 856 959 sumus,
866 932 895 955 ut
909 935 985 963 quae-

194 978 257 1005 dam
272 976 351 1004 vobis
365 976 529 1004 scribamus.
549 975 604 1003 Vos
614 983 690 1010 ergo,
703 974 750 1010 qui
763 974 919 1003 sacerdotio
930 973 985 1001 Do-

196 1023 264 1050 mini
279 1022 412 1055 fruimini,
433 1026 460 1050 et
473 1022 501 1049 in
516 1022 627 1057 specula
642 1022 709 1049 estis
726 1021 818 1056 positi,
839 1021 900 1056 plus
916 1021 988 1049 scire

198 1072 315 1104 oportet,
334 1073 364 1096 ut
383 1068 509 1096 subditos
524 1068 604 1096 vobis
625 1068 741 1103 populos
757 1068 874 1103 pleniter
889 1067 988 1096 docere

199 1116 323 1151 possitis,
335 1115 432 1150 eisque
442 1115 476 1142 ad
491 1123 575 1150 regna
591 1116 724 1143 cmlorum
737 1114 869 1142 ducatum
884 1114 989 1149 praebe-

199 1169 238 1193 re,
249 1161 305 1189 Deo
320 1166 468 1195 annuente,
481 1162 607 1189 valeatis.
623 1160 699 1188 Unde
712 1165 740 1189 et
752 1161 811 1196 ipsa
830 1168 878 1196 per
895 1168 925 1188 se
937 1159 990 1188 Ve-

199 1209 267 1236 ritas
282 1209 340 1235 ait:
364 1207 445 1236 Vobis
462 1208 555 1234 datum
575 1212 614 1235 est
644 1215 720 1234 nosse
739 1208 893 1242 mysterium
917 1207 990 1242 regni

200 1254 260 1287 Dei,
276 1255 378 1282 ueteris
392 1260 479 1282 autem
500 1255 526 1282 in
539 1254 673 1287 parabolis
683 1255 703 1287 ’,
720 1258 772 1282 etc.
788 1253 902 1289 Propter
917 1253 991 1289 quod

201 1300 347 1328 consilium
361 1300 397 1328 do
413 1301 562 1336 unicuique
575 1304 707 1331 vestrum,
721 1303 881 1327 constanter
891 1299 991 1327 docere

202 1347 286 1374 verba
298 1347 391 1375 divina
404 1356 412 1381 ;
434 1352 460 1374 et
475 1347 657 1379 discentibus,
674 1347 789 1374 libenter
804 1346 992 1374 accommoda-

203 1401 233 1420 re
248 1401 344 1421 aurem
360 1394 444 1421 verbo
459 1393 516 1421 Dei.
533 1392 662 1421 Vestrum
678 1392 763 1425 enim,
776 1393 840 1427 quia
858 1379 994 1428 legatione

204 1438 313 1466 Domini
329 1439 486 1475 fungimini,
501 1443 544 1467 est
555 1440 655 1466 docere
667 1439 799 1474 populos;
814 1445 909 1466 eorum
929 1445 994 1465 vero

205 1490 248 1513 est
262 1486 340 1513 vobis
355 1485 469 1514 obedire
485 1490 515 1513 ut
532 1486 589 1513 Deo
599 1485 632 1514 “‘.
647 1484 675 1512 Si
688 1490 778 1513 autem
796 1484 873 1513 vobis
887 1484 996 1519 episco-

205 1533 250 1568 pis
259 1541 312 1561 non
321 1533 474 1561 obcdierint
485 1540 580 1560 omnes
589 1532 751 1568 presbyteri,
758 1531 866 1558 diaconi
883 1537 916 1557 ac
930 1529 997 1557 sub-

207 1580 327 1613 diaconi,
342 1584 369 1608 ct
382 1580 481 1615 reliqui
496 1580 600 1611 clerici,
616 1586 766 1614 omnesque
777 1578 926 1614 principes,
941 1580 996 1604 tam

208 1627 323 1661 majoris
342 1627 448 1654 ordinis
466 1634 549 1662 quam
569 1625 719 1657 inferioris,
736 1628 819 1660 atque
834 1622 930 1658 reliqui
949 1630 996 1657 po-

210 1673 265 1707 puli
283 1673 372 1700 tribus
389 1676 417 1701 et
432 1673 531 1708 lingum
542 1680 598 1699 non
615 1671 875 1706 obtemperaverint,
887 1677 943 1697 non
954 1676 999 1696 so-

211 1719 267 1746 lum
284 1719 411 1752 infames,
439 1720 487 1746 sed
509 1723 536 1747 et
551 1723 679 1747 extorres
702 1726 717 1745 a
732 1724 817 1753 regno
832 1717 879 1744 Dei
894 1720 921 1743 et
933 1722 999 1743 con-

212 1767 297 1793 sortio
310 1766 440 1798 ﬁdelium,
459 1774 490 1793 ac
502 1774 517 1793 a
534 1766 675 1793 liminibus
692 1769 794 1793 sanctze
811 1763 858 1791 Dei
873 1762 1002 1791 Ecclesia“:

211 1813 293 1840 alieni
308 1818 399 1841 erunt.
417 1812 484 1841 Nam
497 1816 618 1840 vestrum
647 1816 690 1840 est
714 1819 761 1839 eas
785 1812 938 1840 instruere:
955 1817 1000 1837 eo-

212 1868 273 1887 rum
288 1863 330 1888 est
352 1861 430 1888 vobis
447 1860 558 1888 obedire
573 1865 601 1887 ut
615 1859 680 1893 Deo,
696 1858 775 1893 cujus
788 1857 924 1893 legatione
938 1855 1002 1883 fun-

214 1907 321 1943 gimini,
334 1907 442 1935 dicente
455 1906 593 1935 Domino:
611 1906 664 1940 Qui
679 1914 722 1933 vos
739 1905 833 1937 audit,
853 1911 894 1930 me
915 1902 1001 1935 audit,

1032 648 1193 680 benevolus,
1210 647 1257 675 sed
1270 646 1380 674 rebellis
1392 649 1475 680 atque
1496 642 1658 671 inobediens
1675 639 1825 670 exstiterit,

1034 694 1154 723 fructum
1170 701 1226 722 non
1241 692 1405 729 germinabit
1420 698 1472 719 nec
1486 692 1585 726 pariet,
1602 688 1652 716 sed
1668 687 1773 715 similis
1787 690 1828 713 est

1034 741 1125 769 arbori
1141 741 1192 773 illi,
1209 740 1243 767 de
1257 746 1311 775 qua
1331 738 1463 766 Dominus
1483 737 1541 764 ait:
1558 734 1653 763 Omnis
1678 732 1762 760 arbor
1771 740 1828 767 qua:

1034 795 1086 814 non
1107 787 1173 822 facit
1184 787 1301 821 fructum
1312 785 1419 817 bonum,
1432 782 1578 815 excidatur,
1587 786 1612 808 et
1627 781 1654 807 in
1664 780 1755 814 ignem
1768 778 1829 805 mit-

1035 838 1105 861 tetur
1118 833 1149 860 ".
1168 833 1190 850 ¹¹
1206 827 1316 859 Primus
1329 831 1401 859 enim
1413 828 1536 866 pontifex
1550 827 1655 858 Aaron,
1675 824 1829 853 chrismate

1035 878 1244 914 compositionis
1265 881 1414 913 perunctus
1426 896 1434 908 ,
1458 875 1587 910 princeps
1601 872 1698 908 populi
1714 871 1769 898 fuit
1782 880 1789 904 ;
1804 875 1830 898 et

1036 929 1166 961 tanquam
1178 933 1236 957 rex,
1252 924 1388 960 primitias
1399 926 1425 950 et
1438 922 1569 949 tributum
1586 927 1634 955 per
1645 918 1740 954 capita
1756 924 1831 944 acce-

1039 973 1078 1008 pit
1090 980 1105 999 a
1116 972 1234 1008 populo:
1250 969 1427 1004 etjudicandi
1443 967 1571 1003 populum
1590 968 1666 993 sorte
1687 967 1829 998 suscepta,

1038 1019 1072 1047 de
1087 1018 1196 1046 mundis
1208 1016 1410 1051 immundisque
1428 1013 1580 1049 judicabat.
1602 1010 1655 1038 Sed
1667 1014 1697 1037 et
1715 1010 1741 1037 si
1763 1009 1830 1036 alius

1038 1073 1073 1093 ex
1088 1065 1147 1100 ipso
1169 1067 1308 1099 unguento
1328 1064 1476 1097 perunctus
1491 1062 1544 1090 est,
1558 1057 1659 1085 virtute
1684 1055 1753 1082 inde
1768 1062 1832 1082 con-

1041 1099 1132 1146 cepta,
1144 1110 1226 1138 etiam
1241 1109 1299 1144 ipse
1309 1115 1357 1135 rex
1370 1112 1417 1134 aut
1432 1105 1564 1141 propheta
1584 1106 1632 1130 aut
1644 1100 1772 1138 pontifex
1787 1099 1832 1127 lie-

1041 1157 1098 1184 bat.
1114 1156 1192 1190 Quod
1208 1155 1230 1183 si
1246 1153 1404 1189 temporalis
1423 1152 1509 1187 gratia
1526 1150 1561 1178 ab
1579 1147 1743 1176 hominibus
1759 1153 1833 1173 com-

1042 1203 1142 1239 posita,
1157 1206 1262 1229 tantum
1279 1200 1368 1236 potuit
1381 1219 1389 1232 ,
1404 1196 1549 1232 intelligite
1567 1195 1625 1230 jam
1647 1198 1788 1229 quantum
1800 1192 1832 1219 sit

1042 1249 1110 1277 illud
1126 1251 1307 1283 unguentum,
1319 1245 1392 1281 quod
1407 1252 1422 1271 a
1445 1243 1500 1271 Deo
1512 1243 1547 1269 de
1561 1240 1683 1277 virgulto
1696 1239 1827 1274 τηεμ-οη

1042 1296 1127 1323 latum
1143 1299 1195 1326 est,
1213 1301 1273 1322 cum
1286 1293 1338 1319 hoc
1351 1291 1424 1327 quod
1435 1290 1471 1317 ab
1489 1287 1647 1316 hominibus
1659 1285 1768 1312 factum
1783 1287 1832 1315 est,

1042 1346 1099 1369 tam
1108 1341 1223 1369 eximias
1235 1339 1441 1367 interhomines
1455 1335 1580 1364 conferat
1592 1332 1755 1368 dignitates.
1766 1329 1832 1363 Quid

1043 1388 1117 1415 enim
1132 1388 1160 1414 in
1177 1385 1305 1422 praesenti
1320 1384 1421 1412 saeculo
1437 1382 1570 1418 propheta
1586 1377 1754 1415 gloriosius,
1773 1383 1834 1411 pon-

1044 1434 1118 1462 tiﬁce
1133 1434 1245 1464 clarius,
1263 1439 1326 1467 rege
1337 1428 1504 1458 sublimius?
1518 1426 1615 1455 Omnis
1624 1424 1700 1453 enim
1714 1422 1833 1459 pontifex

1046 1488 1126 1509 sacro
1138 1479 1287 1507 chrismate
1301 1480 1452 1513 perunctus
1462 1494 1470 1507 ,
1485 1477 1514 1501 et
1531 1473 1560 1501 in
1576 1472 1689 1499 civitate
1704 1468 1835 1497 constitu-

1047 1532 1103 1560 tus,
1118 1525 1268 1562 Scripturis
1281 1523 1368 1552 sacris
1385 1519 1555 1552 conditus“,
1574 1518 1679 1546 chartis
1690 1519 1719 1544 et
1734 1514 1834 1550 pretio-

1048 1582 1097 1602 sus
1116 1560 1274 1601 hominibus
1291 1569 1389 1605 oppido
1408 1575 1470 1596 esse
1490 1563 1605 1595 debet."
1639 1563 1741 1597 Quem,
1762 1560 1836 1596 quasi

1048 1620 1151 1649 Christi
1165 1621 1255 1647 locum
1268 1620 1415 1647 tenentem,
1427 1614 1564 1641 honorare
1573 1617 1669 1638 omnes
1681 1608 1793 1637 debent.
1801 1607 1838 1633 ei-

1050 1675 1103 1704 que
1117 1667 1230 1698 servire,
1243 1668 1271 1693 et
1286 1663 1444 1692 obedientes
1456 1660 1492 1687 ad
1507 1659 1623 1687 salutem
1635 1663 1714 1684 suam
1725 1654 1839 1682 ﬁdeliter

1051 1714 1178 1745 existere,
1188 1712 1307 1741 scientes
1317 1708 1390 1745 quod
1401 1708 1458 1735 sive
1471 1706 1569 1736 honor,
1582 1704 1640 1732 sive
1656 1701 1773 1737 injuria,
1782 1706 1839 1735 qua

1051 1761 1078 1789 ei
1089 1759 1221 1792 defertur,
1236 1757 1264 1785 in
1284 1755 1424 1784 Christum
1440 1750 1576 1780 redundat
1589 1769 1597 1782 ,
1612 1753 1641 1777 et
1655 1756 1671 1775 a
1687 1748 1800 1775 Christo
1814 1746 1839 1772 in

1054 1808 1149 1836 Deum.
1165 1805 1187 1821 “
1202 1804 1304 1831 Audire
1321 1809 1386 1837 ergo
1403 1807 1466 1828 eum
1487 1798 1620 1825 attentius
1634 1798 1758 1830 oportet,
1772 1793 1839 1822 etab

1055 1854 1114 1889 ipso
1126 1850 1268 1886 suscipere
1290 1847 1445 1876 doctrinam
1464 1844 1538 1876 ﬁdei,
1554 1842 1659 1870 monita
1676 1843 1770 1868 autem
1784 1839 1840 1866 vita:

1056 1908 1071 1927 a
1087 1897 1254 1935 presbyteris
1263 1895 1412 1930 inquirere,
1425 1900 1440 1919 a
1452 1890 1577 1919 diaconis
1589 1895 1656 1916 vero
1668 1887 1795 1915 ordinem
1804 1886 1841 1911 di-

214 1959 238 1980 et
252 1953 296 1989 qui
311 1961 354 1980 vos
373 1954 482 1987 spernit,
498 1961 537 1980 me
552 1953 695 1987 spernit“;
709 1955 736 1979 et
749 1961 756 1979 ί
771 1951 823 1985 Qui
838 1959 880 1978 eos
901 1934 1003 1984 recipit,
1018 1948 1039 1976 C
1058 1934 1190 1981 sciplinae.
1213 1943 1327 1978 Propter
1346 1939 1420 1976 quod
1444 1938 1577 1972 deprecor
1595 1942 1646 1963 vos
1656 1939 1803 1961 conservos
1818 1934 1842 1957 et

217 2009 257 2028 me
272 2001 375 2035 recipit,
390 2005 414 2027 et
433 2001 477 2036 qui
489 2009 529 2028 me
546 2000 649 2034 recipit,
664 1999 755 2033 recipit
768 2006 827 2025 eum
842 1998 886 2033 qui
901 2004 942 2024 me
956 1996 1007 2023 mi-

218 2048 252 2075 sit
262 2046 369 2073 ".Nihil
385 2047 458 2074 enim
476 2047 607 2081 injustius
618 2046 660 2073 vel
672 2045 845 2072 inhonestius
855 2047 907 2076 est,
924 2050 1007 2078 quam

221 2093 291 2120 ﬁlios
308 2093 433 2128 patribus
450 2093 583 2126 rebelles,
600 2095 648 2119 aut
663 2091 780 2118 clericos
795 2091 839 2118 vel
857 2090 943 2117 laicus
958 2089 1009 2116 do-

221 2138 358 2171 ctoribus,
380 2147 428 2166 seu
444 2139 595 2174 discipulos
608 2137 748 2172 magistris
763 2135 951 2164 inobedicntes
966 2136 1009 2163 vel

222 2189 365 2221 protervos
382 2185 510 2213 existere.
526 2184 656 2212 Novimus
679 2179 752 2211 enim
776 2183 894 2218 primum
921 2181 1011 2208 homi-

224 2239 286 2258 nem
310 2239 359 2267 per
379 2231 593 2260 inobedicntiam
609 2230 743 2258 cecidisse
766 2239 773 2257 :
798 2229 902 2257 idcirco
916 2234 1011 2256 omnes

224 2278 278 2305 hoc
293 2278 391 2306 vitium
410 2285 585 2313 summopere
606 2284 702 2304 cavere
720 2283 874 2303 monemus.
892 2274 926 2301 Et
947 2274 1012 2309 quia

226 2324 355 2352 Dominus
369 2325 487 2360 superbis
503 2324 619 2356 resistit,
632 2322 773 2349 humilibus
794 2327 882 2349 autem
896 2321 942 2348 dat
951 2328 1014 2355 gra-

227 2371 293 2399 tiam
301 2371 333 2403 ¹³,
342 2370 475 2399 Dominus
485 2374 579 2398 noster
595 2370 707 2397 mittens
718 2376 768 2396 vos
777 2368 836 2396 vice
850 2376 899 2396 sua
911 2367 938 2394 in
953 2367 1014 2394 loco

228 2419 415 2455 apostolorum
426 2418 460 2445 ad
475 2416 687 2453 praedicandum,
703 2415 832 2450 praecepit
841 2415 919 2443 vobis
933 2414 1016 2441 doce-

228 2474 259 2494 re
275 2473 381 2497 omnes,
404 2471 554 2498 omnesque
573 2462 652 2489 vobis
666 2461 783 2489 ﬁdeliter
800 2462 968 2494 obedientes,
986 2464 1016 2486 ut

227 2512 293 2549 ipsi,
310 2512 443 2545 existere;
459 2510 589 2547 quoniam
607 2516 658 2537 nec
673 2508 753 2535 aliter
767 2512 840 2535 terra
852 2507 940 2542 pariet
956 2507 1015 2533 fru-

229 2563 291 2587 ctus
306 2566 389 2590 suos,
415 2557 470 2585 nisi
491 2557 565 2584 culta
582 2556 717 2591 receperit
741 2561 844 2585 semen,
863 2556 891 2581 et
905 2553 1018 2588 irrigata

232 2606 436 2643 germinaverit,
463 2608 490 2633 et
513 2605 602 2640 pariat
619 2610 680 2638 qua:
699 2606 742 2630 est
764 2601 897 2637 paritura.
923 2598 970 2626 Sic
992 2603 1018 2626 et

229 2655 323 2683 omnis
338 2655 429 2685 homo,
441 2653 488 2688 qui
497 2652 613 2680 libenter
621 2658 676 2678 non
689 2648 821 2683 receperit
831 2649 943 2675 verbum
959 2646 1016 2677 Dei,

232 2702 357 2737 illudque
367 2702 395 2728 in
409 2700 492 2729 corde
506 2707 557 2728 suo
568 2698 720 2734 germinare
731 2704 787 2724 non
798 2695 902 2727 siverit,
920 2702 952 2721 ac
969 2693 1019 2720 mi-

270 2771 281 2786 '-'
305 2771 334 2797 in
365 2776 416 2796 ms.
438 2771 534 2795 nostro
548 2767 644 2793 titulus
662 2768 704 2792 est
721 2771 728 2789 :

237 2815 315 2838 quam
342 2804 475 2838 inferioris
502 2803 602 2829 ordinis
628 2800 803 2838 ctericis,_u_¢:
831 2797 930 2838 curialis

239 2837 378 2878 generalis.
432 2838 519 2878 iisne.
542 2846 607 2878 vui,
626 2837 681 2878 _l0.

391 2885 416 2907 x,
433 2874 477 2900 40.
530 2865 654 2903 "Jacob,
671 2879 707 2901 tv,
724 2867 828 2907 6._et__l
843 2865 913 2907 Petr.
942 2874 968 2894 v,
984 2865 1010 2892 5.

737 2821 811 2860 ίο
983 2834 1081 2866 autem
1097 2821 1468 2866 vobis._—-Conc_.nTt'i‘l)-ut;;.
1487 2829 1512 2848 c.

1058 1980 1198 2028 adjutores
1213 1996 1300 2022 meos,
1312 1992 1341 2015 ut
1353 1985 1467 2014 discatis
1483 1981 1615 2011 attentius
1632 1980 1789 2008 animarum
1802 1985 1842 2004 cu-

1058 2027 1117 2067 ram
1136 2044 1240 2074 gerere,
1256 2039 1284 2063 et
1303 2041 1353 2070 pro
1367 2031 1495 2061 omnibus
1509 2034 1596 2061 stare,
1618 2027 1739 2055 maxime
1757 2030 1844 2052 tamen

1059 2093 1110 2122 pro
1125 2071 1169 2112 his
1183 2083 1230 2119 qui
1245 2082 1273 2110 in
1293 2080 1369 2108 cultu
1391 2078 1484 2105 divino
1506 2076 1645 2103 laborant.
1664 2071 1844 2100 Ecclesiarum

1061 2117 1183 2161 omnium
1191 2117 1293 2157 rcuram
1309 2126 1448 2157 habetote,
1464 2123 1608 2156 servisque
1626 2125 1723 2147 earum
1743 2117 1846 2152 adjuto-

1061 2179 1133 2206 rium
1149 2175 1284 2212 praebete,
1302 2172 1447 2200 viduarum
1465 2168 1624 2203 religiosam
1643 2172 1740 2193 curam
1755 2163 1844 2199 gerite,

1062 2211 1180 2261 pupillos
1198 2221 1308 2250 enixius
1326 2216 1481 2249 liberate",
1505 2213 1672 2251 pauperibus
1695 2211 1846 2239 misericor-

1063 2258 1136 2299 diam
1148 2269 1241 2301 facite,
1254 2268 1369 2303 juvenes
1384 2262 1546 2300 pudicitiam
1562 2260 1669 2288 docete.
1685 2258 1730 2291 Et,
1749 2261 1780 2285 ut
1792 2258 1846 2284 bre-

1065 2318 1135 2346 viter
1147 2320 1233 2343 totum
1256 2314 1358 2345 dicam,
1375 2311 1538 2338 alterutrum
1557 2314 1619 2340 vos,
1638 2306 1667 2333 in
1684 2304 1788 2340 quibus
1808 2310 1846 2329 res

1065 2361 1231 2400 poposcerit,
1247 2362 1407 2389 sustentate.
1416 2357 1501 2385 Deum
1519 2354 1610 2386 colite,
1625 2351 1673 2388 qui
1685 2350 1789 2379 creavit
1799 2356 1847 2376 cce-

1066 2398 1123 2438 lum
1134 2415 1161 2437 et
1174 2414 1286 2439 terram,
1305 2410 1332 2434 et
1346 2404 1458 2433 Christo
1468 2402 1582 2433 credite,
1596 2400 1715 2428 invicem
1727 2407 1778 2427 vos
1791 2398 1847 2426 dili~

1067 2457 1133 2493 gite,
1155 2459 1182 2483 et
1201 2452 1394 2482 misericordes
1414 2453 1504 2478 estote
1527 2448 1555 2476 in
1571 2455 1678 2479 omnes,
1701 2453 1760 2473 non
1774 2444 1848 2472 verbo

1069 2491 1138 2534 solo,
1151 2502 1197 2529 sed
1209 2508 1291 2536 cpere
1299 2504 1326 2527 ct
1335 2499 1417 2527 rebus
1427 2497 1537 2532 implete
1544 2495 1707 2523 charitatem
1717 2493 1750 2520 '°.
1760 2493 1782 2507 ²¹
1793 2491 1848 2526 Agi-

1068 2555 1094 2579 te
1109 2558 1158 2586 pro
1167 2549 1282 2581 viribus,
1297 2546 1420 2575 conservi
1428 2542 1610 2575 dilectissimi,
1623 2541 1688 2576 quia
1702 2539 1804 2566 bonum
1813 2540 1848 2563 est

1070 2603 1100 2625 ut
1115 2596 1303 2631 unusquisque
1320 2598 1441 2620 vestrum
1453 2612 1460 2624 ,
1483 2588 1633 2618 secundum
1658 2586 1734 2622 quod
1759 2590 1846 2621 potesL

1070 2644 1158 2679 prosit
1179 2640 1372 2670 accedentibus
1386 2637 1421 2666 ad
1439 2637 1519 2664 ﬁdem
1534 2634 1675 2671 religionis
1693 2637 1804 2660 nostrae.
1822 2631 1847 2656 Et

1070 2691 1131 2719 ideo
1144 2697 1180 2717 no
1209 2695 1259 2716 vos
1273 2684 1533 2722 pigeat,secundum
1548 2680 1722 2717 sapientiam,
1736 2686 1796 2714 qua:
1807 2685 1847 2704 vo-

762 2761 830 2789 Item
845 2761 935 2795 incipit
953 2758 1074 2795 Epistola
1086 2756 1215 2795 generalis
1233 2753 1375 2795 gementis
1393 2758 1480 2795 petite,
1497 2747 1617 2795 ompibus
1631 2747 1845 2795 iam-majoribus.

957 2783 1213 2829 ﬁdelibusdsa-ipta.
1234 2783 1401 2829 litabunt-us;
1429 2783 1487 2813 "in
1497 2793 1522 2813 c.
1533 2784 1730 2829 r.‘lust..di¢':itur
1747 2783 1845 2829 Qtslpi‘a

1618 2819 1639 2835 ”
1662 2819 1728 2847 Luc.
1752 2825 1780 2849 x,
1807 2817 1843 2844 16.

1065 2852 1207 2890 ίδ-ᾗιὰίίιι.
1231 2852 1286 2889 vn.
1309 2858 1353 2886 l9.
1392 2859 1414 2873 ¹⁵
1432 2857 1568 2891 Recognit.
1588 2855 1621 2891 j.
1674 2855 1708 2891 “.7
1728 2852 1843 2891 gradiens.

509 2885 1013 2938 66.“:L‘Uili'isi."Sthhdiie-djiiscopuih;
1050 2899 1069 2915 ¹⁹
1227 2885 1359 2931 ’l’hr‘epleti
1374 2885 1514 2920 cltarttate:
1551 2890 1574 2907 ιι
1584 2885 1755 2923 Recognit.3,
1768 2895 1792 2916 c.
1804 2887 1841 2915 Ξῖ.
