1884 3104
70 160 114 191 493

72 221 108 246 bis
117 226 160 253 per
172 216 216 243 Dei
230 214 429 250 providentiam
441 212 539 240 collata
549 215 602 243 est,
615 210 752 237 instruere
764 209 839 243 igna-
856 214 876 241 Α

72 273 111 294 ros
123 267 147 292 et
163 263 271 290 docere.
288 260 454 289 Desiderium
469 266 535 293 ergo
546 257 646 285 habere
663 263 757 283 omnes
776 261 838 289 erga

72 313 197 340 doctorem
218 309 355 340 veritatis,
378 314 495 342 eumque
509 309 540 333 ut
553 304 648 333 oculos
666 310 730 331 suos
747 308 840 328 amare

73 361 181 394 oportet;
196 357 260 392 quia
275 360 304 383 et
319 355 408 391 ipsum
429 353 558 389 populum
580 350 633 379 sibi
651 349 839 394 commissum,

73 393 113 432 ceu
125 404 244 439 proprios
259 403 342 435 ﬁlios,
356 408 449 428 amare
463 405 491 428 et
504 399 603 426 docere
623 396 772 427 condecet;
789 393 840 420 hoc

72 453 132 480 enim
141 451 164 478 ei
178 458 193 477 a
208 450 291 477 Patre
306 448 411 477 cmlesti
422 447 552 475 donatum
562 448 605 472 est
611 444 644 471 “.
662 442 715 469 Sed
725 445 752 469 et
766 439 841 468 salus

73 501 133 527 ineo
146 501 194 531 est,
214 502 243 524 ut
257 497 425 524 voluntatem
437 493 498 529 ejus
512 492 592 527 cujus
614 495 735 518 amorem
750 491 777 515 et
794 487 841 514 de-

73 545 199 577 siderium,
215 544 272 572 Deo
287 543 432 579 largiente,
446 539 637 575 conceperint,
651 532 841 567 faciant,"_Si

73 594 124 629 quis
135 601 195 628 ergo
213 592 303 619 ﬁdelis
318 590 435 618 voluerit
450 588 579 619 existere,
597 587 624 613 et
639 583 775 612 desiderat
794 581 842 608 ba-

72 640 165 676 ptizari,
180 643 279 666 exutus
290 637 429 673 prioribus
440 635 530 668 malis,
543 634 576 662 de
590 633 695 667 reliquo
706 638 755 666 pro
763 629 842 657 bonis

74 675 165 714 artibus
179 686 264 713 haeres
274 686 408 713 honorum
421 682 572 710 ctelestium
584 687 618 708 ex
626 679 710 715 gestis
723 675 842 712 propriis

74 734 118 761 ﬁet.
132 733 246 760 Accedat
266 736 358 759 autem
373 730 419 766 qui
434 728 492 756 vult
518 727 552 754 ad
570 725 739 754 sacerdotem
751 730 841 754 suum,

75 785 97 808 et
106 780 151 815 ipsi
161 779 204 807 det
217 786 320 806 nomen
335 785 428 808 suum,
441 779 523 810 atque
533 773 568 801 ab
588 780 621 800 eo
634 771 729 799 audiat
742 773 843 806 myste-

74 827 107 854 ria
117 827 185 863 regni
194 827 341 859 caelorum,
349 825 461 861 jejuniis
475 821 662 858 frequentibus
673 825 783 854 operam
796 817 843 844 im-

74 875 169 910 pendat,
180 883 211 902 ac
221 874 400 909 semetipsum
411 873 440 900 in
452 871 579 900 omnibus
590 869 696 905 probet,
712 872 741 894 ut
753 866 842 894 tribus
858 884 879 911 Β

74 924 197 952 mensibus
211 923 269 958 jam
284 921 493 954 consummatis,
508 919 537 947 in
551 918 596 946 die
609 917 679 945 festo
691 914 779 951 possit
793 913 844 941 ha—

75 972 168 1006 ptisari.
188 971 347 1007 Baptizatur
363 973 453 997 autem
468 966 657 1002 unusquisque
667 964 694 991 in
705 962 784 998 aquis
799 968 844 996 pe-

74 1019 199 1051 rennibus,
215 1018 327 1046 nomine
341 1016 421 1044 trina;
435 1013 611 1042 beatitudinis
625 1011 751 1038 invocato
761 1015 844 1043 super

74 1075 108 1100 se,
123 1069 265 1102 perunctus
275 1065 366 1101 primo
373 1064 435 1092 oleo
444 1070 492 1099 per
502 1061 653 1090 orationem
662 1056 842 1089 sanctiﬁcato,

74 1117 99 1140 ut
110 1114 142 1140 ita
156 1113 262 1141 demum
275 1133 283 1146 ,
299 1119 349 1148 per
363 1111 422 1139 haec
442 1112 621 1138 consecratus
631 1128 638 1141 ,
654 1107 742 1143 possit
754 1105 843 1142 perci-

74 1167 127 1194 pere
139 1159 224 1187 locum
239 1167 303 1188 cum
323 1158 464 1188 sanctis."
474 1157 571 1186 Nullus
584 1158 656 1185 enim
672 1160 782 1192 propter
794 1162 843 1191 op-

74 1207 198 1241 probrium
213 1207 365 1236 senectutis
378 1212 425 1235 aut
436 1206 599 1242 iuventutis,
616 1205 658 1233 vel
673 1205 841 1232 nobilitatem

75 1255 176 1288 generis,
196 1262 211 1282 a
225 1255 350 1290 parvulis
364 1257 392 1282 et
407 1254 498 1282 minus
507 1252 623 1281 eruditis
633 1274 640 1286 ,
656 1252 678 1279 si
693 1252 758 1287 quid
774 1251 843 1279 forte

74 1305 108 1327 est
121 1301 241 1329 utilitatis
249 1305 298 1328 aut
306 1300 413 1333 salutis,
421 1299 558 1336 inquirere
569 1298 698 1334 negligat.
710 1298 761 1331 Qui
771 1298 843 1325 enim

75 1347 197 1375 rebelliter
208 1348 284 1381 vivit,
300 1353 328 1376 et
339 1348 444 1375 discere
455 1353 535 1382 atque
547 1353 626 1381 agere
639 1346 710 1373 bona
723 1348 842 1377 recusat,

75 1394 149 1430 magis
159 1394 258 1423 diaboli
272 1403 356 1430 quam
367 1394 470 1422 Christi
485 1394 638 1421 membrum
652 1401 713 1420 esse
727 1392 845 1420 ostendi-

77 1443 122 1474 tur,
140 1446 164 1468 et
185 1441 276 1476 potius
303 1440 421 1468 inﬁdelis
442 1447 523 1475 quam
553 1439 640 1467 ﬁdelis
663 1443 842 1466 monstratur.

75 1485 201 1519 Quomodo
210 1493 277 1522 ergo
292 1494 347 1515 non
362 1485 490 1514 omnibus
511 1484 564 1513 hoc
579 1484 695 1512 amabile
708 1488 762 1518 est,
776 1492 845 1511 eua-

76 1533 168 1568 ctisque
177 1538 337 1569 exoptatum
347 1553 355 1565 ,
372 1537 401 1560 ut
414 1540 475 1568 qua
488 1532 594 1567 ignorat
605 1551 613 1565 ,
625 1531 724 1564 discat,
744 1534 771 1558 et
785 1538 845 1566 qua:
858 1551 879 1579 C

75 1578 196 1612 didicerit,
210 1579 324 1608 doceat?
339 1579 361 1595 "
369 1578 559 1606 Certissimum
572 1585 690 1615 namque
703 1581 754 1611 est,
770 1577 842 1612 quod

75 1633 151 1661 neque
164 1627 294 1659 amicitia,
314 1633 403 1661 neque
416 1625 607 1660 propinquitas
621 1624 740 1660 generis,
755 1631 844 1658 neque

75 1672 141 1707 regni
154 1673 318 1705 sublimitas,
333 1672 438 1700 homini
453 1672 533 1699 debet
542 1678 603 1699 esse
614 1671 759 1705 pretiosior
770 1670 844 1698 veri-

75 1723 130 1752 tate,
142 1721 202 1754 quia
214 1720 283 1747 nihil
297 1724 339 1748 est
352 1719 499 1755 pretiosius
507 1719 608 1746 anima.
621 1717 784 1745 "Dominus
794 1725 843 1745 au-

76 1769 121 1792 tem
134 1770 236 1793 creator
248 1766 389 1798 omnium,
412 1773 446 1793 ex
461 1765 541 1792 initio
552 1765 586 1792 ad
602 1764 747 1799 imaginem
765 1771 843 1792 suam

75 1810 196 1840 hominem
220 1813 297 1845 fecit,
325 1811 406 1846 eique
429 1811 645 1839 dominationem
667 1815 758 1844 terrai,
783 1817 842 1837 mo-

75 1857 155 1893 risque
177 1863 204 1886 et
228 1859 301 1887 aeris
331 1859 418 1893 ipsius
448 1858 543 1891 dedit,
570 1859 766 1892 veritatemque
801 1857 843 1884 in-

74 1904 169 1938 quirere
193 1905 334 1940 praecepit,
359 1906 431 1932 sicut
455 1907 483 1932 et
509 1911 589 1932 verus
612 1903 691 1931 nobis
711 1904 843 1939 propheta

75 1951 206 1983 enarravit,
222 1955 250 1978 et
274 1951 332 1986 ipsa
353 1957 445 1978 rerum
464 1950 534 1977 ratio
555 1949 644 1977 docet.
673 1948 754 1976 Solus
770 1950 842 1976 enim

76 1994 145 2023 homo
158 1997 301 2024 rationalis
318 2000 379 2030 est,
396 2000 423 2024 et
436 2003 609 2031 consequens
623 2000 676 2031 est,
689 2000 719 2024 ut
731 1998 802 2026 ratio
814 1997 842 2024 in

76 2042 237 2072 rationalibus
252 2044 274 2059 "
295 2044 463 2071 dominetur.
476 2043 527 2071 Hic
540 2044 612 2071 enim
630 2044 664 2072 ab
679 2044 768 2078 initio,
781 2053 841 2072 cum

76 2087 251 2123 adhucjustus
264 2095 347 2122 esset.
363 2091 471 2118 cunctis
482 2090 556 2118 vitiis
566 2094 594 2118 et
605 2091 679 2118 omni
697 2086 842 2127 fragilitate

77 2135 185 2169 superior
210 2141 286 2170 erat;
311 2136 357 2163 ubi
382 2140 473 2164 autem
496 2137 629 2171 peccavit,
648 2142 676 2165 et
690 2136 778 2165 factus
801 2142 843 2165 est

77 2188 159 2210 servus
171 2183 286 2217 peccati,
302 2183 383 2210 simul
394 2187 421 2210 et
444 2182 584 2218 fragilitati
603 2183 723 2211 efﬁcitur
735 2184 842 2212 debitor

76 2231 99 2254 et
110 2227 246 2257 obnoxius.
269 2228 347 2262 Quod
363 2229 466 2256 idcirco
481 2230 612 2265 scriptum
627 2234 681 2262 est,
705 2234 734 2258 ut
754 2231 844 2258 sciant

78 2273 201 2308 homines,
224 2276 289 2311 quia
308 2276 380 2303 sicut
400 2283 434 2302 ex
452 2275 591 2310 impietate
613 2276 758 2311 passibiles
779 2276 843 2304 facti

78 2325 141 2354 sunt,
158 2321 194 2349 ita
207 2330 255 2358 per
267 2322 394 2358 pietatem
406 2326 521 2357 possunt
530 2330 592 2350 esse
605 2323 789 2357 impassibiles
798 2324 821 2339 ³³
834 2334 841 2351 :

78 2370 100 2392 et
111 2374 160 2394 non
170 2369 256 2396 solum
268 2369 461 2404 impassihiles,
473 2376 567 2396 verum
578 2373 605 2396 et
620 2376 701 2403 parva
716 2369 744 2396 in
758 2369 843 2397 Deum

78 2411 121 2441 ﬁde
129 2414 237 2442 aliorum
249 2415 391 2451 passiones
401 2420 542 2443 curantes.
559 2415 598 2442 lta
607 2416 679 2443 enim
695 2423 776 2444 verus
787 2417 845 2451 ipse

78 2460 191 2495 propheta
205 2462 339 2497 promisit,
355 2462 451 2490 dicens
464 2472 471 2490 :
487 2462 569 2490 Amen
584 2463 643 2490 dico
658 2462 739 2494 vobis,
759 2463 782 2490 si
795 2463 843 2490 lia-

79 2504 172 2535 burilis
190 2508 267 2543 ﬁdem
287 2510 355 2536 sicut
375 2516 488 2544 granum
509 2510 630 2544 sinapis,
646 2509 738 2536 dicetis
761 2511 844 2537 monti

79 2551 148 2580 huic:
162 2553 255 2582 Transi
271 2555 343 2588 hinc,
353 2560 378 2583 et
394 2556 558 2583 transibit".
573 2556 661 2591 Hujus
672 2557 747 2584 vocis
760 2556 842 2584 etiam

78 2605 120 2626 vos
130 2599 178 2635 ipsi
193 2601 355 2630 documenta
376 2602 497 2637 cepistis,
517 2606 544 2630 et
559 2603 616 2637 jam
631 2602 703 2630 facta
719 2602 843 2638 quaedam

79 2650 120 2678 per
137 2647 277 2683 magistros
294 2652 414 2682 nostros,
435 2649 509 2684 ipsos
533 2649 661 2678 videlicet
685 2650 840 2684 apostolos,

80 2691 277 2729 Ionis-oratis;
294 2695 370 2730 quia,
382 2696 537 2725 astantibus
549 2697 639 2730 nobis,
654 2705 749 2725 eorum
764 2698 844 2727 meri.

101 2761 178 2791 “Hoc
226 2765 258 2793 it.
284 2773 321 2799 tv,
343 2772 369 2793 c.
391 2765 417 2794 5.
473 2765 647 2801 "Recognit.
671 2773 714 2796 tn,
736 2772 762 2792 c.
789 2765 832 2792 6⁵1.

72 2795 162 2826 “hs.
271 2801 318 2828 lib.
340 2808 350 2828 I
373 2799 406 2828 In
431 2800 589 2828 Wibertum.
646 2801 668 2816 "
690 2800 823 2828 Recoanit.

72 2799 162 2848 ξω.
271 2801 318 2828 lib.
340 2808 350 2828 I
373 2799 406 2828 In
431 2799 589 2829 Wibertum;
646 2801 668 2816 “
690 2800 823 2835 Recognit.
846 2808 878 2832 v,

72 2831 185 2882 ,ὶωξ
200 2836 327 2882 alata:
362 2836 594 2882 _'f’_.ﬂec?9."‘£:..x'
772 2835 878 2882 ιέεςςέξνι

104 2865 223 2910 lita.“

73 2907 167 2937 “NL,
179 2911 204 2940 ν,
218 2913 241 2935 e.
257 2907 282 2933 6.

652 150 831 180 EPISTOLIE
851 148 1077 178 DECRETALES

734 2836 754 2851 Il
775 2836 884 2851 ριν-ιιι·ηὲ

224 2843 263 2870 ιιι,
277 2836 321 2865 19.
374 2836 397 2852 ³ο
412 2836 546 2872 Recognit.
568 2844 594 2869 v,
612 2844 637 2864 c.
650 2836 676 2864 ὅ.
734 2836 754 2851 ³¹
772 2835 905 2870 Recogm’t.
926 2844 952 2869 ν,
967 2844 992 2864 c.
1015 2836 1042 2864 4.
1099 2836 1121 2852 ³⁸
1137 2837 1272 2872 liecoynil.
1294 2837 1372 2868 ibiti.,
1385 2845 1408 2864 c.
1427 2836 1452 2864 5.
1509 2837 1532 2853 ³³
1548 2846 1680 2866 succcnw.

224 2871 337 2907 ecognit.
360 2877 438 2907 parta
462 2877 500 2900 eu
522 2872 594 2904 vim,
618 2871 763 2899 uolentibus
783 2871 896 2906 ingredi,
917 2876 941 2898 et
964 2873 1023 2899 iter.
1046 2870 1212 2900 llannumus.
1251 2872 1274 2888 ³⁸
1293 2879 1380 2906 portu.
1419 2872 1442 2887 "
1456 2873 1559 2899 semita.
1598 2873 1618 2888 ³⁷
1633 2873 1682 2900 Ite-

1623 147 1676 176 494

892 208 927 234 tis
942 206 1079 233 daemones
1095 211 1155 231 cum
1170 204 1364 238 passionibus,
1380 211 1449 239 quas
1462 203 1618 232 hominibus
1638 207 1678 233 in-

892 256 1030 284 vexerant,
1043 251 1213 278 transierunt
1223 254 1250 278 et
1260 250 1344 286 fugati
1359 255 1432 278 sunt.
1445 251 1468 266 ³⁶
1476 250 1545 284 Quia
1555 259 1620 287 ergo
1631 253 1676 280 alii

890 297 999 332 quidem
1013 297 1139 324 homines
1159 298 1321 332 patiuntur,
1344 296 1390 323 alii
1411 297 1545 331 patientes
1569 302 1677 331 sanant,

891 350 975 370 causa
990 342 1049 370 sine
1063 342 1147 370 dubio
1160 343 1201 370 vel
1215 343 1335 378 patiendi
1353 343 1396 370 vel
1410 342 1524 370 curandi
1541 343 1679 370 noscwda

890 393 952 424 est;
970 397 1032 424 qua:
1047 397 1101 416 non
1115 389 1168 416 alia
1185 397 1258 422 esse,
1276 396 1358 424 quam
1373 388 1542 424 patientibus
1557 389 1678 424 quidem,

892 436 1071 469 inﬁdelitatis,
1093 436 1254 463 curantibus
1278 443 1342 462 vero
1353 455 1360 468 ,
1376 435 1448 466 ﬁdei,
1465 435 1678 462 demonstratur.

891 481 1039 510 lnﬁdelitas
1054 482 1128 510 enim
1148 482 1213 509 dum
1235 489 1291 509 non
1307 482 1394 509 credit
1411 481 1533 508 futurum
1548 481 1595 508 Dei
1610 481 1682 516 judi~

891 527 963 555 cium
974 548 981 561 ,
998 528 1129 563 peccandi
1149 527 1287 556 licentiam
1308 527 1426 562 praebet;
1449 531 1591 562 peccatum
1604 535 1680 559 vero,

892 573 1029 601 hominem
1042 573 1217 609 passionibus
1232 574 1380 601 obnoxium
1397 573 1471 600 facit.
1484 572 1564 601 Fides
1580 577 1680 606 autem,

894 619 1018 647 futurum
1035 620 1083 648 Dei
1094 619 1228 655 judicium
1247 627 1309 648 esse
1322 619 1448 653 credens,
1462 620 1585 647 continet
1595 619 1683 646 homi-

894 674 942 693 nes
957 673 972 692 a
988 670 1112 701 peccato.
1125 666 1185 694 Non
1205 670 1351 701 peccantes
1366 673 1432 693 vero
1442 686 1450 699 ,
1466 674 1522 693 non
1544 666 1632 694 solum
1649 665 1683 692 li—

892 711 951 740 beri
962 716 1026 740 sunt
1037 720 1051 740 a
1061 712 1232 740 daemonibus
1241 716 1268 739 et
1278 712 1464 747 passionibus,
1476 719 1569 739 verum
1577 715 1604 739 et
1614 711 1681 738 alio-

893 766 952 786 rum
967 758 1103 796 daemones
1114 762 1141 786 et
1157 759 1300 793 passiones
1312 757 1406 794 fugare
1419 762 1545 793 possunt.
1561 758 1582 774 "
1590 757 1628 785 Ex
1638 757 1683 786 his

892 812 958 840 ergo
973 806 1101 832 omnibus
1114 805 1260 840 colligitur,
1280 805 1354 840 quod
1370 805 1448 840 origo
1465 805 1548 832 totius
1570 805 1633 831 mali
1647 804 1682 832 ab

894 850 1049 885 ignorantia
1069 850 1229 884 descendat,
1246 855 1272 878 et
1287 851 1346 885 ipsa
1361 851 1397 878 sit
1414 851 1535 878 omnium
1549 851 1683 879 malorum

894 901 991 929 mater,
1000 905 1061 932 qua:
1067 897 1172 925 incuria
1180 901 1208 924 et
1216 897 1323 932 ignavia
1331 897 1461 932 gignitur,
1468 897 1630 932 negligentia
1637 906 1680 925 ve-

893 949 924 970 ro
933 942 1016 969 alitur
1023 946 1049 970 et
1055 945 1180 978 augetur,
1192 946 1273 978 atque
1283 943 1310 970 in
1321 943 1447 970 sensibus
1457 943 1599 970 hominum
1610 943 1684 970 radi-

893 988 1056 1020 catur,dum
1071 992 1189 1022 amatur;
1207 996 1289 1024 quam
1303 989 1326 1016 si
1342 989 1404 1024 quis
1422 988 1493 1016 forte
1504 988 1601 1015 doceat
1612 988 1684 1016 eﬁ‘u-

893 1035 1010 1070 gandam
1025 1035 1099 1063 velut
1114 1035 1235 1070 antiquis
1249 1038 1276 1062 et
1290 1034 1472 1062 haereditariis
1488 1033 1612 1066 sedibus,
1628 1041 1685 1060 mo-

893 1081 962 1108 leste
975 1085 1003 1108 et
1021 1081 1196 1116 indignanter
1210 1080 1347 1108 avellitur.
1366 1080 1399 1106 Et
1409 1080 1470 1108 ideo
1485 1080 1626 1115 paululum
1643 1080 1685 1107 la-

893 1127 1046 1155 borandum
1071 1127 1151 1155 nobis
1177 1130 1230 1159 est,
1248 1130 1278 1154 ut
1307 1125 1493 1162 indignantes,
1525 1126 1685 1161 ignorantiae

894 1173 1133 1208 praesumptionem
1149 1172 1271 1200 scientiae
1286 1173 1392 1200 ratione
1408 1180 1583 1206 resecemus;
1600 1172 1627 1199 in
1642 1172 1685 1200 his

895 1218 1041 1253 pracipue,
1054 1218 1101 1253 qui
1119 1218 1146 1245 in
1157 1218 1296 1253 aliquibus
1310 1218 1400 1245 minus
1412 1218 1494 1246 rectis
1509 1217 1685 1253 opinionibus

895 1264 1024 1299 praeventi
1045 1268 1119 1295 sunt,
1136 1272 1185 1300 per
1208 1271 1288 1299 quas,
1304 1263 1383 1299 quasi
1397 1264 1449 1292 sub
1462 1263 1554 1298 specie
1567 1263 1685 1298 alicujus

895 1310 1028 1341 scientiae,
1046 1310 1202 1345 ignorantia
1230 1310 1259 1337 in
1275 1309 1319 1337 his
1347 1309 1537 1338 vehementius
1561 1309 1686 1338 radicata

894 1359 946 1384 est.
959 1356 1031 1383 Nihil
1047 1357 1121 1384 enim
1134 1360 1176 1384 est
1192 1356 1313 1392 gravius,
1328 1364 1410 1391 quam
1419 1356 1443 1383 si
1459 1356 1486 1382 id
1494 1356 1566 1391 quod
1580 1356 1686 1391 ignorat

894 1403 969 1437 quis,
985 1403 1055 1431 scire
1070 1411 1100 1430 sc
1113 1402 1217 1436 credat,
1231 1406 1259 1430 et
1274 1402 1403 1430 defendat
1417 1410 1510 1430 verum
1525 1410 1597 1435 esse,
1611 1403 1685 1438 quod

896 1448 995 1476 falsum
1008 1452 1066 1477 est:
1080 1448 1155 1484 quod
1168 1449 1223 1476 tale
1236 1451 1289 1481 est,
1304 1448 1386 1484 quale
1401 1448 1424 1476 si
1441 1449 1504 1483 quis
1518 1449 1611 1476 ebrius
1637 1457 1684 1477 so-

896 1495 986 1522 brium
1011 1502 1042 1523 se
1064 1498 1152 1530 putet,
1168 1499 1195 1522 et
1209 1498 1273 1530 agat
1287 1494 1399 1530 quidem
1412 1498 1511 1522 Cuncta
1533 1497 1563 1521 ut
1577 1495 1684 1527 ebrius,

897 1541 1019 1568 sobrium
1035 1548 1065 1568 se
1078 1544 1170 1568 tamen
1184 1545 1211 1567 et
1236 1541 1295 1576 ipse
1308 1544 1396 1575 putet,
1413 1541 1441 1568 et
1452 1540 1507 1568 dici
1534 1547 1549 1567 a
1576 1540 1686 1568 cmteris

896 1588 971 1615 velit.
984 1586 1023 1614 lta
1041 1592 1178 1622 suntergo
1191 1591 1219 1614 et
1229 1587 1268 1619 hi,
1280 1587 1327 1623 qui
1335 1587 1496 1622 ignorantes
1503 1586 1574 1622 quod
1591 1594 1685 1613 verum

893 1638 948 1665 est,
973 1634 1093 1669 speciem
1117 1637 1210 1661 tamen
1236 1633 1355 1669 alicujus
1384 1633 1507 1661 scientia:
1535 1637 1639 1665 tenent,
1657 1637 1685 1660 et

894 1681 966 1708 mala
985 1681 1065 1715 quasi
1080 1681 1151 1708 bona
1169 1683 1278 1715 gerunt,
1293 1683 1377 1715 atque
1390 1679 1424 1706 ad
1441 1679 1589 1714 perniciem
1605 1679 1685 1714 quasi

893 1727 927 1754 ad
941 1727 1058 1754 salutem
1073 1726 1217 1754 festinant.
1233 1726 1255 1741 "
1270 1725 1385 1760 Propter
1411 1725 1485 1760 quod
1516 1728 1578 1752 ante
1592 1725 1685 1752 omnia

893 1772 1097 1807 properandum
1112 1775 1155 1800 est
1171 1772 1204 1799 ad
1219 1771 1386 1806 agnitionem
1400 1771 1536 1803 veritatis,
1552 1775 1581 1797 ut
1595 1771 1686 1805 possi-

893 1826 966 1850 mus,
984 1818 1063 1853 quasi
1079 1817 1183 1845 lumine
1198 1817 1277 1845 nobis
1294 1816 1358 1844 inde
1373 1824 1491 1844 accenso
1506 1816 1539 1848 ³³,
1557 1823 1684 1843 errorum

892 1865 1020 1892 tenebras
1034 1864 1178 1899 depellere.
1200 1863 1310 1891 Grande
1323 1863 1396 1891 enim
1410 1863 1511 1889 malum
1530 1867 1584 1895 est,
1599 1866 1630 1889 ut
1643 1863 1685 1890 di-

893 1912 993 1943 simus,
1008 1910 1162 1945 ignorantia
1173 1919 1181 1943 ;
1192 1909 1241 1937 sed
1248 1909 1312 1944 quia
1326 1908 1509 1937 substantiam
1520 1916 1575 1935 non
1591 1908 1683 1940 habet,

893 1956 972 1983 facile
989 1956 1024 1983 ab
1042 1956 1096 1987 his,
1122 1956 1169 1990 qui
1199 1955 1320 1983 studiosi
1348 1958 1424 1987 sunt,
1447 1954 1595 1990 eil’ugatur.
1624 1953 1684 1981 Non

892 2003 965 2030 enim
982 2002 1055 2029 aliud
1064 2006 1107 2030 est
1120 2002 1286 2038 ignorantia,
1299 2001 1353 2029 nisi
1368 2009 1423 2028 non
1435 2001 1597 2036 cognovisse
1611 2001 1683 2036 quod

892 2049 1011 2084 expedit.
1037 2048 1088 2076 Ubi
1116 2052 1206 2076 autem
1220 2048 1399 2084 cognoveris,
1411 2048 1482 2083 perit
1505 2047 1678 2083 ignorantia.

891 2096 981 2129 Qumri
997 2103 1062 2131 ergo
1072 2103 1235 2131 magnopere
1245 2095 1325 2123 debet
1335 2095 1458 2123 veritatis
1472 2094 1586 2129 agnitio,
1603 2101 1683 2129 quam

893 2151 973 2171 nemo
986 2143 1058 2170 alius
1073 2143 1216 2177 assignare
1231 2146 1332 2177 potest,
1349 2141 1404 2169 nisi
1429 2148 1510 2168 verus
1540 2141 1673 2175 propheta

896 2189 959 2216 llaec
972 2189 1045 2216 enim
1059 2188 1081 2204 “
1095 2188 1138 2215 via
1154 2188 1176 2204 "
1193 2192 1250 2220 est,
1271 2188 1354 2215 vitam
1379 2187 1535 2215 volentibus
1565 2187 1671 2222 ingredi

895 2239 922 2262 et
936 2242 1073 2262 summum
1088 2234 1110 2250 ³⁸
1124 2234 1175 2261 iter
1190 2234 1323 2261 bonorum
1336 2241 1448 2269 operum
1461 2235 1637 2269 pergentibus
1651 2235 1683 2262 ad

895 2281 1033 2308 civitatem
1048 2280 1156 2307 salutis.
1166 2280 1187 2295 ³⁷
1205 2279 1233 2306 Si
1247 2275 1309 2315 quis
1323 2287 1390 2307 sane
1405 2280 1520 2307 audiens
1529 2288 1682 2308 sermonem

896 2327 953 2355 veri
978 2327 1117 2362 prophetae
1137 2326 1263 2354 velitaut
1278 2326 1347 2353 nolit
1363 2326 1485 2360 recipere
1501 2329 1528 2353 et
1556 2325 1684 2361 amplecti

896 2382 967 2402 onus
981 2373 1053 2409 ejus,
1070 2373 1096 2400 id
1111 2376 1154 2400 est
1167 2373 1294 2400 mandata
1310 2372 1382 2404 vitae,
1402 2372 1484 2400 habet
1495 2380 1522 2399 in
1536 2380 1586 2399 sua
1596 2375 1684 2407 ,pote-

897 2425 982 2454 state;
1003 2420 1082 2447 liberi
1097 2420 1169 2447 enim
1180 2427 1276 2447 sumus
1285 2419 1403 2446 arbitrii.
1415 2418 1483 2445 Nam
1495 2419 1518 2446 si
1534 2419 1586 2446 hoc
1598 2422 1681 2450 esset,

896 2471 924 2493 ut
939 2466 1062 2494 videntes
1075 2473 1118 2497 ea,
1132 2466 1189 2501 jam
1202 2473 1256 2492 non
1271 2465 1404 2493 haberent
1417 2465 1445 2492 in
1459 2468 1594 2500 potestate
1607 2465 1682 2492 aliud

894 2513 993 2545 facere,
1010 2520 1092 2548 quam
1106 2512 1251 2540 audierant
1264 2521 1271 2545 ;
1285 2511 1328 2538 vis
1342 2515 1401 2538 erat
1415 2511 1540 2546 quaedam
1564 2515 1680 2543 naturte,

894 2567 942 2594 per
959 2566 1040 2594 quam
1055 2559 1172 2586 liberum
1182 2566 1236 2585 non
1249 2562 1321 2586 esset
1335 2557 1371 2584 ad
1387 2557 1469 2585 aliam
1484 2558 1603 2593 migrare
1618 2566 1680 2585 sen—

893 2605 1018 2633 tentiam.
1033 2605 1088 2632 Aut
1102 2605 1126 2633 si
1139 2612 1237 2632 rursus
1256 2613 1290 2631 ex
1312 2604 1489 2632 audientibus
1510 2605 1602 2632 nullus
1622 2612 1679 2631 om-

894 2651 960 2679 nino
974 2652 1117 2686 reciperet,
1135 2656 1162 2679 et
1184 2651 1236 2678 hoc
1252 2654 1357 2678 natura:
1372 2651 1413 2678 vis
1428 2655 1498 2683 erat,
1516 2658 1577 2686 qua:
1596 2659 1679 2677 unum

895 2698 999 2734 aliquid
1013 2698 1070 2727 ﬁeri
1083 2701 1239 2734 cogeret,et
1248 2697 1328 2725 alteri
1337 2697 1410 2733 parti
1418 2705 1474 2725 non
1486 2698 1562 2725 daret
1578 2697 1677 2724 locum.

890 2765 914 2781 ”
929 2765 997 2802 Dist.
1014 2765 1059 2802 38,
1074 2764 1177 2802 Nullus
1191 2767 1338 2801 episcopus.
1354 2780 1391 2786 --
1405 2766 1540 2802 Rteoguit.
1557 2775 1574 2799 I,
1592 2775 1616 2794 c.
1635 2768 1681 2794 67.

901 2808 925 2828 c.
939 2801 968 2830 2,
1023 2801 1045 2817 ’⁷
1062 2801 1202 2828 rationalis
1220 2802 1459 2828 irrutionubxlibus.
1514 2804 1538 2818 ’⁸
1556 2802 1681 2834 ἁπαθείξ.

1099 2836 1121 2852 ³⁸
1137 2837 1272 2872 liecoynil.
1294 2837 1372 2868 ιυιςιη
1385 2845 1408 2864 c.
1427 2836 1452 2864 5.
1509 2837 1532 2853 ³³
1548 2846 1680 2866 succenso.
