1884 3104
189 141 242 171 493

632 140 662 169 S.
680 139 879 169 CLEMENTIS
896 142 905 168 l
923 140 1005 169 ROM.
1022 138 1123 170 ΡΟΝΤ.
1141 139 1255 170 OPERA
1272 140 1385 171 DUBlA.

1757 143 1800 173 (96

189 200 266 229 Nunc
280 204 382 234 autem,
397 201 463 237 quia
475 200 590 228 liberum
604 204 647 228 est
655 200 759 232 animo,
774 200 803 228 in
814 208 896 236 quam
909 201 974 228 velit
988 205 1011 232 Α
1026 208 1202 230 concurrere.
1216 201 1331 238 Propter
1346 202 1399 230 hoc
1420 200 1538 237 denique
1565 207 1648 228 verus
1667 200 1799 236 propheta,

189 251 293 282 partem
308 247 448 274 declinare
468 247 604 281 judicium
623 254 715 278 suum,
730 250 757 273 et
771 255 854 282 quam
877 247 976 282 proba-

188 293 266 325 verit,
283 293 384 328 eligere
399 292 488 326 viam;
501 295 610 320 constat
618 292 769 325 evidenter,
780 293 872 320 inesse
889 293 976 320 homi-

188 340 272 366 nibus-
293 338 399 366 arbitrii
418 338 581 365 libertatem.
599 338 621 354 ⁸⁸
635 337 720 373 Igitur
746 339 908 373 priusquam
923 346 974 365 au—

186 384 244 412 diat
256 385 328 420 quis,
345 384 417 419 quod
431 385 455 412 ei
469 384 589 419 expedit,
605 388 710 412 certum
718 388 760 412 est
773 385 837 419 quia
852 385 971 420 ignoret:

185 435 213 458 et
229 431 357 466 ignorans
369 431 429 457 vult
449 433 476 458 ct
502 429 654 462 desiderat,
682 429 755 465 quod
781 437 836 457 non
863 429 974 465 expedit

186 484 276 512 agerc,
292 480 406 512 propter
432 475 506 510 quod
528 483 578 510 pro
591 476 643 502 hoc
658 483 711 502 non
726 475 877 510 judicatur.
902 475 972 503 Cum

185 530 250 550 vero
263 523 380 550 audierit
396 529 494 549 causas
511 521 614 549 erroris
629 521 688 553 sui,
702 525 730 549 et
751 521 886 549 rationem
903 522 973 548 veri-

184 568 249 597 tatis
269 568 416 603 acceperit,
445 572 510 594 tunc
526 568 549 595 si
575 568 757 602 permanserit
773 569 799 595 in
814 569 856 596 his
871 569 972 595 errori-

183 615 255 647 bus,
280 615 382 650 quibus
397 615 498 642 dudum
514 614 602 641 fuerat
619 619 782 649 praeventus,
814 618 889 642 recte
914 614 970 649 jam

183 661 325 688 vocabitur
350 660 384 687 ad
397 660 542 695 judicium,
558 660 672 688 daturus
687 667 782 696 pteuas
793 680 800 692 ,
825 660 888 695 quia
908 660 971 687 vita).

183 706 267 741 hujus
282 706 412 742 spatium,
427 706 500 741 quod
515 706 549 733 ad
560 706 629 734 bene
639 706 784 733 vivendum
803 706 925 741 accepit,
942 707 969 733 in

182 751 311 780 ludibriis
325 753 526 786 consumpserit
540 759 676 779 errorum.
705 752 756 785 Qui
773 760 837 780 vero
855 752 969 780 audiens

183 797 252 832 hatc,
268 798 383 826 libenter
403 799 514 834 accipit,
529 801 556 826 et
583 799 737 833 gratulatur
760 799 893 826 bonorum
915 799 968 826 sibi

181 845 335 873 doctrinam
363 844 451 872 fuisse
479 845 611 878 delatam;
633 845 756 880 requirat
783 845 926 877 intentius,
941 848 969 872 et

1027 255 1091 274 cum
1108 252 1181 275 esset
1196 256 1317 284 praesens
1335 248 1488 280 nobiscum,
1502 251 1529 275 et
1544 247 1678 282 quosdam
1693 255 1727 274 ex
1741 248 1803 276 divi-

1027 294 1102 321 tibus
1117 294 1285 330 negligentes
1296 302 1362 331 erga
1374 295 1423 322 Dei
1438 295 1541 322 cultum
1551 294 1667 327 videret,
1679 293 1760 328 hujus
1768 295 1802 322 rei

1027 337 1064 364 ita
1080 340 1189 373 aperuit
1205 340 1365 367 veritatem:
1384 339 1469 368 Nemo
1485 344 1579 374 potest,
1592 340 1693 375 inquit,
1709 340 1802 369 duobus

1026 383 1141 411 dominis
1156 385 1271 418 seruire;
1299 390 1343 414 et:
1360 385 1423 414 Non
1446 386 1554 421 potestis
1578 385 1634 413 Deo
1663 387 1758 414 servire
1780 391 1802 415 et

1024 437 1182 458 mammome
1192 431 1230 464 ";
1244 439 1410 464 mammona,
1428 433 1516 467 patria
1527 439 1622 460 eorum
1637 439 1717 466 voce,
1741 433 1803 460 divi-

1023 476 1075 504 tias
1091 484 1203 505 vocans.
1217 477 1240 493 ⁸⁸
1250 477 1300 505 Hic
1324 485 1388 513 ergo
1402 486 1482 506 verus
1499 477 1642 513 propheta,
1654 478 1703 513 qui
1720 478 1746 505 in
1759 477 1802 506 Ju-

1023 521 1080 549 daa
1094 523 1173 550 nobis
1191 524 1328 558 apparuit,
1349 529 1378 551 ut
1390 524 1520 558 audistis;
1532 525 1590 559 qui,
1600 528 1678 552 stans
1690 525 1800 560 publice,

1022 568 1080 596 sola
1093 568 1218 604 jussione
1232 569 1351 599 faciebat
1365 578 1452 598 (κους
1467 570 1572 603 videre,
1588 571 1689 598 surdos
1703 572 1800 603 audire,

1022 613 1133 649 fugabat
1149 615 1297 647 daarnones,
1308 616 1387 651 aegris
1401 617 1543 643 sanitatem
1556 617 1687 644 reddebat
1701 622 1730 644 et
1741 626 1803 644 mor-

1020 660 1076 687 tuis
1088 660 1187 688 vitam:
1208 669 1326 696 cumque
1336 662 1404 689 nihil
1414 666 1487 690 esset
1495 662 1520 689 ei
1529 662 1712 697 impossibile,
1728 664 1802 690 etiam

1020 707 1200 742 cogitationes
1215 707 1356 734 hominum
1382 708 1550 743 pervidebat,
1574 709 1647 744 quod
1673 709 1743 736 nulli
1767 715 1802 736 est

1021 753 1164 788 possibile,
1180 753 1234 781 nisi
1250 753 1303 781 soli
1318 753 1384 781 Deo.
1414 753 1464 781 llic
1488 754 1671 781 annuntiabat
1695 763 1802 790 regnum

1020 798 1085 832 Dei;
1103 798 1148 826 cui
1164 806 1216 826 nos
1241 799 1275 826 de
1288 800 1417 828 omnibus
1444 808 1504 835 qum
1526 800 1651 834 dicebat,
1678 805 1802 837 tanquam

1018 852 1083 872 vero
1099 844 1248 880 prophetae,
1262 845 1400 873 credimus
1413 855 1421 879 ;
1445 845 1601 874 ﬁrmitatem
1627 846 1692 874 ﬁdei
1708 852 1802 875 nostra

181 891 287 919 discere
305 899 360 918 non
385 890 504 924 desinat,
526 898 670 926 usquequo
694 895 853 926 cognoscat,
877 890 901 918 si
925 895 967 918 est
982 887 1003 914 Β
1018 898 1073 917 non
1088 890 1177 917 solum
1189 897 1222 917 ex
1237 891 1330 919 verbis
1341 890 1412 926 ejus,
1421 892 1468 919 sed
1477 897 1504 919 et
1518 893 1648 928 operibus
1664 900 1802 920 assumen-

180 944 243 964 vere
257 937 330 964 aliud
346 937 487 970 steculum,
513 938 541 964 in
556 944 610 972 quo
624 936 705 965 bonis
730 937 840 972 praemia
861 943 967 971 praepa-

180 987 239 1010 rata
253 982 317 1010 sint.
331 982 364 1010 Et
379 990 441 1010 cum
455 986 547 1010 certus
563 983 596 1010 de
611 982 664 1010 hoc
680 981 773 1014 fuerit,
789 982 893 1017 gratias
905 985 968 1017 agat

180 1028 248 1061 Deo,
276 1029 349 1064 quod
365 1028 417 1057 sibi
433 1029 557 1057 veritatis
580 1029 671 1057 lumen
686 1029 858 1060 ostenderit,
878 1035 910 1055 ac
934 1028 968 1055 de

179 1078 281 1102 caetero
296 1075 396 1111 dirigat
412 1079 491 1102 actus
506 1082 572 1102 suos
585 1075 613 1102 in
628 1075 758 1103 omnibus
771 1075 902 1110 operibus
918 1074 968 1103 b0-

179 1121 233 1152 nis,
249 1128 367 1156 quorum
388 1121 440 1148 sibi
455 1121 483 1148 in
511 1120 605 1148 futuro
632 1120 787 1148 mercedem
814 1125 906 1148 certus
925 1126 967 1150 est

178 1173 370 1202 praeparatam,
387 1167 526 1195 demirans
542 1174 591 1202 per
607 1167 700 1195 omnia
714 1171 741 1195 et
754 1171 868 1202 stupens
884 1172 964 1195 caete-

177 1220 273 1240 rorum
283 1213 426 1240 hominum
437 1221 556 1246 errores,
570 1217 597 1241 et
612 1213 685 1248 quod
701 1217 765 1240 ante
782 1213 877 1241 oculos
892 1213 967 1248 posio

178 1262 234 1285 tam
244 1258 386 1286 veritatem
406 1267 486 1287 nemo
514 1259 615 1287 videat.
639 1258 701 1294 ipse
727 1264 819 1287 tamen
844 1260 966 1294 gaudens

179 1313 262 1339 super
272 1303 382 1332 divitias
399 1305 551 1340 sapientiae,
564 1313 633 1340 quas
643 1306 757 1338 invenit,
775 1306 966 1334 satiabiliter"

179 1351 222 1378 his
240 1349 408 1385 perfruatur,
423 1355 449 1378 et
462 1351 594 1379 exercitio
609 1351 743 1379 bonorum
758 1358 872 1387 operum
893 1351 963 1379 dele-

179 1401 269 1424 ctetur
280 1417 287 1428 ,
300 1396 435 1425 festinans
447 1398 480 1425 ad
495 1397 625 1425 saeculum
641 1397 763 1425 futurum
773 1397 875 1426 mundo
885 1398 967 1426 corde

180 1447 209 1469 et
224 1450 293 1477 pura
324 1443 494 1471 conscientia
509 1443 653 1478 pervenire
665 1463 674 1476 ,
699 1444 746 1471 ubi
774 1444 856 1471 etiam
874 1443 967 1471 videre

180 1487 265 1515 Deum
282 1495 373 1522 regem
386 1489 508 1516 omnium
525 1490 623 1524 possit.
640 1489 662 1505 ⁵⁸
674 1489 722 1517 His
737 1493 828 1517 autem
838 1489 966 1517 omnibus

179 1543 275 1563 carere
293 1543 343 1563 nos
356 1539 384 1562 et
397 1535 529 1566 fraudari,
554 1535 613 1563 sola
629 1535 694 1563 facit
710 1535 876 1571 ignorantia.
896 1534 964 1562 Dum
980 1552 1000 1581 Ο

178 1581 251 1608 enim
280 1580 406 1616 ignorant
437 1581 583 1613 homines,
611 1585 744 1616 quantum
769 1581 834 1609 boni
867 1581 966 1608 habeat

179 1627 306 1658 scientia,
330 1627 493 1662 ignorantia!
517 1627 618 1654 malum
637 1627 671 1654 de
692 1635 722 1655 se
745 1634 800 1654 non
826 1626 967 1662 patiuntur

178 1672 306 1705 excludi;
325 1673 453 1700 nesciunt
481 1673 553 1700 enim
577 1677 681 1708 quanta
696 1673 731 1701 sit
744 1673 772 1700 in
786 1674 882 1701 horum
901 1681 964 1708 per-

177 1718 329 1745 mutatione
358 1718 513 1746 diversitas.
531 1718 646 1754 Propter
663 1720 736 1755 qnod
758 1721 905 1748 consilium
930 1721 966 1748 do

179 1764 328 1799 unicuique
344 1764 473 1798 discenti,
491 1765 607 1793 libenter
632 1766 752 1800 praebere
767 1770 858 1794 autem
882 1767 966 1794 verbo

179 1809 237 1843 Dei,
249 1814 276 1838 et
287 1818 349 1838 cum
363 1818 457 1839 amore
470 1812 594 1840 veritatis
605 1813 701 1840 audire
715 1820 776 1847 quae
790 1813 919 1845 dicimus,
935 1817 966 1841 ut

179 1865 256 1885 mens
280 1858 383 1893 optimo
406 1858 511 1886 semine
539 1863 678 1894 suscepto,
709 1867 758 1894 per
783 1859 871 1887 bonos
886 1864 965 1887 actus

178 1903 254 1931 laetos
265 1904 359 1932 ail‘erat
370 1903 486 1932 fructus.
498 1903 566 1931 Nam
584 1904 618 1937 si,
632 1912 674 1932 me
686 1904 801 1932 docente
815 1911 847 1932 ea
857 1912 918 1940 quae
931 1905 964 1932 ad

177 1951 293 1978 salutem
307 1951 456 1986 pertinent,
469 1951 590 1986 recipere
601 1951 665 1986 quis
679 1952 774 1978 abnuit
786 1971 794 1984 ,
818 1955 845 1979 et
872 1952 964 1979 animo

179 1997 272 2030 pravis
287 1996 463 2031 opinionibus
475 2000 610 2031 occupato
622 1996 756 2024 obsistere
770 1997 885 2030 nititur;
908 2004 964 2024 non

178 2051 210 2070 ex
226 2043 317 2074 nobis,
334 2043 382 2070 sed
396 2050 430 2070 ex
442 2043 592 2078 semetipso
606 2042 718 2070 habebit
741 2043 873 2078 pereundi
899 2051 965 2071 cau-

178 2097 247 2117 sam.
272 2089 358 2117 Debet
368 2089 441 2117 enim
455 2089 532 2124 justo
543 2089 647 2124 judicio
658 2089 815 2117 examinare
827 2097 887 2125 quae
900 2090 966 2118 dici-

179 2144 250 2169 mus,
266 2140 293 2164 et
313 2136 476 2171 intelligere,
496 2135 561 2170 quia
578 2135 662 2162 verba
676 2135 814 2171 loquimur
828 2136 964 2169 veritatis,

178 2188 208 2209 ut
224 2181 341 2218 cognitis
356 2183 400 2210 bis
415 2190 475 2217 quat
485 2186 559 2214 sunt,
576 2185 606 2208 ut
621 2186 696 2214 sunt,
720 2183 747 2210 in
760 2183 840 2211 bonis
857 2183 964 2211 actibus

1019 939 1078 969 tes;
1095 936 1158 971 quia
1176 936 1249 964 dicta
1262 937 1340 972 legis,
1351 945 1411 972 quae
1421 942 1483 965 ante
1499 938 1600 965 multas
1615 939 1802 974 generationes

1017 982 1052 1010 de
1063 983 1209 1018 praesentia
1217 982 1278 1016 ejus
1290 989 1485 1017 exposuerant,
1504 984 1531 1010 in
1545 983 1605 1018 ipso
1613 984 1800 1019 designantur,

1017 1030 1045 1054 et
1063 1027 1195 1062 imagines
1210 1032 1350 1063 gestorum
1367 1027 1461 1060 Mosis,
1472 1032 1499 1056 et
1513 1034 1575 1057 ante
1589 1030 1679 1064 ipsum
1690 1032 1801 1065 patriar-

1017 1073 1076 1100 cha)
1090 1072 1186 1106 Jacob,
1199 1074 1287 1109 ipsius
1304 1082 1352 1109 per
1366 1075 1458 1101 omnia
1468 1078 1560 1110 typum
1577 1075 1714 1103 ferebant.
1730 1076 1802 1104 Tem-

1017 1126 1071 1154 pus
1089 1127 1199 1155 quoque
1221 1120 1354 1147 adventus
1370 1120 1441 1155 ejus,
1457 1120 1510 1147 hoc
1535 1125 1577 1148 est
1593 1121 1683 1156 ipsum
1700 1122 1726 1149 in
1751 1129 1801 1157 quo

1018 1168 1139 1197 venerat,
1156 1165 1317 1200 pratdictum
1330 1165 1363 1192 ab
1374 1165 1416 1193 bis
1430 1170 1538 1193 constat
1548 1175 1556 1200 ;
1567 1171 1594 1194 et
1604 1175 1688 1202 super
1702 1168 1800 1200 omnia,

1018 1211 1091 1245 quod
1105 1215 1180 1238 esset
1197 1219 1211 1238 a
1223 1212 1350 1246 gentibus
1366 1212 1578 1246 exspectandus,
1593 1214 1682 1241 sacris
1708 1213 1800 1242 litteris

1017 1256 1243 1291 comprehensum
1255 1262 1307 1289 est,
1321 1265 1381 1292 quae
1395 1259 1421 1284 in
1433 1265 1465 1285 eo
1478 1258 1580 1293 pariter
1591 1258 1721 1286 universa
1730 1267 1801 1286 com-

1016 1301 1089 1336 pleta
1101 1305 1175 1329 sunt.
1185 1301 1208 1318 ⁵⁸
1215 1301 1292 1335 Quod
1299 1307 1387 1330 autem
1393 1303 1407 1330 J
1411 1303 1547 1330 udaeorum
1556 1304 1687 1339 propheta
1703 1304 1726 1320 “
1738 1312 1801 1340 pne-

1017 1347 1159 1375 dixitcum
1175 1356 1190 1375 a
1207 1349 1333 1384 gentibus
1347 1350 1571 1384 exspectandum,
1594 1358 1677 1385 supra
1693 1351 1800 1378 modum

1018 1393 1046 1420 in
1057 1401 1089 1421 eo
1106 1393 1185 1421 fidem
1200 1402 1293 1422 veram
1309 1395 1410 1423 firmat.
1418 1395 1447 1422 Si
1457 1395 1530 1423 enim
1546 1396 1661 1424 dixisset
1672 1404 1687 1423 a
1703 1396 1800 1425 Judcis

1017 1441 1240 1474 exspectandum,
1256 1449 1311 1468 non
1323 1441 1426 1476 aliquid
1442 1441 1569 1469 eximium
1587 1442 1766 1477 prophetasse
1779 1443 1799 1459 ⁸⁷

1017 1486 1166 1519 videretur,
1190 1487 1263 1522 quod
1285 1495 1300 1514 a
1323 1488 1471 1515 contribuli
1492 1489 1603 1524 populo,
1616 1493 1644 1517 et
1662 1497 1676 1516 a
1694 1491 1800 1525 propria

1017 1536 1097 1566 gente
1122 1537 1280 1567 speraretur
1304 1533 1342 1565 is,
1369 1533 1448 1568 cujus
1462 1534 1595 1563 adventus
1623 1536 1658 1562 ad
1686 1537 1799 1563 salutem

1019 1578 1112 1606 mundi
1128 1578 1218 1606 fuerat
1230 1579 1424 1614 repromissus.
1436 1579 1548 1607 Videtur
1558 1582 1630 1608 enim
1643 1582 1731 1617 magis
1738 1590 1800 1609 con-

1018 1631 1135 1659 sequens
1148 1625 1218 1652 ratio
1230 1633 1301 1658 esse,
1314 1629 1343 1652 ut
1363 1627 1416 1653 hoc
1438 1627 1523 1658 ﬁeret,
1541 1635 1622 1662 quam
1642 1628 1716 1663 quod
1733 1637 1800 1663 prte-

1017 1670 1125 1698 dicebat
1137 1672 1337 1706 magniﬁcentia
1352 1673 1529 1707 prophetalis.
1539 1672 1616 1701 Nunc
1632 1678 1724 1702 autem
1740 1683 1798 1702 cum

1017 1717 1156 1750 prophetae
1170 1717 1274 1750 dicant,
1286 1725 1395 1746 omnem
1406 1718 1478 1745 illam
1495 1726 1583 1753 spem,
1594 1727 1656 1754 qua:
1670 1720 1704 1747 de
1716 1721 1800 1748 salute

1017 1761 1110 1789 mundi
1122 1763 1330 1798 repromittitur,
1346 1768 1374 1791 et
1391 1765 1539 1792 novitatem
1557 1766 1653 1801 regni,
1671 1774 1733 1801 qua:
1759 1766 1800 1793 in-

1017 1809 1147 1836 struenda
1164 1817 1213 1844 per
1228 1810 1367 1838 Christum
1383 1815 1435 1845 est,
1448 1816 1526 1846 atque
1542 1812 1634 1839 omnia
1650 1820 1711 1847 quae
1726 1813 1760 1840 de
1770 1821 1800 1839 eo

1017 1853 1174 1882 indicantur
1200 1855 1233 1882 ad
1258 1859 1352 1891 gentes
1366 1864 1428 1884 esse
1446 1857 1652 1890 transferenda,
1666 1858 1724 1892 jam
1748 1867 1799 1885 non

1016 1901 1167 1928 secundum
1194 1904 1416 1938 consequentiam
1442 1911 1550 1935 rerum,
1577 1904 1624 1931 sed
1648 1901 1800 1932 incredibili

1016 1947 1134 1982 quodam
1149 1949 1354 1977 vaticinationis
1374 1954 1490 1982 eventu,
1515 1950 1720 1985 magnificentia
1739 1959 1801 1986 pro-

1016 1993 1123 2027 phetica
1142 1994 1327 2022 confirmatur.
1343 1994 1430 2023 Judaei
1454 2003 1573 2031 namque
1588 2004 1622 2023 ex
1645 1997 1736 2028 initio,
1752 1996 1799 2022 ad-

1016 2038 1074 2074 fore
1088 2039 1233 2074 aliquando
1247 2040 1320 2068 hunc
1334 2041 1434 2073 virum,
1451 2049 1498 2076 per
1512 2050 1592 2077 quem
1607 2047 1709 2070 cuncta
1721 2051 1801 2078 repa-

1016 2089 1123 2117 rentur,
1139 2087 1281 2114 verissima
1298 2088 1447 2115 traditione
1474 2094 1672 2124 susceperunt;
1692 2094 1719 2118 et
1734 2097 1801 2124 quo-

1016 2132 1081 2159 tidie
1091 2133 1253 2162 meditantes
1270 2142 1301 2161 ac
1311 2135 1520 2169 prospicientes,
1529 2135 1641 2170 quando
1648 2135 1709 2170 ejus
1726 2136 1802 2163 tieret

1016 2177 1168 2212 adventus;
1185 2180 1230 2206 ubi
1254 2180 1350 2207 adesse
1373 2188 1436 2207 eum
1464 2181 1602 2214 viderunt,
1618 2185 1647 2208 et
1667 2182 1746 2216 signa
1771 2189 1802 2208 ac

178 2227 300 2263 dirigens
311 2229 383 2256 viam
396 2236 484 2260 suam,
498 2229 574 2264 regni
587 2229 719 2256 ccelorum
731 2231 817 2264 possit
827 2230 963 2265 particeps
982 2226 1001 2254 D
1017 2226 1149 2260 prodigia.
1164 2227 1234 2254 sicut
1249 2228 1282 2254 de
1295 2234 1328 2254 eo
1341 2227 1472 2262 scriptum
1486 2227 1585 2259 fuerat,
1595 2227 1800 2262 adimplentem:

178 2273 306 2307 inveniri,
323 2274 474 2309 subiiciens
490 2275 541 2302 sibi
553 2275 644 2303 carnis
659 2275 804 2309 desideria,
820 2280 848 2304 et
866 2275 963 2303 ’domi-

178 2328 232 2347 nus
247 2328 342 2348 eorum
358 2321 458 2351 factus.
488 2325 517 2349 ut
543 2321 580 2348 ita
603 2321 712 2349 demum
728 2322 810 2350 etiam
832 2322 891 2356 ipse
916 2320 963 2348 ﬁat

178 2365 360 2395 dominatoris
372 2367 493 2394 omnium
505 2367 626 2402 jucunda
637 2368 787 2404 possessio.
801 2368 823 2384 “
835 2367 904 2394 Nam
915 2368 962 2402 qui

178 2416 319 2446 permanet
333 2412 362 2440 in
376 2412 457 2445 malo,
473 2418 500 2441 et
518 2421 614 2442 servus
635 2418 677 2442 est
693 2414 769 2446 mali,
798 2421 853 2441 non
872 2416 963 2448 potest

178 2457 246 2485 etiici
263 2459 352 2494 portio
362 2459 437 2491 boni,
450 2459 537 2488 donec
549 2464 689 2495 permanet
704 2460 732 2487 in
742 2460 833 2493 malo;
849 2459 914 2494 quia
929 2459 963 2486 ab

178 2505 268 2537 initio,
285 2509 315 2533 ut
328 2510 390 2533 ante
398 2506 455 2541 jam
469 2507 602 2539 diximus,
612 2506 666 2534 duo
680 2514 764 2540 regna
774 2506 871 2533 statuit
881 2504 964 2537 Deus;

178 2554 205 2578 et
222 2555 385 2586 potestatem
398 2552 472 2580 dedit
495 2553 640 2588 unicuique
663 2552 806 2580 hominum
817 2571 825 2583 ,
843 2555 873 2578 ut
891 2551 965 2578 illius

178 2597 255 2632 regni
267 2597 313 2628 [int
327 2599 428 2634 portio,
443 2599 486 2626 cui
502 2607 531 2627 se
542 2599 576 2626 ad
588 2598 771 2627 obedientium
791 2597 850 2632 ipse
872 2596 964 2631 subje-

178 2643 258 2671 cerit.
274 2644 308 2672 Et
321 2645 383 2680 quia
399 2645 539 2673 deﬁnitum
550 2650 591 2674 est
603 2645 674 2681 apud
687 2644 784 2676 Deum,
806 2651 862 2671 non
883 2649 965 2677 posse

179 2698 263 2718 unum
285 2692 423 2720 hominem
433 2693 576 2728 utriusque
584 2692 659 2727 regni
672 2699 734 2719 esse
745 2697 856 2718 servum
867 2699 874 2723 ;
889 2689 965 2716 omni

179 2737 271 2765 studio
285 2738 349 2766 date
363 2746 486 2774 operam,
501 2739 528 2766 in
546 2739 609 2767 boni
619 2738 692 2774 regis
707 2737 798 2764 aulam
816 2736 839 2752 δ’
854 2743 887 2763 ac
899 2736 963 2771 jura

206 2798 230 2814 ³·
246 2797 381 2833 Recognit.
411 2805 437 2825 v.
471 2807 496 2826 c.
521 2799 548 2834 '7,
571 2800 682 2828 totidem
708 2800 810 2828 verbis.

167 2831 243 2869 ibid.,
257 2842 281 2861 c.
294 2831 324 2861 ξιξ
371 2835 393 2850 δ’
404 2834 515 2869 [mium
542 2831 546 2834 ’
565 2835 587 2851 δ’
601 2836 695 2863 Matth.
712 2843 749 2868 Vl,
764 2836 809 2862 24.

167 2866 189 2883 ⁵⁷
202 2868 270 2896 Gen.
291 2876 365 2903 xux,
384 2866 428 2897 l0.
466 2871 488 2886 “
503 2869 639 2906 Rccognit.
668 2879 696 2902 v,
713 2866 798 2898 cf”.

863 2799 886 2815 "
901 2798 1099 2826 insatiabiliter.

860 2835 883 2851 ⁸⁸
899 2834 1034 2869 Recognit.
1050 2843 1076 2867 v,
1089 2842 1115 2863 c.
1132 2835 1176 2863 10.
1213 2833 1246 2870 ι⁸¹
1263 2834 1411 2868 liecogm't.,
1427 2833 1506 2866 ibid.,
1522 2840 1548 2861 ε.
1562 2833 1607 2861 Η.

1017 2271 1119 2299 invidia
1127 2274 1266 2307 excaecati,
1275 2281 1423 2309 agnoscere
1435 2275 1617 2308 nequiverunt
1625 2278 1800 2309 praesentem,

1016 2318 1043 2345 in
1057 2319 1137 2353 cujus
1152 2327 1200 2354 spe
1214 2320 1375 2347 laetabantur
1391 2320 1523 2348 absentis.
1534 2319 1727 2348 lntellexerunt
1741 2324 1802 2346 tan-

1016 2370 1072 2391 tum
1089 2366 1177 2393 sancti
1191 2367 1324 2403 _apostoli,
1340 2368 1386 2401 qui
1402 2374 1416 2393 a
1429 2366 1484 2394 Deo
1498 2367 1578 2394 electi
1601 2370 1676 2397 sunt,
1694 2370 1721 2394 et
1740 2373 1801 2397 nos,

1016 2414 1063 2448 qui
1078 2417 1140 2448 post
1159 2414 1192 2441 ab
1204 2414 1246 2441 eis
1269 2414 1348 2441 electi
1365 2421 1470 2441 sumus.
1489 2413 1511 2430 “
1522 2413 1579 2440 Hoc
1596 2418 1687 2440 autem
1709 2412 1796 2447 provi-

1015 2460 1107 2488 dentia
1124 2460 1170 2487 Dei
1187 2460 1288 2487 factum
1300 2464 1353 2491 est,
1368 2464 1397 2487 ut
1413 2459 1516 2495 agnitio
1536 2459 1601 2486 boni
1621 2459 1704 2493 hujus
1717 2459 1802 2485 etiam

1015 2507 1141 2542 gentibus
1157 2506 1329 2538 traderetur;
1350 2509 1377 2533 et
1391 2506 1417 2532 bi
1430 2506 1477 2540 qui
1494 2513 1634 2540 nunquam
1650 2505 1684 2532 de
1705 2512 1739 2532 eo
1753 2512 1798 2530 au-

1015 2552 1132 2582 dierant,
1149 2559 1199 2579 nec
1215 2560 1228 2578 a
1256 2551 1394 2586 prophetis
1422 2551 1593 2583 didicerant,
1620 2554 1799 2584 agnoscerent

1014 2606 1093 2631 eum;
1110 2598 1147 2625 illi
1164 2606 1240 2628 vero,
1257 2598 1304 2633 qui
1315 2598 1483 2633 qnotidianis
1498 2597 1722 2625 meditationibus
1735 2603 1798 2623 eva-

1015 2648 1140 2676 nuerant,
1158 2644 1324 2679 ignorarent.
1342 2643 1413 2671 Ecce
1424 2644 1497 2670 enim
1512 2650 1586 2670 nunc
1610 2650 1659 2677 per
1677 2650 1735 2672 vos,
1753 2641 1799 2676 qui

1014 2695 1162 2726 praesean
1184 2691 1262 2722 estis,
1290 2695 1318 2718 et
1332 2689 1496 2717 desideratis
1522 2689 1617 2716 audire
1642 2688 1797 2715 doctrinam

1014 2736 1074 2763 fidei
1087 2736 1158 2771 ejus,
1172 2740 1200 2764 et
1213 2743 1361 2771 agnoscere
1382 2735 1444 2771 quis
1458 2740 1484 2762 et
1504 2735 1642 2770 quomodo
1655 2739 1682 2762 ct
1707 2735 1796 2769 qualis

1613 2798 1635 2814 δ’
1653 2797 1799 2832 Βεεοφιὶσ..

1154 2799 1178 2815 ⁸ο
1192 2798 1338 2833 Recogm't.,
1372 2797 1449 2831 ibid.,
1482 2804 1507 2825 c.
1530 2797 1547 2825 8
1613 2798 1635 2814 δ’
1653 2797 1787 2832 Recogm't.

1154 2835 1176 2863 λ
1213 2833 1246 2868 ιδ’
1263 2834 1411 2868 liecognit.,
1427 2833 1506 2866 ibid.,
1522 2840 1548 2861 c.
1562 2833 1607 2861 H.
1653 2834 1751 2868 “Agg.
1769 2839 1787 2857 ιι
