1884 3104
95 153 141 183 397

684 152 861 182 ιῬιδτοιΑε
879 153 1114 182 DECRETALES.

1653 158 1706 188 498

96 215 127 242 sit
137 213 191 249 ejus
214 212 358 245 adventus,
384 211 543 248 prophetica
565 211 668 240 veritas
690 212 864 248 adimpletur.
881 215 902 242 Α
918 212 1005 240 luceat
1021 212 1145 240 omnibus
1169 213 1256 248 quiin
1270 213 1348 241 dom
1375 219 1438 241 sunt
1453 214 1486 243 “.
1509 214 1538 242 Si
1553 214 1616 251 quia
1638 224 1706 252 ergo

96 260 115 277 ⁸⁸
125 259 174 287 Hoc
183 259 253 287 enim
269 259 408 294 propheta:
422 258 445 274 '°
460 258 652 293 przedixerant,
669 258 732 293 quia
757 265 772 285 a
788 259 864 286 vobis

96 306 244 343 quaerendus
256 310 339 337 esset,
353 305 400 340 qui
416 304 449 332 de
465 312 498 331 eo
515 312 656 339 nunquam
671 303 786 332 audistis
797 325 804 332 .
832 303 866 331 Et

96 354 147 381 ideo
157 352 275 380 videntes
290 352 318 378 in
333 351 410 378 vobis
432 350 498 385 ipsis
520 350 679 385 prophetica
701 350 775 377 dicta
790 357 865 377 com-

95 399 163 434 pleri,
178 398 238 425 huic
250 396 297 424 uni
312 400 386 424 recte
400 396 522 426 creditis,
539 396 612 423 hunc
631 399 706 424 recte
722 401 864 431 exspecta-

95 445 135 476 tis,
149 444 179 471 de
194 444 244 470 hoc
259 447 334 470 recte
349 442 499 477 inquiritis,
515 446 544 469 ut
556 450 610 469 non
622 442 710 469 solum
721 446 864 478 exspecte-

94 491 125 518 tis
137 497 203 522 eum,
220 489 267 516 sed
283 492 311 516 et
330 488 514 516 hzereditatem
536 488 614 523 regni
640 488 700 523 ejus
721 488 863 516 credentes

94 535 295 571 consequamini,
330 535 479 563 secundum
505 534 577 570 quod
604 535 663 570 ipse
690 535 770 567 dixit,
799 536 863 570 quia

95 582 266 616 unusquisque
281 581 358 608 illius
383 581 412 608 [it
425 588 532 613 servus,
554 581 598 608 cui
614 589 644 609 se
663 581 721 616 ipse
738 581 863 615 subjece-

94 630 130 657 rit.
143 630 163 645 "
180 628 326 663 Propterea
342 635 406 664 ergo
421 628 542 663 vigilate,
556 632 584 655 et
598 627 741 654 Dominum
762 627 862 655 Deum-

94 684 136 710 que
149 678 267 702 nostrum
297 674 377 701 vobis
392 673 558 701 conscribito
579 673 734 705 Dominum,
761 675 808 709 qui
836 678 863 702 ct

93 721 144 748 cteli
160 729 188 748 ac
202 724 281 748 teme
299 719 434 748 Dominus
448 723 501 748 est.
516 719 549 746 Et
563 720 596 747 ad
613 720 698 755 ipsius
722 728 771 748 vos
794 721 863 747 ima-

92 769 168 803 ginem
180 775 209 794 ac
223 766 431 794 similitudinem
447 766 602 799 reformate,
619 767 689 794 sicut
713 767 771 802 ipse
782 775 862 794 verus

93 813 207 848 propheta
218 813 309 843 docet,
326 812 434 840 dicens:
449 812 540 839 Eslote
555 812 626 844 boni,
641 817 666 839 et
681 812 862 840 misericordes

93 860 148 886 sicut
165 864 187 886 et
199 858 279 886 Pater
290 863 375 885 vester
384 858 495 885 cwlestis
511 858 660 885 misericors
675 862 724 890 est,
740 859 784 894 qui
797 859 863 886 oriri

92 905 146 939 facit
156 905 233 931 solem
247 912 328 931 suum
346 912 423 939 super
439 904 518 931 bonos
529 909 554 931 et
566 905 660 934 malos.
672 909 697 931 et
708 905 775 939 pluit
785 913 863 940 super

89 952 163 986 justas
176 957 200 979 et
214 951 330 986 injustas
344 951 378 979 ".
394 950 472 978 Hunc
486 958 552 986 ergo
566 951 707 978 imitamini
718 971 724 983 ,
746 955 773 979 et
791 951 863 980 hunc

93 999 187 1032 timete;
204 1002 230 1026 et
242 998 318 1026 sicut
330 998 488 1025 mandatum
511 997 592 1025 datur
619 997 786 1029 hominibus,
807 996 862 1024 Do-

93 1045 176 1071 minum
202 1044 281 1072 Deum
298 1050 375 1071 tuum
396 1043 510 1075 timebis,
536 1047 561 1070 et
581 1043 624 1070 illi
639 1043 690 1071 soli
716 1044 811 1071 servies
826 1044 860 1072 ".

91 1089 110 1106 "
124 1089 270 1118 lnlidelibus
291 1090 404 1125 quidem
418 1089 520 1117 dormit
533 1088 664 1117 Dominus
677 1109 684 1122 ,
711 1093 738 1117 et
761 1090 861 1118 absens

92 1137 192 1164 habetur
205 1137 247 1164 his
263 1144 278 1163 a
292 1136 396 1171 quibus
410 1143 471 1163 esse
486 1143 541 1162 non
556 1135 688 1167 creditur,
705 1138 732 1162 et
747 1135 860 1162 utenda-

92 1183 120 1210 tis
138 1183 193 1217 ejus
207 1190 261 1210 non
282 1182 434 1215 obediunt;
453 1185 534 1216 atque
559 1181 594 1208 ob
616 1180 642 1208 id
670 1181 726 1209 illis
752 1180 861 1208 videtur

92 1229 156 1264 quasi
169 1227 437 1259 dormireDominus,
454 1227 517 1262 quia
532 1234 581 1261 pro
593 1225 711 1261 peccatis
728 1226 786 1254 suis
804 1234 860 1254 non

91 1274 268 1302 cxaudiuntur.
294 1275 322 1290 "
337 1274 510 1310 Quapropter
531 1273 639 1301 cunctis
664 1273 806 1306 ﬁdelibus,
833 1277 860 1302 et

92 1328 245 1356 summopere
258 1321 390 1348 omnibus
405 1320 572 1356 presbyteris
589 1324 616 1348 et
632 1319 757 1348 diaconis
776 1324 803 1347 et
817 1327 860 1347 re-

92 1367 160 1402 liquis
184 1368 288 1396 clericis
321 1366 516 1394 attendendum
533 1371 575 1394 est
607 1370 637 1393 ut
662 1366 729 1394 nihil
756 1366 860 1401 absque

91 1413 193 1449 episcopi
207 1414 310 1449 proprii
326 1413 435 1441 licentia
448 1416 540 1449 agant.
553 1413 576 1428 "
592 1412 650 1439 Non
658 1413 752 1448 utique
761 1412 860 1441 missas

91 1460 140 1487 sine
155 1461 209 1495 ejus
231 1461 312 1495 jussu
336 1459 483 1495 quisquam
510 1458 730 1493 presbyterorum
759 1458 786 1485 in
809 1465 859 1485 sua

91 1506 202 1541 parochia
215 1510 286 1542 agat,
304 1513 361 1533 non
377 1505 505 1541 baptizet,
523 1512 573 1532 nec
584 1504 731 1539 quidquam
755 1503 859 1538 absque

91 1553 140 1586 ejus
151 1554 279 1588 permissu
304 1553 397 1580 faciat.
424 1551 557 1579 Similiter
584 1554 611 1578 et
628 1551 726 1585 reliqui
755 1550 857 1585 populi,

91 1598 193 1633 majores
208 1600 315 1627 scilicet
332 1606 365 1626 ac
376 1599 496 1626 minores
510 1597 545 1631 ",
557 1604 606 1632 per
623 1597 684 1632 ejus
707 1596 856 1630 licentiam,

91 1645 204 1680 quidquid
229 1645 365 1682 agendum
380 1649 434 1677 est,
450 1647 547 1680 agant:
573 1651 624 1671 nec
638 1644 697 1671 sine
712 1643 772 1678 ejus
795 1651 857 1678 per-

91 1691 164 1719 missu
178 1699 192 1718 a
206 1692 335 1728 parochia
348 1691 506 1722 abscedant,
526 1691 568 1718 vel
586 1690 614 1719 in
628 1698 659 1717 ea
680 1690 857 1718 adventantes

90 1738 175 1764 morari
188 1741 363 1773 prtesumant.
376 1737 481 1764 Anima:
499 1743 566 1764 vero
580 1744 675 1764 eorum
699 1736 724 1763 ei
748 1735 858 1763 credita:

90 1789 152 1812 sunt.
164 1783 222 1812 Ideo
237 1785 331 1812 omnia
346 1784 406 1819 ejus
420 1784 536 1811 consilio
549 1791 628 1818 agere
649 1782 759 1814 debent,
774 1786 802 1809 et
823 1789 857 1809 eo

91 1828 226 1858 inconsulto
237 1830 317 1858 nihil.
332 1831 354 1846 "
361 1830 521 1864 Quicunque
530 1829 600 1855 enim
613 1828 742 1856 obediunt
750 1827 857 1863 episco~

89 1874 124 1908 pis
136 1876 196 1908 suis,
211 1876 340 1904 videntur
362 1875 472 1911 quidem
497 1875 599 1910 aliquid
617 1875 711 1910 gratiae
732 1873 857 1902 conferre

90 1918 145 1948 Deo.
160 1921 207 1954 Qui
221 1926 312 1950 autem
325 1922 366 1950 eis
379 1929 435 1949 non
449 1921 590 1955 obediunt,
612 1920 799 1947 indubitanter
816 1919 857 1947 rei

90 1969 112 1992 et
122 1968 219 2002 reprobi
242 1968 375 1996 existunt.
389 1967 475 1995 Porro
487 1968 539 2003 ipsi
552 1975 566 1994 a
578 1967 632 1994 Deo
643 1967 744 1994 donum
757 1966 858 1994 summi

91 2015 194 2042 muneris
209 2019 427 2050 consequuntur,
443 2014 491 2050 qui
509 2021 558 2049 per
576 2013 689 2048 justitite
707 2017 734 2040 et
755 2019 857 2048 praece—

91 2063 183 2092 ptorum
209 2062 267 2097 ejus
297 2062 409 2089 semitas
432 2061 590 2089 incedentes
613 2059 781 2087 doctoribus
798 2059 856 2087 suis

91 2105 139 2138 (qui
152 2110 218 2135 recte
232 2108 353 2142 episcopi
370 2107 570 2142 intelliguntur)
588 2107 703 2134 libenter
713 2106 853 2134 obediunt.

91 2149 121 2178 De
137 2152 228 2186 quibus
241 2159 267 2181 et
277 2154 374 2181 beatus
382 2153 490 2185 Petrus,
505 2153 657 2181 instructor
673 2156 699 2180 et
714 2153 857 2180 ordinator

91 2202 180 2230 noster,
194 2203 220 2226 et
232 2200 360 2235 princeps
376 2200 575 2235 apostolorum,
589 2198 733 2227 manifeste
741 2203 856 2227 cunctos

915 258 959 286 his
974 259 1118 289 obedierit.
1126 259 1192 292 Deo,
1204 263 1235 287 ut
1263 259 1366 287 dictum
1381 265 1432 293 est,
1454 268 1583 296 magnum
1607 269 1707 292 manus

915 304 1007 333 oﬂ'ert.
1019 305 1072 338 Qui
1081 309 1172 333 autem
1188 305 1232 333 his
1241 306 1382 339 restiterit,
1396 311 1442 333 aut
1451 307 1612 336 inobediens
1622 311 1707 337 exsti-

915 351 991 384 terit,
1009 359 1064 379 non
1076 351 1130 384 his,
1144 352 1192 380 sed
1208 352 1324 380 Domino
1340 352 1474 380 Salvatori
1495 357 1607 384 nostro,
1627 353 1706 388 cujus

914 398 1052 434 legatione
1071 398 1235 434 funguntur,
1250 398 1365 426 resistit.
1380 399 1402 414 ⁶¹
1415 399 1530 434 Propter
1550 400 1624 435 quod
1650 401 1705 436 pri-

914 452 989 472 mum
1001 449 1044 473 est
1059 445 1192 477 omnium,
1218 445 1353 480 justitiam
1373 445 1431 477 Dei,
1453 454 1622 482 regnumque
1643 448 1705 482 ejus

914 490 1070 525 inquirere,
1087 494 1115 518 et
1135 491 1193 519 suis
1207 491 1381 525 jussionihus
1395 492 1602 527 obtemperare;
1622 493 1706 528 justi-

913 536 980 563 tiam
1001 536 1130 572 quidem,
1145 540 1177 564 ut
1201 541 1276 565 recte
1298 544 1378 572 agere
1400 538 1567 572 doceamur;
1590 547 1703 574 regnum

913 589 988 616 vero,
1006 586 1046 615 ut,
1059 590 1120 617 quae
1131 583 1279 611 sitmerces
1294 583 1383 618 posita
1396 583 1499 611 laboris
1513 588 1540 611 et
1555 585 1703 619 patientiae,

913 628 1090 662 noverimus;
1106 628 1135 655 in
1155 636 1209 664 quo
1229 632 1271 657 est
1298 629 1379 656 bonis
1400 629 1510 664 quidem
1535 633 1703 658 aeternorum

913 673 1049 702 bonorum
1064 675 1261 709 remuneratio,
1276 675 1320 703 his
1331 680 1422 704 autem
1437 676 1485 711 qui
1497 681 1593 704 contra
1607 677 1705 705 volun-

914 723 995 748 tatem
1011 720 1071 755 ejus
1083 722 1197 756 egerint,
1213 729 1262 756 pro
1276 722 1496 757 uniuscujusque
1509 723 1595 758 gestis
1606 731 1687 758 poena
1697 738 1704 743 -

913 775 974 794 rum
989 767 1070 803 digna
1085 769 1233 796 restitutio.
1250 768 1273 784 "
1290 768 1340 796 Hic
1355 777 1431 804 ergo,
1450 769 1502 796 hoc
1518 774 1571 801 cst,
1585 771 1612 797 in
1635 778 1704 805 prte-

914 813 985 841 senti
998 814 1054 841 vita
1067 814 1183 849 positos,
1193 819 1301 850 oportet
1315 823 1366 843 nos
1377 823 1527 850 agnoscere
1536 816 1704 844 voluntatem

914 858 973 891 Dei,
988 859 1034 887 ubi
1050 864 1077 887 et
1086 860 1193 895 agendi,
1205 865 1232 888 et
1245 861 1420 888 sacriﬁcandi
1431 865 1474 888 est
1488 862 1582 895 locus;
1598 861 1622 878 “
1635 870 1705 897 quo-

914 906 988 932 niam
1008 906 1035 932 in
1051 907 1112 934 aliis
1130 907 1197 935 locis
1210 907 1368 935 sacriﬁcare
1383 912 1411 935 et
1433 907 1535 936 missas
1559 908 1702 937 celebrare

912 959 966 979 non
980 952 1055 986 licet,
1073 953 1126 981 nisi
1141 954 1167 980 in
1183 954 1238 987 his,
1249 954 1276 981 in
1291 954 1392 989 quibus
1406 955 1552 990 episcopus
1575 956 1703 991 proprius

909 998 1036 1034 jusserit,
1053 1003 1100 1026 aut
1118 1000 1153 1027 ab
1167 1000 1297 1036 episcopo
1310 1002 1473 1036 regulariter
1490 1001 1617 1030 ordinato
1628 1024 1637 1036 ,
1660 1007 1701 1031 te-

910 1049 994 1074 nente
1005 1046 1133 1074 videlicet
1148 1047 1296 1080 civitatem,
1312 1052 1492 1076 consecratus
1508 1048 1600 1076 fuerit.
1615 1049 1703 1078 Aliter

911 1093 983 1120 enim
1010 1101 1066 1121 non
1094 1098 1157 1121 sunt
1176 1093 1234 1121 haec
1250 1094 1366 1129 agenda,
1391 1103 1441 1122 nec
1457 1095 1509 1122 rite
1527 1095 1701 1129 celebranda,

911 1138 1025 1167 docente
1059 1147 1110 1168 nos
1140 1139 1216 1168 Novo
1244 1144 1271 1168 et
1298 1140 1389 1168 Veteri
1420 1141 1607 1170 Testamento.
1637 1141 1702 1171 Haec

910 1186 1025 1220 apostoli
1054 1193 1070 1213 a
1093 1185 1208 1214 Domino
1242 1191 1422 1222 acceperunt,
1450 1191 1476 1215 et
1507 1189 1587 1216 nobis
1613 1189 1700 1217 tradi-

909 1231 1027 1266 derunt;
1042 1232 1100 1260 haec
1120 1240 1170 1260 nos
1185 1233 1333 1267 fdocemus,
1354 1234 1488 1269 vobisque
1516 1239 1543 1262 et
1563 1235 1700 1266 omnibus.

910 1279 1013 1313 absque
1033 1279 1260 1314 reprehensione,
1296 1283 1389 1308 tenere
1416 1285 1443 1308 et
1467 1280 1577 1313 docere,
1601 1281 1702 1317 quibus

911 1324 1046 1358 agendum
1077 1328 1130 1358 est,
1158 1324 1331 1353 mandamus.
1359 1326 1381 1341 "
1393 1325 1569 1361 Unaquaeque
1598 1327 1701 1354 etenim

909 1377 954 1396 res
984 1375 1092 1404 tempus
1118 1379 1197 1398 suum
1229 1370 1310 1398 habet
1338 1375 1366 1398 et
1397 1372 1497 1399 locum.
1514 1371 1632 1407 Operum
1653 1372 1700 1400 hic

909 1414 988 1443 locus
1001 1419 1054 1448 est,
1068 1420 1176 1451 tempus
1192 1425 1256 1444 vero
1271 1418 1428 1445 meritorum
1445 1422 1488 1446 est
1511 1419 1639 1446 saeculum
1653 1417 1699 1446 fu-

909 1464 1014 1489 turum.
1028 1461 1068 1490 Ne
1080 1469 1145 1497 ergo
1161 1463 1342 1497 impcdiamur
1353 1484 1361 1496 ,
1378 1463 1501 1491 ordinem
1518 1464 1640 1491 locorum
1667 1471 1700 1492 ac

909 1510 1064 1542 temporum
1077 1512 1275 1542 permutantes,
1290 1509 1389 1543 primo,
1402 1517 1463 1544 qua:
1475 1510 1511 1537 sit
1526 1509 1572 1537 Dei
1581 1510 1699 1545 justitia,

872 1555 893 1584 C
910 1554 1093 1588 requiramus,
1102 1557 1129 1581 et
1140 1558 1269 1589 tanquam
1290 1555 1342 1582 iter
1356 1555 1457 1588 acturi,
1471 1555 1621 1582 abundanti
1645 1555 1700 1583 via-

908 1599 963 1626 tico
987 1599 1068 1627 bonis
1089 1600 1218 1634 operibus
1239 1601 1396 1635 repleamur
1408 1621 1415 1634 ,
1431 1609 1487 1636 quo
1503 1601 1644 1637 possimus
1664 1601 1699 1629 ad

908 1652 1022 1680 regnum
1041 1644 1100 1678 Dei,
1117 1650 1245 1680 tanquam
1261 1646 1295 1673 ad
1310 1646 1406 1674 urbem
1431 1648 1589 1680 maximam,
1601 1654 1698 1682 perve-

908 1692 978 1720 nire.
1004 1691 1074 1720 Deus
1088 1693 1159 1719 enim
1177 1693 1218 1720 his
1245 1693 1292 1727 qui
1320 1697 1394 1720 recte
1422 1693 1545 1720 sentiunt
1564 1700 1613 1728 per
1638 1693 1699 1727 ipsa

908 1745 991 1772 opera
1010 1737 1117 1770 mundi,
1138 1746 1199 1773 qua)
1222 1737 1297 1770 fecit,
1315 1738 1478 1766 manifestus
1490 1742 1533 1766 est
1544 1738 1586 1771 ";
1611 1738 1698 1772 ipsius

908 1788 1040 1812 creaturae
1051 1792 1107 1812 sua:
1123 1789 1204 1812 utens
1218 1785 1390 1812 testimonio:
1406 1789 1433 1812 et
1447 1784 1509 1812 ideo
1524 1792 1586 1811 cum
1598 1784 1632 1811 de
1641 1784 1698 1812 Deo

907 1830 1042 1858 dubitatio
1060 1838 1121 1858 esse
1133 1838 1187 1858 non
1198 1831 1307 1861 debeat,
1322 1831 1356 1858 de
1368 1831 1425 1859 sola
1443 1839 1516 1858 nunc
1541 1830 1600 1865 ejus
1614 1830 1698 1864 justi-

908 1876 945 1902 tia
956 1876 1127 1911 requiramus
1137 1881 1164 1903 et
1180 1884 1273 1912 regno.
1283 1876 1389 1904 Idcirco
1400 1876 1556 1911 persuadeo
1565 1876 1695 1911 primum,

906 1922 1039 1957 justitiam
1054 1922 1115 1957 ejus
1125 1930 1185 1950 esse
1201 1922 1405 1957 requirendam,
1420 1926 1450 1949 ut
1473 1930 1522 1957 per
1545 1922 1616 1948 hanc
1643 1921 1697 1948 iter

907 1972 1029 2003 agentes,
1044 1972 1071 1996 et
1087 1969 1114 1995 in
1125 1968 1168 1995 via
1182 1969 1304 1996 veritatis
1316 1969 1409 2004 positi,
1421 1975 1515 1996 verum
1531 1967 1697 2002 prophetam

908 2014 1029 2041 invenire
1044 2014 1192 2049 possimus,
1206 2023 1260 2042 non
1270 2015 1414 2042 velocitate
1426 2014 1537 2049 pedum,
1551 2013 1598 2041 sed
1608 2013 1697 2041 bono-

907 2067 968 2087 rum
983 2067 1095 2095 operum
1108 2060 1251 2088 velocitate
1264 2065 1407 2088 currentes
1420 2069 1426 2093 ;
1438 2063 1467 2087 ut
1479 2059 1539 2094 ipso
1554 2059 1625 2086 duce
1640 2058 1694 2090 usi,

907 2106 1013 2133 nullum
1028 2106 1078 2133 viae
1093 2106 1174 2141 hujus
1185 2106 1321 2141 patiamur
1331 2113 1463 2133 errorem.
1478 2105 1507 2133 Si
1516 2104 1591 2133 enim
1604 2104 1695 2139 ipsum

908 2155 1064 2187 sequentes,
1080 2152 1184 2187 ingredi
1213 2152 1396 2180 meruerimus
1423 2153 1509 2184 illam,
1526 2159 1581 2188 quo
1596 2159 1695 2186 perve-

907 2199 966 2226 nire
978 2199 1114 2234 cupimus,
1122 2198 1259 2226 civitatem
1270 2207 1277 2231 ;
1293 2199 1386 2225 omnia
1399 2197 1455 2232 jam
1465 2198 1501 2226 de
1510 2198 1610 2233 quibus
1622 2205 1695 2232 qum-

91 2245 214 2274 audientcs
229 2247 392 2277 instruebat,
409 2246 520 2273 dicens:
533 2246 556 2261 ⁵⁸
572 2244 789 2276 Videnturmihi,
807 2245 856 2279 qui
872 2244 893 2271 D
909 2245 986 2277 ritur,
1003 2244 1090 2271 oculis
1109 2244 1272 2276 videbimus,
1291 2248 1422 2279 tanquam
1436 2245 1556 2273 haeredes
1571 2245 1694 2272 omnium

92 2290 222 2326 loquuntur
232 2293 314 2321 verba
329 2292 462 2324 veritatis,
479 2296 505 2319 et
520 2291 566 2326 qui
582 2291 737 2318 illuminant
749 2291 855 2318 animas

93 2336 225 2371 hominum,
241 2340 345 2367 similes
359 2347 420 2368 esse
435 2339 520 2366 radiis
531 2339 613 2370 solis;
632 2338 677 2372 qui
694 2341 722 2364 ut
745 2345 857 2372 proces-

93 2384 165 2411 serint
173 2389 198 2412 et
210 2387 384 2421 apparuerint
396 2386 508 2417 mundo,
524 2385 608 2413 celari
624 2385 694 2411 ultra
709 2384 857 2411 autoccul-

93 2429 136 2455 tari
146 2431 293 2460 nullatenus
308 2435 434 2467 possunt,
453 2431 517 2458 dum
539 2439 594 2458 non
610 2434 663 2457 tam
676 2430 804 2457 videntur
822 2430 856 2456 ab

93 2475 214 2508 omnibus,
227 2485 307 2512 quam
321 2477 412 2505 videre
429 2477 558 2504 omnibus
570 2479 710 2510 praestant.
729 2474 806 2502 Unde
831 2480 858 2502 et

95 2519 150 2548 bene
158 2521 211 2556 ipsa
226 2531 272 2557 per
283 2532 312 2551 se
329 2523 435 2551 Veritas
452 2523 485 2550 ad
497 2522 626 2551 Veritatis
643 2530 784 2557 prrccones
800 2523 856 2550 ait:

99 2563 140 2592 Vo:
150 2567 206 2595 uti:
218 2569 262 2595 lux
274 2569 363 2596 mundi
375 2577 384 2601 ;
401 2572 427 2596 et
439 2579 444 2595 :
460 2568 520 2595 Non
527 2573 611 2602 potest
626 2568 718 2595 civitas
731 2567 857 2594 abscondi

94 2617 162 2644 “pro
176 2619 282 2641 montem
295 2615 389 2649 posita,
407 2622 487 2650 neque
513 2613 658 2640 accendunt
685 2613 818 2640 lucernam
832 2618 858 2641 et

95 2662 179 2688 νοκιιιιι
191 2668 246 2687 eam
260 2661 306 2687 sub
323 2660 419 2693 modio,
448 2660 493 2688 sed
506 2668 589 2694 supra
612 2659 811 2693 candelabrum,
828 2664 857 2687 ut

116 2723 137 2763 ‘2
149 2725 193 2754 Est
205 2729 281 2763 quod.
328 2730 351 2746 ⁵ο
363 2730 417 2757 lsa.
439 2738 502 2758 uv.

551 2729 573 2745 ³¹
596 2728 742 2764 lieeognit.,
762 2737 789 2761 ν,
810 2737 834 2756 c.
859 2730 899 2757 15.

88 2758 239 2800 “Recogita.
259 2773 317 2792 vni.
353 2765 377 2782 ⁸³
393 2765 444 2798 16,
460 2769 556 2800 quaest.
578 2773 604 2796 ι,
629 2758 857 2800 (ἐιῆιειὶέᾕιὶεζὶῡιι

955 2764 1039 2800 Couc.
1055 2758 1224 2800 Tribur.’52.
1242 2761 1301 2800 Ivo_,

911 2289 985 2318 facti.
1000 2290 1245 2329 intelligiteitaque
1259 2290 1330 2317 viam
1345 2298 1408 2318 esse
1422 2290 1495 2318 hunc
1520 2291 1580 2318 vita:
1594 2296 1695 2319 nostrae

909 2344 1038 2370 cursum;
1055 2336 1184 2369 viatores,
1199 2343 1247 2363 eos
1261 2336 1307 2371 qui
1323 2343 1373 2363 nos
1392 2335 1541 2368 instruunt,
1566 2337 1607 2364 vel
1622 2336 1694 2367 bona

909 2390 991 2417 opera
1003 2386 1115 2418 gerunt;
1132 2386 1320 2417 portamvero,
1335 2382 1495 2417 prophetam
1510 2383 1544 2411 de
1554 2391 1608 2417 quo
1621 2382 1693 2410 dici-

911 2436 984 2461 mus;
997 2429 1102 2461 urbem,
1118 2435 1232 2463 regnum
1246 2435 1320 2459 esse,
1334 2428 1361 2454 in
1375 2435 1429 2462 quo
1455 2427 1558 2456 residet
1568 2427 1694 2462 omnipo-

910 2478 970 2502 tens
982 2474 1073 2507 Pater,
1089 2482 1170 2509 quem
1190 2474 1241 2502 soli
1256 2474 1347 2501 videre
1360 2478 1474 2509 possunt
1495 2474 1523 2501 hi
1536 2473 1694 2509 qnimundo

908 2525 973 2550 sunt
987 2521 1078 2550 corde.
1100 2520 1160 2549 Non
1175 2528 1240 2556 ergo
1253 2520 1332 2548 nobis
1344 2519 1461 2547 dillicilis
1478 2519 1602 2547 videatur
1610 2519 1694 2554 hujus

908 2568 1015 2596 itineris
1031 2568 1118 2600 labor,
1131 2567 1195 2602 quia
1218 2567 1246 2594 in
1257 2567 1310 2594 [ine
1321 2566 1381 2601 ejus
1397 2566 1505 2601 requies
1519 2566 1579 2594 erit.
1590 2563 1657 2592 Nam
1666 2569 1694 2593 et

908 2608 968 2650 ipse
979 2623 1059 2642 verus
1072 2613 1259 2650 propheta,ab
1271 2613 1349 2642 initio
1374 2612 1468 2641 mundi
1488 2620 1537 2648 per
1560 2611 1692 2640 saeculum

909 2668 1036 2694 currens,
1053 2660 1164 2688 festinat
1174 2659 1208 2686 ad
1223 2659 1353 2695 requiem.
1369 2658 1454 2686 Adest
1460 2658 1532 2686 enim
1542 2657 1621 2686 nobis
1632 2664 1693 2684 om-

1462 2725 1486 2742 "
1504 2724 1582 2752 Deut.
1597 2733 1633 2757 v1,
1652 2724 1698 2751 15.

947 2729 970 2745 ⁵⁸
986 2728 1052 2756 Luc.
1077 2736 1122 2760 v1,
1140 2727 1192 2759 27;
1213 2726 1306 2753 Matth.
1326 2735 1352 2759 v,
1368 2726 1414 2753 45.
1462 2726 1486 2742 ⁵³
1504 2726 1582 2752 Deut.
1597 2733 1633 2757 v1,
1652 2726 1698 2763 15.

955 2764 1039 2786 Cmm.
1055 2763 1166 2786 Trihnr.
1180 2763 1224 2786 5‘2.
1242 2761 1300 2786 Ivo.
1320 2770 1346 2786 ι).
1369 2769 1387 2786 Il
1398 2780 1405 2786 .
1421 2768 1446 2786 c.
1466 2760 1530 2786 2‘23.
1575 2760 1598 2775 ⁵⁷
1612 2767 1700 2786 semo-

1320 2770 1346 2796 p.
1369 2769 1405 2792 n,
1421 2768 1446 2788 c.
1466 2760 1530 2796 223.

90 2801 124 2821 να
141 2794 309 2832 Μ’Ῑιιιίοηε.
347 2801 369 2817 ⁵⁸
379 2794 514 2852 Recoqnit.
533 2808 564 2828 ιι.
599 2794 624 2817 ’⁵³
642 2800 706 2827 Haec
718 2794 790 2827 beati
804 2799 859 2826 Pet:

90 2828 146 2852 βό.
187 2833 298 2852 “Ilum.
323 2843 339 2852 ι,
362 2836 397 2852 ιι
465 2837 472 2852 ι
495 2835 615 2852 nanum“
643 2843 660 2852 ι.
688 2844 702 2852 ,-
729 2836 765 2852 θη
821 2836 842 2850 ει

947 2799 1008 2828 stoii
1026 2799 1109 2826 verba
1130 2799 1263 2825 habentur
1281 2797 1308 2823 iu
1320 2794 1392 2824 libro
1407 2804 1453 2823 νιιι
1470 2794 1699 2830 Κεεοθηὶιὶοηιηιμ

948 2842 1024 2852 ηοω...
1065 2834 1164 2852 ,ιῖειῖηρ
1193 2833 1201 2852 ι
1240 2832 1288 2852 In.-
1303 2840 1373 2852 prim,
1392 2831 1419 2852 id
1431 2837 1478 2852 ps1,
1526 2831 1548 2847 η
1562 2829 1634 2852 Felix
1653 2828 1698 2852 IV.

90 2835 112 2856 ει
122 2828 146 2868 ιε
184 2828 207 2849 ῖο
219 2833 309 2863 naua.
323 2843 350 2868 ν,
362 2836 406 2863 ιι.

465 2837 472 2852 ¹
491 2835 626 2875 Recognt't.
636 2843 673 2875 _n,
688 2844 714 2875 c_.
729 2836 780 2875 20;
798 2836 842 2875 ﬂ"
861 2836 899 2862 De
911 2828 1047 2867 ὶοιιεθει..
1065 2834 1174 2862 distiuc.
1193 2833 1222 2866 i,
1237 2832 1288 2860 llic
1303 2840 1375 2867 ergo,
1391 2831 1419 2858 id
1431 2837 1480 2858 est.
1517 2828 1548 2866 ,⁸⁵
1562 2829 1637 2875 Felix
1651 2828 1698 2864 IV,-

91 2871 125 2900 (Ῥ-
137 2864 159 2895 i.
193 2868 214 2887 “
228 2864 358 2907 Recognt‘i.
374 2879 404 2906 ιι,
419 2876 445 2899 ct
459 2879 541 2908 supra
557 2864 584 2900 i'u
600 2864 680 2906 epist.
694 2871 720 2898 1,
759 2870 780 2887 θ’
797 2869 878 2899 lium.
897 2879 917 2900 ι,
