1884 3104
178 161 233 191 499

615 159 646 189 S.
663 157 859 187 CLEMENTIS
875 158 884 185 l
902 157 984 186 ROM.
1003 156 1103 185 PONT.
1123 155 1236 184 OPERA
1254 155 1368 183 DUBiA.

1745 154 1793 182 500

172 217 254 245 nibus
264 217 372 251 diebus;
388 222 415 245 et
426 218 449 245 si
461 217 572 253 quando
588 225 702 246 necesse
712 222 765 249 est,
790 220 912 252 apparet,
933 222 960 244 et
973 219 997 248 Α
1012 223 1075 243 rum
1091 223 1174 244 causa
1195 215 1230 249 ⁷⁵,
1254 215 1320 243 utile
1340 222 1395 242 non
1410 213 1534 242 videtur:
1557 221 1592 241 ne
1614 212 1687 241 forte
1701 213 1791 242 existi-

171 263 285 298 corrigit
297 271 358 297 nos,
369 270 399 291 ut
411 265 630 299 obtemperantes
640 265 704 298 sibi,
719 264 753 291 ad
765 265 846 292 vitam
859 264 959 299 perdu-

171 312 215 335 cat
228 313 367 337 aeternam.
385 309 423 337 De
436 309 480 338 his
501 315 592 337 autem
607 311 653 346 qui
666 311 805 346 negligunt
818 310 890 337 viam
903 318 960 339 suae

172 354 280 387 salutis,
300 358 328 382 et
337 355 427 383 adhuc
442 356 466 372 “
479 364 535 384 non
544 357 613 384 bene
641 356 749 388 ﬁdeles,
765 360 793 384 et
817 357 960 392 praeceptis

170 400 231 435 ejus
239 408 406 437 suorumque
414 402 573 437 pontiﬁcum
580 403 751 437 jussiouibus
761 403 958 435 inobedientes,

172 447 215 474 vel
240 451 418 476 contumaces
445 449 486 477 eis
506 449 645 481 existunt,
669 450 691 466 "
709 449 841 479 Dominus
864 453 959 476 noster

171 491 253 521 Jesus
266 493 404 525 Christus,
432 496 544 524 mittens
561 496 712 531 discipulos
730 504 806 529 suos,
831 497 960 532 praecepit

172 538 263 572 nobis,
271 539 365 568 dicens
377 550 383 568 :
396 540 430 567 Ut
437 541 465 568 in
475 550 655 577 quamcunque
662 543 790 570 civitatum
797 547 843 569 aut
851 542 958 570 domum

169 585 361 620 ilttroierimua,
373 586 493 614 dicamus
509 595 519 614 :
531 586 592 614 Pax
607 588 667 615 huic
681 587 783 617 domui.
806 588 840 615 Et
856 589 878 617 si
899 589 959 624 qui-

168 633 240 667 dem,
253 632 441 670 inquit,fuerit
456 634 491 661 ibi
505 634 578 668 ﬁlius
590 635 680 668 pacis,
701 635 783 663 ueniet
808 643 886 670 super
899 643 958 662 eum

168 689 222 715 pan:
230 686 327 709 vestra.
336 681 367 709 Si
379 690 437 709 vero
444 688 498 710 non
505 680 597 715 fuerit,
606 688 660 715 pa:
671 686 758 710 vestra
767 681 802 707 ad
810 690 854 709 vos
873 690 958 709 rever-

170 733 248 756 tetur.
269 728 369 756 Euntes
384 733 473 756 autem
486 728 518 756 de
538 727 619 756 domo
631 727 676 766 vel
689 727 793 755 civitate
805 727 864 760 illa,
876 728 958 755 etiam

168 774 300 808 pulverem
310 775 355 810 qui
370 774 509 802 adhwserit
519 774 745 809 pedibusueslris,
760 774 902 801 excutiatis
912 782 958 801 su-

168 828 214 854 per
228 829 282 848 eos.
307 820 484 848 Tolerabilius
506 821 557 848 erit
572 825 651 848 terra:
665 820 844 849 Sodomorum
862 824 888 846 et
905 818 958 846 Go-

169 866 360 893 morrhworum
383 866 411 896 in
426 866 468 893 die
487 866 596 901 judicii,
621 874 700 902 quam
724 867 766 893 illi
788 866 892 894 civitati
917 865 957 893 uel

1011 266 1086 290 ment
1111 270 1163 290 nos
1189 261 1375 297 responsionis
1407 260 1521 296 penuria
1547 260 1687 289 declinare
1707 266 1795 289 certa-

1009 316 1083 340 men,
1098 312 1126 336 et
1147 308 1215 336 ﬁdes
1234 315 1330 336 eorum
1355 309 1481 342 laedatur,
1500 315 1556 335 non
1578 308 1760 344 intelligentia
1772 309 1795 325 "

1009 354 1142 393 propositi
1156 355 1243 383 nostri
1255 355 1290 382 ".
1317 355 1338 370 "'
1348 354 1444 390 Magna
1463 354 1642 387 contumelia,
1664 359 1694 383 et
1715 363 1797 391 grave

1009 401 1091 429 nobis
1115 402 1170 429 erit
1188 405 1343 437 peccatum.
1363 401 1387 429 si
1413 402 1451 428 ita
1477 401 1657 436 desipismus,
1678 406 1711 430 ut
1734 410 1796 430 cum

1009 447 1151 475 videamus
1165 455 1228 475 eum
1239 448 1287 483 qui
1299 447 1371 475 idola
1387 448 1455 475 colit
1462 455 1523 475 esse
1536 447 1672 481 sobrium,
1687 456 1740 476 nos
1750 450 1795 484 qui

1009 493 1094 521 Deum
1109 495 1237 527 colimus,
1255 494 1342 522 sobrii
1357 502 1419 523 esse
1432 501 1604 522 recusemus.
1617 494 1679 523 Non
1696 495 1749 523 hoc
1761 496 1796 524 sit

1009 540 1081 568 inter
1094 548 1155 573 nos,
1171 540 1219 569 sed
1237 548 1365 576 magnum
1381 541 1532 569 habeamus
1557 541 1694 575 studium,
1719 547 1750 570 ut
1773 544 1796 571 si

1009 585 1049 613 illi
1074 587 1121 622 qui
1150 591 1245 615 errant
1269 587 1450 615 homicidium
1474 595 1529 615 non
1556 588 1670 621 faciunt,
1689 597 1742 617 nos
1764 597 1798 617 ne

1009 632 1163 661 irascamur
1186 633 1308 668 quidem.
1327 632 1361 661 Et
1374 633 1398 661 si
1414 633 1454 661 illi
1469 634 1636 662 adulterium
1652 643 1709 662 non
1723 643 1797 663 com-

1009 678 1132 712 mittunt,
1148 687 1199 707 nec
1218 679 1448 715 concupiscamus
1463 681 1573 715 quidem
1592 681 1713 708 alienam
1736 690 1797 708 mu-

1008 724 1114 752 lierem.
1139 724 1168 752 Si
1188 725 1227 752 illi
1250 730 1344 753 amant
1368 726 1512 762 proximos
1537 734 1614 761 suos,
1640 735 1694 755 nos
1714 728 1797 755 etiam

1008 769 1155 805 diligamus
1170 770 1297 801 inimicos
1316 776 1438 800 nostros.
1456 771 1486 799 Si
1504 772 1544 800 illi
1560 776 1658 800 mutuo
1672 773 1742 801 dant
1756 774 1797 804 his

1008 816 1057 852 qui
1072 817 1173 845 habent
1191 817 1262 845 unde
1281 818 1409 853 reddant,
1425 826 1477 846 nos
1498 819 1578 847 etiam
1599 818 1643 847 his
1652 819 1765 853 demus,
1782 827 1797 848 a

1009 863 1109 898 quibus
1125 863 1247 899 recipere
1261 871 1316 891 non
1330 871 1484 898 speramus.
1503 863 1537 892 Et
1555 872 1604 900 per
1618 865 1716 892 omnia
1738 873 1795 898 nos,

168 912 259 939 domui
274 913 306 940 ⁸⁸.
324 912 402 949 Quod
417 899 512 949 utique
524 913 562 940 ita
578 899 688 940 demum
703 912 763 940 ﬁeri
777 913 915 948 praecepit,
930 912 958 942 si
973 899 995 927 Β
1011 909 1059 944 qui
1072 909 1096 927 "'
1111 910 1205 937 Blerni
1223 909 1316 937 5330"“
1335 909 1522 938 hwredilatem
1541 899 1700 946 spetam“.
1718 911 1797 940 debv

167 958 245 994 prius
255 958 285 985 in
296 958 407 986 civitate
421 959 463 987 vel
485 959 567 990 domo
584 959 707 987 veritatis
721 967 811 987 sermo
821 959 955 994 praedice—

168 1009 229 1039 tur;
253 1013 288 1033 ex
313 1012 369 1042 quo
391 1006 433 1033 vel
456 1005 620 1041 recipientes
641 1006 765 1034 veritatis
789 1005 882 1038 fidem,
906 1005 955 1033 lilii

168 1050 245 1085 pacis
260 1054 287 1079 et
299 1051 347 1078 ﬁlii
366 1051 413 1078 Dei
429 1051 515 1085 ﬁant;
529 1052 571 1079 vel
584 1059 638 1079 non
656 1052 822 1087 recipientes
837 1060 956 1087 arguan-n

169 1101 226 1130 tur,
254 1098 334 1134 quasi
350 1097 456 1127 inimici
476 1097 552 1132 pacis
566 1102 594 1125 et
618 1097 677 1126 Dei.
700 1097 740 1125 lta
754 1106 818 1133 ergo
846 1102 873 1126 et
892 1106 955 1131 nos,

167 1142 293 1178 magistri
308 1143 433 1172 instituta
449 1147 598 1176 sectantes,
610 1143 699 1178 primo
717 1151 811 1179 pacem
826 1144 956 1179 proponi-

167 1196 231 1216 mus
263 1189 456 1221 auditoribus,
487 1194 517 1218 ut
541 1189 645 1224 absque
671 1190 726 1217 ulla
751 1190 956 1225 perturbatione

167 1235 257 1269 possit
270 1234 314 1262 via
332 1235 430 1265 salutis
445 1235 567 1272 agnosci.
579 1234 658 1269 Quod
673 1235 766 1270 siquis
782 1235 857 1271 pacis
872 1236 954 1263 verba

167 1288 224 1307 non
241 1280 370 1315 suscipit,
388 1289 478 1316 neque
489 1281 641 1316 acquiescit
654 1282 772 1314 veritati,
788 1282 891 1309 scimus
910 1281 955 1309 adv

168 1334 267 1355 versus
286 1335 349 1355 eum
376 1335 494 1362 pugnam
515 1328 592 1356 verbi
610 1335 732 1361 movere,
754 1332 782 1356 et
799 1336 914 1364 arguere
932 1328 955 1345 θ’

167 1374 273 1407 acrius,
296 1373 466 1401 confutando
495 1374 689 1410 ignorantiam,
716 1379 744 1402 et
766 1374 956 1410 redarguendo

168 1423 292 1454 peccata.
310 1418 473 1447 Necessario
495 1421 579 1455 igitur
600 1427 694 1455 pacem
710 1421 901 1456 proponimus,
925 1425 956 1449 ut

166 1466 191 1494 si
213 1466 277 1502 quis
302 1469 344 1495 est
359 1466 434 1494 ﬁlius
454 1467 543 1502 pacis,
560 1475 611 1502 pax
635 1472 730 1495 nostra
754 1467 846 1496 veniat
872 1475 955 1503 super

167 1520 250 1547 eum;
271 1513 305 1541 ab
320 1520 353 1541 eo
373 1517 465 1541 autem
481 1514 530 1549 qui
550 1521 581 1541 se
595 1514 715 1543 alienum
737 1514 799 1549 paci
822 1513 954 1548 eﬁ'ecerit,

1008 963 1071 984 mus
1085 955 1241 991 praecedere
1255 956 1280 972 "
1291 963 1351 989 eos,
1375 956 1424 991 qui
1445 964 1567 992 praesens
1583 961 1695 985 tantum
1710 965 1795 986 saecu-

1006 1003 1065 1032 lum
1083 1006 1234 1036 noverunt;
1245 1002 1374 1037 scientes,
1389 1003 1452 1038 quia
1469 1003 1493 1031 si
1509 1010 1592 1037 opera
1618 1004 1733 1031 illorum
1750 1011 1796 1032 no-

1006 1054 1074 1077 stris
1087 1048 1217 1083 operibus
1242 1049 1352 1081 collata,
1373 1048 1402 1076 in
1423 1049 1467 1076 die
1485 1049 1583 1084 judicii
1606 1049 1711 1077 similia
1728 1050 1797 1079 invc-

1005 1096 1121 1123 niantur
1138 1102 1170 1122 ac
1185 1095 1272 1130 paria,
1287 1095 1415 1123 confusio
1426 1096 1507 1123 nobis
1518 1097 1579 1129 erit,
1592 1096 1666 1131 quod
1680 1097 1796 1132 aequales

1006 1141 1180 1169 inveniamur
1192 1141 1220 1168 in
1231 1141 1423 1175 operibus,his
1433 1142 1480 1177 qui
1492 1146 1603 1177 propter
1613 1142 1795 1177 ignorantiam

1005 1187 1236 1219 condemnamur,
1263 1192 1290 1215 et
1311 1188 1415 1216 nullam
1430 1196 1506 1223 spem
1528 1188 1614 1216 futuri
1635 1189 1731 1218 saeculi
1750 1190 1796 1217 ha-

1006 1234 1139 1263 buerunt.
1161 1234 1186 1250 '°
1206 1234 1240 1261 Et
1256 1241 1320 1262 vere
1336 1234 1419 1269 digna
1435 1234 1563 1263 confusio
1587 1239 1642 1267 est,
1664 1236 1714 1264 ubi
1732 1236 1795 1263 nihil

1006 1281 1125 1317 amplius
1139 1280 1278 1317 gessimus
1292 1280 1328 1309 ab
1342 1280 1386 1309 his
1400 1281 1503 1317 quibus
1523 1282 1641 1317 amplius
1660 1282 1795 1311 intellexi-

1006 1334 1079 1355 mus.
1094 1326 1174 1361 Quod
1188 1326 1213 1354 si
1227 1325 1355 1354 confusio
1377 1327 1459 1355 nobis
1474 1328 1538 1360 erit,
1553 1328 1675 1363 aequales
1693 1328 1738 1356 his
1755 1329 1795 1356 in-

1006 1373 1094 1400 veniri
1105 1373 1133 1401 in
1145 1373 1277 1409 operibus
1288 1373 1385 1408 bonis;
1398 1374 1465 1409 quid
1478 1374 1531 1402 erit
1542 1374 1634 1407 nobis,
1650 1374 1675 1402 si
1689 1374 1795 1402 inferio-

1006 1426 1052 1447 res
1068 1427 1120 1447 nos
1135 1427 1169 1447 ac
1182 1418 1344 1453 deteriores,
1361 1420 1529 1448 examinatio
1551 1420 1644 1448 futura
1660 1421 1795 1456 reperiat?

1006 1465 1105 1494 Audite
1119 1473 1195 1501 ergo,
1216 1465 1354 1501 quomodo
1369 1466 1403 1495 de
1418 1466 1463 1494 his
1488 1474 1540 1495 nos
1557 1467 1616 1502 ipse
1630 1475 1715 1495 verus
1734 1475 1794 1502 pro-

1006 1512 1087 1547 pheta
1103 1511 1238 1540 docuerit.
1252 1511 1294 1540 Ad
1307 1520 1354 1541 eos
1369 1516 1461 1541 autem
1481 1513 1529 1549 qui
1542 1514 1686 1549 negligunt
1703 1514 1794 1541 audire

168 1560 340 1596 regredietur
363 1560 398 1588 ad
419 1567 470 1589 nos
489 1568 543 1596 pax
558 1559 691 1588 nostra."
718 1560 752 1588 Et
767 1561 791 1589 si
808 1561 908 1589 iterum
925 1562 953 1589 iu
968 1572 990 1602 ο
1007 1558 1090 1585 verba
1109 1558 1262 1594 sapientiae,
1288 1559 1328 1586 ita
1351 1559 1409 1587 ait:
1425 1558 1526 1596 Regina
1549 1560 1637 1587 austri
1659 1564 1749 1596 surget
1768 1560 1794 1587 is

168 1605 306 1634 mandatis
324 1605 467 1639 habemus,
480 1610 512 1634 ut
525 1606 667 1634 venientes
691 1605 724 1633 ad
748 1606 897 1641 civitatem,
912 1607 956 1635 di-

173 1660 285 1681 scamus
300 1652 377 1688 prius
393 1652 457 1689 quis
471 1652 499 1680 in
517 1660 549 1680 ea
572 1652 672 1688 dignus
696 1652 744 1686 sit,
756 1655 785 1680 ut
797 1652 869 1688 apud
892 1660 956 1681 eum

168 1699 262 1726 cibum
273 1706 417 1727 sumamus
424 1699 465 1732 “;
481 1702 585 1734 quanto
594 1698 681 1733 magis
689 1698 817 1726 convenit
828 1706 955 1732 noscere,

168 1745 244 1781 quis,
260 1745 385 1782 qualisve
398 1746 434 1774 sit
448 1745 483 1779 is,
499 1745 544 1772 cui
564 1745 779 1776 immortalitatis
794 1745 877 1772 verba
899 1753 957 1773 cre-

169 1792 257 1820 denda
276 1793 362 1820 sunt?
380 1791 498 1820 Solliciti
513 1791 598 1824 enim,
618 1796 645 1819 et
656 1792 736 1819 valde
758 1791 870 1819 solliciti
894 1800 956 1820 esse

169 1838 312 1872 debemus,
342 1847 377 1867 ne
402 1839 566 1874 margaritas
588 1842 698 1866 nostras
724 1838 865 1866 mittamus
893 1843 957 1866 ante

170 1892 269 1920 porcos
283 1886 318 1913 ".
335 1884 389 1913 Sed
402 1889 429 1913 et
447 1885 516 1913 alias
528 1885 563 1912 ob
577 1893 688 1917 causas,
701 1885 767 1913 utile
780 1890 822 1914 est
841 1886 894 1913 viri
908 1885 957 1913 hu—

159 1931 215 1966 ‘jus
225 1932 326 1960 habere
340 1939 384 1960 me
403 1932 541 1959 notitiam.
563 1931 593 1959 Si
618 1932 691 1959 enim
707 1932 805 1964 sciam,
833 1933 898 1968 quia
928 1933 957 1961 in

169 1978 225 2012 his,
240 1978 275 2006 de
288 1978 390 2013 quibus
405 1986 459 2005 non
474 1981 565 2012 potest
579 1978 700 2005 dubitari
719 1978 792 2015 quod
806 1979 876 2006 bona
889 1978 955 2010 sint.

170 2024 332 2053 emendatus
346 2028 389 2052 est
396 2029 423 2052 et
434 2024 627 2060 inculpabilis;
640 2024 751 2058 hocest,
765 2025 914 2057 sisohrius,
932 2026 955 2054 si

170 2072 341 2103 misericors,
357 2071 380 2099 si
389 2071 493 2106 justus,
513 2070 537 2098 si
551 2070 628 2097 mitis
640 2076 667 2098 et
678 2071 814 2099 humanus
826 2076 878 2105 est,
895 2080 956 2107 qua:

170 2119 266 2154 utique
284 2119 357 2146 bona
371 2125 433 2145 esse
447 2117 540 2147 nullus
559 2117 689 2151 ambigit;
706 2121 771 2145 tunc
782 2125 956 2153 consequens

170 2164 317 2198 videbitur,
334 2169 363 2192 ut
375 2164 401 2191 ei
414 2163 461 2199 qui
479 2163 583 2194 obtinet
607 2163 677 2190 bona
700 2164 842 2196 virtutum,
860 2164 954 2196 etiam,

169 2212 243 2247 quod
254 2211 332 2239 deest
348 2210 411 2238 ﬁdei
425 2214 453 2240 et
467 2210 601 2242 scientiae,
619 2209 791 2243 conferatur;
804 2215 831 2237 et
846 2211 873 2237 in
897 2211 956 2245 qui-

170 2259 222 2286 bus
234 2257 366 2287 maculari
384 2256 493 2287 videtur
507 2256 567 2291 ejus
581 2257 647 2288 vita,
663 2264 723 2291 quae
736 2260 779 2283 est
794 2256 820 2283 in
840 2256 955 2291 reliquis

170 2304 332 2340 probabilis,
354 2304 525 2331 emendetur.
548 2301 577 2330 Si
596 2302 711 2330 vero-in
727 2302 770 2330 his
789 2310 850 2337 quae
865 2302 956 2337 palam

169 2356 235 2379 sunt
250 2351 370 2386 peccatis
385 2350 525 2378 involutus
550 2353 692 2385 permanet
715 2349 885 2385 inquinatus,
901 2357 956 2376 non

168 2405 213 2425 me
227 2401 335 2433 oportet
346 2396 449 2432 aliquid
469 2397 503 2424 de
519 2396 714 2424 secretioribus
735 2400 763 2424 et
775 2395 890 2423 remotis
913 2395 956 2422 di-

168 2443 239 2471 vitiae
252 2443 375 2471 scientia:
385 2442 522 2478 proloqui,
535 2442 584 2470 sed
592 2442 678 2478 magis
689 2441 835 2478 protestari
851 2445 879 2469 et
890 2448 956 2468 con-

167 2490 263 2518 venire
288 2498 361 2522 eum,
382 2493 412 2517 ut
428 2497 542 2525 peccare
565 2489 682 2522 desinat,
704 2491 732 2516 et
752 2492 830 2515 actus
855 2494 921 2514 suos
938 2495 953 2515 a

167 2537 244 2565 vitiis
258 2536 394 2565 emendet.
406 2535 484 2569 Quod
498 2536 521 2563 si
537 2535 684 2571 ingesserit
695 2542 736 2567 se,
748 2537 775 2561 et
789 2540 956 2569 provocave—

170 2584 206 2610 rit
223 2590 272 2610 nos
290 2582 392 2616 dicere,
419 2589 480 2619 quis
498 2589 572 2614 eum.
594 2581 688 2608 minus
712 2584 789 2607 recte
815 2583 952 2614 agentem,

169 2637 224 2656 non
250 2632 376 2666 oporteat
406 2628 518 2662 audire;
545 2626 693 2663 prudenter
724 2633 787 2653 eum
823 2625 955 2652 debemus

169 2675 313 2703 eludere"
331 2684 337 2702 :
352 2682 416 2703 nam
437 2674 506 2703 nihil
520 2673 634 2703 omnino
650 2672 827 2708 respondere,
845 2671 955 2700 audito-

198 2785 225 2820 ‘f’r
245 2785 275 2811 ob
295 2785 353 2812 hoc.
411 2786 431 2800 ⁸⁷
456 2785 590 2820 Recognit.
614 2793 643 2812 ll.

700 2784 723 2801 “
741 2783 837 2812 Matth.
857 2793 885 2816 ιι,
904 2783 952 2815 ll;
972 2782 1038 2810 Luc.
1063 2790 1091 2814 ις,
1108 2781 1135 2809 8.

1002 1604 1106 1639 judicio
1129 1613 1189 1632 cum
1211 1606 1378 1641 generatione
1400 1605 1461 1638 hac,
1482 1611 1506 1634 et
1528 1606 1713 1634 condemnabit
1726 1615 1794 1639 eam.

1006 1651 1068 1686 quia
1081 1652 1150 1681 venit
1162 1660 1179 1679 α
1189 1651 1287 1687 ﬁnibus
1301 1657 1378 1680 terra:
1391 1653 1485 1680 audire
1497 1653 1656 1687 sapientiam
1672 1653 1794 1681 Salomo-

1007 1697 1048 1724 nis
1061 1705 1071 1724 :
1081 1702 1106 1725 et
1117 1706 1175 1725 ecce
1185 1698 1326 1733 plusquam
1337 1698 1465 1726 Salomon
1476 1699 1528 1732 hic,
1540 1705 1565 1726 et
1576 1708 1628 1727 non
1640 1700 1754 1729 audiunt
1761 1702 1792 1731 ".

1006 1744 1048 1771 Ad
1061 1752 1109 1772 eos
1126 1751 1200 1778 vero,
1216 1745 1264 1780 qui
1280 1744 1314 1772 de
1325 1745 1406 1773 malis
1427 1746 1537 1773 actibus
1549 1754 1646 1781 gerere
1663 1747 1796 1776 detrecta-

1008 1790 1073 1817 bant
1083 1790 1285 1825 poenitentiam,
1300 1791 1337 1818 ita
1352 1792 1409 1819 ait:
1430 1791 1487 1819 Viri
1501 1791 1629 1821 Ninivitw
1641 1799 1750 1829 surgent
1768 1794 1795 1821 in

1002 1835 1105 1870 judicio
1119 1845 1177 1865 sum
1187 1837 1355 1872 generatione
1376 1837 1437 1870 hac,
1451 1843 1477 1865 et
1489 1838 1704 1867 condemnabam
1725 1849 1794 1873 eam,

1006 1883 1069 1915 quia
1079 1883 1258 1916 paenitentiam
1276 1888 1384 1918 egerunt
1405 1884 1434 1911 in
1453 1885 1644 1918 praedicatione
1662 1885 1751 1920 laute,
1771 1894 1794 1914 et

1007 1937 1064 1956 ecce
1077 1929 1136 1963 plus
1150 1937 1229 1964 quam
1244 1929 1329 1957 Jonas
1339 1929 1381 1957 hic
1394 1930 1428 1959 ⁸¹.
1443 1929 1551 1959 Videtis
1564 1939 1642 1967 ergo,
1656 1933 1794 1967 quomodo

1007 1982 1067 2007 eos,
1084 1975 1131 2010 qui
1151 1975 1350 2005 erudiebantur
1364 1984 1399 2004 ex
1421 1976 1489 2012 lege,
1505 1978 1632 2005 adductis
1649 1978 1683 2005 ad
1704 1986 1794 2006 exem-

1007 2021 1081 2056 plum
1105 2021 1159 2049 illis
1179 2021 1226 2057 qui
1247 2029 1281 2050 ex
1303 2022 1399 2057 gentili
1421 2022 1576 2058 ignorantia
1594 2024 1754 2057 veniebant,
1768 2029 1794 2053 et

1007 2068 1158 2095 ostendens
1172 2075 1220 2096 eos
1233 2076 1284 2096 nec
1298 2069 1417 2104 mquales
1431 2069 1485 2097 illis
1503 2077 1566 2097 esse
1583 2071 1631 2106 qui
1651 2071 1679 2098 in
1702 2079 1794 2099 errore

1007 2114 1089 2149 positi
1112 2114 1286 2148 videbantur,
1306 2123 1338 2143 ex
1366 2115 1426 2151 ipsa
1458 2120 1563 2143 tantum
1588 2118 1794 2153 comparatione

1007 2160 1182 2188 condemnat.
1201 2160 1239 2188 Ex
1254 2162 1355 2197 quibus
1371 2162 1501 2190 omnibus
1515 2170 1616 2196 sermo,
1634 2172 1717 2199 quem
1731 2172 1794 2199 pro-

1007 2206 1159 2241 posuimus,
1167 2208 1345 2242 approbatur,
1354 2212 1383 2235 ut
1396 2209 1570 2241 castimonia,
1586 2217 1648 2244 quae
1661 2210 1793 2245 aliquate-

1008 2261 1061 2281 nus
1074 2254 1155 2280 etiam
1170 2254 1205 2281 ab
1219 2254 1263 2281 his
1279 2254 1307 2281 in
1328 2262 1425 2282 errore
1440 2259 1506 2282 sunt
1518 2255 1601 2291 positi
1620 2257 1792 2291 custoditur;

1007 2300 1094 2327 multo
1109 2300 1186 2335 prius
1202 2304 1230 2328 et
1253 2301 1395 2336 attentius,
1411 2305 1439 2329 et
1452 2309 1502 2336 per
1517 2302 1641 2337 singulas
1654 2311 1789 2339 quasque,

1006 2346 1078 2374 sicut
1091 2354 1175 2381 supra
1193 2347 1376 2379 ostendimus,
1402 2348 1507 2382 species
1518 2356 1533 2375 a
1546 2349 1640 2382 nobis,
1661 2351 1709 2385 qui
1724 2351 1793 2379 veri-

1006 2396 1090 2420 tatem
1113 2392 1266 2428 sequimur,
1288 2396 1430 2427 teneatur;
1451 2401 1484 2421 eo
1508 2395 1606 2430 magis,
1627 2397 1703 2431 quod
1722 2398 1793 2432 apud

1006 2446 1057 2466 nos
1069 2439 1251 2467 observantiae
1264 2439 1325 2474 ejus
1341 2441 1450 2475 praemia
1465 2444 1568 2468 aeterna
1596 2448 1664 2470 sunt
1693 2444 1790 2478 posita.

1007 2484 1096 2512 Aliter
1109 2486 1182 2512 enim
1198 2492 1279 2513 nemo
1296 2486 1388 2514 salvus
1403 2494 1466 2514 esse
1481 2487 1594 2521 poterit,
1608 2488 1664 2516 nisi
1680 2489 1725 2517 his
1745 2490 1794 2517 ob-

1008 2532 1211 2562 servationibus
1221 2540 1271 2567 pro
1284 2533 1388 2561 viribus
1399 2541 1509 2568 operam
1523 2533 1642 2563 dederit.
1663 2535 1735 2564 Deus
1747 2544 1793 2565 vos

1009 2579 1037 2606 in
1059 2587 1109 2607 sua
1137 2580 1287 2612 voluntate,
1316 2588 1540 2615 unumquemque
1565 2581 1596 2608 in
1621 2589 1675 2609 suo
1698 2583 1792 2611 ordine

1008 2633 1116 2662 semper
1126 2626 1273 2659 custodiat,
1295 2625 1405 2659 fratres,
1424 2626 1476 2655 sibi
1486 2627 1595 2661 placere
1612 2627 1642 2655 in
1666 2629 1792 2658 omnibus

1007 2672 1149 2702 concedat.
1165 2672 1262 2701 Amen.

1192 2781 1215 2797 "
1240 2788 1342 2816 urgere.
1398 2780 1421 2796 ⁷ο
1438 2779 1575 2816 Recognit.
1594 2786 1625 2816 tl,
1647 2787 1673 2807 c.
1695 2779 1788 2816 liget!

161 2818 183 2835 '"
204 2819 299 2847 Matth.
317 2828 342 2847 ι.
380 2820 402 2837 ⁷¹
416 2820 511 2851 Matth.
524 2814 574 2847 "vn.
613 2820 637 2836 ⁷³
651 2819 766 2847 erudire.
804 2820 827 2836 ⁷⁵
841 2814 950 2846 constes
976 2819 999 2834 ⁷⁵
1015 2826 1065 2844 non
1079 2816 1212 2844 intellecta
1223 2814 1373 2852 diligentia.
1386 2851 1395 2852 ί
1411 2816 1435 2831 ⁷⁵
1448 2816 1478 2841 lu
1492 2814 1647 2852 liegcognt'tt,
1658 2823 1711 2852 non
1723 2814 1794 2852 intel-

163 2854 300 2890 ligentium
316 2857 480 2890 propositum
495 2862 625 2883 nostrum.
637 2854 803 2882 Hsnuumus.

853 2855 874 2870 ⁷⁷
889 2854 1023 2889 lieeognit.
1040 2861 1077 2889 Vl_,
1092 2861 1117 2879 c.
1136 2852 1179 2878 15.

1228 2852 1251 2869 ⁷⁸
1266 2850 1340 2888 quia.
1386 2851 1408 2868 ⁷⁹
1420 2850 1580 2884 praecellere.
1626 2850 1650 2866 ⁸ο
1664 2850 1794 2886 Recognit.

164 2887 237 2923 l-‘vt.
253 2898 278 2918 ε.
294 2887 336 2918 η.
364 2887 395 2907 ’³¹
412 2891 507 2919 Matth.
524 2899 572 2921 xu.
589 2890 642 2921 Ως
660 2889 728 2918 Luc.
743 2890 830 2923 ".24.
869 2890 908 2917 ⁸³1

480 2893 507 2919 ιι.
524 2899 572 2921 xu.
589 2890 642 2921 Ως
660 2889 728 2918 Luc.
743 2898 774 2923 ιι,
784 2890 830 2919 24.
869 2887 985 2922 ⁸³1ὺίιΙέ,
999 2889 1049 2922 4i;
1064 2887 1127 2915 Jun.
1140 2895 1182 2923 tu,
1195 2887 1224 2919 5.
