1884 3104
107 104 158 136 ﬂii

694 110 877 139 EPISTOLAS
896 111 1135 141 DECRETALES.

1679 114 1732 143 £02

710 249 1008 297 EPISTULA
1049 252 1131 298 IV.

137 340 244 375 Scripta
260 340 398 377 discipulis
410 343 470 383 suis
481 341 555 370 Julia
568 348 594 370 et
606 343 726 383 ζυιὶᾳῃο,
740 345 785 380 qui
796 346 929 383 malorum
946 345 1082 383 hominum
1096 346 1313 383 persuasionibus
1340 348 1506 383 aliquatenus
1529 358 1545 376 a
1569 354 1641 377 recta
1654 350 1701 379 via

404 376 705 416 declinarerant,[ethis
723 376 812 416 atque]
823 381 954 416 gentibus,
969 382 1036 408 inter
1056 376 1122 416 quas
1142 382 1310 415 habitabant,
1325 376 1437 412 directa.

134 493 266 521 Canens
280 493 411 522 Romanae
439 493 516 522 urbis
538 493 695 530 episcopus,
717 494 890 523 charissimis
905 498 928 527 Α
942 493 1117 526 abstraxerit,
1135 497 1162 521 et
1176 493 1205 521 in
1227 502 1287 530 qua:
1307 496 1484 531 prtecipitarit
1498 497 1578 530 mala,
1600 502 1636 531 et,
1660 499 1733 534 quod

101 540 234 569 fratribus
247 539 327 569 Juno
342 545 369 568 et
382 540 507 573 Juuuo,
523 547 556 568 ac
568 541 680 577 reliquis
696 542 890 570 consodalibus

99 588 218 622 nostris,
236 588 420 623 gentibusque
435 595 496 623 qua:
509 587 582 615 circa
601 595 648 616 vos
662 592 737 616 sunt.

133 634 252 669 Oportet
266 634 377 667 fratres,
394 641 490 661 omnes
502 634 641 666 doctores,
654 635 699 670 qui
716 635 750 662 ad
774 635 890 663 salutem

96 681 259 709 animarum
272 681 391 708 instituti
413 684 489 714 sunt,
512 684 539 708 et
563 680 596 708 ad
610 681 758 710 lucrandas
782 683 889 712 animas

97 728 223 763 episcopi
238 732 305 757 sunt
318 728 484 760 consecrati,
497 735 547 763 pro
555 727 662 755 cunctis
676 728 890 762 sollicitudinem

97 782 207 809 gerere,
226 779 255 802 et
268 779 391 802 errantes
406 774 438 801 ad
456 775 528 801 viam
549 774 673 802 veritatis
687 778 714 802 et
726 774 760 802 ad
781 779 889 810 portum

95 821 197 848 salutis
211 820 355 848 reducere.
372 819 405 848 Et
421 820 484 848 licet
496 824 607 856 propter
622 827 727 857 gentes,
744 830 805 858 qua:
816 823 889 851 circa

94 875 145 895 vos
156 871 237 899 sunt,
251 867 280 894 in
294 866 403 894 modico
419 874 468 894 vos
478 874 589 895 errasse
605 868 753 905 contigerit
765 878 773 903 ;
790 869 889 897 melius

93 917 138 941 est
159 918 254 940 tamen
271 912 363 941 redire
383 911 418 940 ad
432 913 558 941 veritatis
580 914 664 946 viam,
680 923 762 950 quam
785 915 888 944 diutius

94 959 123 986 in
136 959 202 994 ipso
216 967 311 987 errore
322 966 499 994 perseverare
508 959 542 987 ".
555 959 741 996 Quoscunque
762 962 833 989 enim
854 963 888 990 de

93 1005 152 1037 bis,
163 1005 214 1040 qui
227 1013 278 1033 vos
293 1012 387 1033 errare
404 1004 540 1038 fecerunt,
556 1007 599 1034 vel
615 1006 649 1034 de
664 1007 719 1040 his,
734 1008 780 1044 qui
797 1008 888 1036 adhuc

91 1052 213 1079 verbum
228 1051 433 1086 praedicationis
448 1059 505 1080 non
519 1052 678 1086 audierunt,
698 1055 825 1089 potestis,
839 1063 887 1083 vo-

92 1097 206 1125 biscum
222 1097 367 1129 assumite,
378 1101 406 1126 et
418 1097 453 1125 ad
467 1098 539 1125 viam
559 1099 684 1127 veritatis
698 1100 837 1133 adducite.
853 1110 887 1130 ne

91 1142 257 1176 infructosi,
271 1143 320 1171 sed
334 1143 469 1173 iructuosi
481 1144 597 1172 Domino
612 1145 802 1176 inveniamini.
817 1146 840 1163 "
854 1147 887 1175 Et

90 1191 228 1224 quoniam
246 1190 367 1226 quidem,
383 1190 455 1219 sicut
483 1199 499 1218 a
523 1192 628 1220 cultore
651 1193 773 1228 neglecta
801 1198 885 1227 terra,

91 1236 195 1271 spinas
210 1241 238 1264 et
256 1237 372 1266 tribulos
389 1238 547 1266 necessario
571 1238 708 1274 producit,
727 1240 766 1268 ita
788 1248 887 1269 sensus

91 1287 189 1311 vester
203 1283 279 1318 longi
291 1283 422 1318 temporis
435 1284 541 1312 incuria
556 1285 658 1313 multas
669 1290 694 1314 et
707 1287 806 1315 noxias
826 1288 887 1323 opi-

90 1329 196 1357 niones
215 1337 310 1357 rerum
328 1333 355 1357 et
379 1330 576 1366 intelligentias
591 1331 667 1359 falsae
686 1333 810 1361 scientiae
826 1342 887 1369 ger-

89 1375 230 1409 minavit;
241 1383 311 1410 opus
321 1379 447 1403 estnunc
461 1377 546 1403 multa
556 1377 698 1413 diligentia
711 1378 746 1405 ad
757 1380 886 1408 excolen-

89 1421 159 1448 dum
185 1429 236 1450 rus
255 1422 355 1450 mentis
379 1427 489 1456 vestrae,
515 1427 544 1451 ut
573 1424 625 1452 hoc
645 1433 737 1453 sermo
762 1426 886 1455 veritatis

92 1466 154 1503 (qui
168 1471 214 1496 est
228 1476 311 1496 verus
326 1473 353 1496 et
374 1468 493 1505 diligens
508 1470 600 1498 cordis
621 1471 748 1507 colonus)
764 1473 885 1500 assiduis

90 1514 206 1542 excolat
218 1514 385 1550 disciplinis.
401 1515 531 1544 Vestrum
546 1525 613 1553 ergo
627 1522 670 1545 est
681 1519 802 1553 praebere
816 1519 885 1547 obe«

91 1561 240 1594 dientiam,
258 1566 287 1590 et
300 1562 498 1598 occupationes
517 1570 551 1591 ac
571 1564 772 1594 sollicitudines
789 1574 887 1602 super-

91 1607 166 1636 ﬂuas
195 1613 362 1644 amputare,
392 1617 426 1638 ne
449 1611 551 1638 bonum
580 1611 657 1640 verbi
677 1619 769 1640 semen
790 1616 885 1640 enecet

91 1654 207 1682 noxium
221 1662 344 1690 germen.
361 1654 454 1684 Potest
468 1657 541 1684 enim
558 1657 628 1690 ﬁeri,
649 1662 678 1685 ut
690 1658 768 1685 multi
783 1663 885 1695 tempo-

90 1699 132 1728 ris
148 1700 347 1736 negligentiam
366 1701 459 1729 brevis
473 1706 500 1730 et
516 1703 629 1731 assidua
645 1709 754 1739 reparet
767 1705 884 1740 diligen-

90 1747 141 1775 tia.
164 1746 303 1775 Incertum
322 1755 441 1783 namque
467 1753 510 1776 est
535 1750 754 1786 uniuscujusque
776 1755 884 1786 tempus

90 1795 166 1822 vitae.
183 1794 218 1821 Et
233 1795 295 1823 ideo
310 1795 496 1824 festinandum
509 1800 551 1824 est
567 1797 600 1824 ad
616 1797 744 1831 salutem,
758 1805 793 1825 ne
811 1797 883 1826 forte

89 1845 270 1869 cunctantem
280 1849 354 1870 mors
367 1842 509 1877 repentina
521 1843 679 1877 praeveniat.
687 1843 710 1860 ⁸⁵
734 1843 768 1870 Et
782 1844 817 1871 ob
831 1844 883 1871 hoc
897 1855 917 1884 ο

89 1887 187 1916 acrius
210 1888 389 1916 adnitendum
405 1888 428 1904 ⁸⁸
442 1892 495 1921 est,
521 1893 562 1920 ut.
587 1889 652 1916 dum
681 1893 724 1918 est
751 1890 882 1925 temporis

89 1934 226 1970 spatium,
241 1935 355 1962 collecta
370 1935 448 1963 malae
459 1935 668 1964 consuetudinis
678 1936 743 1963 vitia
758 1944 883 1965 resecen-

89 1985 148 2009 tur.
164 1980 245 2015 Quod
259 1989 315 2009 non
341 1981 421 2009 aliter
437 1980 529 2010 facere
549 1982 684 2017 poteritis,
706 1982 759 2010 nisi
775 1987 805 2010 ut
827 1983 882 2010 ira~

88 2028 210 2056 scantini
227 2028 428 2063 quodammodo
455 2028 599 2056 adversum
625 2029 806 2064 vosmetipsos
833 2038 882 2065 pro

89 2075 135 2102 bis
149 2082 212 2110 quas
227 2074 361 2102 inutiliter
386 2075 513 2110 gessistis
527 2082 559 2102 ac
579 2075 706 2110 turpiter.
724 2075 787 2103 Haec
806 2076 880 2104 enim

86 2125 132 2149 est
147 2118 227 2149 utilis
240 2121 262 2137 "'
276 2122 330 2149 vita
344 2121 378 2154 ⁸⁸,
391 2122 501 2157 etjusta
512 2126 539 2150 et
554 2123 711 2149 necessaria
726 2123 879 2155 iracundia,

88 2172 120 2196 ut
134 2168 338 2203 unusquisque,
367 2167 394 2195 in
420 2168 521 2203 quibus
545 2169 659 2201 erravit,
685 2173 713 2197 et
737 2172 879 2204 perperam

87 2215 187 2250 gessit.
202 2214 370 2250 indignetur,
389 2218 416 2243 et
439 2215 616 2250 semetipsum
631 2219 753 2243 accuset.
771 2215 809 2242 Ex
825 2223 878 2250 qua

87 2261 281 2297 indignatione
298 2261 458 2288 accenditur
471 2261 500 2288 in
516 2262 597 2289 nobis
612 2262 683 2297 ignis
696 2261 817 2297 quidam,
831 2264 877 2297 qui

86 2307 166 2335 velut
183 2315 249 2342 agro
264 2307 352 2335 sterili
364 2307 514 2340 immissus,
531 2308 704 2343 consumptis
715 2311 742 2335 et
756 2309 879 2336 exeoctis

87 2352 233 2381 radicibus
243 2353 370 2388 pessima:
382 2353 532 2382 voluntatis
547 2354 580 2386 ⁸³,
596 2354 669 2381 bono
684 2354 782 2382 semini
797 2354 878 2382 verbo

87 2398 138 2427 Dei
150 2398 340 2427 fecundior-em
355 2400 447 2428 cordis
463 2404 596 2435 praeparet
613 2401 730 2436 glebam.
751 2400 821 2428 Puto
833 2408 879 2428 au-

86 2450 156 2478 tem.
171 2446 246 2481 quod
260 2446 329 2475 satis
344 2446 442 2482 dignas
454 2447 578 2475 habeatis
599 2455 698 2475 causas
716 2447 875 2479 iracundiae,

85 2499 122 2521 αι
144 2492 248 2528 quibus
269 2493 440 2528 iustissimus
463 2494 534 2529 ignis
560 2493 614 2521 iste
627 2493 765 2521 coalescat
786 2493 830 2526 ”',
852 2493 876 2521 si

943 544 985 567 est
999 547 1081 576 super
1098 540 1188 568 omnia
1210 541 1332 576 gravius,
1351 543 1423 577 quod
1440 551 1488 570 vos
1514 544 1541 570 in
1569 543 1661 572 futuro
1680 553 1733 573 εω-

943 585 1006 613 culo
1021 586 1131 614 aeternis
1153 586 1243 621 pmnis
1260 587 1393 615 obnoxios
1414 587 1488 616 fecit.
1512 589 1608 618 Nonne
1622 599 1671 626 pro
1690 592 1733 620 his

943 632 1081 664 omnibus,
1107 632 1153 660 ubi
1176 633 1254 660 vobis
1265 634 1388 661 veritatis
1412 635 1503 663 lumen
1523 636 1635 670 eiiuisit,
1662 638 1733 674 ignis

941 678 1103 713 justiSSimte
1121 679 1319 714 indignationis
1341 681 1514 715 accenditur,
1536 687 1563 710 et
1585 684 1734 713 iracundite

943 723 999 752 Deo
1024 725 1130 760 placita:
1150 726 1222 752 intra
1242 733 1290 754 vos
1314 728 1456 762 consurgit
1481 728 1651 764 incendium,
1678 739 1734 767 quo

943 776 1122 799 consumatur
1133 776 1159 800 et
1174 772 1307 800 radicitus
1331 773 1448 800 intereat
1471 781 1552 803 omne
1569 783 1692 810 germen,
1709 777 1733 805 si

941 818 1014 854 quod
1033 818 1103 846 forte
1119 819 1189 845 intra
1205 827 1252 846 vos
1269 819 1347 846 mala:
1370 820 1547 848 conscientia
1570 821 1593 837 ¹⁰
1614 823 1734 857 pullula-

941 866 980 892 vit
991 865 1032 892 ’ἔνο
1042 867 1050 876 “
1066 864 1142 892 Unde
1153 870 1178 892 et
1194 865 1252 901 ipse
1267 866 1312 900 qui
1324 866 1399 894 misit
1413 874 1474 898 nos,
1487 875 1549 894 cum
1561 868 1691 901 venisset,
1706 873 1733 897 et

941 919 1049 938 omnem
1073 911 1204 938 mundum
1223 911 1339 939 vidisset
1359 912 1391 940 ad
1411 913 1542 940 malitiam
1558 913 1731 948 declinasse,

941 964 996 985 non
1011 958 1141 984 continuo
1154 957 1177 984 ei
1193 964 1298 992 pacem,
1313 958 1340 986 in
1356 959 1496 987 erroribus
1520 960 1621 995 posito,
1644 960 1731 994 dedit,

940 1011 974 1031 ne
990 1011 1053 1030 eum
1073 1003 1250 1031 conﬁrmaret
1272 1004 1300 1032 in
1320 1004 1411 1037 malis,
1428 1005 1476 1033 sed
1494 1006 1655 1042 ignorantiae
1670 1007 1731 1043 ejus

939 1049 1028 1078 ruinis
1047 1050 1193 1078 scientiam
1205 1051 1329 1079 veritatis
1341 1051 1487 1086 opposuit;
1500 1057 1540 1084 ut,
1561 1053 1584 1080 si
1599 1053 1646 1088 qui
1659 1053 1731 1082 forte

939 1096 1143 1132 resipiscerent,
1160 1097 1250 1125 lumen
1266 1097 1391 1126 veritatis
1416 1099 1581 1134 aspicerent,
1599 1100 1730 1136 deceptos

941 1150 980 1175 se,
1001 1147 1027 1170 et
1044 1143 1071 1170 in
1090 1143 1242 1179 praecipitia
1264 1145 1368 1172 erroris
1392 1145 1546 1175 abstractos
1561 1147 1661 1175 merito
1680 1147 1730 1176 do-

903 1177 925 1206 B
941 1189 1039 1222 lerent,
1055 1194 1081 1218 et
1095 1190 1244 1217 iracundia:
1259 1191 1389 1219 salutaris
1409 1192 1499 1228 ignem
1523 1192 1656 1222 adversus
1681 1194 1730 1222 de—

939 1235 1086 1271 ceptricem
1108 1243 1185 1264 suam
1205 1236 1382 1272 conciperent
1401 1237 1594 1273 ignorantiam.
1613 1239 1655 1268 0b
1677 1241 1730 1268 hoc

937 1281 1030 1316 itaque
1041 1281 1148 1309 dicebat
1164 1291 1170 1309 :
1188 1281 1279 1317 Ignem
1293 1283 1351 1310 ueni
1367 1284 1470 1312 mittere
1484 1284 1512 1311 in
1527 1289 1637 1317 terram,
1653 1294 1728 1321 quem

936 1328 994 1356 Italo
1010 1333 1038 1355 ut
1053 1328 1254 1357 accendatur“.
1271 1328 1319 1356 Est
1337 1337 1402 1366 ergo
1416 1338 1507 1366 pugna
1521 1331 1655 1366 quatdam,
1668 1341 1730 1368 qua:

936 1373 1055 1410 gerenda
1067 1374 1147 1402 nobis
1161 1379 1203 1402 est
1216 1375 1243 1402 in
1259 1375 1310 1403 hac
1324 1376 1390 1404 vita.
1407 1375 1503 1405 Sermo
1518 1377 1591 1405 enim
1603 1378 1729 1408 veritatis

937 1423 964 1447 et
979 1420 1101 1448 scientite
1116 1422 1274 1449 necessario
1286 1427 1394 1458 separet
1406 1423 1532 1452 homines
1547 1424 1581 1452 ab
1596 1432 1690 1453 errore
1701 1430 1729 1453 et

937 1466 1108 1502 ignorantia;
1140 1468 1212 1496 sicut
1240 1477 1312 1504 saepe
1336 1469 1481 1503 videmus,
1511 1470 1679 1506 putrefactas
1700 1476 1728 1500 et

936 1518 1074 1541 emortuas
1091 1522 1188 1542 carnes
1209 1516 1333 1551 corporis
1352 1524 1367 1543 a
1384 1517 1556 1546 connexione
1575 1518 1726 1546 viventium

936 1560 1136 1592 membrorum,
1154 1560 1228 1589 ferro
1243 1566 1354 1590 secante
1369 1562 1402 1596 ”,
1421 1564 1556 1598 separari.
1581 1563 1646 1592 Tale
1661 1573 1728 1601 ergo

936 1605 1041 1641 aliquid
1064 1611 1117 1638 est,
1145 1608 1217 1642 quod
1238 1608 1293 1643 agit
1323 1608 1448 1636 veritatis
1473 1610 1587 1645 agnitio.
1609 1609 1728 1640 Necesse

938 1653 1023 1685 cnim,
1038 1656 1069 1680 ut
1085 1653 1182 1681 salutis
1199 1662 1282 1681 causa
1299 1654 1383 1688 ﬁlius,
1401 1656 1474 1683 verbi
1488 1656 1587 1691 gratia,
1607 1657 1652 1692 qui
1667 1665 1728 1685 ser-

936 1707 1044 1727 monem
1061 1701 1196 1735 receperit
1212 1700 1347 1734 veritatis,
1364 1709 1379 1728 a
1402 1703 1564 1737 parentibus
1583 1708 1727 1738 separetur

935 1745 1095 1779 incredulis,
1113 1751 1160 1774 aut
1177 1755 1285 1774 rursum
1301 1753 1378 1783 paler
1402 1753 1548 1784 separetur
1562 1757 1576 1776 a
1596 1750 1662 1783 filio,
1677 1756 1726 1778 aut

935 1792 990 1820 tilia
1004 1801 1020 1820 a
1035 1798 1132 1821 matre.
1152 1793 1185 1821 Et
1206 1794 1258 1822 hoc
1272 1795 1353 1822 mudo
1368 1795 1440 1823 inter
1455 1796 1624 1832 propinquos
1640 1800 1724 1833 atque

934 1840 1165 1875 consanguineos,
1182 1840 1326 1868 credentes
1343 1845 1425 1877 atque
1446 1842 1616 1875 incredulos,
1633 1844 1725 1871 scien-

935 1886 978 1912 tia:
994 1890 1077 1921 atque
1093 1886 1264 1921 ignorantiae,
1281 1886 1462 1922 veritatisque
1475 1891 1502 1915 et
1515 1889 1620 1916 erroris
1632 1897 1723 1925 pugna

933 1933 1057 1960 consistit
1076 1933 1110 1960 ”.
1128 1932 1161 1960 Et
1175 1934 1211 1960 ob
1226 1933 1280 1961 hoc
1297 1934 1395 1961 iterum
1411 1934 1527 1966 dicebat.
1542 1935 1588 1970 qui
1604 1943 1656 1964 nos
1670 1936 1723 1964 mi.-

932 1979 968 2006 sit
983 1988 990 2006 :
1004 1977 1066 2006 Non
1090 1979 1146 2006 veni
1169 1987 1260 2014 pacem
1282 1980 1384 2006 titillare
1409 1980 1436 2007 in
1458 1984 1566 2014 terram,
1592 1981 1723 2018 scd-gla-

933 2025 1006 2053 dium
1022 2027 1056 2054 ".
1068 2027 1090 2043 ”
1105 2026 1183 2059 Quod
1199 2027 1223 2055 si
1240 2027 1314 2055 dicat
1334 2028 1435 2064 aliquis
1454 2039 1459 2056 :
1478 2029 1511 2056 Et
1527 2032 1664 2065 quomodo
1680 2033 1722 2067 ju-

933 2076 1005 2100 stum
1030 2073 1140 2101 videtur
1158 2074 1282 2109 separari
1309 2073 1380 2103 ﬁlios
1407 2082 1422 2102 a
1449 2077 1629 2111 parentibus?
1649 2079 1721 2107 Audi

931 2120 1084 2154 quomodo:
1098 2120 1166 2153 Quia
1181 2128 1242 2147 cum
1259 2120 1367 2157 ipsis.si
1385 2121 1411 2148 in
1427 2129 1520 2150 errore
1532 2130 1719 2158 permaneant,

931 2173 1022 2200 neque
1035 2166 1088 2193 illis
1107 2166 1276 2201 proderunt;
1291 2170 1319 2194 et
1334 2166 1386 2202 ipsi
1405 2175 1468 2194 cum
1482 2168 1536 2196 illis
1553 2170 1656 2204 pariter
1676 2170 1720 2198 in-

932 2213 1063 2240 teribunt.
1080 2212 1188 2240 Justum
1203 2213 1286 2248 igitur
1303 2217 1331 2240 et
1351 2214 1430 2242 valde
1447 2214 1553 2250 justum
1573 2219 1626 2248 est,
1639 2225 1719 2252 sepa-

930 2259 985 2286 rari
1001 2267 1063 2286 eum
1080 2259 1126 2294 qui
1146 2260 1246 2287 salvari
1262 2261 1329 2291 vult,
1349 2261 1383 2287 ab
1399 2269 1432 2288 eo
1446 2262 1492 2297 qui
1508 2269 1563 2289 non
1579 2263 1646 2291 vult.
1664 2263 1718 2291 Sed

930 2308 957 2332 et
969 2305 1037 2332 illud
1053 2305 1175 2336 adverte.
1189 2306 1254 2341 quia
1269 2315 1324 2333 non
1344 2315 1378 2334 ex
1391 2307 1446 2335 illis
1461 2308 1507 2343 qui
1520 2309 1622 2336 rectius
1635 2309 1719 2338 int'el-

929 2351 1018 2387 ligunt
1033 2352 1107 2378 venit
1119 2352 1172 2380 ista
1187 2353 1334 2388 separatio.
1344 2352 1384 2380 illi
1397 2353 1469 2381 enim
1477 2355 1572 2382 volunt
1584 2355 1719 2384 interesse

928 2389 1042 2432 pariter,
1060 2403 1086 2426 et
1100 2399 1232 2434 prodesse
1251 2399 1305 2432 his,
1323 2404 1349 2427 et
1364 2400 1462 2428 docere
1476 2401 1600 2430 meliora.
1621 2400 1674 2430 Sed
1689 2406 1717 2430 et

929 2444 1002 2472 istud
1015 2446 1156 2480 proprium
1170 2449 1212 2473 est
1228 2445 1388 2480 ignorantite
1401 2446 1507 2479 vitium,
1521 2450 1551 2474 ut
1569 2447 1717 2476 confutan-

928 2495 982 2519 tem
995 2499 1025 2520 se
1038 2491 1161 2520 veritatis
1170 2492 1257 2519 lucem
1272 2499 1327 2520 non
1337 2492 1409 2520 ferat
1419 2492 1518 2521 habere
1532 2493 1566 2521 de
1577 2494 1714 2530 proximo.
1729 2491 1731 2494 ⁴

85 2525 280 2573 cons-Mersus,
296 2540 324 2566 in
337 2542 454 2575 quantos
467 2525 515 2567 vos
525 2547 634 2567 errores
644 2539 787 2567 deduxerit
798 2539 877 2574 igno-
892 2525 915 2553 D
928 2537 962 2564 Et
980 2537 1042 2565 ideo
1061 2545 1093 2565 ex
1119 2538 1174 2566 illis
1196 2539 1248 2566 ista
1262 2538 1387 2566 nascitur
1401 2538 1549 2574 separatio.
1572 2539 1641 2567 Nam
1667 2542 1714 2576 qui

87 2585 187 2613 ratio
196 2585 310 2618 malum,
324 2589 498 2621 quantosque
510 2586 605 2621 lapsus
616 2589 643 2613 et
655 2588 758 2620 quanta
778 2585 877 2620 praeci-

87 2631 157 2667 pitia
180 2631 216 2659 ad
241 2631 412 2667 peccandum
427 2631 551 2660 dederit:
567 2639 583 2659 a
597 2632 707 2668 quantis
720 2639 770 2660 vos
793 2631 876 2660 bonis

929 2585 1072 2612 scientiam
1087 2585 1209 2612 veritatis
1223 2585 1372 2619 accipiunt,
1389 2585 1453 2620 quia
1477 2585 1609 2615 bonitatis
1633 2586 1715 2622 plena

928 2635 982 2664 est,
998 2635 1129 2667 tanquam
1150 2637 1166 2657 a
1181 2631 1253 2658 bono
1274 2630 1330 2658 Deo
1351 2630 1442 2659 datam
1456 2631 1490 2666 ",
1505 2632 1620 2667 cupiunt
1640 2640 1713 2665 eam,

113 2699 317 2743 ‘iperdurﬂreL
342 2703 366 2719 ⁵⁵
377 2703 513 2743 Recognit.
525 2711 605 2743 Vllc.
620 2704 663 2743 2._
680 2704 711 2743 _"
726 2703 969 2743 ῇεεοαηξρηίιιὶἁτ,
984 2711 1008 2730 c.
1030 2703 1058 2730 3.
1082 2703 1120 2743 I“
1137 2702 1312 2743 innitendum.
1388 2701 1454 2742 Haec
1472 2709 1530 2742 vox.
1541 2700 1648 2743 videtur
1671 2708 1718 2729 su-

74 2735 193 2788 εααω.
249 2737 272 2754 ⁸³
296 2737 378 2766 Forte
399 2735 468 2767 vitae.
495 2739 524 2767 ιιι
549 2739 781 2775 RecOgnitionibus
797 2735 887 2767 ἷΗαέσ
911 2735 982 2766 enim
1014 2743 1052 2765 est
1072 2738 1161 2779 βαδιεῖ,
1184 2737 1297 2764 vocibus
1321 2737 1380 2764 aliis
1401 2738 1527 2777 omissis:
1547 2735 1717 2764 Hannumus.

81 2771 275 2808 Arignluptatis.
331 2774 364 2790 '°'
381 2775 554 2803 concalescat.
611 2776 634 2792 π
657 2776 684 2803 in
708 2775 858 2808 Rccoguit.,
885 2775 1111 2808 concupiscentiae.
1140 2772 1306 2800 HARDUINUS.
1361 2773 1396 2788 ’°‘
1412 2772 1549 2808 Recogntt.
1572 2778 1609 2808 vl,
1634 2778 1659 2808 c_.
1688 2771 1716 2798 ιι

331 2774 364 2790 ⁸⁸·
381 2775 554 2803 concalescat.

611 2772 634 2792 ⁸⁵
657 2776 684 2803 in
708 2775 858 2810 Rccognit.,
885 2772 1111 2810 concupiscentiae.
1140 2772 1306 2810 Hanpumus.

1361 2773 1396 2788 ’θ’
1412 2772 1549 2807 Recognit.
1572 2778 1609 2807 vl,
1634 2778 1659 2807 c.
1688 2771 1716 2798 ιι

79 2806 102 2846 ξ
115 2806 183 2836 huc.
199 2815 250 2840 xu,
263 2808 310 2838 l9.
347 2810 370 2826 ν’
387 2812 510 2839 secantis.
549 2811 573 2827 "
587 2811 732 2846 consurgit.
770 2806 794 2827 ᾖ
808 2806 904 2839 Matth.
923 2818 951 2843 ς,
967 2806 1011 2838 3i.
1049 2809 1074 2825 "
1091 2808 1223 2844 Recognit.
1236 2815 1272 2840 vt,
1289 2815 1312 2836 c.
1326 2807 1352 2835 5.
1390 2808 1414 2825 ’θ
1431 2807 1459 2836 In
1473 2806 1621 2842 Recognit.,
1637 2806 1715 2833 data.

79 2841 250 2873 ιιωνυιιωε.
