1884 3104
183 159 240 189 505

615 158 645 188 8.
662 159 859 189 CLEMENTIS
873 161 886 189 l
901 155 985 189 BOM.
1003 157 1106 190 PONT.
1124 160 1239 190 OPEltA
1254 161 1369 191 DUBIA.

1756 162 1807 191 θοι

176 219 199 246 si
216 217 274 245 fieri
288 219 388 252 potest,
403 224 467 245 cum
496 216 624 245 omnibus
652 217 754 245 habere
781 225 966 251 communem,
983 219 1007 248 Δ
1020 222 1047 246 et
1062 219 1175 251 occidit,
1188 220 1355 248 mutationes
1370 220 1434 247 luna
1449 220 1750 257 perpetiturfPropter
1759 229 1808 251 vos

175 265 258 292 etiam
281 271 345 290 cum
367 263 411 291 his
430 263 478 298 qui
492 263 611 291 oderunt
630 271 679 291 eos
699 268 727 291 et
750 269 965 300 persequuntur.

177 310 276 337 Sciunt
288 309 363 337 enim
377 309 441 345 quia
461 315 617 343 peccatum,
642 309 766 345 ipsorum
790 318 872 339 causa
890 311 968 347 igno-

176 355 274 384 rantia:
287 359 330 383 est
352 355 387 383 ".
418 354 567 391 Propterea
593 356 712 392 denique
737 357 796 393 ipse
824 358 965 393 magister,

175 410 239 429 cum
250 402 286 429 ab
297 401 341 429 his
355 402 403 436 qui
419 402 581 437 ignorabant
605 410 668 430 eum
691 403 840 432 duceretur
854 404 888 432 ad
903 412 968 432 cru-

176 456 248 481 cem,
261 448 358 476 orabat
371 448 481 476 Patrem
497 456 547 484 pro
565 449 790 478 interfectoribus
808 450 877 483 suis,
890 455 917 479 et
926 451 968 478 di-

176 495 256 523 cebat
272 503 279 521 ε
297 494 391 527 Pater,
408 494 512 524 dimitte
536 496 572 522 eis
593 501 739 532 peccatum,
763 497 825 532 quia
849 499 968 525 nesciunt

176 542 240 577 quid
251 542 354 578 faciunt
369 542 403 571 ”.
425 541 567 570 lmitantes
594 550 705 578 quoque
725 542 855 579 discipuli
878 543 968 579 magi-

178 590 281 620 strum,
294 588 448 623 etiamipsi,
458 596 520 617 cum
537 592 706 623 paterentur,
721 588 848 617 similiter
862 597 911 625 pro
926 590 969 617 in-

176 633 371 662 terfectoribus
385 634 444 663 suis
458 634 586 662 orabant.
600 634 680 669 Quod
696 634 720 662 si
731 634 877 670 disciplina
890 635 968 667 nobis

176 684 229 712 est,
246 687 326 708 orare
340 680 423 708 etiam
440 688 489 716 pro
505 680 728 708 interfectoribus
742 684 769 708 et
785 681 968 716 persecutori-

177 726 229 753 bus
244 726 357 758 nostris,
374 726 511 761 quomodo
526 734 580 754 non
596 726 677 754 etiam
693 731 836 762 parentum
860 731 887 754 et
905 734 969 763 pro-

177 772 344 809 pinquorum
360 773 568 808 persecutiones
583 772 666 805 ferre,
682 777 709 800 et
724 780 775 808 pro
790 773 969 801 conversione

176 827 274 847 eorum
300 827 382 847 orare
409 820 573 847 credimur?
586 820 609 835 "
625 819 695 847 Tum
716 819 816 847 deinde
835 820 917 847 etiam
934 820 968 837 '°°

176 865 335 902 diligentius
350 865 571 898 consideremus,
587 874 648 902 qua:
669 866 705 893 sit
727 866 808 894 nobis
821 873 905 894 causa
920 873 970 903 pa-

176 916 269 940 rentes
283 911 426 949 diligendi.
443 912 451 928 ¹
468 912 521 940 Pro
536 920 579 944 eo,
594 912 732 948 inquiunt,
744 913 809 948 quia
831 913 895 940 vita:
918 921 969 940 no-

176 964 242 988 strae
252 959 382 987 videntur
394 964 532 988 auctores.
558 958 692 987 Auctores
715 958 825 994 quidem
840 959 904 986 vitae
922 967 969 987 no-

177 1009 243 1033 strae
258 1009 387 1042 parentes
401 1013 457 1033 non
473 1009 549 1037 sunt,
565 1005 612 1033 sed
629 1004 757 1033 ministri.
773 1004 832 1032 Non
845 1005 916 1032 enim
928 1006 969 1033 vi-

176 1055 232 1079 tam
247 1051 380 1087 praebent,
393 1051 442 1080 sed
456 1052 627 1087 ingrediendi
643 1051 724 1079 nobis
740 1052 775 1079 ad
790 1052 863 1079 hanc
884 1052 968 1079 vitam

175 1097 306 1127 exhibent
327 1097 530 1131 ministerium;
552 1102 650 1125 auctor
662 1101 754 1125 autem
775 1097 837 1125 vitae
853 1106 924 1126 unus
941 1102 969 1125 et

176 1145 252 1173 solus
267 1149 310 1173 est
331 1144 416 1173 Deus.
440 1144 470 1172 Si
490 1148 581 1172 autem
606 1148 748 1171 auctorem
772 1144 835 1172 vitae
855 1145 969 1180 diligere

174 1191 315 1222 volumus,
339 1191 417 1219 illum
447 1190 527 1218 nobis
556 1198 618 1218 esse
643 1190 813 1225 diligendum
832 1191 965 1219 sciamus.

176 1235 232 1263 Sed
256 1237 346 1269 illum,
374 1236 514 1272 inquiunt,
537 1243 704 1272 cognoscere
734 1244 790 1264 non
813 1237 966 1272 potuimus,

176 1282 247 1311 istos
261 1286 352 1310 autem
363 1285 391 1310 et
402 1283 574 1314 novimus,et
587 1284 614 1309 in
626 1282 724 1310 affectu
739 1283 882 1312 habemus.
891 1284 966 1317 Esto,

175 1337 232 1357 non
260 1329 392 1365 potuistis
408 1336 578 1363 cognoscere
596 1329 659 1364 quis
671 1330 680 1345 '
702 1330 739 1357 sit
763 1329 836 1358 Dens
853 1340 859 1359 :
876 1331 941 1366 quid
957 1332 969 1348 ⁸

176 1380 267 1403 tamen
282 1383 338 1402 non
352 1376 389 1403 sit
403 1375 477 1404 Deus
501 1376 631 1410 perfacile
656 1376 728 1404 scire
744 1376 882 1412 potuistis.
900 1377 968 1404 Nam

175 1422 315 1457 quomodo
329 1422 415 1450 latere
430 1423 518 1459 potuit
536 1422 686 1455 hominem,
702 1424 775 1459 quod
791 1424 905 1459 lignum,
923 1429 969 1451 aut

176 1469 259 1504 lapis,
275 1473 322 1496 aut
336 1476 385 1502 aes,
398 1469 441 1497 vel
453 1469 506 1496 alia
518 1469 677 1504 hujusmodi
691 1470 815 1502 materia,
832 1470 903 1499 Deus
914 1478 968 1500 non

175 1515 228 1543 sit?
239 1515 318 1549 Quod
329 1515 387 1543 siin
399 1515 443 1543 his
453 1523 514 1552 quae
527 1515 608 1543 facile
622 1516 967 1554 deprehenderepotuistis,

984 889 1008 918 Β

1017 273 1094 293 mare
1111 266 1222 294 exhibet
1247 266 1408 294 famulatum
1435 274 1526 299 suum,
1545 271 1577 294 ut
1590 267 1669 295 vobis
1693 268 1807 303 ingratis

1017 316 1118 339 cuncta
1132 312 1304 347 subjaceant.
1321 312 1417 349 Nonne
1438 320 1488 348 pro
1513 313 1557 341 his
1580 314 1710 342 omnibus
1735 314 1809 349 just:
1848 343 1850 345 _

1018 359 1071 386 erit
1088 359 1200 387 ultionis
1210 367 1301 395 paena,
1318 360 1382 395 quia
1397 360 1495 387 horum
1507 360 1808 395 Omniumlargitorem,

1018 412 1099 439 quem
1127 408 1191 432 ante
1211 405 1304 433 omnia
1332 409 1359 433 et
1389 413 1539 440 agnoscere
1561 409 1589 433 et
1607 406 1737 433 venerari
1762 406 1808 434 de-

1019 450 1139 483 buistis,
1171 451 1261 478 solum
1296 458 1352 485 pne
1383 451 1493 478 ceteris
1525 451 1659 486 ignoratis
1679 451 1693 479 τ
1719 452 1730 467 ⁸
1759 451 1809 479 Sed

1018 499 1046 523 et
1081 504 1155 524 nunc
1187 504 1236 532 per
1271 496 1344 524 idem
1378 504 1433 534 vos.
1462 497 1553 525 adhuc
1571 515 1573 517 -
1591 497 1620 524 in
1655 497 1810 533 intelligen-

1018 542 1086 569 tiam
1109 542 1169 577 ejus
1191 542 1273 570 duco.
1292 541 1398 571 Videtis
1418 543 1531 575 etenim,
1557 542 1630 577 quod
1655 543 1750 570 omnia
1771 543 1810 578 gi-

1019 594 1139 625 gnuntur
1149 597 1181 618 ex
1195 590 1284 624 aquis,
1294 597 1364 625 aqua
1374 597 1439 617 vero
1448 597 1496 624 per
1504 588 1678 624 unigenitum
1689 596 1723 615 ex
1731 589 1810 616 initio

1019 636 1092 663 facta
1112 640 1164 668 est,
1188 636 1321 671 unigeniti
1338 643 1404 663 vero
1427 635 1603 669 omnipotens
1627 635 1701 662 Deus
1726 638 1809 669 caput

1018 686 1071 715 est,
1087 690 1136 719 per
1154 690 1235 716 quem
1252 682 1299 709 tali
1314 682 1422 713 ordine,
1446 685 1475 708 ut
1490 688 1573 716 supra
1583 681 1726 713 diximus,
1751 688 1810 715 per-

1019 729 1129 756 venitur
1144 727 1178 755 ad
1195 727 1314 755 Patrem.
1326 727 1394 755 Cum
1413 731 1504 754 autem
1519 726 1713 762 perveneritis,
1731 733 1811 761 agno-

1020 776 1088 806 scite
1103 775 1174 802 hanc
1186 782 1249 803 esse
1263 775 1433 802 voluntatem
1448 774 1520 808 ejus,
1534 778 1564 801 ut
1579 781 1628 808 per
1639 780 1740 808 aquas,
1752 780 1811 807 quae

1019 822 1116 857 prima:
1142 822 1299 850 creaturaa"
1315 825 1396 852 sunt,
1419 821 1510 848 denuo
1539 819 1738 848 renascamini.
1759 818 1810 852 Qui

1021 868 1094 895 enim
1110 871 1288 903 regeneratus
1299 867 1381 894 fuerit
1397 874 1444 902 per
1459 874 1570 902 aquam,
1585 866 1666 894 bonis
1681 865 1810 901 operibus

1022 914 1153 949 repletus,
1178 914 1266 941 haeres
1294 914 1410 941 ellicitur
1426 913 1488 948 ejus
1509 920 1525 939 a
1548 920 1603 948 quo
1624 912 1652 940 in
1681 912 1810 939 incorru-

1020 961 1112 996 ptione
1128 963 1307 995 regeneratus
1327 963 1380 987 est.
1397 958 1513 994 Propter
1527 958 1613 994 quod,
1630 959 1740 993 paratis
1754 958 1811 985 ani-
1851 971 1853 973 -

1020 1007 1073 1034 mis
1088 1006 1221 1038 accedite,
1239 1005 1319 1041 quasi
1337 1005 1387 1032 filii
1407 1005 1441 1032 ad
1455 1009 1572 1040 patrem,
1589 1008 1620 1032 ut
1633 1008 1752 1040 peccata
1767 1012 1811 1032 ve-

1020 1057 1077 1080 stra
1103 1052 1255 1083 diluantur.
1282 1056 1309 1080 et
1334 1059 1418 1079 causa
1443 1059 1539 1079 eorum
1567 1052 1626 1079 sola
1655 1050 1811 1086 ignorantia

1020 1098 1107 1125 fuisse
1123 1098 1254 1133 probetur
1268 1098 1340 1133 apud
1362 1098 1459 1126 Deum.
1480 1097 1548 1124 Nam
1564 1098 1587 1124 si
1610 1101 1673 1133 post
1694 1097 1811 1132 agnitio-

1019 1152 1082 1172 nem
1097 1145 1195 1172 horum
1210 1144 1378 1179 permanetis
1393 1144 1422 1170 in
1441 1143 1645 1175 incredulitate,
1660 1143 1744 1170 vobis
1756 1143 1812 1178 jam

1020 1190 1182 1227 perditionis
1197 1196 1296 1219 vestrae
1315 1198 1411 1223 causa,
1425 1194 1452 1218 et
1465 1198 1520 1217 non
1536 1190 1713 1225 ignorantia,
1730 1197 1812 1224 repu.

1019 1238 1132 1266 tabitur.
1148 1237 1205 1265 Nec
1222 1238 1335 1273 putetis,
1356 1237 1430 1273 quod
1452 1237 1562 1264 etiamsi
1591 1243 1702 1263 omnem
1721 1236 1808 1270 pieta-

1019 1288 1075 1312 tem
1089 1285 1198 1317 colatis,
1212 1291 1376 1319 omnemque
1390 1283 1538 1318 justitiam,
1555 1282 1725 1317 baptismum
1746 1289 1811 1309 vero

1019 1338 1075 1359 non
1096 1330 1252 1366 accipiatis,
1268 1338 1344 1366 spem
1364 1329 1478 1365 possitis
1500 1329 1602 1357 habere
1620 1328 1694 1363 apud
1711 1327 1808 1361 Deum;

1020 1377 1075 1405 imo
1089 1378 1193 1412 majore
1212 1385 1294 1412 pmna
1310 1376 1386 1412 digni
1402 1376 1490 1409 eritis,
1508 1375 1555 1410 qui
1569 1375 1641 1402 bona
1655 1378 1743 1409 opera
1757 1381 1810 1400 non

1019 1423 1088 1452 bene
1113 1424 1217 1458 operati
1237 1423 1315 1452 estis.
1340 1422 1490 1450 Confertur
1505 1421 1578 1449 enim
1602 1421 1736 1448 meritum
1760 1420 1809 1448 bo-

1020 1471 1088 1498 mini
1113 1478 1147 1498 ex
1165 1470 1245 1497 bonis
1266 1470 1367 1505 gestis;
1389 1469 1438 1497 sed
1460 1469 1484 1497 si
1505 1469 1544 1495 ita
1566 1472 1711 1504 gerantur,
1739 1468 1810 1495 sicut

1021 1516 1093 1545 Deus
1105 1517 1196 1552 jubet.
1211 1517 1283 1545 Deus
1299 1520 1389 1544 autem
1401 1516 1496 1551 jussit,
1508 1523 1615 1543 omnem
1631 1515 1769 1542 colentem
1781 1522 1809 1541 se

176 1562 299 1591 animum
314 1562 348 1590 ad
363 1562 570 1592 discutiendum
584 1563 718 1591 noluistis
734 1563 895 1598 intendere;
911 1573 968 1592 cer-
981 1561 1001 1588 C
1018 1563 1156 1599 baptismo
1180 1563 1347 1598 consignari.
1360 1562 1371 1578 ⁸
1383 1561 1460 1595 Quod
1481 1562 1504 1590 si
1522 1569 1571 1589 vos
1596 1561 1757 1594 renueritis,
1780 1566 1810 1588 ut

175 1613 234 1637 tum
252 1612 304 1641 est,
320 1608 386 1644 quia
405 1609 433 1636 in
449 1609 589 1644 agnitione
605 1608 652 1636 Dei
668 1609 792 1646 impediti
813 1611 891 1642 estis,
913 1619 968 1639 non

175 1655 419 1691 impossibilitatis,
437 1655 485 1684 sed
502 1655 619 1691 ignaviae
633 1655 719 1689 vitio;
737 1663 801 1683 nam
820 1656 844 1684 si
865 1657 968 1685 voluis-

176 1701 254 1734 setis,
266 1709 299 1729 ex
315 1701 359 1729 bis
374 1700 443 1737 ipsis
455 1701 600 1729 inutilibus
617 1701 774 1729 simulacris
788 1702 911 1739 profecto
923 1711 968 1731 ac-

175 1747 320 1783 cepissetis
346 1747 534 1784 intelligentia
556 1748 640 1775 viam.
661 1747 672 1763 ‘
693 1747 804 1775 Certum
825 1753 878 1780 est,
904 1750 968 1784 quia

177 1802 227 1831 per
242 1794 347 1822 ferrum
361 1793 431 1821 facta
448 1798 512 1823 sunt
527 1794 691 1827 simulacra;
708 1794 809 1822 ferrum
833 1803 897 1822 vero
921 1803 968 1832 per

176 1841 266 1876 ignem
278 1840 437 1869 confectum
452 1844 506 1872 est,
523 1840 571 1876 qui
589 1840 661 1875 ignis
676 1847 747 1876 aqua
763 1841 966 1877 exstinguitur;

177 1894 248 1922 aqua
263 1890 354 1914 autem
369 1894 418 1921 per
436 1886 565 1923 spiritum
582 1891 718 1919 movetur,
739 1887 855 1921 spiritus
876 1891 966 1915 autem

176 1942 192 1961 a
211 1933 267 1961 Deo
290 1933 400 1961 initium
429 1932 519 1961 habet.
546 1931 592 1959 Sic
615 1932 688 1961 enim
706 1932 777 1960 dixit
791 1932 880 1960 Muses
899 1940 965 1969 pro-

177 1981 258 2016 pheta
274 1990 282 2008 :
299 1979 333 2007 In
354 1980 484 2015 principio
510 1979 571 2015 fecit
590 1978 659 2007 Deus
686 1979 779 2006 ca’lum
805 1984 829 2006 et
856 1984 964 2007 terram.

178 2027 261 2054 Terra
274 2031 362 2053 autem
375 2030 432 2053 erat
446 2025 585 2052 invisibilis
607 2030 630 2053 et
646 2025 831 2060 incomposita,
846 2030 871 2052 et
897 2031 967 2055 tene-

177 2073 231 2100 bra:
247 2076 324 2100 erant
338 2079 415 2106 super
431 2071 526 2108 faciem
541 2070 642 2106 abyssi.
663 2076 688 2097 et
705 2072 817 2109 spiritus
841 2071 891 2098 Dei
905 2076 964 2099 erat

177 2126 255 2153 super
269 2125 353 2153 aquas
368 2118 391 2144 '.
414 2117 466 2152 Qui
496 2117 610 2153 spiritus
630 2116 677 2144 Dei
699 2117 789 2152 jussu,
812 2118 890 2152 quasi
907 2118 965 2155 ipsa

177 2173 276 2192 manus
300 2163 463 2195 conditoris,
487 2163 575 2191 lucem
602 2163 741 2199 separavit
757 2164 918 2203 atenebris.
938 2168 965 2192 et

1019 1612 1119 1637 vestra:
1135 1610 1271 1637 voluntati
1288 1608 1385 1644 magis,
1407 1616 1491 1643 quam
1507 1607 1571 1640 Dei,
1593 1607 1808 1643 obtemperetis;

1018 1656 1151 1683 contrarii
1166 1656 1226 1683 sine
1240 1655 1325 1683 dubio
1340 1658 1367 1683 et
1382 1654 1488 1681 inimici
1501 1654 1570 1682 estis
1585 1655 1721 1682 voluntati
1737 1656 1807 1690 ejus.

1020 1702 1074 1730 Sed
1088 1702 1180 1730 dicitis
1195 1700 1414 1734 fortassezQuod
1429 1701 1539 1728 confert
1557 1708 1637 1736 aqua}
1654 1702 1809 1737 baptismus

1019 1749 1053 1776 ad
1074 1748 1122 1776 Dei
1149 1748 1271 1776 cultura?
1294 1747 1388 1776 Primo
1412 1747 1542 1783 quidem,
1564 1748 1631 1783 quia
1660 1748 1733 1783 quod
1755 1747 1809 1775 Deo

1018 1795 1137 1831 placuit,
1164 1794 1303 1829 impletur.
1332 1792 1472 1826 Secundo,
1494 1794 1561 1829 quia
1588 1798 1753 1829 regenerato
1774 1802 1808 1822 ex

1019 1841 1108 1876 aquis,
1121 1845 1148 1868 et
1163 1840 1218 1868 Deo
1235 1844 1341 1871 renato,
1372 1839 1507 1875 fragilitas
1522 1839 1625 1874 prioris
1645 1840 1807 1872 nativitatis,

1017 1895 1078 1923 quae
1097 1887 1176 1914 vobis
1191 1894 1240 1921 per
1260 1886 1397 1913 hominem
1421 1885 1493 1913 facta
1515 1889 1569 1918 est,
1593 1890 1765 1921 amputatur,
1781 1890 1809 1914 et

1019 1934 1056 1960 ita
1077 1933 1187 1960 demum
1210 1932 1353 1967 pervenire
1374 1931 1499 1966 poteritis
1517 1932 1552 1959 ad
1572 1932 1712 1960 salutem:
1728 1932 1808 1960 aliter

1017 1979 1186 2014 impossibile
1201 1982 1253 2005 est.
1270 1977 1316 2004 Sic
1338 1978 1410 2005 enim
1435 1978 1515 2005 nobis
1541 1985 1604 2005 cum
1633 1982 1806 2006 sacramento

1016 2033 1099 2053 verus
1121 2024 1253 2060 propheta
1270 2028 1388 2052 testatus
1408 2027 1460 2057 est,
1475 2024 1571 2051 dicens
1585 2033 1592 2051 :
1606 2024 1701 2057 Amen,
1717 2033 1804 2057 amat,

1016 2071 1174 2103 dicoeobis,
1193 2071 1244 2097 nisi
1267 2071 1326 2106 quis
1345 2070 1430 2098 denuo
1455 2075 1564 2098 renatus
1586 2070 1666 2105 fuerit
1683 2078 1715 2098 ea:
1736 2079 1805 2107 aqua

1016 2118 1084 2150 viva,
1097 2126 1148 2144 non
1165 2117 1283 2145 introibit
1298 2119 1325 2143 in
1341 2125 1448 2152 regnum
1462 2117 1587 2144 ccelorum
1596 2118 1617 2144 ’.
1636 2117 1668 2144 Et
1683 2118 1745 2145 ideo
1763 2126 1805 2145 ac-

1016 2165 1153 2193 celerate:
1170 2167 1213 2191 est
1227 2164 1300 2191 enim
1316 2164 1342 2190 in
1358 2163 1436 2198 aquis
1459 2164 1519 2190 istis
1538 2164 1727 2191 misericordia
1744 2165 1804 2199 ejus

179 2214 241 2246 post
256 2210 322 2237 illud
337 2209 475 2239 invisibile
492 2209 591 2238 malum
613 2208 686 2237 istud
703 2209 808 2238 visibile
823 2210 963 2246 produxit,
980 2229 1002 2257 Β
1015 2210 1138 2247 quaedam
1151 2229 1159 2241 ,
1185 2217 1245 2244 quae
1269 2217 1302 2236 ex
1326 2209 1403 2235 initio
1433 2209 1567 2243 ferebatur
1587 2218 1665 2245 super
1690 2219 1754 2243 eas;
1779 2217 1805 2239 et

178 2261 208 2285 ut
231 2257 374 2292 superiora
392 2256 502 2294 quidem
525 2256 713 2282 habitaculum
734 2255 835 2283 faceret
848 2257 963 2291 angelis,

179 2304 310 2334 inferiora
325 2311 390 2331 vero
407 2302 576 2330 hominibus.
597 2301 716 2338 Propter
734 2309 784 2329 vos
798 2309 864 2339 ergo
884 2301 964 2336 jussu

179 2351 239 2384 Dei,
255 2357 337 2386 aqua,
359 2357 420 2385 quae
438 2352 497 2376 erat
513 2356 596 2383 super
610 2348 708 2376 faciem
725 2352 817 2380 terra,
840 2349 964 2382 secessit,

179 2402 211 2426 ut
223 2402 299 2426 terra
313 2397 391 2424 vobis
406 2394 569 2431 produceret
583 2394 699 2423 fructus.
715 2393 766 2422 Cui
775 2395 856 2422 etiam
868 2394 966 2422 humo-

180 2453 241 2475 rum
252 2451 336 2472 venas
348 2443 464 2469 latenter
477 2441 603 2473 inseruit,
618 2444 647 2468 ut
659 2440 737 2468 vobis
752 2448 785 2468 ex
798 2447 831 2467 ea
848 2439 965 2478 proflue-

180 2495 242 2521 rent
256 2490 346 2517 fontes
360 2492 387 2516 et
401 2487 523 2514 flumina.
536 2486 651 2523 Propter
666 2494 715 2514 vos
731 2486 966 2523 producerejussa

180 2541 224 2569 est
236 2534 397 2568 animantia,
412 2537 441 2561 et
455 2533 547 2560 omnia
566 2541 627 2568 qua:
636 2537 728 2560 vestro
743 2534 806 2560 usui
820 2533 966 2560 voluntati-

180 2592 234 2620 que
248 2582 392 2610 servirent.
405 2580 503 2607 Annon
518 2584 628 2615 propter
641 2587 690 2607 vos
709 2580 783 2606 venti
799 2580 914 2617 spirant,
937 2584 967 2607 ut

181 2639 214 2658 ex
230 2628 298 2664 ipsis
313 2626 473 2661 concipiens
489 2625 594 2653 fructus
614 2625 694 2653 vobis
720 2629 792 2652 tcrra
815 2626 967 2661 parturiat?

181 2676 277 2704 Nonne
298 2677 410 2709 propter
425 2679 474 2699 vos
499 2672 600 2699 imbres
621 2671 770 2706 proﬂuunt,
792 2676 819 2699 ct
845 2677 967 2707 tempora

181 2719 387 2750 vicissitudines
400 2718 530 2745 mutant?
545 2717 615 2744 Num
627 2721 738 2753 propter
751 2725 799 2745 vos
812 2718 854 2746 sol
866 2718 965 2752 oritur,

1016 2256 1140 2292 agnoscit
1154 2263 1201 2283 eos
1223 2255 1269 2290 qui
1288 2255 1463 2290 baptizantur
1479 2255 1532 2282 sub
1548 2256 1731 2291 appellatione
1755 2258 1805 2284 tri-

1014 2303 1094 2338 plicis
1116 2301 1297 2333 sacramenti,
1319 2305 1347 2328 et
1370 2301 1451 2336 eripit
1475 2310 1524 2329 eos
1544 2302 1579 2329 de
1600 2303 1744 2337 suppliciis
1761 2304 1804 2331 fu-

1015 2349 1096 2380 turis,
1111 2347 1190 2382 quasi
1207 2347 1309 2375 donum
1327 2347 1464 2382 quoddam
1481 2347 1599 2375 olferens
1621 2348 1678 2377 Deo
1700 2350 1805 2378 animas

1016 2401 1066 2430 per
1092 2393 1257 2428 baptismum
1292 2397 1481 2421 conseCratas.
1509 2393 1657 2429 Confugite
1683 2403 1750 2431 ergo
1771 2395 1805 2422 ad

1017 2447 1104 2475 aquas
1119 2440 1205 2467 istas:
1223 2439 1288 2468 solae
1304 2443 1368 2466 sunt
1382 2439 1466 2470 enim,
1482 2447 1544 2474 qua
1565 2441 1674 2475 possint
1691 2442 1745 2468 vim
1765 2442 1805 2469 fu-

1017 2486 1071 2513 turi
1087 2486 1158 2521 ignis
1173 2485 1348 2520 exstinguere
1362 2495 1368 2512 :
1386 2485 1419 2512 ad
1434 2493 1503 2520 quas
1518 2486 1565 2520 qui
1586 2491 1711 2513 moratur
1725 2495 1806 2515 acce-

1015 2533 1092 2564 dere,
1107 2535 1215 2559 constat
1230 2532 1257 2558 in
1274 2539 1307 2558 eo
1323 2531 1414 2560 adhuc
1436 2531 1607 2560 inﬁdelitatis
1621 2532 1726 2560 idolum
1743 2542 1806 2569 per-

1017 2585 1139 2609 manere,
1154 2581 1181 2604 ct
1201 2578 1236 2605 ab
1255 2578 1316 2612 ipso
1338 2577 1477 2612 prohiberi
1493 2578 1526 2605 ad
1544 2586 1634 2613 aquas
1656 2587 1806 2614 properare

1016 2631 1078 2658 quae
1095 2624 1213 2651 salutem
1232 2623 1390 2650 conferunt.
1408 2623 1471 2651 Sive
1485 2624 1558 2651 enim
1577 2626 1682 2659 justus,
1698 2627 1757 2654 sive
1769 2628 1805 2654 sit

1018 2669 1150 2704 injustus,
1171 2669 1324 2703 haptismus
1344 2669 1369 2696 ei
1386 2676 1434 2703 per
1455 2669 1547 2696 omnia
1561 2673 1736 2700 necessarius
1752 2678 1802 2700 est.

1017 2715 1098 2744 Justo
1113 2714 1234 2750 quidem,
1251 2718 1281 2742 ut
1302 2710 1483 2751 adimpleatur
1507 2716 1536 2744 in
1554 2724 1587 2744 eo
1611 2717 1754 2752 perfectio,
1778 2723 1803 2746 et

245 2821 462 2863 lit-cognitionum
478 2828 583 2863 auctor,
599 2824 699 2851 rectius
719 2823 848 2863 affectati
864 2825 979 2863 ipsorum
995 2834 1075 2853 causa
1098 2827 1251 2862 ignorantia
1267 2832 1315 2855 est.
1339 2827 1504 2856 Hannunus.
1542 2828 1565 2844 "
1580 2828 1647 2856 Luc.
1667 2837 1745 2863 mu,
1761 2830 1805 2857 54.

174 2856 195 2870 '9
213 2855 353 2890 ltccogn'it.
369 2856 501 2883 debemus.
518 2857 683 2886 lisunumus.

174 2890 184 2906 '
200 2890 270 2919 Gen.
289 2899 308 2919 ι.
332 2892 356 2919 l.
395 2891 553 2919 'Recomu‘t.
568 2901 606 2919 Vl.
624 2903 647 2919 ρ,
666 2897 681 2919 δ

224 2899 270 2919 cn.
289 2899 308 2925 ι,
332 2899 356 2919 ι.

395 2859 501 2908 abemus.
518 2859 683 2908 [impensus].
724 2859 758 2908 ‘1“
772 2860 851 2886 illud.
874 2859 1050 2908 "alligo-eguit.
1070 2859 1118 2893 νιξ
1231 2863 1249 2908 ⁸³
1263 2864 1338 2908 Iquid.
1377 2865 1388 2879 ³
1408 2864 1463 2906 qui.
1502 2864 1512 2880 ⁸
1527 2864 1664 2899 Rccognit.
1682 2872 1719 2899 Vt,
1735 2859 1760 2893 ὲ.
1778 2864 1804 2893 6.

418 2891 553 2927 Recogm‘t.
568 2901 606 2926 Vl,
624 2903 647 2922 c.
666 2897 692 2922 ὅ.
731 2895 740 2911 ⁷
756 2901 861 2925 creatae.
898 2897 909 2912 ³
927 2891 1062 2934 Ιίρεῦριιιι.
1080 2891 1153 2932 vi,c.

689 2915 692 2920 ι
731 2895 740 2911 ⁷
756 2901 861 2925 enatat.
898 2897 909 2912 ³
927 2891 1062 2934 Ιίεεῦριιιι.
1080 2891 1153 2932 vt,c.
1166 2898 1193 2926 9.
1231 2899 1242 2915 ν
1257 2891 1335 2927 «Ιύιιιι.
1353 2907 1394 2934 ιιι,
1409 2891 1433 2926 3.
