1884 3104
59 169 102 196 505

633 162 813 192 ΕΡΙΒτΟιᾹζ.
829 162 1066 192 DECRETALES.

1604 161 1657 189 506

59 229 212 261 regeneretur
232 223 299 257 Deo;
313 222 417 258 iniusto
431 228 507 254 vero,
520 225 550 248 ut
569 225 745 256 peccatorum
759 229 820 256 quae
833 225 858 252 Α
871 221 948 253 illud,
973 221 1001 248 in
1019 227 1074 255 quo
1089 226 1166 247 mens
1182 217 1352 253 purificatnr,
1370 216 1416 245 sed
1447 214 1519 251 quod
1547 217 1658 252 sequela

57 272 135 309 gessit,
148 270 270 298 remissio
287 268 462 296 concedatur.
477 268 498 283 '°
513 267 648 295 Omnibus
661 274 728 302 ergo
743 267 820 294 festi-

58 318 159 346 nandum
169 320 218 348 est,
230 316 291 343 sine
302 322 378 342 mora
391 314 499 341 renasci
513 313 580 343 Deo.
591 316 619 340 et
632 313 742 340 domum
756 320 821 340 con-

58 364 144 399 signari
165 363 197 390 ab
215 362 360 397 episcopo,
384 360 411 387 id
431 364 474 388 est
498 359 684 395 septiformem
705 359 820 394 gratiam

55 411 157 446 Spiritus
170 408 255 436 sancti
270 407 410 443 percipere
422 405 526 441 (ὅθ-51)
535 425 543 437 ,
563 405 627 441 quia
641 405 764 432 incertus
777 408 821 432 est

59 455 251 490 uniuscujusque
276 454 366 481 exitus
380 453 452 481 vita.
468 453 489 468 “
505 452 573 480 Cum
593 456 685 480 autem
709 459 822 486 regene-

59 509 120 531 ratus
133 502 209 529 fuerit
226 509 275 536 per
300 507 411 535 aquam,
424 503 451 528 et
468 498 643 535 postmodum
668 497 820 533 septiformi

60 549 158 584 Spiritus
179 547 268 582 gratia
282 547 317 574 ab
340 546 471 581 episcopo
494 545 537 581 (ut
561 548 744 572 memoratum
768 543 821 579 est)

59 596 224 625 conﬁrmatus,
239 593 304 628 quia
325 593 405 620 aliter
420 591 559 627 perfectus
571 598 632 618 esse
647 590 822 618 Christianus

61 647 209 675 nequaquam
230 639 342 674 poterit,
358 646 409 666 nec
431 638 524 666 sedem
544 637 646 664 habere
671 637 742 663 inter
757 643 821 671 per-

60 687 138 718 fectos,
151 685 172 714 si
188 692 243 712 non
260 685 438 716 necessitate,
461 683 508 711 sed
535 681 643 709 incuria
662 686 708 709 aut
724 682 823 709 volun-

59 736 102 759 tate
117 732 272 759 remanserit
295 731 337 766 (ut
361 738 376 757 a
398 731 479 758 beato
497 729 579 757 Petro
602 729 773 764 accepimus,
796 732 823 756 et

59 778 130 805 meri
147 777 230 805 sancti
254 777 390 812 apostoli,
416 776 593 812 praecipiente
617 774 744 806 Domino,
771 775 823 802 do-

58 824 172 858 cuerunt),
185 828 210 850 et
223 823 334 850 demum
346 830 379 850 ex
394 822 523 857 operibus
541 821 620 848 bonis
645 821 772 848 ostendat
794 820 823 847 in

59 869 282 898 sesimilitudinem
297 869 369 904 ejus,
382 869 430 904 qui
449 876 510 896 eum
526 868 630 903 genuit,
643 866 744 895 Patris.
758 866 824 895 Post

59 916 103 942 haec
118 923 177 943 vero
193 919 330 951 agnoscat.
351 915 435 943 Deum
458 915 604 941 honorare.
625 913 718 941 Honor
733 918 824 941 autem

58 961 106 996 ejus
119 964 166 993 est,
182 965 212 988 ut
231 961 270 988 ita
297 961 384 993 vivat,
407 961 480 988 sicut
503 960 561 994 ipse
585 959 656 993 vult;
670 961 729 987 vult
753 960 827 987 enim

58 1014 256 1042 unumquemque
274 1006 315 1033 ita
330 1007 431 1038 vivere,
448 1011 477 1033 ut
489 1005 667 1032 homicidium
679 1009 706 1033 et
723 1005 828 1033 adulte-

59 1052 116 1080 rium
129 1053 238 1085 uesciat,
251 1053 348 1080 odium
364 1056 390 1080 et
406 1053 551 1079 avaritiam
572 1052 669 1087 fugiat,
686 1052 766 1088 iram,
782 1060 828 1080 su-

58 1098 350 1132 perbiam,jactantiam
372 1102 485 1133 respuat
506 1101 534 1126 et
560 1102 730 1132 exsecretur,
755 1098 827 1125 invi-

58 1143 115 1171 diam
136 1152 249 1180 quoque,
271 1148 301 1172 et
325 1149 423 1172 caetera
447 1145 491 1172 his
509 1144 624 1176 similia,
641 1145 750 1180 penitus
766 1152 781 1171 a
797 1152 827 1173 se

58 1189 125 1216 ducat
138 1191 233 1218 aliena.
245 1190 295 1218 Est
313 1198 378 1218 sane
396 1190 507 1226 propria
524 1190 648 1225 quaedam
664 1194 766 1218 nostra:
783 1198 827 1218 re-

59 1236 148 1271 ligionis
161 1236 345 1269 observantia,
356 1244 417 1271 qum
433 1229 489 1263 non
505 1241 559 1263 tam
575 1236 723 1271 imponitur
738 1236 826 1263 homi-

59 1281 133 1314 nibus,
145 1289 224 1317 quam
239 1283 352 1317 proprie
366 1282 402 1309 ab
423 1289 589 1317 unoquoque
606 1281 691 1309 Deum
707 1282 825 1315 colente,

58 1333 127 1355 causa
139 1327 261 1362 puritatis
276 1328 432 1363 expetitur;
447 1327 482 1355 de
497 1327 670 1356 castimoniae
684 1327 748 1354 dico
760 1335 827 1355 cau-

58 1374 109 1406 tela,
124 1374 198 1409 cujus
211 1374 319 1409 species
335 1375 429 1401 multa:
440 1377 515 1401 sunt;
532 1373 586 1401 Sed
611 1374 710 1408 primo,
733 1379 763 1400 ut
777 1373 826 1401 ob-

59 1423 131 1446 servet
152 1421 355 1455 unusquisque,
378 1428 413 1448 ne
439 1422 616 1447 menstruam;
644 1420 752 1448 mulieri
774 1420 826 1447 mi-

58 1470 166 1500 sceatur;
188 1468 239 1495 hoc
262 1467 339 1495 enim
362 1466 530 1494 exsecrabile
554 1465 631 1493 ducit
655 1466 699 1493 lex
724 1465 772 1494 Dei
792 1467 824 1494 ".

59 1510 122 1543 Quod
131 1512 153 1539 si
163 1512 203 1540 lex
217 1512 250 1540 de
261 1512 308 1540 his
323 1520 378 1540 non
388 1512 576 1540 admonuisset
590 1505 652 1545 nos,
665 1516 696 1539 ut
709 1512 793 1540 catuli
803 1513 825 1529 “

870 267 906 295 sit
920 266 994 294 illius
1008 266 1073 293 boni
1094 265 1156 297 hoc,
1171 265 1199 291 in
1215 272 1270 299 quo
1286 271 1351 291 caro
1365 263 1487 290 diluitur.
1504 261 1551 290 Sic
1572 263 1657 295 enim,

870 317 897 340 et
912 313 1043 347 magister
1059 315 1153 339 noster
1169 310 1304 346 quosdam
1325 309 1527 336 Pharisaeorum
1547 313 1574 335 et
1588 308 1659 336 scri-

871 358 979 390 barum,
995 358 1043 393 qui
1058 357 1223 386 videbantur
1236 364 1298 385 esse
1318 356 1425 384 caeteris
1442 355 1580 387 meliores,
1597 359 1624 382 et
1641 362 1658 382 ει

869 405 952 439 vulgo
971 405 1101 440 separati,
1121 404 1289 440 increpabat,
1303 403 1397 430 dicens
1418 410 1466 430 eos
1484 402 1658 437 hypocritas;

870 450 935 485 quia
960 458 992 477 ea
1016 450 1188 478 solummodo
1214 457 1275 485 quae
1296 449 1454 478 hominibus
1483 447 1657 480 videbantur,

871 496 1067 530 purificabant;
1085 497 1169 524 corda
1192 504 1268 526 vero.
1284 504 1344 532 quae
1366 497 1442 524 solus
1458 495 1530 522 Deus
1548 494 1658 529 aspicit,

871 542 1014 577 inquinata
1042 543 1234 578 relinquebant
1258 547 1285 570 et
1310 542 1431 570 sordida.
1454 541 1496 568 Ad
1522 540 1658 576 quosdam

871 595 936 624 ergo
951 596 984 615 ex
1007 588 1086 624 ipsis,
1110 597 1164 616 non
1181 588 1215 615 ad
1235 596 1342 620 omnes,
1369 588 1498 615 dicebat:
1519 587 1564 614 Va:
1588 586 1660 614 vobis

874 634 967 662 scriba:
980 640 1006 662 et
1025 636 1157 663 Phariswt'
1174 635 1329 671 hypocritw,
1350 636 1412 671 quia
1433 633 1568 661 mundatis
1589 632 1658 668 quod

872 681 971 715 deforis
991 686 1029 709 est
1045 682 1136 709 calicis
1153 686 1178 708 et
1201 681 1361 716 paropsidis,
1383 682 1454 708 intus
1474 684 1559 707 autem
1582 679 1660 714 plena

863 733 934 754 sunt
953 728 1087 755 sordibus.
1109 728 1246 755 P/mrisaze
1266 736 1348 761 carae,
1370 727 1469 754 munda
1492 726 1566 761 prius
1591 725 1660 760 quod

873 773 943 801 intus
955 779 994 801 est
1005 782 1014 800 :
1029 779 1054 802 et
1068 774 1139 810 quod
1151 773 1250 809 deforis
1265 778 1314 806 est,
1328 774 1377 800 erit
1392 772 1519 800 mundum
1532 772 1553 786 “
1565 772 1572 798 Ι
1590 770 1662 798 Vere

873 820 957 851 enim,
974 820 998 848 si
1021 828 1098 848 mens
1118 820 1264 847 mundetur
1285 820 1346 847 luce
1367 819 1499 850 scientiae,
1520 826 1582 845 cum
1600 818 1661 853 ipsa

877 864 957 892 fuerit
984 866 1085 893 munda
1107 873 1139 893 nc
1157 865 1310 901 splendida,
1335 860 1401 892 tunc
1419 866 1502 893 etiam
1526 866 1597 900 ejus,
1614 863 1662 898 qui

879 911 982 939 deforis
996 915 1053 944 est,
1075 912 1193 940 hominis
1214 912 1274 948 ipsa
1296 912 1452 940 necessario
1466 918 1559 938 curam
1579 909 1661 945 gerit,

877 957 905 984 id
919 961 961 985 est
978 957 1070 985 carnis
1086 965 1152 990 suae,
1168 961 1197 985 ut
1210 962 1237 985 et
1250 958 1308 993 ipsa
1324 957 1495 993 purificetur.
1509 957 1529 972 ¹⁷
1544 955 1595 983 Ubi
1611 963 1662 982 au-

878 1007 932 1031 tem
954 1004 1017 1037 ista,
1039 1013 1099 1040 qua:
1113 1005 1215 1032 deforis
1229 1009 1283 1037 est,
1300 1004 1454 1040 puriﬁcatio
1468 1003 1560 1030 carnis
1576 1002 1662 1038 negli-

877 1049 959 1086 gitur,
973 1054 1078 1078 certum
1092 1054 1135 1078 est
1146 1058 1235 1086 neque
1246 1050 1279 1078 de
1295 1051 1414 1086 puritate
1428 1049 1529 1077 mentis
1542 1057 1573 1076 ac
1585 1056 1663 1076 mun-

876 1099 945 1126 ditia
958 1097 1050 1126 cordis
1064 1106 1157 1125 curam
1180 1098 1248 1133 geri.
1268 1097 1308 1124 lta
1340 1105 1405 1132 ergo
1436 1097 1476 1130 ιιι,
1502 1101 1532 1124 ut
1563 1096 1587 1124 is
1615 1096 1662 1132 qui

877 1145 1044 1172 intrinsecus
1055 1144 1172 1171 mundus
1188 1149 1240 1177 est,
1256 1144 1403 1171 mundetur
1410 1144 1469 1172 sine
1482 1144 1565 1171 dubio
1579 1148 1606 1171 et
1615 1151 1664 1171 ex-

876 1192 1024 1218 trinsecus.
1037 1190 1097 1218 Non
1117 1198 1223 1225 semper
1239 1196 1329 1218 autem
1347 1191 1380 1223 is,
1395 1191 1442 1226 qui
1457 1190 1606 1218 inundatur
1617 1197 1663 1217 ex-

877 1238 1025 1270 trinsecus,
1044 1238 1126 1265 etiam
1143 1237 1309 1264 intrinsecus
1323 1236 1443 1264 mundus
1456 1241 1513 1269 est,
1535 1236 1664 1264 videlicet

876 1291 939 1311 cum
960 1283 1016 1319 agit
1033 1283 1102 1315 haec,
1121 1287 1150 1310 ut
1166 1283 1323 1310 hominibus
1338 1283 1454 1318 placeat.
1468 1283 1490 1299 ¹⁸
1506 1282 1558 1310 Sed
1575 1286 1602 1310 et
1618 1282 1664 1309 illa

876 1330 983 1366 species
996 1330 1166 1357 castimonia:
1183 1329 1353 1357 observanda
1373 1333 1427 1361 est,
1447 1329 1486 1356 uti
1505 1322 1547 1356 ne
1561 1329 1664 1363 passim

875 1379 903 1404 et
921 1375 1043 1404 libidinis
1058 1375 1145 1404 solius
1168 1383 1263 1407 causa,
1286 1383 1348 1403 cum
1370 1374 1479 1403 feminis
1498 1379 1575 1403 coeat
1591 1375 1664 1410 quis,

875 1422 923 1451 sed
936 1422 1105 1457 posteritatis
1117 1422 1275 1457 reparandae
1289 1422 1391 1457 gratia;
1411 1430 1471 1457 quae
1491 1422 1665 1450 observantia

875 1477 938 1496 cum
952 1469 1034 1497 etiam
1055 1470 1083 1496 in
1099 1468 1238 1496 nonnullis
1263 1469 1413 1504 pecudibus
1436 1469 1600 1501 inveniatur,
1618 1477 1666 1505 pu-

875 1515 951 1543 doris
975 1519 1035 1547 est,
1057 1514 1082 1542 si
1107 1522 1162 1542 non
1188 1515 1223 1542 ab
1251 1514 1408 1543 hominibus
1434 1515 1614 1543 rationalibus
1636 1520 1665 1544 et

58 1557 155 1586 libenter
177 1559 352 1588 volveremur
374 1559 402 1586 in
426 1563 548 1586 stercore
566 1559 598 1586 “.
615 1558 751 1587 Debemus
770 1559 819 1587 ali—
835 1566 858 1596 (ι
874 1561 959 1589 Deum
975 1561 1127 1589 colentibus
1152 1561 1323 1590 observetur.
1348 1561 1419 1597 Ergo
1444 1569 1541 1590 omnes
1567 1570 1665 1598 pecca-

58 1603 111 1637 quid
124 1605 233 1640 amplius
248 1600 356 1633 habere
367 1605 542 1637 animalibus,
559 1608 654 1640 utpote
676 1605 824 1634 rationales

60 1648 176 1682 homines,
194 1655 221 1679 et
240 1651 396 1679 caelestium
423 1659 554 1679 sensuum
580 1659 706 1686 capaces,
723 1652 824 1688 quibus

60 1701 175 1723 scalmum
199 1697 323 1725 studium
348 1704 412 1725 esse
433 1697 523 1729 debet,
544 1697 579 1724 ab
595 1698 670 1724 omni
696 1698 825 1733 inquina-

59 1744 135 1769 mento
145 1742 448 1772 cordisconscientiam
464 1743 615 1771 custodire.
629 1744 651 1759 ¹⁵
663 1743 768 1771 Bonum
782 1747 825 1772 est

61 1792 143 1822 autem,
160 1793 185 1816 et
200 1789 314 1824 puritati
330 1789 507 1820 conveniens,
523 1789 606 1815 etiam
629 1796 730 1824 corpus
753 1797 826 1824 aqua

59 1831 155 1862 diluere.
175 1833 279 1862 Bonum
307 1841 373 1862 vero
397 1834 469 1865 dico,
492 1841 547 1861 non
574 1834 652 1869 quasi
673 1834 826 1870 principale

877 1612 975 1635 verunt
991 1611 1018 1635 et
1033 1611 1113 1642 egent
1127 1607 1230 1634 auxilio
1240 1606 1286 1634 Dei
1299 1607 1365 1642 (52).
1378 1602 1493 1643 Propter
1504 1609 1587 1644 quod,
1600 1609 1666 1637 cha—

876 1653 996 1687 rissimi,
1017 1653 1160 1681 sectamini
1188 1661 1295 1688 semper
1319 1654 1496 1686 charitatem,
1511 1659 1539 1682 et
1553 1655 1667 1682 aemula-

877 1699 945 1727 mini
969 1700 1083 1727 meliora
1102 1703 1128 1727 et
1151 1699 1314 1734 spirituulia,
1333 1703 1361 1727 et
1376 1699 1503 1734 adjuvate
1524 1708 1574 1727 vos
1592 1700 1664 1727 iuvi-

878 1753 947 1779 cem,
960 1750 990 1773 ut
1003 1745 1058 1773 Deo
1072 1753 1179 1783 semper
1199 1746 1227 1773 in
1242 1745 1369 1773 omnibus
1384 1746 1492 1782 placere
1506 1747 1618 1774 valeatis
1631 1747 1662 1774 ".

879 1790 977 1820 Amen.

61 1910 1148 1924 _———_——

659 1973 952 2020 EPISTOLA
988 1977 1046 2022 V.

63 2102 92 2130 De
108 2103 228 2130 communi
249 2103 304 2129 vita
318 2106 342 2128 et
365 2102 471 2135 reliquis
495 2102 594 2133 causis,
611 2102 667 2129 sui:
689 2097 828 2137 discipulis

129 2139 231 2172 scripta,
247 2137 550 2173 Ilierosolymitanisque
561 2137 662 2164 directa
675 2137 743 2173 (55).

89 2194 265 2222 Dilectissimis
282 2194 415 2222 fratribus
431 2199 458 2222 et
473 2196 682 2231 condiscipulis,
699 2195 828 2223 Hieroso-

62 2240 128 2275 lymis
144 2249 203 2269 cum
220 2241 385 2268 charissimo
398 2241 480 2268 fratre
490 2241 592 2270 Jacobo
604 2243 767 2278 coepiscopo
781 2243 828 2271 ha-

62 2285 202 2320 bitantibus,
214 2287 341 2314 CLEMENS
355 2287 511 2322 episcopus.

917 2105 1077 2134 Communis
1085 2107 1108 2122 ¹⁰
1124 2106 1190 2138 vita,
1202 2106 1312 2137 fratres,
1321 2105 1448 2133 omnibus
1457 2106 1611 2134 necessaria
1620 2111 1663 2135 est

881 2155 908 2179 et
922 2152 1041 2180 maxime
1057 2152 1099 2180 his
1119 2153 1166 2188 qui
1182 2152 1236 2180 Deo
1252 2152 1530 2186 irreprehensibiliter
1545 2153 1663 2182 militare

843 2213 868 2242 Ι)
880 2198 1004 2232 cupiunt,
1018 2202 1045 2225 et
1060 2198 1143 2225 vitam
1164 2199 1362 2234 apostolorum,
1377 2206 1526 2233 eorumque
1541 2199 1665 2235 discipu-

883 2244 971 2271 lorum
989 2244 1090 2272 imitari
1106 2245 1210 2272 volunt.
1224 2246 1244 2260 ¹¹
1259 2244 1419 2272 Communis
1433 2245 1506 2272 enim
1525 2253 1591 2273 usus
1605 2254 1665 2273 om-

882 2290 970 2322 nium,
986 2298 1046 2325 quae
1064 2295 1127 2318 sunt
1143 2292 1170 2318 in
1192 2291 1243 2318 hoc
1261 2290 1374 2323 mundo,
1390 2291 1518 2318 omnibus
1539 2297 1600 2318 esse
1615 2292 1665 2320 ho-

91 2344 194 2381 "_Siric.
208 2352 252 2381 ep.
263 2343 395 2381 l,_i_nitio.
417 2344 435 2360 “
445 2343 604 2381 Recognwt,
612 2352 636 2371 c.
648 2344 693 2381 10.
715 2344 736 2359 ”
750 2343 835 2372 Levit.
855 2353 934 2375 xvm.
952 2347 973 2363 ¹³
989 2347 1231 2381 cantharidea,imo
1246 2348 1379 2380 cant/tari,
1394 2352 1423 2375 ut
1437 2348 1505 2375 bene
1513 2347 1665 2378 Turrianus

62 2386 87 2404 ex
97 2379 180 2406 Graeco
190 2379 341 2414 codiceljb.
355 2387 381 2410 ν,
397 2387 458 2414 cap.
469 2380 514 2406 24.

80 2469 85 2475 .
96 2448 119 2480 1,
130 2449 256 2477 Dilectiss.
277 2447 418 2484 fratribus.

82 2484 179 2512 lemeus.

92 2530 186 2564 (30-51)
207 2531 244 2559 De
257 2528 464 2558 conﬁrmatione
478 2527 610 2564 loquitur.

63 2561 138 2627 ea‘32)
155 2561 222 2601 Ergo
232 2574 320 2593 omnes
337 2561 523 2599 peccauerunt;
537 2567 589 2590 etc.
608 2561 670 2589 Haec
688 2562 828 2589 conclusio

99 2601 212 2627 umniose
232 2599 440 2627 reprehenditur
458 2598 492 2624 ab
514 2598 648 2625 haereticis
667 2607 672 2623 :
695 2597 732 2623 ita
754 2597 827 2624 enim

99 2597 212 2629 uninios'e
232 2597 440 2635 reprehenditur
458 2598 502 2635 ab_
514 2598 648 2635 haereticis
667 2607 672 2623 :
695 2597 732 2623 ita
754 2597 827 2635 enim

64 2640 159 2671 sanctus
171 2632 296 2664 Clemens
312 2636 371 2671 (aut
393 2633 440 2671 qui
461 2633 513 2671 sub
536 2633 596 2667 ejus
621 2639 738 2671 persona
760 2632 829 2658 deli-

64 2667 359 2707 tescitlargumeuta'tur
371 2678 382 2707 :_
397 2667 426 2696 Si
440 2668 511 2707 ratio
526 2668 659 2707 naturalis
675 2671 701 2707 et
717 2667 760 2694 lex
780 2673 828 2693 co-

64 2702 216 2734 lendiDeuin
228 2714 285 2733 non
300 2705 398 2734 sullicit
415 2703 450 2730 ad
464 2703 661 2731 observandam
678 2702 749 2728 hanc
765 2709 828 2737 spe-

64 2740 122 2767 ciem
132 2740 272 2772 ustilatis,
290 2748 370 2776 quam
384 2738 513 2776 pecudes,
529 2738 590 2766 sine
608 2738 712 2776 ratione
729 2742 754 2764 et
770 2737 828 2776 lege

64 2778 154 2804 natura
165 2772 426 2806 instinctu'servant,
440 2779 467 2801 et
482 2774 520 2801 ita
534 2773 680 2800 mutabiles
700 2777 763 2799 sunt
778 2772 828 2798 ho-

64 2809 397 2846 Ipinunequitur'omnes
409 2817 470 2846 esse
493 2811 704 2846 peccatores,_et
726 2807 829 2846 auxilio

65 2843 267 2882 Dgiuegereiqad
290 2845 359 2874 bene
374 2843 529 2882 vivendum.
553 2844 614 2877 Quo
636 2843 710 2882 ni_hil_
725 2843 828 2882 veritis,

65 2878 123 2907 nihil
139 2878 279 2913 subtilius,
300 2888 350 2909 nec
375 2879 409 2908 ad
434 2886 492 2908 rem
514 2878 748 2909 accommodatius
773 2878 829 2905 dici

66 2915 150 2948 potuit.
163 2915 223 2946 διν.
236 2915 338 2946 Brutus.

555 2379 576 2415 [ἦ
592 2379 670 2406 Deest
685 2379 742 2406 hmc
753 2381 922 2414 comparatio
938 2381 966 2408 in
981 2390 1005 2409 c.
1018 2382 1089 2410 Just.
1128 2384 1149 2399 ”
1162 2379 1327 2415 Ἰεεεοθιι-νι,
1346 2379 1376 2411 οξ
1395 2383 1438 2411 Η.

62 2414 106 2451 25.Δ
130 2413 222 2451 Ἶμκε
236 2415 271 2441 ab
285 2413 535 2451 llelnerobaptistis
547 2414 680 2451 Ebionitis
695 2415 795 2451 inserta
810 2413 855 2451 qq.
868 2416 1002 2443 videntur.
1042 2419 1064 2434 ”
1076 2416 1189 2451 Recogn.
1204 2413 1277 2450 vnio.
1290 2418 1333 2446 l2.

473 2451 493 2466 ¹¹
516 2449 710 2477 Faustinianus
735 2449 792 2476 haec
814 2449 881 2477 dicit
907 2451 953 2479 lib.
975 2460 1003 2478 xi
1025 2449 1169 2490 Recognf,
1200 2461 1227 2488 p.
1248 2453 1317 2486 138,
1341 2461 1401 2488 qua:
1428 2453 1527 2481 refellit
1551 2449 1665 2490 ipsemet

1478 2383 1500 2399 ”
1511 2383 1604 2412 Matth.
1617 2385 1664 2417 25,

1373 2418 1411 2444 "l
1425 2418 1488 2446 Cor.
1496 2427 1550 2447 xlv.
1590 2420 1663 2452 "12,

916 2530 972 2571 (δῇ)
992 2531 1056 2571 Haec
1068 2534 1185 2571 epistola
1208 2535 1346 2570 encyclica
1360 2539 1416 2568 est;
1431 2535 1472 2562 sic
1493 2534 1575 2567 dicta,
1592 2535 1664 2570 quod

880 2567 1008 2605 omnibus
1023 2567 1154 2605 Ecclesiis
1169 2567 1324 2605 communis
1347 2574 1434 2605 esset,
1456 2573 1483 2596 et
1500 2578 1548 2604 per
1566 2567 1665 2598 manus

879 2602 995 2641 singulis
1023 2603 1138 2641 tradita,
1165 2604 1324 2632 universum
1351 2602 1664 2641 Qltristiantitnhorbetn

879 2637 1046 2675 circumiret.
1061 2638 1173 2667 Diversa
1188 2644 1278 2675 tamen
1291 2643 1333 2667 est
1349 2640 1383 2667 ab
1401 2639 1446 2665 illa
1461 2639 1609 2675 encyclica,
1635 2640 1664 2667 in

877 2679 931 2706 qua
949 2673 1103 2710 virginitas,
1122 2678 1191 2702 teste
1210 2674 1344 2710 Epiphan.
1358 2675 1454 2702 haeresi
1470 2673 1520 2707 5οζ
1531 2674 1665 2709 ἀερηεᾱί-

877 2711 938 2745 cata
945 2707 1007 2740 fuit,
1017 2717 1131 2745 qumque
1144 2718 1194 2738 suo
1203 2707 1396 2745 tempore,quo
1409 2710 1514 2745 integra
1527 2707 1662 2745 exstabat,

879 2743 906 2770 in
922 2745 1025 2771 sanctis
1038 2743 1178 2776 Ecc’lesiis,
1196 2748 1225 2771 ut
1240 2743 1286 2777 ait,
1303 2743 1442 2779 legebatur
1457 2743 1551 2772 {sicut
1573 2748 1599 2771 et
1616 2744 1662 2779 illa

880 2787 940 2813 quae
961 2779 995 2806 ad
1017 2779 1173 2807 Corinthios
1187 2780 1289 2814 scripta
1310 2778 1370 2806 fuit.
1393 2779 1479 2814 Cujus
1493 2783 1582 2806 autent
1601 2778 1663 2806 iidei

880 2822 913 2841 ac
929 2816 1064 2842 firmitatis
1080 2816 1134 2842 sint
1150 2815 1191 2842 ha:
1221 2816 1341 2850 quinque
1355 2815 1435 2842 titulo
1449 2814 1660 2850 Clementisno-

880 2851 1025 2880 tat-.e.vidc
1037 2850 1202 2878 Turrianum
1227 2847 1274 2879 lib.
1297 2847 1331 2883 lt,
1357 2850 1482 2878 adversus
1498 2847 1661 2884 Magdebttr-

880 2894 980 2921 gemes.
997 2885 1059 2917 Sev.
1072 2885 1165 2914 Brutus
