1884 3104
195 126 247 156 807

617 123 647 153 S.
664 124 863 155 CLEMEN'HS
878 127 889 156 Ι
907 126 991 156 ROM.
1009 126 1112 156 PONT.
1130 124 1246 155 OPERA
1275 125 1391 156 DUBIA.

197 184 319 214 minibus
345 183 460 219 debuit;
484 183 532 213 sed
556 191 606 220 per
631 183 805 219 iniquitatem
833 185 904 215 alius
933 186 985 213 boc
1001 189 1022 217 Α
1039 189 1191 213 vestrarum
1205 185 1334 219 partium,
1348 183 1497 212 secundum
1511 183 1655 219 ingenium
1675 181 1835 216 hominum,

198 239 278 268 suum
293 238 356 259 esse
369 229 446 263 dixitl
462 234 490 259 et
504 230 575 259 alius
586 229 664 263 illud,
674 234 702 258 et
717 229 759 258 sic
771 230 843 258 inter
856 231 988 259 mortales

199 277 272 305 facta
291 276 390 305 divisio
412 280 466 305 est.
489 276 610 312 Denique
634 275 792 304 Graecorum
809 276 921 312 quidam
943 284 988 306 sa-

199 323 388 361 pientissimus
398 323 431 358 “,
447 323 505 351 haac
520 323 557 351 ita
569 322 661 351 sciens
676 329 750 355 esse,
765 321 803 349 ait
814 321 988 350 :Commum'a

199 369 291 398 debere
305 377 361 397 esse
379 370 526 396 amicorum
546 369 636 396 omnia
646 367 682 402 ’³,
698 372 723 397 et
743 369 812 395 sicut
835 377 887 396 non
901 373 988 404 potest

200 416 310 452 (inquit)
325 415 407 443 dividi
421 424 478 449 aer,
497 423 578 452 neque
591 414 715 450 splendor
736 415 814 448 solis,
830 415 870 442 ita
885 423 932 443 nec
946 424 988 443 re-

201 463 274 499 liqua
293 471 352 499 qua
366 463 540 490 communiter
555 463 583 490 in
599 462 648 490 hoc
666 462 765 490 mundo
785 461 905 490 omnibus
923 461 989 488 data

189 514 262 548 'sunt
284 508 319 536 ad
339 508 499 542 habendum,
513 508 596 536 dividi
618 507 722 540 debere,
740 507 785 535 sed
799 507 921 535 habenda
934 515 990 535 esse

201 556 361 583 communia.
378 554 455 583 Unde
470 559 498 582 et
513 554 645 583 Dominus
660 562 708 590 per
723 554 884 590 prophetam
901 553 990 589 loqui-

202 605 258 633 tur,
274 601 389 631 dicens:
405 600 472 628 Ecce
486 609 566 636 quam
588 600 684 628 bonum
703 605 728 627 et
746 608 826 636 quam
841 599 990 634 jucundum

201 647 322 675 habitare
336 647 435 683 fratres
451 647 478 674 in
493 655 578 674 unum
589 647 623 675 “.
644 646 728 675 Istius
744 647 817 675 enim
842 651 991 675 consuetu-

202 693 275 722 dinis
289 701 364 721 more
379 697 495 726 retento,
509 693 590 721 etiam
605 693 733 728 apostoli,
745 701 896 729 eorumque
909 692 991 721 disci-

202 740 271 775 puli,
284 743 314 767 ut
329 739 486 775 prmdictum
515 742 568 771 est,
581 746 635 766 una
651 739 794 767 nobiscum
806 744 831 767 et
848 739 990 767 vobiscum

202 794 375 814 communem
399 786 480 813 vitam
505 784 618 813 duxere.
643 784 721 813 Unde
740 785 782 821 (ut
805 785 874 814 bene
891 785 990 821 nostis)

201 836 260 859 erat
280 831 457 860 multitudinis
479 839 571 858 eorum
593 839 639 858 cor
661 839 743 858 unum
757 835 781 859 et
805 832 897 859 anima
915 838 990 859 una:

203 886 249 904 nec
267 877 405 913 quicquam
421 885 511 904 eorum
526 881 572 904 aut
586 881 716 910 nostrum,
729 877 762 905 de
775 877 816 904 his
830 885 889 913 qua:
905 878 992 913 possi-

201 923 290 956 debat,
312 923 413 958 aliquid
428 931 506 951 suum
519 932 576 951 esse
591 923 705 957 dicebat,
726 923 772 951 sed
790 924 880 952 omnia
894 924 950 952 illis
967 928 993 952 et

202 970 277 998 nobis
292 974 368 997 erant
382 969 542 1001 communia,
554 977 599 996 nec
613 969 751 1005 quisquam
762 978 839 1005 egens
855 974 912 998 erat
925 970 993 997 inter

202 1024 260 1044 nos.
278 1015 374 1043 Omnes
391 1020 490 1048 autem,
503 1016 549 1051 qui
562 1015 654 1043 dantes
669 1016 709 1043 oet
717 1023 796 1051 agros
806 1016 989 1052 possidebant,

202 1061 345 1090 vendebant
360 1069 415 1093 eos,
432 1065 457 1088 et
470 1061 556 1096 pretia
569 1069 672 1093 eorum,
685 1066 710 1088 et
733 1062 849 1097 reliquas
870 1071 912 1090 res
926 1071 993 1098 quas

202 1107 348 1141 habebant,
363 1107 525 1143 aIferebant,
543 1112 666 1142 ponentes
683 1112 744 1135 ante
760 1108 837 1144 pedes
859 1109 994 1144 apostolo-

202 1162 262 1181 rum
271 1154 304 1188 ’⁸,
311 1154 383 1182 sicut
396 1154 539 1182 nobiscum
547 1154 658 1189 quidam
666 1158 788 1182 vestrum
804 1158 993 1191 cognoverunt

202 1205 230 1229 et
243 1200 388 1229 viderunt:
404 1204 429 1228 et
439 1200 591 1228 dividebant
606 1200 992 1237 singulis,proutcaiqueopus

201 1251 271 1275 erat.
285 1246 407 1274 Ananias
422 1250 524 1279 autem,
547 1247 589 1274 vir
606 1250 749 1278 austerus,
767 1251 795 1275 et
821 1246 957 1283 Sappbira
970 1248 993 1264 "

203 1301 274 1321 uxor
288 1293 349 1328 ejus
361 1292 394 1326 ",
411 1292 459 1328 qui
483 1292 590 1320 mentiti
614 1295 679 1321 sunt
694 1292 828 1327 apostolis
852 1292 886 1321 de
904 1294 994 1329 pretio

203 1347 333 1375 agrorum
349 1346 473 1373 suorum,
484 1346 554 1374 quos
568 1338 758 1372 vendiderant,
775 1339 856 1367 nobis
872 1347 994 1375 prasen-

203 1385 278 1414 tibus
291 1385 330 1418 “,
346 1384 374 1412 in
397 1388 548 1420 conspectu
572 1384 697 1412 omnium
714 1385 964 1419 circumstantium,
979 1394 994 1414 a

203 1433 354 1466 conspectu
371 1433 576 1465 apostolorum,
602 1434 714 1467 propter
730 1436 873 1466 peccatum
899 1440 994 1460 eorum

203 1481 232 1506 et
246 1476 421 1505 mendacium
441 1476 514 1512 quod
541 1477 680 1510 fecerunt,
702 1478 804 1505 mortui
823 1478 907 1506 delati
930 1484 996 1506 sunt

205 1522 298 1552 ambo.
314 1523 474 1559 Caeteraque
494 1531 556 1558 qua:
569 1523 603 1551 de
618 1523 720 1552 talibus
732 1524 755 1540 ²⁹
771 1525 954 1560 cognovimus
968 1528 996 1552 et

204 1568 340 1602 vidimus,
367 1576 419 1597 nec
446 1569 655 1602 recordatione,
680 1577 731 1597 nec
759 1569 995 1598 demonstratione

205 1614 289 1651 digna
312 1618 387 1643 sunt.
403 1614 576 1650 Quapropter
597 1615 656 1643 hac
671 1615 751 1644 vobis
772 1616 894 1644 cavenda
917 1624 997 1644 man-

206 1660 315 1693 damus,
330 1664 358 1688 et
371 1660 505 1689 doctrinis
521 1664 548 1688 et
561 1661 695 1697 exemplis
719 1662 907 1697 apostolorum
930 1663 998 1691 ohe-

206 1706 266 1735 dire
281 1706 472 1742 praecipimus;
488 1707 553 1742 quia
570 1707 597 1734 hi
612 1708 661 1742 qui
672 1707 800 1735 mandata
815 1715 910 1736 eorum
924 1713 999 1744 post-

206 1755 323 1788 ponunt,
335 1760 390 1779 non
402 1752 491 1780 solum
506 1752 556 1785 rei,
569 1753 617 1780 sed
633 1757 757 1781 extorres
772 1753 850 1781 llunt.
864 1753 930 1788 Quae
941 1763 996 1783 non

207 1798 296 1826 solum
313 1798 392 1826 vobis
407 1798 539 1832 cavenda,
561 1798 610 1827 sed
631 1803 659 1827 et
679 1800 807 1828 omnibus
823 1800 996 1836 praedicanda

207 1848 283 1872 sunt.
295 1844 318 1860 "
332 1843 458 1872 Relatum
476 1848 520 1873 est
538 1844 621 1873 etiam
637 1845 728 1878 nobis,
744 1846 818 1881 quod
841 1847 953 1882 quidam
968 1847 996 1875 in

206 1890 308 1919 vestris
332 1891 457 1926 partibus
479 1895 698 1924 commorantes,
720 1892 902 1920 adversantur
921 1893 997 1922 sanis

208 1936 352 1969 doctrinis,
364 1941 392 1965 et
407 1936 500 1973 (prout
514 1937 556 1965 eis
568 1937 688 1974 videtur)
703 1945 760 1966 non
773 1939 926 1967 secundum
939 1943 998 1967 tra-

209 1983 341 2011 ditionem
356 1982 447 2011 Patris
459 1983 492 2016 “,
512 1984 560 2011 sed
572 1984 651 2019 juxta
667 1992 779 2013 sensum
795 1993 877 2013 suum
897 1987 998 2015 docere

209 2029 384 2058 vitientur."
407 2029 506 2058 Multas
529 2030 602 2058 enim
629 2029 740 2066 quidam
762 2031 808 2068 (ut
831 2032 998 2062 audivimusl

1038 239 1071 259 ex
1087 231 1131 260 bis
1154 238 1215 266 quae
1238 230 1348 266 legunt.
1368 229 1626 258 verisimilitudines
1649 228 1765 264 capiunt
1781 237 1788 255 :
1803 232 1833 255 et

1038 277 1101 305 ideo
1120 277 1264 313 diligenter
1286 276 1487 305 observandum
1508 280 1560 308 est,
1582 280 1614 303 ut
1628 275 1674 304 lex
1691 274 1751 307 Dei,
1769 282 1834 302 uim

1039 323 1148 359 legitur,
1174 330 1231 350 non
1255 322 1407 351 secundum
1430 322 1570 358 propriam
1599 322 1705 358 ingenii
1731 321 1835 349 intelli-

1036 369 1158 405 gentiam
1185 369 1292 404 legatur
1317 369 1359 397 vel
1388 367 1530 396 doceatur.
1554 367 1626 396 Sunt
1646 368 1723 396 enim
1746 366 1834 394 multa

1038 415 1123 443 verba
1143 415 1172 442 in
1191 413 1343 450 Scripturis
1359 414 1476 447 divinis,
1496 421 1558 450 quae
1573 417 1692 449 possunt
1706 413 1782 440 trahi
1799 412 1835 440 ad

1039 469 1103 489 eum
1119 461 1141 477 "
1170 469 1303 494 sensum,
1325 468 1407 497 quem
1441 460 1495 488 sibi
1517 459 1712 495 unusquisque
1736 462 1836 494 sponte

1040 507 1227 543 praesumpsit,
1248 507 1296 535 sed
1313 507 1372 535 ﬁeri
1387 515 1443 534 non
1464 510 1583 542 oportet.
1597 505 1659 534 Non
1678 505 1756 533 enim
1771 512 1836 533 sen-

1041 561 1101 582 sum
1114 561 1195 589 quem
1206 553 1380 581 extrinsecus
1389 552 1557 585 adulteretis,
1570 552 1692 580 alienum
1704 554 1734 579 et
1747 554 1836 578 extra-

1041 607 1121 627 neum
1133 599 1239 627 debetis
1251 606 1386 634 quaerere,
1401 602 1449 626 aut
1462 597 1601 634 quomodo
1611 597 1635 614 “
1650 598 1746 633 lpsum
1760 596 1836 624 Scri—

1041 649 1185 681 pturarum
1213 645 1378 672 auctoritate
1407 644 1594 678 conﬁrmetis;
1623 643 1673 671 sed
1696 650 1736 671 ex
1768 643 1836 678 ipsis

1042 690 1195 727 Scripturis
1210 699 1322 719 sensum
1337 697 1436 726 capere
1449 691 1585 718 veritatis.
1601 689 1634 716 Et
1646 689 1712 717 ideo
1727 693 1837 724 oportet

1041 738 1076 767 ab
1090 745 1124 766 eo
1139 737 1347 773 intelligentiam
1360 737 1468 764 discere
1482 736 1701 772 Scripturarum,
1713 735 1764 770 qui
1778 741 1835 762 eam

1042 792 1058 812 a
1081 784 1252 819 majoribus,
1276 782 1427 811 secundum
1453 783 1594 811 veritatem
1621 781 1675 810 sibi
1706 780 1836 808 traditam

1042 831 1163 859 servavit
1183 833 1215 858 ut
1235 834 1263 858 et
1279 830 1339 866 ipse
1363 829 1451 866 possit
1464 836 1507 862 ea,
1527 837 1588 866 quae
1606 833 1683 858 recte
1700 828 1835 862 suscepit,

1044 879 1233 912 competenter
1248 883 1385 904 asserere.
1407 875 1476 903 Cum
1497 875 1571 903 enim
1585 883 1620 903 ex
1638 875 1747 903 divinis
1764 873 1837 901 Scri-

1043 925 1132 959 pturis
1156 922 1290 958 integram
1306 921 1370 957 quis
1390 924 1419 950 et
1442 921 1548 949 ﬁrmam
1562 921 1688 957 regulam
1712 920 1837 948 veritatis

1044 968 1207 1004 susceperit,
1228 967 1379 996 absurdum
1398 975 1455 996 non
1469 967 1534 1000 erit,
1545 967 1569 994 si
1584 967 1690 1002 aliquid
1703 967 1792 994 etiam
1805 974 1836 993 ex

1043 1015 1200 1044 eruditione
1224 1014 1364 1042 communi
1388 1021 1422 1041 ac
1445 1013 1606 1042 liberalibus
1630 1013 1758 1046 studiis,
1779 1021 1837 1048 qua

1044 1062 1115 1090 forte
1139 1062 1167 1090 in
1191 1061 1309 1098 pueritia
1335 1060 1441 1097 attigit,
1459 1060 1493 1088 ad
1519 1061 1701 1088 assertionem
1715 1059 1778 1087 veri
1791 1059 1837 1086 do-

1044 1108 1144 1145 gmatis
1157 1107 1296 1141 conferat;
1320 1107 1359 1134 ita
1382 1110 1485 1140 tamen,
1499 1110 1530 1134 ut
1555 1107 1602 1134 ubi
1627 1114 1695 1134 vera
1724 1105 1835 1137 didicit,

1044 1155 1113 1182 falsa
1131 1159 1158 1182 et
1181 1153 1310 1181 simulata
1340 1152 1470 1182 declinet.
1490 1153 1513 1169 ³⁵
1535 1151 1673 1180 incertum
1698 1156 1746 1180 est
1769 1151 1835 1179 enim

1043 1202 1126 1229 etiam
1139 1200 1287 1235 juvenibus
1302 1199 1366 1227 vitae
1390 1203 1509 1235 tempus,
1534 1199 1647 1227 senibus
1672 1201 1769 1225 autem
1783 1197 1836 1232 jam

1044 1256 1096 1276 nec
1111 1247 1246 1274 incertum
1261 1249 1321 1280 est;
1338 1253 1394 1273 non
1405 1245 1479 1273 enim
1495 1244 1647 1277 dubitatur,
1664 1245 1735 1280 quin
1752 1252 1837 1279 quau-

1045 1299 1215 1329 tumcunque
1231 1296 1275 1321 est
1296 1292 1370 1328 quod
1385 1295 1498 1327 putatur
1513 1298 1675 1328 superesse,
1692 1291 1779 1318 breve
1791 1291 1835 1318 sit.

1045 1341 1078 1368 Et
1101 1340 1163 1368 ideo
1176 1344 1233 1368 tam
1249 1339 1367 1374 juvenes
1388 1346 1470 1374 quam
1485 1346 1566 1366 senes
1581 1342 1691 1374 oportet
1714 1337 1752 1365 de
1774 1344 1837 1364 con-

1045 1387 1172 1416 versione
1185 1390 1212 1414 et
1226 1385 1386 1422 pmnitentia
1402 1385 1481 1413 valde
1498 1392 1560 1413 esse
1574 1384 1721 1417 sollicitos,
1738 1386 1766 1411 et
1780 1387 1838 1411 sat-

1046 1441 1126 1470 agere
1137 1433 1170 1466 ",
1193 1437 1222 1460 ut
1236 1433 1270 1461 de
1291 1432 1397 1468 reliquo
1419 1435 1518 1460 ornent
1532 1431 1650 1458 animam
1667 1438 1749 1458 suam
1762 1438 1839 1457 orna-

1047 1480 1148 1508 mentis
1163 1479 1343 1515 dignissimis,
1358 1478 1386 1506 id
1398 1483 1441 1506 est
1453 1478 1628 1514 dogmatibus
1642 1477 1781 1508 veritatis.
1795 1476 1840 1504 de-

1048 1533 1112 1554 care
1125 1525 1273 1562 pudicitiae,
1288 1525 1434 1560 splendore
1445 1524 1570 1560 justitiaa,
1581 1524 1705 1552 candore
1716 1523 1838 1559 pietatis,

1049 1572 1168 1607 aliisque
1182 1571 1322 1603 omnibus,
1337 1571 1438 1606 quibus
1459 1575 1597 1607 comptam
1611 1570 1692 1598 decet
1714 1577 1778 1598 esse
1794 1576 1839 1597 ra-

1048 1618 1178 1646 tionalem
1203 1618 1368 1649 mentem."
1383 1617 1477 1650 Unde,
1498 1616 1645 1645 consilium
1666 1616 1777 1647 dantes,
1793 1623 1838 1643 ve-

1048 1670 1133 1693 stram
1148 1664 1321 1700 prudentiam
1338 1663 1492 1696 hortamur,
1513 1667 1544 1690 ut
1563 1663 1598 1690 ab
1617 1662 1782 1698 apustolicis
1796 1669 1839 1689 re-

1046 1711 1119 1747 gulis
1133 1717 1189 1738 non
1211 1709 1357 1743 recedatis,
1380 1709 1428 1738 sed
1446 1716 1620 1738 communem
1633 1709 1720 1736 vitam
1736 1709 1841 1736 ducen-

1048 1761 1100 1789 tes,
1114 1761 1142 1785 et
1156 1756 1317 1792 Scripturas
1337 1764 1433 1785 sacras
1459 1760 1533 1784 recte
1556 1756 1756 1791 intelligentes,
1780 1763 1841 1791 qua

1041 1803 1165 1831 ‘Domino
1180 1803 1305 1835 vovistis,
1327 1803 1478 1838 adimplere
1492 1804 1635 1838 satagatis.
1651 1802 1685 1830 Et
1699 1811 1765 1830 cum
1780 1810 1840 1830 ora-

1048 1849 1125 1878 tione
1142 1849 1254 1877 assidua
1283 1849 1329 1877 Dei
1357 1850 1475 1885 gratiam
1506 1849 1632 1877 obtinere
1663 1849 1837 1880 merueritis,

1049 1900 1126 1929 tunc,
1140 1896 1200 1925 sine
1214 1895 1372 1931 suspicione
1389 1895 1453 1922 mali
1466 1896 1594 1924 interitus
1605 1896 1639 1929 ³⁸,
1654 1900 1719 1924 vota
1731 1897 1840 1932 possint

1049 1942 1182 1970 celebrari
1203 1942 1310 1970 festiva.
1333 1941 1405 1970 Deus
1427 1945 1519 1970 autem
1538 1942 1614 1977 pacis
1636 1942 1673 1970 sit
1692 1950 1757 1969 cum
1781 1950 1841 1969 om—

1049 1988 1131 2017 nibus
1145 1989 1232 2017 vobis.
1247 1988 1344 2017 Amen.

253 2124 276 2139 “
293 2124 439 2166 Platonem
473 2123 612 2166 intelligit.
633 2162 640 2166 Α
664 2125 687 2141 ’⁸
705 2125 735 2154 in
754 2134 812 2166 ins.
844 2130 927 2162 atque
955 2126 1039 2155 editis
1067 2128 1173 2156 Merlini
1194 2133 1224 2166 et
1243 2127 1343 2156 Crabbi
1357 2135 1467 2166 _pauca_
1481 2129 1658 2166 inseruntur,
1677 2129 1713 2158 de
1736 2131 1839 2166 quibus

212 2159 241 2199 i_n
256 2160 338 2199 notis.
357 2158 394 2199 lia
417 2158 515 2199 Sutrius
531 2158 783 2199 gtlpost'eumalii
804 2158 994 2199 resecuerunt,
1020 2167 1197 2199 cumtamen
1218 2164 1344 2199 legantur
1357 2158 1375 2192 I'.
1395 2172 1415 2199 ξ
1439 2162 1558 2198 'Becogn.

1031 2198 1055 2240 ξ’
1078 2198 1139 2226 Non
1163 2197 1273 2240 videtin:
1295 2203 1367 2240 tunc.
1394 2197 1591 2240 Hierosolymis
1615 2201 1758 2240 exstitisse
1778 2202 1838 2230 Cle-

213 2194 240 2226 1.
277 2194 300 2210 ’⁸
315 2194 434 2236 Δειλιν,
452 2194 497 2236 δέ.
531 2194 554 2210 ²⁶
569 2194 620 2224 Ms.
637 2194 774 2236 .Zapliira.
820 2198 842 2213 ³⁷
868 2197 930 2226 Act.
952 2206 979 2226 v.

1605 2164 1630 2180 “
1643 2165 1717 2193 Psal.
1731 2164 1837 2198 c'xxxn,

212 2237 305 2269 piens,
328 2229 440 2256 natione
465 2228 621 2269 Romanus,
634 2228 692 2269 qui
699 2232 804 2269 plures
824 2236 887 2269 post
902 2240 990 2261 annos
1005 2233 1085 2262 fidem
1105 2233 1341 2269 suscepit.|Verba
1356 2233 1456 2262 Latinii
1471 2228 1544 2269 notis
1563 2236 1669 2264 nostris
1683 2228 1838 2266 inscii-emis

214 2264 240 2280 ’⁸
252 2264 301 2293 Ms.
316 2268 421 2297 cetera,

456 2272 498 2293 me
519 2265 596 2293 talia.
633 2266 655 2282 '°
677 2265 742 2294 Dist.
766 2267 810 2298 57,
825 2265 955 2295 ’Πειαιωη
973 2273 1024 2297 est.

1075 2267 1265 2297 “traditiones
1288 2269 1413 2297 Patrum.
1450 2269 1474 2286 ιι
1504 2267 1642 2303 Recognit.
1672 2277 1711 2303 x,
1738 2280 1764 2299 c.
1791 2273 1835 2301 Η.

215 2295 392 2341 υιῐςξοῃηξξι,
461 2307 548 2328 suum.
567 2299 630 2341 lisse
644 2309 760 2341 quoque
769 2295 814 2341 “ex
829 2295 1149 2341 _llarduinordesu_mpta
1164 2295 1262 2333 sunt.”
1276 2295 1300 2321 ³ῖ
1316 2295 1348 2332 iit
1359 2295 1551 2341 quoquomodo.
1573 2295 1613 2322 ’³⁵
1633 2295 1775 2341 Ὴρῖᾷακῖε.
1791 2295 1835 2338 ΥΣ

213 2341 241 2363 c.
262 2334 308 2364 ὦ.
344 2334 368 2351 ⁸⁸
380 2335 534 2370 satisagere.
573 2335 596 2353 "
610 2334 685 2373 2.1;.
706 2334 874 2369 Lbilectisa.
887 2338 1026 2374 fratribus.
1064 2339 1088 2356 ³³
1103 2334 1171 2367 inter

1075 2340 1088 2356 ³
1103 2334 1171 2367 inter
1185 2348 1240 2368 vos.
1365 2334 1371 2341 ”
1416 2334 1423 2341 ’
1707 2335 1715 2342 ⁸
