1884 3104
43 162 87 190 509
442 147 741 182 CONSTITUTIONES
755 145 993 176 APOSTOLICE.
1013 162 1047 167 —
1065 144 1247 173 PROt'EMlA.

1596 142 1648 171 διο

88 230 1645 259 __________________________,________.._._____.

595 319 1113 388 FRAGMENTA.

243 569 279 589 Εἰ
299 568 423 589 DECBBTO
441 566 582 588 σκλτιιιη.

85 609 127 645 (De
139 615 276 640 consecr.,
295 607 362 635 dist.
376 606 550 635 Socer-datum
565 604 757 640 aliorumque.)

44 677 136 710 Quando
155 675 303 704 celebratur
326 675 419 708 missa,
440 674 631 710 presbyterium
656 673 742 700 laicus
767 673 811 700 in-

266 710 342 746 gredi
357 719 410 737 non
423 714 579 745 prmumat.

72 757 253 790 Sacerdotum.
282 757 456 792 aliorumque
484 755 650 783 clericorum
680 753 812 783 Ecclesia:

44 803 196 830 servientium
210 803 346 836 honores,
365 810 381 829 a
397 802 530 829 laicorum
553 801 614 829 loco
628 801 747 828 discrete
764 808 811 836 ap-

44 856 122 883 parere
139 849 277 877 convenit.
291 847 479 881 Quamobrem
493 847 561 875 nulli
577 847 710 874 laicorum
734 847 813 874 liceat

48 896 69 921 in
81 903 108 922 eo
120 895 186 927 loco,
199 895 247 922 ubi
272 894 435 922 sacerdotes
455 898 483 922 et
502 894 600 929 reliqui
615 893 708 921 clerici
722 892 814 920 consi-

45 944 105 968 stunt
127 940 206 976 (quod
235 941 441 976 presbyterium
474 939 679 975 nuncupatur),
703 938 813 974 quando

45 986 111 1014 missa
127 987 279 1014 celebratur
299 986 462 1017 consistere.
475 989 505 1013 ut
524 985 608 1013 libere
622 993 654 1012 ac
667 984 814 1013 honoriﬁce

44 1032 130 1066 possint
141 1039 217 1060 sacra
229 1031 323 1060 cilicia
336 1039 466 1060 exercere
479 1030 648 1067 _celebrari].

403 1099 435 1127 ll.

47 1154 79 1182 EI
97 1156 265 1204 vetzslissimo
294 1156 386 1204 cpdige
403 1156 530 1204 nliucensi
552 1164 690 1204 ιυζηςνιιηιι
710 1155 815 1184 circiter
830 1175 851 1204 Β

97 1191 161 1217 mille
175 1199 207 1218 ea:
221 1192 338 1225 epistola
356 1192 386 1219 Β.
402 1191 543 1219 Clementis
559 1192 592 1218 ad
607 1191 747 1218 Iacobum.

75 1235 96 1262 t.
107 1235 250 1272 Episcopus
266 1237 516 1272 irreprehensibilis
528 1237 636 1267 sit,non
646 1237 812 1272 lideijussor,

823 503 847 533 Α
860 506 911 527 nec
926 497 1074 526 advocatus
1094 496 1195 528 litium,
1220 503 1272 523 nec
1292 495 1354 523 aliis
1379 495 1453 523 curis
1478 495 1649 530 negotiorum

861 543 1041 572 mundialium
1059 543 1215 578 perplexus.
1227 541 1374 577 Presbyter
1386 542 1513 576 pudicus,
1525 549 1651 570 carceres

864 591 972 622 visitet.
989 593 1016 617 et
1033 591 1192 625 peregrinos
1218 588 1368 623 suscipiat,
1390 591 1508 615 stateras
1533 588 1651 623 aequales

860 637 971 664 habeat.

896 681 924 710 2.
946 681 1059 709 Diaconi
1076 685 1206 717 tanquam
1221 679 1293 708 oculi
1306 685 1332 708 et
1347 687 1429 708 aures
1446 679 1568 715 episcopi
1585 679 1649 707 sint.

861 727 1060 756 Catechumeui
1076 729 1260 756 instruantur.

1044 775 1084 803 De
1097 775 1269 810 perceptione,
1285 773 1361 808 cujus
1375 781 1466 808 supra.

899 824 925 852 5.
949 822 1158 850 Sacramentum
1175 828 1237 847 cum
1253 819 1328 846 omni
1344 819 1441 846 timore
1464 817 1511 846 Dei
1528 822 1653 846 servetur

863 877 878 898 a
896 868 1075 905 presbyteris,
1086 866 1249 894 diaconibus
1262 868 1289 892 et
1304 864 1448 892 ministris.

898 916 925 942 4.
947 913 1112 942 Communio
1137 912 1166 940 in
1191 911 1342 939 crastinum
1370 918 1425 938 non
1450 915 1584 944 servetur,
1605 911 1652 938 sed

863 968 926 988 cum
942 960 1041 987 timore
1056 959 1104 986 Dei
1121 963 1260 991 sumatur;
1275 964 1307 984 ac
1322 957 1440 985 clericus
1462 965 1513 984 nec
1527 957 1654 984 celeriter

863 1007 941 1034 cibos
957 1005 1085 1041 accipiat.
1635 1037 1640 1041 .

899 1052 926 1080 5.
946 1051 1017 1079 Vasa
1032 1051 1157 1083 sacrarii,
1176 1051 1218 1077 vel
1237 1051 1295 1078 vela
1313 1054 1420 1078 vetusta
1446 1049 1611 1081 ustulentur,
1627 1052 1654 1076 et

864 1098 893 1126 in
909 1106 989 1126 sacro
1005 1098 1079 1125 fonte
1094 1097 1183 1133 pulvis
1198 1097 1339 1124 obruatur.

901 1144 928 1171 6.
950 1144 987 1172 De
1003 1144 1075 1179 palla
1099 1144 1192 1170 nullus
1216 1148 1341 1170 mortuus
1365 1142 1509 1174 obruatur,
1525 1150 1576 1169 nec
1595 1141 1655 1169 dia--

866 1198 953 1218 conus
970 1191 1102 1226 imponat,
1118 1189 1177 1217 vela
1208 1193 1234 1216 et
1249 1188 1335 1224 pallas
1349 1187 1537 1216 subdiaconus
1558 1188 1585 1215 in
1609 1195 1654 1215 sa-

866 1237 957 1264 crario
970 1237 1052 1264 lavet.

59 1319 1651 1339 ψ

168 1397 869 1516 CONSTI’I‘U’I‘IONES
955 1398 1507 1515 APOS’I‘0LICiE.

581 1659 1146 1752 PRO(EMIA.

321 1903 382 1965 J.
414 1902 484 1964 B.
526 1900 949 1966 COTELERII
978 1900 1352 1966 JUDICIUM

241 2051 318 2096 DE
356 2048 954 2097 CONSTITUTIONIBUS
991 2049 1379 2096 APOSTOLICIS

492 2144 598 2181 (Patres
614 2144 767 2181 apostolici,
783 2148 803 2171 t.
817 2144 839 2177 Ι,
852 2143 898 2173 ed.
914 2144 1073 2174 Amstatlod.
1089 2144 1189 2181 I725.)

836 2225 873 2233 .—

84 2290 117 2319 Ex
128 2291 228 2323 multis,
250 2297 315 2326 quae
336 2289 370 2317 de
390 2289 640 2317 Constitutionibus
665 2290 823 2324 apostolicis
837 2295 858 2325 ο
875 2290 988 2319 stolicas
999 2297 1064 2317 vero
1074 2289 1214 2324 διαταγὰς,
1223 2289 1373 2317 Clementis
1385 2289 1559 2325 quidem,sed
1567 2296 1659 2326 postea

58 2339 120 2366 vario
140 2338 281 2365 doctorum
302 2343 428 2365 sermone
447 2335 596 2371 jactentur,
612 2344 676 2364 vera
700 2337 824 2371 qrucdam

58 2389 119 2415 sunt,
134 2385 183 2412 alia
199 2384 280 2416 falsa,
300 2386 399 2411 caetera
415 2381 566 2416 ejusmodi.
583 2385 614 2409 ut
633 2381 774 2410 veritatem
790 2390 826 2410 an

59 2428 185 2457 lalsitatem
197 2430 369 2462 contineant,
380 2432 455 2456 certa
465 2432 582 2462 nequeat
591 2427 826 2462 argumentatione

59 2475 155 2510 percipi.
169 2475 206 2503 Ea
221 2477 245 2504 si
265 2475 295 2503 in
316 2474 454 2511 principio
475 2473 688 2501 Adnotationum
709 2473 825 2501 istarum

60 2522 250 2557 secreverimus,
266 2529 356 2557 operte
374 2520 492 2556 pretium
503 2527 555 2548 nos
569 2519 691 2548 facturos
702 2527 757 2548 non
774 2527 825 2547 ne-

62 2565 159 2595 scimus.

90 2610 172 2647 lilqoe
185 2621 280 2641 verum
294 2617 349 2646 est,
361 2611 596 2641 Constitutionum
613 2610 826 2646 apostolicarum

61 2656 210 2694 ὸκτάϐιὸλον,
225 2669 296 2697 opus
308 2668 371 2689 esse
389 2659 575 2695 apocryphum
589 2662 616 2687 et
632 2658 827 2694 pseudepigra-

63 2704 144 2740 illium.
155 2708 188 2736 ab
201 2708 334 2744 apostolis
345 2716 401 2735 non
412 2706 567 2743 protectum
579 2726 587 2740 ,
601 2712 653 2734 nec
667 2705 702 2732 ab
713 2708 826 2739 apostoc

63 2749 109 2778 lico
134 2752 276 2782 Clemente.
306 2753 431 2786 Scilicet,
455 2752 581 2788 quamvis
598 2754 695 2779 auctor
711 2749 827 2779 canonis

65 2797 139 2825 ultimi
149 2800 298 2835 apostolici,
314 2800 338 2828 si
359 2799 486 2829 diversus
499 2802 542 2826 est
555 2798 591 2825 ab
604 2804 638 2825 eo
650 2797 684 2825 de
698 2803 753 2832 quo
768 2795 828 2831 agi-

65 2849 126 2876 mus.
137 2845 213 2874 aliter
226 2850 343 2880 statuat;
358 2845 487 2881 quamvis
499 2845 563 2872 illos
576 2844 765 2879 apostolorum
777 2849 825 2870 ca-

66 2895 140 2921 ules
148 2899 223 2922 veros
233 2900 344 2923 censere
356 2891 557 2929 ασκεω-(ἓνκαὶ
569 2890 746 2928 posteriores,
756 2895 822 2927 apo-

875 2336 1059 2370 adulteratas;
1075 2336 1201 2371 quamvis
1224 2335 1368 2370 Elliiopes
1391 2344 1407 2363 a
1432 2336 1534 2364 Grzccis
1557 2337 1647 2365 edocti

875 2383 1054 2418 apostolicam
1069 2381 1243 2411 Octabiblum
1257 2386 1287 2410 ut
1307 2390 1415 2410 sacram
1435 2386 1462 2410 et
1478 2382 1599 2410 divinam
1614 2392 1647 2411 vc

875 2433 1025 2463 uerentur;
1037 2429 1163 2463 quamvis
1175 2427 1204 2456 S.
1217 2427 1387 2463 Epiphanius
1399 2428 1495 2456 haeresi
1512 2428 1557 2462 80,
1568 2429 1650 2464 cap.7

875 2479 904 2502 et
914 2473 1057 2502 Cedrenus
1071 2474 1179 2502 duobus
1199 2474 1228 2501 in
1250 2474 1330 2508 locis,
1351 2474 1421 2501 inter
1435 2473 1564 2502 Veterum
1583 2475 1662 2502 testi-

876 2521 970 2548 monia
992 2520 1103 2552 relatis,
1132 2520 1204 2548 θεῖον
1228 2520 1307 2555 λόγον
1334 2520 1495 2548 Diataxibus
1524 2520 1660 2554 tribuant;

876 2569 997 2593 attamen
1012 2565 1117 2601 liquido
1124 2569 1243 2600 constat,
1254 2565 1288 2593 ad
1302 2565 1442 2601 apostolos
1453 2569 1480 2594 et
1494 2565 1661 2593 Clementem

877 2619 932 2639 non
949 2611 1087 2647 pertinere
1101 2611 1254 2647 σύνταγμα,
1267 2613 1340 2647 quod
1354 2612 1441 2648 prima
1455 2612 1583 2641 Ecclesiae
1593 2616 1662 2641 tem-

876 2666 945 2694 pora
957 2659 1047 2691 latuit,
1063 2657 1136 2694 quod
1154 2665 1170 2685 a
1186 2662 1226 2686 tot
1238 2658 1344 2686 sanctis
1358 2652 1485 2686 Patribus‘
1507 2659 1661 2694 ignoratum

877 2703 943 2738 fuit,
969 2708 1018 2732 aut
1042 2704 1212 2740 neglectum,
1236 2705 1309 2740 quod
1330 2705 1456 2741 plurimis
1477 2705 1662 2740 suspicionem

880 2751 966 2779 movit
990 2750 1206 2787 suppositionis,
1228 2751 1353 2787 plurimis
1373 2752 1563 2779 certitudinem
1588 2751 1663 2778 dedit

880 2797 1027 2830 falsitatis;
1041 2797 1113 2832 quod
1129 2797 1266 2824 catholica
1280 2796 1404 2825 Ecclesia
1420 2805 1435 2824 a
1458 2804 1566 2824 canone
1585 2796 1662 2824 Scri-

879 2846 1022 2878 pturarum
1037 2843 1192 2870 divinarum
1206 2842 1345 2876 excludit;
1367 2842 1440 2878 quod
1461 2842 1579 2877 denique
1600 2849 1663 2869 sex-

879 2893 959 2919 centa
973 2889 1163 2926 complectitur
1181 2897 1244 2919 cum
1259 2890 1383 2920 veritate.
1402 2896 1464 2918 cum
1475 2888 1664 2919 verisimilitu-
