1884 3104
229 153 281 182 5H

657 154 689 184 8.
706 155 903 186 CLEMENTIS
920 158 931 185 l
949 156 1033 186 ROM.
1050 157 1152 187 PONT.
1170 160 1286 190 OPERA
1302 163 1415 193 DUBIA.

1812 175 1860 204 su
1883 167 1884 203 Ξ

227 213 292 241 dine
306 213 470 248 pugnantia,
494 213 648 242 recentiora
664 216 835 251 temporibus
850 217 1019 252 apostolicis,
1035 223 1058 248 Α
1075 226 1128 246 non
1145 224 1199 248 tam
1216 229 1293 249 suam
1304 243 1311 254 ,
1326 231 1407 258 quam
1421 224 1532 254 Eusebii
1551 229 1680 263 proponit
1690 230 1859 262 opinionem.
1883 255 1884 266 ς

226 262 310 294 atque
326 259 362 286 ab
377 258 531 294 apostolico
545 260 707 288 charactere
718 262 913 290 remotissima.

261 304 318 333 Nec
337 305 429 332 minus
455 313 549 333 verum
574 309 627 337 est,
654 307 782 342 antiquas
805 308 1016 337 constitutiones

225 352 314 379 dictas
324 352 520 385 apostolorum,
530 356 591 387 post
602 354 826 387 compositionem
841 363 918 382 suam
932 355 1016 383 inter-

224 398 406 435 polatricibus
418 399 546 426 manibus
567 398 751 433 subjacuisse.
767 399 795 427 Id
814 401 887 428 clare
900 401 1015 428 demon—

225 450 315 473 strant
334 445 393 472 loca
406 445 490 472 citata
514 452 529 471 a
554 444 586 472 B.
615 444 780 480 Epiphanio,
804 449 830 473 et
859 454 874 473 a
901 451 1014 482 parente

223 489 317 524 Operi:
339 490 484 526 imperfecti
507 492 534 519 in
556 492 728 522 Matt/neum;
750 498 867 526 quorum
882 492 1012 527 pleraque

222 542 297 561 nunc
312 535 412 569 partim
428 542 484 561 non
505 538 616 562 exstant
627 555 636 568 ,
652 536 751 570 partim
766 544 828 564 cum
843 546 940 572 magna
955 539 1005 566 dif-

222 579 338 608 ferentia
354 581 499 608 verborum
513 584 540 607 et
556 588 686 608 sensuum
700 582 836 617 leguntur.
862 582 950 618 Atque
975 584 1010 612 ob

219 635 281 654 eam
298 627 515 662 interpolationis
531 627 631 654 famam
646 627 732 655 Graeci
742 628 769 655 in
784 628 878 656 Trullo
894 638 1010 665 congre-

219 674 275 708 gati
291 672 465 707 profitentur,
484 673 882 705 canoncﬂ,Constitutionibus
897 680 1007 710 aposto-

218 720 307 747 lorum
319 720 560 756 Clementinisjam
567 721 631 747 olim
638 721 673 748 ab
688 721 824 750 bmreticis
838 723 891 749 vim
907 723 1005 750 factam

218 774 268 801 per
277 766 407 793 nonnulla
420 766 545 801 malaque
555 766 750 795 additamenta.
760 767 812 795 Sed
820 768 892 803 quod
907 769 1005 797 merito

216 811 459 845 mirere,Photius,
471 812 698 847 diligentissimus
709 813 898 847 hujuscemodi
912 822 1004 842 rerum

217 858 409 893 investigator,
440 865 529 893 neque
558 859 773 894 depravationis,
795 867 884 894 neque
906 859 1002 895 judicii

216 903 341 930 Trullani
353 904 519 931 mentionem
544 904 620 936 facit,
636 905 740 932 nostris
757 905 898 939 διαταγαῖς
924 906 1005 933 beni-

213 950 304 984 guior,
315 949 545 984 quemadmodum
563 954 591 977 et
612 951 720 978 Nicetes
739 950 900 979 Pcctoratus
921 957 1004 987 atque

214 994 348 1030 Georgius
361 994 512 1023 Cedrenus.
527 995 632 1031 Quippe
646 997 692 1032 qui
703 1002 807 1024 sextam
827 1005 904 1024 suam
919 1006 1002 1033 syno-

213 1040 278 1068 dum
312 1041 456 1068 videantur
476 1042 635 1076 sprevisse,
656 1047 683 1070 et
707 1043 735 1070 in
759 1043 1002 1072 constitutionibus

212 1086 316 1113 nullam
331 1087 475 1122 agnovisse
492 1087 706 1123 corruptionem.

246 1132 325 1166 Quod
337 1138 426 1159 autem
432 1135 577 1168 Διαταγαίς
588 1134 640 1160 τῶν
651 1134 806 1161 ἀποστόλων
820 1134 863 1162 διὰ
877 1134 934 1170 Κλή
940 1144 1003 1171 μεν-

211 1185 257 1209 τος
274 1177 346 1205 favet
356 1178 484 1210 Photius,
498 1187 581 1207 causa
596 1188 650 1207 non
665 1184 707 1208 est
721 1181 814 1208 odium
829 1182 856 1208 in
872 1181 998 1215 Latinos;

211 1223 313 1258 quibus
327 1223 438 1258 iniquus
457 1225 484 1251 in
495 1226 679 1261 Μυρωεισλῳ
689 1233 743 1253 non
758 1231 872 1262 apparet
884 1248 891 1258 ,
907 1232 1001 1263 utpote

210 1272 278 1296 tunc
290 1270 460 1298 orthodoxus
471 1274 498 1297 et
510 1271 679 1305 catholicus;
692 1279 754 1299 cum
768 1277 864 1300 contra
876 1273 1000 1302 Trullani

209 1315 345 1350 episcopi,
358 1315 461 1343 Latinae
475 1316 604 1344 Ecclesiae
615 1317 708 1345 hostes
723 1317 794 1345 haud
801 1318 887 1350 dubii,
902 1320 999 1347 iisdem

209 1361 464 1397 διατάξεσιηίςηιιη
488 1356 564 1390 theta
579 1363 755 1398 praeﬁxerint.
768 1364 857 1392 Causa
872 1369 924 1397 est,
936 1365 998 1393 libri

208 1407 378 1443 prwstantia,
394 1411 422 1435 et
436 1407 506 1435 forte
517 1407 662 1444 Epipbanii
682 1411 846 1438 encomium.
861 1411 941 1439 Certe
962 1412 997 1444 si,

208 1453 440 1488 quemadmodum
455 1454 605 1482 verisimile
626 1455 665 1489 lit,
684 1456 851 1483 existimavit
870 1455 996 1490 Photius,

206 1499 428 1528 Constitutiones
459 1507 530 1535 opus
552 1508 614 1528 esse
639 1505 718 1529 vetus
737 1509 769 1529 ac
791 1502 918 1537 probum,
944 1504 996 1531 sub

1070 262 1123 291 Sed
1132 265 1165 293 de
1174 265 1272 295 Photio
1287 268 1429 297 hactenus.
1445 270 1500 298 Suo
1510 262 1628 309 quisque
1634 278 1734 303 utatur
1740 278 1861 308 arbitrio?
1883 263 1884 290 Ῑ

1104 330 1227 362 Veritate
1241 335 1336 369 etiam,
1351 336 1424 364 sicut
1441 342 1468 366 et
1480 341 1655 374 auctoritate,
1668 344 1802 372 nituntur
1815 355 1858 374 vs-

1065 377 1114 404 τίω
1126 378 1209 413 hujus
1219 382 1368 416 apocryphi
1381 384 1587 418 appellationes.
1600 388 1778 425 διατάγματα
1797 393 1859 420 ἁπ-

1065 424 1164 451 στόλων
1179 433 1226 453 seu
1237 427 1414 461 ἀποστολικά,
1422 430 1476 457 τῶν
1487 432 1643 461 ἀποστόλων
1656 424 1707 464 seu
1719 437 1858 466 ἀποστολι-

1063 470 1110 496 καὶ
1115 470 1248 503 διατάξεις
1254 473 1441 509 θυιδιαταγαί,
1453 476 1579 513 διαταγαὶ
1589 481 1630 507 vel
1637 481 1779 515 διατάξεις
1789 485 1857 521 Κλή-

1063 524 1158 551 μεντος
1164 517 1222 545 sive
1226 518 1269 545 διὰ
1275 520 1442 555 Κλήμεντος,
1448 523 1503 550 τῶν
1512 524 1669 553 ἀποστόλων
1673 527 1720 554 διὰ
1733 529 1794 565 Κλή
1798 517 1857 564 μεγί-
1883 533 1884 538 ‘

1059 569 1106 594 τος
1119 561 1253 595 διατάξεις
1259 568 1306 591 aut
1315 565 1452 601 διαταγαί,
1464 572 1491 595 et
1500 569 1662 604 ὸκτάὃιϐλος
1672 573 1735 608 Κλή
1740 561 1836 609 μελέας
1849 586 1854 603 :

1059 605 1124 634 item
1142 607 1271 641 διάταξις,
1290 610 1461 646 διδασκαλία,
1476 615 1605 652 καθολικὴ
1623 605 1789 646 διδασκαλία
1800 641 1808 652 ,
1826 605 1855 650 -ει

1059 652 1170 685 κανόνες
1181 654 1239 682 sive
1254 655 1316 683 libri
1331 655 1470 686 (Iunonum
1482 660 1675 694 apostolorum.
1688 664 1781 700 Cujus
1793 675 1853 702 pos-

1058 698 1262 728 treminominis
1277 703 1379 730 mentio
1391 712 1509 740 quoque,
1518 708 1590 742 apud
1597 698 1814 743 (Ecumeniuni,
1824 715 1854 740 ad

1055 743 1185 772 Actorum
1197 747 1342 779 Ix,10,hoe
1354 750 1444 783 modo,
1460 753 1506 779 καὶ
1519 750 1598 784 οὗτος
1607 755 1621 780 ὀ
1630 756 1759 789 Ἀνανίας
1771 758 1855 786 διάκο-

1055 798 1099 822 νος
1111 789 1144 826 ἦν
1160 791 1197 823 ὡς
1207 793 1288 824 αὐτὸς
1299 794 1405 827 Παῦλος
1420 800 1553 834 μαρτυρεῖ
1566 800 1595 826 ἐν
1609 803 1667 833 τοῖς
1680 803 1790 831 κανόπι.
1804 805 1852 832 Sed

1055 843 1117 863 cum
1129 837 1211 872 hujus
1222 838 1350 868 editionis
1359 842 1429 876 typis
1441 848 1561 871 veterum
1572 846 1732 874 testimonia
1743 851 1853 877 manda-

1021 887 1042 915 Β
1057 887 1165 916 rentur,
1183 885 1306 912 nondum
1318 893 1476 916 occurrerat
1490 890 1582 925 locus;
1595 892 1629 920 de
1643 902 1701 928 quo
1717 896 1780 923 vide
1794 905 1850 932 qua:

1055 928 1192 957 adnotabo
1203 930 1236 957 ad
1248 931 1309 959 libri
1319 941 1355 960 vn
1377 940 1459 970 caput
1472 936 1516 963 46.
1531 937 1667 966 CIL-terum
1679 948 1715 967 an
1732 928 1850 971 Joannes

1054 972 1239 1004 Damascenus
1253 976 1485 1014 Orthodorwﬁdei
1494 983 1541 1010 lib.
1553 991 1589 1014 iv,
1606 993 1668 1020 cap.
1684 987 1731 1019 18,
1742 990 1849 1022 quando

1054 1026 1175 1049 canones
1198 1024 1387 1057 apostolorum
1413 1034 1461 1061 per
1485 1028 1653 1058 Clementem
1677 1033 1770 1061 editos
1787 1043 1847 1062 cun

1053 1063 1153 1093 divinis
1173 1067 1359 1098 voluminibus
1375 1078 1549 1107 annumerat,
1561 1077 1793 1111 constitutiones,
1809 1082 1848 1108 vel

1052 1109 1186 1138 duntaxat
1200 1121 1321 1143 canones
1343 1118 1588 1149 constitutionibus
1609 1124 1755 1153 subnexus
1769 1126 1848 1154 intel~

1051 1155 1129 1191 ligat,
1146 1159 1232 1193 quaeri
1249 1166 1348 1195 potest.
1366 1162 1455 1191 Malim
1472 1166 1598 1201 accipere
1619 1168 1653 1196 de
1675 1170 1748 1199 solis
1763 1180 1847 1199 cano-

1051 1203 1133 1232 nibus
1145 1214 1152 1238 ;
1163 1213 1217 1240 quo
1232 1207 1328 1242 majori
1344 1213 1421 1244 parte
1435 1212 1537 1239 erroris
1550 1213 1592 1240 vir
1607 1220 1724 1244 sanctus
1739 1222 1768 1244 et
1797 1219 1845 1245 do-

1050 1253 1112 1278 ctus
1129 1252 1301 1287 sublevetur;
1327 1259 1354 1282 et
1373 1257 1436 1291 quia
1452 1259 1540 1286 rarior
1555 1261 1642 1294 prima
1657 1264 1787 1298 acceptio
1799 1273 1807 1298 ;
1819 1270 1845 1292 et

1051 1302 1163 1332 propter
1170 1298 1317 1328 Trullanos
1323 1301 1428 1336 Patres,
1435 1312 1550 1339 quorum
1561 1308 1729 1335 sententiam
1737 1310 1843 1339 videtur

1019 1352 1027 1358 -
1050 1347 1172 1371 secutus.
1190 1344 1266 1373 Adde
1280 1347 1353 1381 quod
1367 1349 1489 1384 ejusdem
1504 1351 1566 1379 libri
1585 1360 1646 1388 cap.
1667 1354 1712 1386 15,
1738 1364 1843 1385 morem

1049 1388 1182 1417 adorandi
1196 1391 1229 1418 ad
1245 1391 1382 1421 Orientem
1396 1395 1480 1424 refert
1491 1397 1525 1425 ad
1535 1398 1714 1427 traditionem
1729 1407 1841 1436 aposto-

1048 1433 1138 1462 lorum
1153 1444 1208 1464 non
1228 1439 1378 1474 scriptam;
1402 1449 1464 1468 cum
1479 1446 1570 1471 tamen
1589 1445 1614 1473 is
1631 1453 1694 1474 mos
1717 1450 1843 1484 scriptus

1048 1482 1200 1515 reperiatur
1213 1484 1240 1511 in
1251 1484 1510 1518 Constitutionibus.

207 1545 319 1573 nomine
334 1546 519 1581 apostolorum
532 1552 558 1574 et
568 1547 718 1575 Clementis
730 1536 888 1581 conlictum,
906 1549 995 1578 tribus
1009 1552 1032 1584 ο
1082 1536 1142 1564 Iam
1158 1547 1222 1567 vero
1233 1545 1332 1575 Imm"
1346 1550 1429 1578 supra
1448 1544 1530 1573 ἀίθίίε
1547 1546 1619 1574 veris
1633 1548 1776 1583 ορβοδὶῑε,
1788 1550 1841 1579 fal-

205 1592 467 1626 reprehensionibus
474 1593 561 1628 iisque
567 1602 621 1621 non
629 1594 822 1622 insolubilibus
832 1595 992 1630 obnoxium,

205 1637 422 1670 κακοπλαστῑας,
439 1640 666 1667 contumeliarum
683 1640 896 1669 Deuteronomio
908 1641 995 1669 facta-

206 1691 280 1717 rum,
295 1688 323 1712 et
334 1685 498 1718 Arianismi;
514 1693 568 1713 non
584 1686 705 1721 intelligo
718 1695 768 1714 cur
780 1687 848 1714 adeo
858 1687 994 1722 culpanda

204 1733 318 1765 putetur
333 1730 409 1758 illius
422 1731 530 1759 critica.
549 1730 586 1758 lta
605 1732 684 1759 fateri
701 1732 860 1775 illetpoterit
873 1733 946 1768 quod
965 1733 992 1760 in

203 1784 234 1804 re
245 1781 297 1810 est,
313 1777 348 1805 ab
367 1777 481 1812 antiquo
496 1778 607 1806 homine
622 1786 675 1805 non
691 1779 812 1811 indocto,
832 1783 860 1806 at
875 1780 992 1815 ﬁngendi

203 1822 271 1850 satis
286 1822 424 1857 imperito,
441 1831 492 1851 nec
504 1831 611 1859 semper
631 1824 734 1857 veraci,
749 1825 777 1852 in
793 1825 881 1852 lucem
897 1826 991 1860 prola-

201 1873 245 1896 tos
264 1868 351 1896 fuisse
367 1873 429 1904 post
444 1870 624 1904 apostolicum
641 1870 771 1898 saeculum
791 1870 876 1898 libros
901 1871 991 1906 pluri-

201 1914 254 1941 mis
279 1914 515 1950 inconscquentiis
529 1924 561 1943 ac
584 1916 835 1949 inconsiderantiis,
849 1918 990 1946 nonnullis

200 1961 344 1989 erroribus
358 1970 511 1997 respersos,
527 1963 561 1990 de
577 1962 788 1991 Denteronomio
811 1965 929 1997 incaute,
955 1966 989 1994 de

200 2011 297 2034 sancta
312 2011 338 2035 et
352 2008 494 2035 individua
511 2008 646 2036 Trinitate
667 2010 819 2044 periculose
833 2010 987 2045 loquentes.

201 2052 237 2081 Ut
250 2061 315 2081 vero
332 2055 457 2089 suspicer
465 2053 684 2082 Constitutiones
701 2063 716 2082 a
736 2055 834 2084 Photio
849 2064 903 2083 non
925 2065 987 2085 esse

200 2099 347 2127 attributas
363 2100 487 2127 Romano
501 2100 634 2128 Clementi
648 2121 655 2133 ,
674 2101 738 2129 facit
750 2107 805 2129 tum
822 2103 911 2138 magni
929 2103 986 2132 Ma-

200 2145 281 2180 gistri
297 2146 474 2178 existimatio,
487 2150 544 2173 tum
560 2147 632 2182 quod
648 2148 742 2177 eodem
758 2149 809 2178 loci
828 2158 881 2178 non
897 2154 985 2188 magis

199 2191 339 2225 abjudicat
359 2192 509 2226 apostolico
540 2192 754 2230 Recognitiones,
779 2205 847 2231 quas
868 2198 983 2227 refertas

198 2238 278 2265 docet
294 2238 433 2270 absurdis,
445 2242 471 2265 et
482 2237 647 2271 Arianismo,
659 2248 740 2275 quam
747 2242 961 2273 Constitutiones
973 2255 980 2274 :

197 2284 261 2319 quis
276 2288 366 2312 autem
382 2285 476 2312 credat
493 2285 530 2312 ita
555 2287 658 2314 sentire
682 2288 770 2315 virum
792 2290 982 2319 doctissimum

196 2334 225 2359 et
238 2331 492 2365 prudentissimum,
506 2336 535 2360 ut
548 2333 603 2360 tale
613 2334 746 2369 scriptum
756 2343 811 2363 non
827 2341 901 2371 putet
913 2337 982 2366 falso

196 2377 319 2404 auctoris
337 2377 417 2404 titulo
432 2377 518 2406 fuisse
532 2379 677 2407 donatum?
700 2384 757 2408 tum
779 2382 896 2417 denique
918 2384 981 2418 quia

196 2422 268 2450 idem
281 2422 309 2450 in
323 2422 486 2452 Praefatione
500 2425 534 2452 ad
550 2424 769 2454 Nomocanonem
795 2429 921 2464 ambigue
947 2431 981 2459 de

195 2469 384 2504 apostolorum
409 2470 561 2498 canonibus
575 2471 696 2505 disserit,
713 2477 743 2500 ut
763 2478 790 2501 et
813 2475 841 2502 in
855 2475 898 2504 his
912 2477 980 2512 ipsis

193 2513 371 2542 Bibliothecae
384 2515 526 2544 codicibus
547 2523 615 2551 cxu,
627 2526 703 2547 cxiii.
718 2519 851 2552 Quocirca
879 2530 979 2550 secun-

193 2561 259 2588 dum
284 2564 407 2588 nostram
434 2563 618 2597 suspicionem
632 2582 641 2595 ,
665 2564 811 2594 Clementis
824 2567 898 2595 dicta
913 2574 978 2597 sunt

191 2605 291 2634 Photio
301 2615 332 2634 ea
344 2606 398 2635 duo
411 2608 528 2643 Scripta,
540 2609 669 2644 quoniam
683 2611 854 2641 Clementino
867 2615 977 2645 nomine

191 2652 323 2688 inscripta
338 2652 503 2682 ferebantur.
519 2655 691 2690 Quanquam,
704 2659 732 2684 ut
746 2658 834 2686 dicam
848 2660 974 2696 ingenue,

190 2701 336 2726 contextus
365 2700 506 2734 orationis,
535 2704 562 2728 et
585 2709 702 2730 censura
725 2711 786 2731 cum
813 2707 975 2740 posterioris

189 2744 312 2779 epistola:
336 2745 496 2779 Clementis,
526 2752 583 2774 tum
606 2748 796 2784 disputationis
816 2751 891 2780 Petri
910 2761 973 2782 cum

188 2791 304 2827 Apione,
318 2801 373 2819 non
389 2793 555 2822 mediocrem
577 2795 688 2829 pariunt
700 2796 900 2828 difﬁcultatem.
916 2800 974 2828 Cur

190 2837 262 2865 enim
279 2845 332 2864 non
349 2839 406 2874 pari
418 2839 499 2868 modo
515 2840 678 2876 proscripsit
692 2842 925 2873 Coustitutionum
941 2854 973 2874 ac

190 2879 407 2918 Ilcrognilionum
425 2886 523 2923 libros,
536 2888 587 2918 nisi
597 2887 666 2917 forte
673 2889 736 2925 quia
745 2891 772 2919 in
779 2893 967 2922 censuris'illis

1047 1590 1106 1611 sum
1118 1585 1200 1613 etiam
1214 1591 1266 1621 est,
1283 1593 1422 1618 auctorem
1434 1590 1673 1621 Coustitutionum
1687 1599 1773 1631 atque
1789 1597 1841 1625 ﬂe-

1043 1629 1221 1664 cogm'tionum
1245 1634 1370 1661 eumdem
1396 1643 1469 1664 esse.
1492 1637 1630 1666 Habemus
1645 1629 1739 1668 Photii
1761 1641 1838 1676 judi-

1044 1673 1129 1706 cium,
1142 1676 1188 1710 qui
1200 1681 1409 1714 praerogativam
1431 1682 1539 1716 quidem
1565 1685 1686 1713 sanioris
1701 1673 1839 1716 doctrina

1043 1719 1139 1746 tribuit
1156 1723 1243 1756 primo
1256 1726 1349 1759 operi;
1363 1731 1391 1753 at
1405 1727 1578 1762 eloquentia),
1600 1737 1632 1757 ac
1659 1731 1838 1767 polymathia

1042 1766 1198 1798 posteriori.
1212 1768 1244 1795 Et
1257 1771 1318 1804 quis
1342 1779 1397 1799 non
1413 1773 1485 1801 videt
1509 1774 1584 1802 illius
1611 1776 1780 1811 scriptorem
1794 1780 1837 1806 vi-

1041 1817 1102 1837 rum
1117 1811 1202 1841 fuisse
1218 1819 1377 1844 sanctarum
1389 1819 1599 1854 ‘Scripturarum
1613 1822 1778 1858 rituumque
1790 1833 1835 1853 ec-

1040 1856 1257 1887 clesiasticorum
1287 1862 1520 1899 scientissimum;
1551 1866 1661 1902 hujus,
1691 1869 1836 1900 hominem
1883 1878 1884 1881 ‘

1039 1902 1067 1930 in
1087 1903 1120 1932 iis
1146 1906 1307 1935 rudiorem?
1335 1909 1393 1937 llnc
1412 1911 1518 1939 accedit
1540 1913 1613 1947 quod
1640 1923 1697 1943 non
1722 1924 1836 1953 semper

1038 1952 1206 1980 conveniunt
1225 1953 1355 1989 dogmata
1378 1958 1531 1994 utriusque.
1555 1960 1637 1989 Verbi
1651 1963 1746 1998 gratia
1762 1952 1835 1992 Cim-

1038 1995 1138 2027 stitut..
1155 1998 1202 2025 lib.
1219 2007 1279 2033 vni,
1294 2008 1354 2036 cap.
1374 2002 1409 2030 46
1420 2023 1427 2036 ,
1446 2005 1518 2034 inter
1536 1995 1665 2035 inanima‘
1680 2017 1835 2039 recensen-

1038 2044 1082 2067 tur
1095 2043 1149 2074 sol,
1166 2044 1239 2077 luna,
1252 2046 1348 2079 stellas;
1357 2053 1453 2077 contra
1470 2052 1605 2090 ﬂecognit.
1615 2055 1663 2082 lib.
1677 2063 1704 2087 v,
1715 2058 1832 2092 capJG.

1037 2086 1084 2115 Sic
1101 2088 1164 2124 (alia
1176 2093 1319 2129 praetereo)
1331 2095 1489 2124 Ebioniticaa
1509 2086 1733 2137 'Avayvmptctioﬁ
1750 2086 1834 2132 lotio-

1035 2140 1095 2166 ues,
1115 2134 1143 2162 in
1158 2136 1287 2174 καθολικῇ
1297 2139 1454 2177 διδασκαλίᾳ
1464 2134 1694 2175 condemnentur.

1073 2200 1219 2237 Perpcram
1247 2213 1356 2241 quoque
1383 2208 1590 2239 confunduntur
1607 2212 1834 2246 Constitutiones

1035 2253 1097 2273 cum
1117 2248 1297 2280 Clemenlirtis.
1310 2253 1548 2291 Apertesiquidem
1560 2266 1593 2285 ac
1607 2265 1718 2288 exserte
1729 2263 1833 2291 distilr
1883 2263 1884 2266 “

1033 2293 1092 2327 guit
1123 2293 1296 2331 Nicephorus
1328 2299 1456 2328 Historia:
1483 2303 1669 2334 ecclesiastica:
1701 2308 1751 2336 lib.
1784 2318 1828 2343 ut,

1033 2346 1095 2373 cap.
1113 2340 1157 2368 18.
1173 2340 1229 2370 Nec
1252 2343 1318 2371 sinit
1347 2345 1474 2375 hmsitare
1499 2357 1620 2384 prmsens
1645 2354 1744 2388 editio,
1766 2340 1830 2392 qum

1032 2390 1179 2422 utrumque
1196 2388 1375 2426 σύγγραμμα,
1398 2400 1430 2420 ac
1447 2396 1584 2429 posterius
1608 2406 1683 2427 nunc
1702 2388 1830 2436 prim-uni

1031 2433 1232 2467 complectitur.
1249 2435 1329 2463 Errat
1351 2437 1444 2466 itidem
1467 2439 1636 2471 llumbertus
1653 2433 1828 2482 Cardinalis,

1030 2478 1094 2506 dum
1102 2479 1295 2509 Ordinationes
1302 2491 1349 2510 seu
1359 2483 1587 2521 Constitutiones,
1595 2497 1610 2516 a
1618 2489 1714 2519 Niceta
1722 2478 1829 2522 Pecto;

1029 2528 1090 2552 rato
1104 2525 1238 2559 laudatas,
1256 2527 1290 2554 ad
1309 2527 1482 2559 ltinerarium
1495 2532 1569 2561 Petri
1593 2538 1712 2572 apostoli
1727 2544 1827 2568 trans-

1028 2570 1092 2603 fert,
1108 2579 1171 2599 cum
1187 2581 1241 2608 quo
1253 2574 1321 2602 nihil
1336 2583 1479 2606 commune
1490 2579 1600 2614 habent,
1612 2570 1695 2619 longe
1709 2584 1745 2613 de
1760 2587 1825 2615 aliis

1027 2618 1110 2645 rebus
1120 2626 1202 2654 quam
1216 2619 1250 2648 de
1265 2620 1338 2648 Petri
1354 2624 1619 2659 peregrinationibus
1635 2618 1821 2660 disserenta.

1026 2663 1128 2691 Ansam
1140 2666 1243 2693 erroris
1261 2665 1412 2695 Humberto
1425 2669 1500 2698 dedit
1517 2671 1654 2707 ignoratio
1671 2676 1823 2712 utriusque

1026 2711 1188 2747 apocryphi,
1208 2713 1321 2748 solaque
1336 2715 1434 2742 notitia
1450 2716 1532 2752 hujus
1548 2717 1687 2747 Gelasiani
1699 2711 1819 2754 decreu,

1026 2755 1198 2784 ltinerarium
1212 2759 1316 2786 nomine
1329 2760 1404 2788 Petri
1422 2763 1547 2798 apostoli,
1568 2766 1638 2800 quod
1665 2768 1820 2801 appellatur

1024 2803 1110 2830 sancti
1124 2802 1265 2831 Clementis
1284 2805 1346 2832 libri
1359 2805 1447 2834 decem
1463 2808 1512 2843 (ita
1531 2811 1635 2839 rectius
1648 2812 1735 2840 dubio
1750 2821 1817 2849 pro-

1023 2849 1068 2876 cul
1083 2849 1202 2884 antiqua!
1212 2850 1358 2884 editiones,
1367 2860 1449 2887 quam
1461 2856 1629 2886 recentiores
1643 2863 1702 2886 octo
1713 2860 1757 2887 vel
1770 2869 1815 2887 ue-

1022 2894 1086 2931 vem)
1097 2895 1284 2931 apocryplium.
1300 2897 1440 2928 Creditum
1454 2899 1604 2938 Cardinali,
1616 2902 1726 2934 Graecos
1739 2905 1814 2934 nihil
