1884 3104
28 128 85 157 513

434 129 734 160 CONSTlTUTIONES
750 130 990 162 APOSTOLICE.
1006 149 1040 154 —
1057 133 1241 165 ΡΒΟαΣΜΙΔ.

1613 140 1666 170 δη

27 186 140 216 habere
155 187 272 216 nomine
286 187 435 217 Clementis
447 193 641 224 praenotatum,
659 192 738 216 extra
750 188 834 217 Iline-
846 193 870 222 Α
884 190 912 218 in
925 191 986 220 loco
1006 194 1138 228 pra-ponit
1157 194 1414 229 pseudo-Clemens,
1442 196 1472 224 in
1497 197 1560 226 aliis
1574 199 1670 229 multis

26 233 139 262 raritas
156 233 236 261 Petri
249 238 276 261 et
287 232 408 262 Curiones
421 234 627 268 apostolorum»

65 278 127 306 Sed
150 282 183 307 et
203 279 312 307 veritati
332 279 505 312 adversatur,
520 279 752 308 Constitutionum
769 287 836 316 apo-

27 325 207 354 stolicarum
218 325 430 360 compositorem
445 333 543 354 nomen
554 326 702 354 Clementis
719 326 834 355 Romani

27 370 84 398 sibi
113 379 178 400 non
207 373 402 408 assumpsisse.
423 372 503 406 Quod
526 380 624 400 nomen
646 377 674 402 et
698 373 725 400 in
744 373 834 402 fronte

27 418 193 447 voluminis
207 418 347 454 praeﬁxum
355 419 520 451 cernitur,et
525 423 677 447 assertores
686 419 765 446 habet
771 427 834 447 cum

28 464 209 497 canonibus,
225 464 413 500 apostolorum
425 465 533 497 ultimo,
544 469 572 492 et
583 464 714 492 Tru‘llano
723 464 752 496 2,
766 464 836 493 Pho-

28 509 112 542 tinm,
131 509 264 538 Nicetam
277 509 464 543 Pectoratum,
479 510 625 543 Zonaram,
636 510 760 538 Alexium
772 511 837 539 Ari-

27 556 153 589 stinum,
173 557 379 589 Balsamonem,
401 557 559 585 Matlhatum
573 557 736 591 Blastarem,
754 557 836 586 Nice-

28 602 155 636 phorum
173 602 294 635 Callisti,
307 602 433 630 Nicetam
447 602 620 636 Serronium,
635 607 701 636 etc.,
714 604 835 640 refraga-

28 652 123 676 torem
139 653 238 676 autem
260 657 293 676 ex
320 649 442 684 antiquis
463 650 612 677 neminem.
628 649 684 677 Nec
695 650 794 677 mirum
809 650 835 678 si

28 695 75 730 qui
91 695 291 731 apostolorum
311 695 439 723 Diataxes
463 695 622 729 scribebat,
649 695 834 730 apostolorum

28 749 192 777 personam
211 742 347 775 induerit;
371 741 538 769 Clementem
555 749 634 774 vero,
653 741 705 769 hoc
723 745 777 774 est,
804 745 835 768 ut

28 789 107 816 credi
121 789 253 821 volebat,
265 796 307 820 se,
327 788 466 824 putaverit
486 788 514 816 in
532 787 596 816 libri
609 795 726 823 corpore
741 788 834 816 occul-

28 835 148 862 tandum
153 856 163 863 .

65 881 102 908 At
124 881 186 910 ista
200 881 269 909 mihi
283 881 410 917 ambigua
423 885 499 914 sunt,
515 889 572 917 quo
584 882 702 916 primum
713 885 835 917 tempore

29 928 94 956 libri
124 927 367 955 Constitutionum
400 927 717 963 pseudoapostolicarum
745 928 832 956 lucem

28 974 252 1010 conspexerint,
267 974 378 1009 quando
390 974 546 1009 interpolati
561 974 626 1006 sint,
639 982 719 1010 quem
731 974 834 1002 habue—

28 1022 86 1049 rint
101 1026 270 1056 parentem,
287 1028 366 1056 quem
383 1025 583 1056 corruptorem,
597 1025 623 1048 et
638 1021 738 1056 quibus
750 1021 777 1048 in
794 1021 836 1048 lo-

28 1069 70 1096 cis
82 1068 201 1095 fuerint
214 1067 365 1102 depravati.
379 1066 461 1094 Certo
473 1067 547 1097 novi.
560 1066 633 1101 quod
649 1067 754 1101 primus
767 1066 836 1094 scri-

27 1120 93 1150 ptor
107 1118 181 1150 post
197 1117 320 1149 tempora
337 1113 490 1148 apostolica
508 1116 536 1140 et
564 1116 627 1140 ante
651 1111 834 1148 Epiphanium

27 1161 156 1193 vixerit;
180 1159 230 1188 sed
247 1167 281 1186 an
296 1159 409 1194 propior
420 1158 476 1186 illis
487 1158 529 1186 vel
543 1158 618 1192 huic,
634 1159 715 1194 plane
728 1159 835 1187 nescio.

27 1207 139 1242 Nempe
154 1205 272 1232 Patrum
294 1205 408 1233 secundi
432 1212 464 1232 ac
480 1205 553 1232 tertii
578 1205 670 1233 saeculi
697 1205 834 1233 silentium

28 1262 87 1281 Iron
103 1256 153 1281 est
172 1257 240 1279 nota
255 1251 379 1284 indubia,
405 1258 460 1279 non
482 1251 621 1279 exstitisse
635 1259 730 1279 eorum
755 1256 835 1280 aetate

28 1299 171 1326 liiataxes
186 1307 195 1324 :
205 1297 424 1333 quandoquidem
433 1297 588 1333 apocrypha
603 1297 650 1324 diu
663 1297 834 1333 ignorantur,

28 1345 144 1372 diutius
166 1347 400 1377 contemnuntur;
417 1343 489 1371 unde
504 1343 609 1371 incerta
631 1339 720 1371 solent
734 1343 836 1372 habere

30 1390 192 1427 principia.
210 1389 306 1416 Utrum
323 1389 405 1417 etiam
420 1389 444 1417 is
458 1389 486 1416 in
501 1389 596 1417 eodem
612 1396 644 1416 ac
656 1389 738 1417 Arius
750 1391 836 1418 hatre-

29 1444 96 1465 scos
129 1437 195 1463 luto
220 1435 353 1468 haeserit,
376 1442 474 1467 necne,
505 1435 598 1463 dicere
626 1443 682 1462 non
709 1443 833 1471 possum.

30 1483 60 1510 S.
71 1481 255 1518 Epiphanius
265 1481 372 1508 laudem
387 1481 558 1508 orthodoxia:
571 1481 595 1508 ei
607 1481 703 1508 tribuit
715 1490 721 1515 ;
735 1485 762 1509 et
775 1489 836 1517 quae

884 239 1034 273 postponit.
1056 239 1240 268 thnicenne
1258 242 1374 276 patriam
1390 243 1542 271 habuerunt
1553 245 1670 279 quicun-

885 291 939 318 que
960 284 1058 312 iisdem
1079 286 1213 314 mensium
1232 287 1391 316 nominibus
1404 289 1447 317 usi
1481 289 1668 325 inveniuntur,

884 329 985 364 quibus
1002 330 1138 366 διαταγεῖς
1148 333 1255 360 nostri?

918 376 960 404 Ad
981 377 1052 410 haec.
1073 378 1169 406 dubito
1187 379 1321 408 atlirmare
1341 388 1405 408 cum
1417 381 1485 408 viris
1501 381 1600 415 doctis,
1614 383 1670 411 τῶν

884 423 1039 451 ἀποστόλων
1066 425 1174 461 διδαχάς
1202 435 1250 454 seu
1276 427 1396 463 διδαχήν,
1419 428 1490 463 apud
1521 428 1668 457 Eusebium

886 470 959 498 Hist.
975 471 1023 499 lib.
1039 479 1082 503 in,
1096 479 1156 507 cap.
1170 472 1215 504 25,
1232 473 1411 500 Athanasium
1433 474 1460 501 in
1474 474 1592 510 Epistola
1614 475 1670 503 fes-

885 515 930 542 ιιιί
945 515 991 549 59,
1003 519 1030 543 et
1045 516 1071 543 in
1088 514 1203 552 ευπορεὶ
1219 525 1303 544 sacra:
1316 517 1470 552 Scriptum,
1486 520 1508 546 si
1524 519 1597 547 illius
1613 526 1667 552 est.

884 558 1065 595 Nicephorum
1079 561 1407 597 Constantinopolitanum
1424 563 1450 590 in
1464 565 1665 599 Στιχομετρίᾳ,

885 605 942 640 (ubi
957 606 1039 641 vulgo
1060 607 1158 642 legitur
1177 607 1282 643 διδαχή,
1297 616 1358 636 cum
1378 617 1430 636 ms.
1443 610 1539 643 codex,
1556 611 1579 637 si
1600 611 1667 638 titles

885 649 984 679 loanni
1007 651 1106 685 Croio,
1133 660 1192 688 cap.
1220 654 1232 681 l
1261 654 1479 682 Observationum
1508 657 1536 682 iu
1563 656 1667 683 Novum

888 695 1097 732 Testamentum,
1123 699 1251 727 exhibeat
1273 700 1408 735 διαδοχαι,
1431 702 1575 729 manifesto
1592 704 1668 729 arbi—

885 750 953 777 tror,
965 745 1032 773 vitio
1046 753 1096 780 pro
1106 745 1223 781 διδαχαί)
1231 749 1258 772 et
1265 745 1446 780 Nicephorum
1453 744 1557 772 Callisti
1567 744 1669 773 Ecclcs.

886 790 971 824 Hist.,
986 791 1034 818 lib.
1050 799 1081 821 ιι,
1093 798 1154 825 cap.
1167 791 1212 822 46,
1225 791 1362 818 diversum
1390 798 1451 818 esse
1473 799 1541 825 opus
1562 798 1577 817 a
1597 791 1671 818 Con—

885 838 1074 866 stitutionibus
1085 838 1254 872 apostolicis,
1262 837 1463 866 siveCatholica
1475 837 1609 864 doctrina.
1623 837 1672 864 Zo-

886 891 967 911 naras
982 883 1055 911 enim
1077 883 1111 910 ad
1127 891 1190 911 mox
1218 884 1319 911 dictam
1342 884 1485 911 Athanasii
1508 883 1670 919 Epistulam,

886 929 1013 957 laudatus
1027 929 1061 956 ab
1071 929 1257 957 eruditissimo
1272 937 1304 956 ac
1322 929 1531 964 diligentissimo
1545 929 1669 962 Usserio,

886 975 915 1008 ip
931 974 1134 1010 Prolegomenis
1149 975 1326 1010 cpistolarum
1342 975 1555 1010 lgnatianarum.
1571 984 1632 1011 cap.
1644 976 1672 1009 7,

885 1022 986 1056 quique
997 1025 1086 1048 exstat
1097 1021 1178 1049 etiam
1191 1021 1217 1047 in
1231 1029 1298 1048 mss.
1311 1021 1374 1053 ΞΠ,
1386 1022 1448 1049 507.
1460 1020 1528 1056 Reg.
1542 1021 1671 1049 Biblioth.

885 1068 1007 1102 loquitur
1018 1068 1051 1095 ad
1070 1068 1142 1094 hunc
1160 1068 1270 1094 modum
1288 1077 1294 1094 :
1307 1067 1361 1103 Τὴν
1375 1067 1402 1094 δὲ
1416 1067 1524 1103 διδαχὴν
1538 1067 1591 1094 τῶν
1606 1069 1676 1094 ἀπο-

886 1114 997 1146 στόλων,
1012 1114 1083 1145 τινὲς
1097 1114 1220 1148 λέγουσιν
1238 1111 1308 1140 εἶναι
1327 1114 1376 1144 τὰς
1395 1113 1438 1140 διὰ
1454 1113 1501 1140 τοῦ
1517 1113 1675 1149 Κλήμεντος

885 1161 1037 1196 γραφείσας
1050 1160 1103 1187 τῶν
1121 1159 1276 1186 ἀποστόλων
1291 1159 1435 1191 διατάξεις,
1454 1159 1486 1191 ἃς
1503 1160 1520 1195 ή
1540 1159 1674 1195 λεγομένη

885 1206 952 1242 ἕκτη
966 1206 1073 1238 σύνοδος
1085 1204 1316 1240 ἀναγινώσκεσθαι
1330 1205 1361 1232 οὺ
1376 1206 1520 1240 συγχωρεῖ,
1533 1204 1571 1236 ὡς
1584 1204 1676 1232 νοθευ-

885 1253 978 1284 θεισας
988 1253 1034 1279 καὶ
1046 1251 1271 1288 παραφθαρεισας
1277 1251 1337 1272 "-“
1353 1250 1405 1278 ὑπὸ
1413 1250 1674 1286 αἱρετικῶψοοῐιοί-

885 1300 981 1335 nitque
995 1299 1137 1327 Matthazus
1152 1298 1301 1330 Blastares,
1316 1298 1447 1326 collector
1457 1297 1599 1325 Canonum
1614 1298 1674 1324 ine-

885 1346 971 1378 ditus,
996 1346 1024 1373 in
1049 1345 1196 1372 multorum
1220 1344 1393 1372 bibliothecis
1420 1344 1518 1375 latens,
1541 1343 1630 1371 littera
1646 1343 1674 1378 β,

885 1400 946 1428 cap.
962 1392 1004 1424 ll.
1019 1392 1065 1419 ubi
1080 1392 1114 1419 de
1126 1391 1156 1418 S.
1168 1391 1310 1419 Athanasii
1325 1391 1395 1421 loco.
1408 1390 1451 1418 his
1467 1390 1556 1417 verbis
1569 1399 1576 1417 :
1591 1389 1677 1422 ’Ἐξω-

886 1439 931 1466 Θεν
950 1439 979 1466 δὲ
1003 1438 1057 1465 τῶν
1075 1437 1289 1473 κανονιζομένων
1312 1434 1382 1463 εἴναί
1406 1444 1483 1471 φησι,
1504 1435 1553 1471 τὴν
1576 1435 1676 1470 Σοφίαν

885 1485 1067 1521 Σολομῶντος,
1081 1488 1147 1516 etc.,
1156 1484 1202 1510 τὸν
1216 1483 1347 1519 Ποιμένα,
1363 1483 1410 1510 καὶ
1432 1482 1481 1518 τὴν
1500 1481 1608 1517 διδαχὴν
1621 1481 1676 1508 τῶν

30 1529 58 1556 in
81 1535 176 1563 opere
193 1526 294 1553 Ariana
311 1526 449 1560 videntur,
462 1526 532 1554 forte
548 1527 738 1562 interpolatori
751 1529 834 1556 tribui

900 1532 970 1566 πίων
985 1530 1148 1558 ἀποστόλων·
1160 1529 1261 1564 ταύτην
1274 1529 1303 1556 δὲ
1315 1530 1331 1564 ὴ
1342 1529 1408 1563 ἕκτη
1419 1528 1524 1559 σύνοδος
1535 1527 1674 1562 ἡθέτησεν.

30 1575 153 1607 debent,
173 1577 205 1601 ut
217 1581 232 1599 a
243 1572 381 1600 Trullanis
393 1577 537 1607 censetur;
548 1573 618 1602 forte
629 1574 749 1610 ἁρχαῖκὰ
759 1579 834 1607 sunt,

31 1621 172 1649 heretica
192 1627 247 1647 non
262 1625 336 1652 sunt,
356 1618 518 1655 depelliquc,
536 1620 598 1647 licet
617 1628 688 1656 aegre
699 1641 707 1651 ,
721 1625 836 1655 possunt

33 1671 118 1704 juxta
137 1671 262 1695 merrtem
283 1663 385 1694 Pbotii.
411 1665 482 1698 Quid
504 1670 595 1693 tamen
614 1666 638 1694 si
653 1666 835 1702 Epiphanimn

34 1715 189 1750 deceperit
215 1713 331 1741 titulus?
359 1711 383 1741 si
408 1712 573 1741 catholicum
594 1713 738 1748 putaverit,
765 1714 837 1748 quod

34 1762 231 1798 apostolicum
239 1760 412 1793 autumabat,
426 1767 478 1788 nec
490 1759 675 1788 inexcusabile
685 1760 840 1787 videbatur?

34 1809 99 1836 Jam
125 1806 352 1842 interpolationis
376 1810 507 1833 centones
527 1806 614 1841 ignoti
643 1806 754 1833 fuerunt
775 1805 839 1841 Epi-

36 1853 160 1886 phanio,
175 1855 205 1878 et
219 1850 344 1885 scriptori
359 1849 452 1884 Operi:
463 1850 609 1884 imperfecti
624 1851 650 1877 in
664 1850 816 1878 Mamurium
825 1860 837 1884 ,-

39 1899 101 1926 noti
126 1896 278 1924 Anastasio
298 1895 468 1923 Antiocheno
480 1895 662 1928 Quintianum
672 1905 703 1923 ac
717 1897 834 1932 Respon-

39 1947 153 1972 siouum
180 1941 307 1969 auctori:
329 1949 384 1975 quo
407 1946 497 1969 autem
521 1945 642 1976 tempore
663 1944 780 1976 primum
803 1951 837 1970 ex

38 1991 128 2018 otiosi
141 1989 265 2017 hominis
280 1988 391 2016 ofﬁcina
402 1988 584 2020 manaverint,
596 1988 723 2016 similiter
738 1997 792 2016 non
806 1990 840 2016 li-

36 2041 122 2073 quet.
135 2035 294 2063 Obscurum
309 2039 439 2070 praeterea
456 2035 528 2070 quod
541 2034 628 2066 aiunt.
640 2034 685 2061 alii
701 2034 734 2061 ab
745 2035 838 2062 eadem

38 2092 132 2112 manu
145 2081 316 2110 mutationes
329 2082 356 2109 in
377 2081 482 2117 lgnatio
495 2085 522 2109 et
541 2080 569 2107 in
590 2080 841 2109 Constitutionibus

41 2130 200 2167 prodiisse,
223 2129 270 2155 alii
282 2136 297 2155 a
316 2127 465 2154 Diataxeon
484 2125 707 2154 consarcinatOre
722 2127 842 2162 pseudo-

41 2177 189 2213 lgnatium
205 2175 294 2202 solere
311 2174 453 2209 compilari
480 2173 559 2208 quasi
584 2173 626 2200 vel
646 2181 700 2200 uon
723 2173 842 2208 potuerit

920 1577 973 1605 Sed
987 1582 1082 1604 contra
1106 1577 1146 1604 sic
1164 1580 1400 1611 argumentantur.
1424 1574 1527 1606 Primo,
1551 1573 1675 1601 Athana—

887 1623 1065 1659 εἰυεΔιδαχὴν
1085 1623 1138 1649 τῶν
1162 1621 1318 1648 ἀποστόλων
1330 1621 1401 1648 inter
1414 1628 1461 1648 eos
1478 1620 1562 1647 libros
1578 1627 1676 1647 nume-

885 1674 929 1697 rat
939 1670 984 1705 qui
997 1669 1200 1696 catechumenis
1211 1668 1315 1703 legendi
1331 1671 1437 1700 essent;
1458 1674 1519 1694 cum
1532 1666 1592 1693 libri
1608 1666 1678 1693 Con-

888 1716 1062 1744 stitutionum
1080 1714 1218 1750 episcopis
1232 1715 1287 1741 sint
1303 1713 1397 1743 dicati.
1415 1720 1513 1746 resque
1530 1711 1561 1738 ad
1583 1711 1678 1739 Eccle-

887 1762 936 1790 sia:
949 1762 1069 1796 regimen
1094 1763 1250 1795 spectantes
1274 1762 1404 1790 tractent,
1427 1762 1453 1785 et
1478 1758 1530 1784 alia
1552 1758 1677 1792 quaedam

890 1807 1078 1844 μυστικώτερα
1093 1827 1101 1839 ,
1117 1814 1178 1842 quze
1194 1805 1298 1832 idcirco
1315 1812 1420 1832 canone
1436 1804 1621 1838 apostolorum
1639 1803 1679 1831 ul-

889 1854 956 1881 timo
982 1853 1008 1880 in
1027 1853 1124 1888 vulgus
1147 1851 1235 1879 efferri
1262 1854 1400 1878 vetantur.
1425 1849 1560 1882 Secundo,
1572 1850 1675 1886 διδαχή,

887 1900 960 1935 apud
982 1899 1164 1934 Nicephorum
1187 1897 1539 1932 Constantinopolitanum,
1563 1896 1678 1931 ejusque

890 1945 1081 1981 στιχομετρξας
1101 1945 1279 1978 interpretem
1299 1943 1474 1971 Anastasium
1496 1941 1677 1969 Bibliotheca-

889 1992 972 2023 rium.
987 1991 1132 2019 versiculis
1159 1990 1223 2023 200,
1249 1988 1420 2017 solummodo
1445 1991 1572 2022 constat;
1597 1988 1678 2023 longe

890 2042 979 2065 autem
1005 2036 1167 2072 prolixiores
1196 2038 1261 2063 sunt
1276 2034 1502 2064 Constitutiones.
1521 2032 1624 2065 Tertio,
1649 2034 1676 2060 in

890 2082 1092 2118 Scripturarum
1113 2081 1244 2113 indiculo,
1255 2081 1390 2107 Anastasii
1405 2079 1507 2106 Nicaeni
1519 2075 1678 2109 Quaestiani-

893 2132 940 2159 bus
956 2129 1091 2164 subjecto.
1113 2129 1141 2155 in
1155 2127 1264 2163 publica
1280 2125 1444 2154 Oxonicnsis
1457 2122 1611 2150 Academiae
1633 2121 1678 2148 Bi-

890 2174 1210 2209 bliotheca,-At8axa‘r:6)v
1224 2171 1377 2200 ἀποστόλων
1391 2174 1418 2198 et
1427 2168 1590 2196 Διδασκαλια
1605 2167 1678 2202 Κλή-

43 2211 189 2260 έΛκῐιθιίἰ
203 2221 366 2256 depravator
376 2227 408 2247 ex
418 2219 685 2247 Catholicadoctrina
700 2219 842 2254 complura
857 2211 881 2240 Ῑ)
898 2230 1002 2257 μεντος,
1026 2224 1057 2248 ut
1079 2220 1210 2248 distincta
1231 2225 1323 2253 opera.
1345 2217 1500 2252 pariterque
1524 2212 1678 2260 apocrvpha

43 2269 193 2301 mutuari;
208 2268 251 2296 vel
270 2275 324 2295 non
345 2266 503 2294 credibilius
520 2265 575 2298 ﬁat,
596 2273 644 2293 sua
667 2273 700 2292 ex
726 2264 844 2299 pseudo-

43 2315 236 2346 Clementinis
261 2313 420 2342 Diataxibus
444 2312 555 2340 auxisse
575 2310 842 2346 pseudngnatium;

45 2364 135 2400 cuius
144 2361 370 2397 interpolationes
382 2367 462 2387 verus
471 2358 591 2394 lgnatius
605 2357 844 2385 manifestissimas

47 2409 139 2442 facit;
155 2415 221 2436 cum
236 2406 467 2435 Constitutionum
486 2405 648 2439 corruptelae
664 2407 762 2438 pra-ter
776 2411 845 2437 pau-

46 2455 188 2484 cissimas
197 2452 391 2481 occultissima:
407 2451 478 2480 sint?
493 2451 570 2478 Mitto
584 2450 634 2477 viri
648 2449 721 2476 docti
733 2448 844 2476 Davidis

48 2499 193 2530 Blondelli
206 2499 234 2526 in
247 2506 362 2527 censura
374 2497 496 2534 epistolae
511 2498 604 2532 prima:
615 2496 762 2524 decretalis
785 2496 846 2522 Cle-

48 2546 144 2577 menti
159 2546 288 2582 ascripta:
301 2545 497 2573 divinationem
515 2553 522 2571 :
539 2543 617 2577 Quod
642 2542 688 2578 qui
716 2542 846 2575 διαταγὰς

47 2592 184 2630 scripsit,
198 2592 309 2620 natione
326 2591 408 2619 fuerit
423 2590 585 2618 Palaestinus
600 2594 646 2617 aut
659 2588 784 2619 Phoenix,
802 2592 846 2615 ut-

48 2646 122 2679 pote
197 2639 327 2667 thronum
351 2636 628 2672 Hierosolymitanum
644 2634 758 2669 reliquis
777 2641 848 2669 prae-

49 2689 141 2721 ferat,
152 2686 207 2717 lib.
220 2693 282 2716 vni,
293 2692 353 2720 cap.
366 2683 410 2716 10,
425 2687 453 2710 et
461 2682 572 2710 nomina
584 2681 725 2709 mensibus
737 2680 849 2707 inventa

50 2742 68 2762 a
79 2731 186 2771 Tyriis
198 2731 331 2766 imponat.
343 2729 404 2757 Non
418 2730 507 2765 agitur
523 2728 556 2756 de
567 2728 713 2756 eminentia
728 2727 845 2758 sedium.

50 2778 269 2823 ubi’episcopus
279 2775 479 2804 Alexandrinus
492 2774 657 2815 praeteritur.
672 2772 803 2802 Iacobum
814 2779 847 2800 eo

90 2856 164 2879 ...ιι
178 2855 225 2886 ω.
239 2854 476 2890 summepater“.

896 2270 1074 2295 recensentur
1086 2275 1094 2299 ;
1108 2269 1136 2293 at
1147 2264 1317 2295 διδασκαλίας
1333 2263 1440 2289 titulum
1453 2259 1600 2296 praeferunt
1616 2257 1680 2284 Dia-

896 2317 974 2341 taxes
985 2321 993 2345 ;
1009 2313 1102 2347 itaque
1109 2311 1220 2346 Διδαχαὶ
1230 2318 1245 2338 a
1256 2307 1507 2338 Constitutionibus
1521 2303 1626 2332 secerni
1636 2302 1680 2330 de-

895 2359 971 2386 bent.
993 2358 1105 2392 Quarto,
1131 2364 1146 2384 a
1166 2357 1279 2392 Synopsi
1301 2353 1485 2382 Athanasiana
1495 2349 1592 2385 Διδαχὴ
1612 2349 1681 2375 ἀπο-

898 2406 998 2432 στόλων
1018 2409 1046 2432 ct
1067 2403 1223 2439 Κλημέντια
1235 2402 1310 2430 velut
1324 2400 1378 2428 duo
1396 2398 1459 2426 libri
1474 2398 1678 2427 memorantur;

897 2452 927 2478 in
941 2450 1119 2478 Clementinis
1138 2453 1228 2476 autem
1251 2447 1427 2475 continentur
1453 2441 1677 2471 Constitutioncs,

896 2497 996 2532 quippe
1010 2503 1070 2531 quae
1092 2495 1240 2523 Clementis
1262 2500 1360 2521 nomen
1386 2491 1543 2527 praeferunt.
1566 2488 1678 2520 Quinto,

897 2550 980 2578 agens
995 2541 1028 2569 de
1041 2542 1189 2569 Clementis
1211 2539 1340 2575 operibus
1369 2537 1502 2564 Eusebius
1513 2555 1520 2567 ,
1535 2533 1680 2561 Doctrinas

896 2589 1083 2625 apostolorum
1097 2587 1208 2614 omittit.
1222 2586 1316 2616 Sexto.
1332 2584 1454 2612 codicem
1466 2581 1679 2617 apostolicarum

897 2635 1132 2662 Constitutionum
1145 2633 1231 2660 multa
1251 2631 1353 2658 Ariana
1373 2628 1608 2663 complectentem,
1630 2631 1680 2651 nec

896 2681 994 2708 Ariani
1013 2687 1062 2716 pro
1085 2677 1290 2707 conﬁrmatione
1314 2676 1356 2703 sui
1372 2675 1474 2702 erroris
1497 2672 1680 2700 adduxerunt.

898 2734 950 2754 nec
976 2726 1124 2754 adductum
1145 2723 1312 2752 Athanasius
1335 2720 1485 2756 expendit:
1502 2725 1556 2753 quo
1578 2717 1607 2743 tit
1639 2717 1678 2745 ut.

899 2776 1025 2802 exstante
1038 2770 1234 2800 Athanasianis
1246 2767 1416 2804 temporibus
1431 2762 1616 2800 Apostolorum
1627 2760 1682 2786 Do-
