1884 3104
27 156 84 184 517

26 215 135 243 ctrina.
147 214 197 246 23.
211 214 355 251 Polycarpi
372 214 420 242 Do-

27 267 121 290 tn’na.
163 263 201 290 24
208 284 216 295 ,
251 263 422 299 Evangelium

26 311 183 338 secundum
198 309 361 338 Barnabam.
376 310 422 344 25,

30 355 216 391 Evangelinm
277 355 420 383 secundum

26 402 209 430 lattluzum.

458 264 512 296 κγ’,
533 260 712 296 Πολυκάρπου
726 260 846 287 διδασκα-

459 308 567 341 λία.κδ’,
582 307 747 343 Εὑαγγέλιον
766 306 837 334 κατὰ

458 357 597 393 Βαρνάϐα.
611 360 660 388 κε’,
671 354 836 391 ΕὺαΠὲλιον

458 405 528 432 κατὰ
541 405 687 432 Ματοαῐον.

64 459 124 487 Ubi
147 459 268 495 Διδαχὰς
287 460 341 487 τῶν
359 460 515 488 ἀποστόλων
532 465 561 489 et
569 461 749 490 Διδασκαλίαν
762 462 836 498 Κλήο

29 514 135 541 grav-.0;
149 506 287 542 distingui
301 506 393 541 video,
407 515 463 535 non
481 507 561 535 video
581 515 636 544 qua
655 507 761 535 ratione
776 507 835 535 dis-

28 553 213 588 tinguantur.
235 552 335 586 Quidni
351 557 380 580 ut
397 553 489 586 Liber.
506 554 521 581 ii
534 553 610 582 Libri
623 554 765 590 Epitome?
793 553 834 581 Ad

28 600 89 628 haec
102 601 203 628 multa;
215 600 326 629 fuerunt
338 600 509 629 διδασκαλίαι
533 606 562 630 et
575 601 721 631 Doctrinaa.
738 601 834 638 lgnatii

27 651 55 674 et
69 646 227 683 Polycarpi
239 647 295 675 hic.
310 647 440 675 Doctrina
454 647 539 682 Petri,
558 649 630 684 apud
644 648 788 684 Origenem
807 652 834 676 ct

29 693 254 722 Damascenum.
271 694 446 722 Διδασκαλίαι
472 695 526 721 τῶν
553 695 639 729 ἁγίων
666 695 832 727 ἀποστόλων,

28 740 79 767 lib.
108 748 138 772 ν,
159 740 235 774 juris
260 739 487 768 Graeco-Romani
515 741 542 769 in
576 741 791 777 interrogatione
815 740 833 767 2

27 783 120 811 Marci
135 783 316 812 Alexandrini
335 790 362 812 et
376 785 564 820 licsponsione
587 785 724 813 Theodori
738 785 833 813 Balsa-

28 830 128 858 monis
146 830 184 857 ad
203 830 288 864 illam,
307 839 413 858 necnon
430 831 583 859 Didascalia
598 832 757 867 apostolica,
771 839 832 868 qum

29 876 109 912 apud
124 876 273 912 £thiopes
285 876 486 905 circumfertur.
501 877 556 906 Cur
571 879 663 913 itaque
677 886 731 906 non
743 879 830 906 exstio
846 888 868 918 Β

27 922 98 949 terit
121 922 209 949 etiam
227 921 391 949 Διδασκαλία
413 923 581 960 Κλήμεντος,
597 924 704 952 diversa
719 924 832 952 θΚαθοι

26 967 94 1002 λικῇ
112 966 293 1002 διδασκαλῐᾳῗ
307 967 346 994 Ad
367 967 393 995 4.
410 967 481 996 Bene
495 969 550 997 duo
564 969 625 996 libri
642 969 710 996 ﬂnnt
722 969 752 996 in
767 968 834 1004 Syn-

31 1012 95 1045 opsi
125 1012 273 1040 Athanasii
294 1013 423 1047 vocitata.‘
434 1014 534 1049 Διδαχὴ
548 1014 602 1041 τῶν
616 1014 783 1047 ἀποστόλων,
805 1018 831 1042 et

28 1056 213 1092 Κλημέντια,
238 1066 293 1093 quo
317 1063 396 1093 pacto
418 1059 488 1094 apud
512 1059 658 1094 Nicephori
682 1059 831 1088 Historiam

27 1101 80 1129 lib.
102 1109 147 1134 tu,
164 1110 226 1137 cap.
247 1103 291 1134 l8.
303 1103 444 1136 Διατάξεις
462 1104 639 1131 ἁποστολικαί
662 1108 689 1132 et
705 1104 740 1132 τὰ
758 1104 832 1141 Κλη-

30 1148 148 1182 μέντια.
166 1147 208 1174 Ad
220 1148 245 1175 5.
256 1149 295 1175 Ad
312 1149 437 1177 eumdem
456 1150 550 1178 forsan
573 1151 685 1178 modum
699 1152 832 1179 omittun-

29 1199 80 1223 tur
97 1195 135 1222 ab
151 1194 271 1222 Eusebio
284 1195 461 1224 Clcmentime
475 1196 613 1229 Diatases,
634 1205 750 1233 quarum
765 1199 830 1227 alibi

29 1240 168 1268 meminit
188 1240 240 1267 sub
264 1240 375 1268 nomine
393 1241 584 1269 Doctrinarum
605 1243 829 1277 apostolicarum,

28 1294 90 1322 quo
116 1285 247 1313 videntur
268 1286 401 1321 praeteriri
420 1287 597 1316 Clementinaa
613 1287 732 1322 Periodi,
761 1297 831 1325 quas

30 1330 89 1357 alio
109 1330 138 1356 in
168 1329 230 1356 loco
255 1335 462 1365 commemorat,
487 1332 627 1366 appellans
641 1332 714 1360 Petri
736 1332 830 1361 Actus.

29 1375 74 1402 Ad
101 1374 131 1401 6.
147 1373 224 1407 Quot
247 1374 301 1401 alia
325 1374 451 1403 Veterum
468 1376 554 1404 citare
572 1376 649 1404 licuit
669 1377 789 1410 Arianis.
804 1382 832 1405 et

29 1419 217 1448 dissolvenda
230 1419 380 1448 Athanasio
401 1421 571 1457 relinquere?
586 1421 669 1450 Verbi
686 1423 784 1459 gratia.
802 1427 833 1451 ut

30 1474 47 1493 a
74 1465 224 1494 Clemente
246 1472 302 1492 non
325 1465 474 1499 discedam,
493 1467 711 1504 Recognitionum
734 1469 831 1503 libros.

30 1514 136 1549 planos
151 1513 313 1540 Arianismi.
329 1512 395 1545 Quae
409 1516 498 1540 tamen
515 1513 549 1540 ab
567 1515 601 1541 iis
619 1515 707 1543 fuisse
725 1515 832 1551 prolata

31 1566 92 1586 non
110 1558 232 1594 legimus
248 1557 277 1584 in
301 1556 330 1585 S.
351 1557 492 1584 Athanasii
508 1556 635 1593 Scriptis.
654 1559 695 1587 Ad
714 1560 831 1595 primam
845 1558 866 1588 C

31 1604 260 1632 conclusionem.
277 1602 368 1630 Locus
382 1603 520 1631 Anastasii
542 1612 595 1631 non
614 1609 704 1632 exstat
721 1606 833 1640 quidem

31 1651 61 1678 in
75 1649 286 1683 Quastionihus
299 1649 379 1676 editis
394 1657 441 1684 per
453 1648 585 1677 Iacobum
598 1650 769 1686 Gretserum;
786 1651 834 1680 sed

31 1697 61 1723 in
80 1695 214 1723 Editione
227 1694 354 1722 Gentiani
374 1694 483 1722 llerveti
498 1694 647 1730 profertur.
665 1696 746 1724 Liber
768 1705 834 1725 vero

450 147 752 184 CONSTITUTIONES
771 150 1008 180 APOSTOLICJE.
1026 168 1060 173 —
1071 150 1252 179 PROGEMIA.

457 213 511 246 κδ’,
529 213 655 248 Ἰγνατίου
664 212 831 239 διδασκαλία.
848 213 870 242 Α
885 210 944 247 ὥρᾳ
970 210 1070 247 δεκάτῃ
1103 210 1153 246 τῆς
1175 208 1270 241 νυκτὸς

889 255 920 293 (f.
933 257 1032 293 ἑϐδόμῃ
1042 257 1092 293 τῆς
1102 257 1230 293 ἡμέρας),
1240 257 1270 284 ὲν

887 305 926 342 τῷ
947 305 1063 342 Ἰορδάνῃ
1079 305 1206 340 ποταμῷ.
1223 305 1270 332 Ἔ-

889 360 978 387 μεινεν
990 351 1019 379 δὲ
1035 352 1084 379 σὺν
1097 353 1163 388 ἡμῖν
1180 352 1209 378 ὲν
1230 351 1270 388 τῷ

887 400 992 436 κόσμῳ,
1009 398 1155 436 κηρύσσων
1178 399 1208 426 τὺ
1225 399 1269 426 εὑ-

886 447 1012 482 αγγέλιον
1047 448 1097 483 τῆς
1131 446 1269 482 βασιλείας

885 494 939 521 τῶν
959 494 1092 530 οὐρανῶν,
1116 494 1167 521 καὶ
1188 494 1269 529 θερα-

885 542 976 569 πεύων
1000 543 1089 569 πᾶσαν
1117 541 1193 568 νόσον
1221 542 1269 568 καὶ

884 588 975 614 πᾶσαν
1007 587 1142 623 μαλακίαν
1172 586 1202 613 ὲν
1229 586 1268 622 τῷ

884 632 958 668 λαῷ,
986 632 1038 664 ἕως
1065 632 1172 666 ἐγένετο
1201 632 1269 658 ἑτῶν

883 678 933 710 λθ,
949 679 996 705 καὶ
1019 679 1111 714 μηνῶν
1131 677 1224 714 τριῶν,
1239 678 1268 705 ὲν

882 722 910 749 δὲ
936 723 975 759 τῷ
1003 723 1157 759 τριακοστῷ
1185 723 1269 759 τρίτῳ

882 767 936 793 ἔτει
965 766 1049 794 αὑτοῦ
1087 766 1267 803 ἐσταυρώθη,

881 812 1012 848 Φαμενὼθ
1037 812 1077 839 κθ’
1106 811 1159 848 [in
1181 819 1266 847 marg.

881 858 1007 895 Μαρτίῳ.
1023 858 1088 894 κτὶτ
1110 857 1203 894 ἡμέρᾳ
1223 859 1269 884 iw

882 913 926 941 τη,
942 905 1001 941 ὥρᾳ
1014 904 1080 941 ἕκτῃ
1090 904 1140 940 τῆς
1150 904 1268 940 ἡμέραςι

881 952 930 978 καὶ
950 951 1001 986 τῆς
1030 951 1145 986 σελήνης
1161 950 1200 977 ιδ’·
1220 950 1269 977 ἀν-

882 996 948 1033 έστη
973 997 1002 1024 δὲ
1033 997 1063 1023 ἐν
1104 996 1263 1032 τριημέρῳ,

882 1042 1032 1079 Παρμουθή
1050 1043 1096 1078 (al.
1113 1041 1263 1079 Φαρμουθί)

882 1089 913 1127 (f.
930 1090 1015 1117 deest.
1040 1090 1075 1125 α’)
1111 1089 1151 1125 [in
1177 1097 1264 1125 marg.

889 1134 1046 1171 Ἀπριλλίῳ]
1073 1135 1165 1171 ἡμέρᾳ
1191 1135 1265 1171 πρώ-

881 1194 927 1220 τῃ,
943 1185 1002 1220 ὥρᾳ
1017 1185 1083 1220 ἕκτῃ
1099 1184 1149 1220 τῆς
1159 1184 1263 1217 νυκτός

881 1232 929 1259 καὶ
944 1231 1021 1267 ὤφθη
1038 1232 1120 1258 πᾶσιν
1133 1232 1200 1267 ἡμῖν
1210 1233 1266 1263 τοῖς

1628 150 1683 180 618

1305 215 1405 236 omnem
1416 208 1535 235 morbum
1544 211 1570 235 et
1581 216 1683 235 omnem

1303 256 1484 291 agritudinem
1496 256 1523 282 in
1541 255 1636 290 popqu
1648 255 1681 289 ",

1303 303 1384 330 donec
1411 307 1489 330 natus
1520 302 1570 337 fuit
1600 310 1683 330 annos

1303 355 1390 381 nm,
1410 353 1435 376 et
1453 356 1553 375 menses
1567 352 1628 375 tres.
1650 347 1683 375 In

1304 396 1435 424 tricesimo
1477 397 1554 424 tertia
1596 400 1684 423 autem

1303 446 1389 473 atatis
1410 453 1466 473 sua
1487 453 1555 472 anno
1577 444 1684 479 cruciﬁ-

1302 501 1351 521 xus
1370 498 1420 526 est,
1443 492 1616 520 Phamenoth.
1635 491 1682 525 25,

1303 538 1408 575 (Martii
1424 537 1470 574 25)
1483 537 1516 570 “,
1537 537 1580 565 die
1599 542 1683 571 sexto,

1301 585 1367 612 hora
1393 583 1445 611 dici
1467 588 1552 616 sexta,
1576 588 1601 610 et
1626 591 1682 615 xw,

1302 630 1388 657 Luna.
1412 629 1567 656 Resurrexit
1597 634 1684 655 autem

1301 677 1330 703 in
1355 675 1455 708 triduo,
1479 676 1575 703 mensis
1597 675 1685 702 Phar-

1302 722 1386 748 mulhi
1402 722 1426 754 Ι,
1447 720 1553 757 (Martii
1572 720 1617 756 27)
1642 720 1684 748 die

1301 769 1398 804 primo,
1413 768 1479 795 hora
1495 774 1570 795 sexta
1582 767 1682 800 noctis;

1301 820 1326 842 et
1347 817 1417 843 visus
1437 819 1475 842 est
1503 815 1534 841 all
1561 814 1682 842 omnibus

1302 863 1376 890 nobis
1397 862 1534 896 discipulis
1553 862 1609 897 ejus
1629 863 1652 878 "
1672 870 1683 895 ,'

1302 917 1334 936 ac
1360 908 1539 943 manifestavit
1568 908 1683 944 gloriam

1302 963 1379 982 suam
1393 962 1438 989 per
1446 953 1502 980 dies
1517 953 1682 989 quadragin-

1303 1005 1341 1032 ta,
1363 999 1458 1026 docens
1480 1007 1526 1026 nos
1538 998 1684 1034 prwdicore

1300 1045 1327 1072 in
1336 1045 1439 1072 nomine
1447 1053 1495 1072 suo
1504 1039 1683 1079 penitentiam

1302 1097 1326 1119 et
1354 1092 1535 1119 remissionem
1561 1097 1683 1126 peccato-

1300 1148 1360 1167 rum
1370 1140 1404 1168 "°.
1416 1140 1574 1173 Assumptus
1582 1144 1621 1166 est
1633 1147 1682 1166 au-

1302 1190 1353 1212 tem
1370 1185 1477 1212 Pachon
1494 1184 1593 1212 decimo
1602 1183 1683 1220 (Maii

1303 1231 1330 1266 5)
1344 1232 1380 1264 τι,
1392 1232 1458 1258 liora
1469 1231 1522 1259 diei
1542 1239 1621 1258 nona.

884 1277 1018 1314 μαθηταῖς
1045 1277 1145 1304 αὐτοῦ·
1182 1277 1230 1304 καὶ
1268 1278 1439 1313 ἐφανέρωσεν
1467 1278 1517 1313 τὴν
1540 1277 1618 1309 δόξαν
1638 1277 1684 1305 αὔθ’

30 1749 88 1768 ms.
121 1746 201 1767 num.
232 1739 312 1772 £789,
343 1738 477 1766 Thesauri
506 1739 586 1774 regii.
612 1743 674 1775 post
696 1739 835 1768 Anastasii

31 1789 214 1823 Quaestiones
229 1792 350 1821 centum,
365 1788 447 1816 habet
461 1788 594 1823 scriptum
609 1797 615 1815 :

32 1857 74 1885 De
101 1857 269 1891 apparitione
295 1856 402 1890 Domini
412 1864 422 1889 ,-

89 1900 124 1920 επ
133 1892 371 1920 Constitutionibus

149 1928 315 1962 apostolicis.

72 1981 150 2008 Nam
171 1985 250 2008 natus
264 1980 367 2015 quidem
384 1986 422 2007 est

34 2027 172 2054 Dominus
216 2031 303 2054 noster
345 2025 422 2053 Iesus

34 2076 167 2104 Christus
192 2083 226 2102 ex
250 2079 344 2102 sancto
364 2075 423 2102 Vir-

34 2124 97 2159 gine
110 2122 139 2150 ιι
142 2123 214 2154 aria,
225 2122 252 2149 in
263 2121 421 2154 Bethlellem,

35 2171 186 2200 secundum
197 2169 338 2206 Egyptios
347 2170 423 2198 Chae-

36 2229 70 2248 ac
84 2220 123 2248 29
133 2219 169 2252 “,
181 2219 247 2246 hora
260 2219 362 2246 decima
376 2227 424 2246 no-

35 2271 106 2302 ctis;
122 2269 194 2301 quod
207 2273 246 2296 est
260 2276 309 2297 vui
322 2268 424 2296 Kalen—

35 2320 89 2347 das
101 2318 242 2346 Januarii.
264 2318 422 2353 Baptizatus

36 2372 129 2395 nlem
147 2372 187 2395 est
202 2368 333 2394 tricesimo
355 2371 422 2395 mta~

36 2415 74 2443 tis
84 2422 144 2443 sua
165 2422 244 2447 anno,
269 2422 286 2442 α
307 2413 421 2447 Joanne,

36 2463 70 2492 ll
93 2463 193 2491 mensis
220 2461 297 2498 Tybi,
317 2461 423 2490 Janua-

36 2512 73 2540 rii
88 2511 118 2550 ο,
139 2511 207 2539 hora
226 2511 338 2546 septima
357 2511 422 2543 dici.

35 2561 66 2588 in
81 2559 167 2596 [uio
177 2558 304 2587 Iordane.
322 2558 424 2587 Hausit

36 2613 129 2636 nam
137 2606 274 2636 nobiscum
281 2607 308 2635 in
316 2606 422 2640 mundo,

35 2653 192 2690 pradicas
204 2653 368 2689 euangelium
382 2661 424 2681 re-

35 2701 86 2737 gni
103 2700 243 2741 calorum,
265 2704 292 2728 et
325 2708 422 2728 curans

68 2802 204 2836 “Vide
227 2806 299 2836 inin
331 2807 365 2835 ad
388 2807 435 2835 lib.

365 2849 405 2876 Is,
420 2843 466 2871 '55.
504 2841 527 2859 ⁸⁵

35 2842 172 2872 «ωτι.
199 2849 240 2876 Iv,
271 2842 325 2876 ‘13;

36 2878 61 2895 "
73 2878 139 2909 Iaii
153 2879 181 2908 Ξ.

459 1856 556 1897 "pepli
563 1856 613 1897 τῆς
621 1857 780 1897 ἐπιςὶανείας
788 1857 836 1884 τοῦ

477 1892 580 1927 Κυρίου
589 1900 595 1905 ⁸
606 1892 637 1918 ὲκ
646 1892 699 1918 τῶν
708 1893 822 1919 ἀποστο-

493 1926 576 1953 λικῶν
591 1928 798 1963 Διαταγμάτων.

499 1987 609 2025 Ἐτὲχθη
627 1989 676 2024 μὲν
690 1989 745 2025 γὰρ
758 1989 773 2014 ὀ
786 1987 839 2015 Κύ-

458 2044 516 2072 ριος
541 2038 620 2073 ἡμῶν
649 2037 752 2073 Ἰησοῦς
772 2037 840 2073 Χρι-

458 2083 520 2116 στὸς
542 2085 574 2111 ὲκ
595 2085 645 2120 τῆς
665 2085 745 2120 ἁγίας
769 2092 840 2121 παρ-

457 2132 534 2160 θένου
548 2134 658 2170 Μαρίας
666 2135 695 2160 ὲν
705 2134 838 2170 Βηθλεὲμ,

457 2181 486 2207 ὲν
502 2182 567 2217 μηνὶ
588 2181 659 2208 κατὰ
675 2182 841 2215 Αἰγυπτίους

881 1323 929 1350 τοῦ
949 1323 982 1350 δι’
997 1323 1109 1359 ἡμερῶν
1125 1323 1345 1359 τεσσαράκοντα,
1367 1323 1500 1350 διδάσκων
1524 1324 1600 1359 ἡμᾶς
1632 1332 1682 1360 κη-

883 1369 992 1406 ρύσσειν
1018 1370 1065 1396 ὲπὶ
1093 1369 1132 1406 τῷ
1154 1369 1267 1406 ὀνόματι
1285 1369 1367 1397 αὑτοῦ
1390 1370 1533 1406 μετάνοιαν
1554 1370 1601 1396 καὶ
1613 1370 1682 1404 ἄφε-

883 1425 925 1444 σιν
948 1415 1098 1452 ἁμαρτιῶν.
1122 1416 1269 1453 ’Λνελήφθη
1301 1417 1329 1444 δὲ
1354 1416 1454 1451 Παγὼν
1474 1420 1499 1451 γ’
1524 1415 1560 1452 (f;
1584 1415 1615 1452 t’)
1640 1415 1682 1452 [in

882 1470 969 1498 marg.
984 1462 1065 1498 Μαΐῳ
1074 1462 1123 1498 γ¹],
1149 1462 1209 1499 ὥρᾳ
1232 1463 1254 1490 θ’
1270 1464 1320 1499 τῆς
1335 1463 1452 1500 ἡμέρας.

883 1540 1010 1577 Idemque
1038 1541 1219 1577 fragmentum
1243 1542 1276 1569 ἐκ
1297 1542 1352 1569 τῶν
1375 1542 1564 1570 ἀποστολικῶν
1583 1541 1681 1569 Διατά-

885 1588 951 1621 Esto»
965 1589 1075 1616 exhibet
1086 1588 1170 1616 codex
1185 1589 1265 1620 1067.
1280 1597 1341 1616 cum
1356 1589 1520 1624 quibusdam
1541 1589 1680 1616 varietati-

885 1633 955 1666 bus;
971 1639 1001 1661 ut
1020 1633 1093 1669 quod
1114 1634 1297 1668 praetermittit
1309 1642 1370 1670 quae
1391 1635 1419 1662 in
1437 1634 1560 1670 margine
1577 1634 1680 1670 prioris

885 1679 1023 1715 leguntur,
1038 1685 1065 1707 et
1079 1679 1152 1715 quod
1168 1687 1224 1707 non
1244 1681 1320 1714 ponit
1339 1680 1399 1708 dies
1414 1681 1548 1708 mensium
1565 1680 1679 1716 Chmac,

885 1722 955 1759 Tybi
969 1727 996 1751 et
1018 1723 1197 1752 Phamenoth.
1221 1723 1321 1751 Verum
1348 1724 1402 1751 dici
1427 1728 1517 1759 potest
1539 1724 1678 1759 pertinere

886 1769 1110 1804 ἁποσπασμάτιον
1117 1769 1152 1797 ad
1159 1769 1338 1802 Διδασκαλίας
1361 1774 1388 1797 et
1404 1769 1523 1802 Διδάξεις
1541 1770 1596 1797 τῶν
1614 1771 1682 1797 ἀποο

887 1815 1004 1847 στόλων,
1020 1819 1065 1841 aut
1078 1815 1112 1842 ad
1131 1814 1259 1843 Diatascs
1276 1815 1388 1850 primas,
1400 1816 1442 1843 vel
1455 1817 1573 1851 aliquam
1586 1823 1680 1845 earum

886 1860 1122 1895 interpolationem
1146 1860 1225 1887 nobis
1247 1860 1431 1895 incognitam;
1458 1862 1547 1896 qualis
1572 1861 1680 1888 Ethio-

888 1905 1053 1941 pica;quam
1066 1911 1164 1933 nostra:
1172 1906 1269 1940 partim
1284 1906 1400 1933 similem
1415 1914 1488 1940 esse,
1506 1907 1605 1942 partim
1621 1907 1679 1935 dis-

888 1952 1016 1984 similem,
1034 1952 1173 1987 colligitur
1189 1960 1221 1980 ex
1239 1952 1272 1980 iis
1297 1960 1357 1987 quas
1379 1953 1451 1987 apud
1476 1953 1636 1980 Damianum
1664 1961 1679 1980 a

888 1997 961 2026 Goes
975 1997 1009 2025 de
1038 1997 1196 2032 Aﬂthiopum
1220 1998 1350 2033 religione
1374 1997 1542 2026 referuntur.
1567 1998 1637 2026 Sane
1651 1999 1679 2026 in

891 2043 1083 2077 Qumslionibus
1106 2042 1255 2077 Anastasii,
1272 2047 1367 2078 quaest.
1384 2043 1429 2076 60,
1445 2052 1472 2079 p.
1484 2044 1546 2075 598.
1560 2044 1614 2071 ista
1629 2044 1678 2071 ba-

889 2090 999 2122 bentur,
1018 2097 1051 2118 ex
1066 2089 1315 2118 Constitutionibus
1345 2090 1515 2125 apostolicis,
1538 2091 1601 2117 ὃταν
1623 2089 1678 2126 γὰρ

890 2135 1001 2172 καθίσῃ,
1016 2141 1081 2168 etc.,
1097 2143 1147 2163 nec
1160 2136 1335 2163 inveniuntur
1346 2135 1374 2162 in
1390 2136 1502 2163 nostris.
1516 2135 1678 2170 Apostolicas

889 2182 971 2209 etiam
990 2181 1083 2208 nescio
1100 2181 1179 2215 cujus
1198 2181 1411 2209 Constitutionis
1435 2180 1529 2208 Jacobi
1554 2181 1677 2208 meminit

456 2226 543 2254 Χοιὰκ
585 2227 638 2263 (al.
672 2227 766 2262 Χυὰκ)
800 2230 836 2254 κε⁴

917 2236 1008 2255 ιςιηηοε
1022 2227 1148 2255 Nica‘nus
1163 2228 1196 2255 de
1207 2227 1350 2254 nativitate
1366 2226 1471 2253 Domini
1485 2231 1552 2254 tom.
1567 2225 1589 2253 ll
1621 2226 1677 2252 Au-

457 2276 489 2313 (l.
503 2276 555 2311 10’)
578 2276 618 2312 [in
634 2284 720 2312 marg.
738 2277 836 2313 Δεκεμ-

457 2323 525 2359 ϐρίῳ
542 2323 572 2360 (f.
596 2323 658 2351 add.
679 2323 728 2358 κε’)
738 2323 759 2359 ],
777 2322 837 2359 ὥρᾳ

456 2373 556 2408 ὲῦδόμῃ
590 2372 640 2408 τῆς
669 2372 776 2408 ἡμέρας
805 2370 836 2406 (f-

455 2418 554 2454 δεκάτῃ
569 2418 619 2453 τῆς
640 2417 757 2451 νυκτός),
780 2417 794 2443 ὃ
810 2417 838 2443 ὲ-

456 2471 513 2489 ατιν
528 2463 581 2498 πρὸ
601 2462 673 2489 ὀκτὼ
692 2462 837 2488 Καλάνδων

462 2509 633 2544 Ἰανουαρίων
641 2516 648 2522 ·
683 2507 834 2543 ἐϐαπτίσθη

456 2557 484 2584 δὲ
505 2557 534 2584 ὲν
557 2556 596 2593 τῷ
616 2556 768 2592 τριακοστῷ
787 2556 837 2583 αὺ-

456 2603 576 2635 τοῦπὲτει,
588 2602 640 2630 ὑπὸ
648 2601 779 2634 Ἰωάννου,
788 2601 836 2629 τοῦ

457 2649 532 2686 Τυΰὴ
557 2649 604 2685 (al.
626 2648 704 2684 Τυϐὶ)
729 2652 773 2680 ια’,
796 2647 837 2684 [in

457 2706 544 2735 marg.
576 2696 756 2733 Ἰαννουαρίῳ,
785 2696 836 2733 ς’.)

572 2841 635 2869 artii
676 2841 721 2869 25.

824 2805 847 2822 “
866 2806 1022 2834 Decembris
1049 2806 1104 2838 25,
1139 2806 1158 2834 l.
1187 2805 1284 2834 Chron.
1316 2806 1392 2834 Alex.
1411 2825 1418 2835 .

775 2841 797 2858 °’
811 2841 896 2878 Aprili
914 2843 1030 2870 maxima
1046 2849 1079 2870 es
1103 2846 1179 2877 parte
1195 2841 1351 2877 respondet.
1394 2841 1417 2857 ⁷⁸
1437 2837 1503 2868 huc.
1537 2847 1612 2871 mv,
1627 2837 1673 2866 47.

889 2273 966 2300 clarii
980 2273 1183 2301 Combelisiani.
1198 2272 1286 2308 Atque
1301 2273 1477 2308 apostolicam
1497 2271 1676 2298 Constitutio-

886 2327 948 2348 nem
963 2318 1086 2346 ﬁctiliam
1100 2327 1151 2347 nec
1162 2323 1313 2346 exstantem
1323 2323 1419 2346 contra
1435 2322 1528 2345 sacras
1543 2317 1676 2352 imagines

887 2365 1038 2392 Catholicis
1054 2365 1186 2400 objiciunt
1206 2364 1380 2392 lconomacbi
1399 2364 1469 2399 apud
1491 2363 1674 2398 Nicephorum

887 2411 941 2439 CP.
952 2412 981 2439 in
995 2411 1181 2439 Antirrhetico
1194 2411 1222 2443 2,
1241 2411 1303 2439 cod.
1313 2410 1379 2446 Reg.
1397 2411 1457 2438 78L
1479 2410 1548 2437 Vide
1566 2416 1675 2445 quoque

889 2457 961 2485 inira
975 2458 1008 2485 ad
1025 2457 1072 2485 lib.
1089 2465 1131 2490 lll,
1149 2465 1212 2493 cap.
1229 2457 1273 2485 14.

917 2514 958 2542 Ad
974 2514 993 2542 2
1015 2514 1231 2542 conclusionem.
1250 2513 1365 2541 Etiamsi
1384 2513 1551 2541 concedatur
1571 2511 1675 2539 Doctri-

882 2568 945 2588 nam
964 2560 1145 2595 apostolorum
1165 2563 1193 2586 et
1208 2558 1417 2586 Constitutiones
1439 2558 1558 2590 dill'erre,
1586 2557 1677 2584 incerv

882 2609 941 2634 tum
956 2606 1046 2634 adhuc
1065 2608 1198 2637 remanet.
1216 2612 1251 2632 an
1269 2604 1419 2640 primarum
1440 2603 1674 2631 Constitutionum

883 2656 1030 2688 corruptor
1043 2652 1115 2679 illam
1131 2651 1287 2678 Doctrinam
1298 2650 1470 2686 compilarit;
1485 2650 1556 2677 sicut
1568 2649 1676 2684 Episto-

884 2698 939 2726 iam
953 2698 1084 2726 Barnabas
1095 2697 1203 2725 videtur
1216 2697 1406 2733 exscripsisse.
1422 2695 1563 2723 Concludo
1577 2702 1628 2730 ego
1643 2701 1675 2721 ex

1450 2813 1478 2841 p.
1507 2805 1560 2833 552
1569 2823 1577 2834 .
1609 2801 1672 2841 55a.
