1884 3104
198 141 251 170 M9

631 140 662 169 S.
680 140 882 170 CLEMENTXS
899 141 910 169 ι
925 141 1010 170 ROM.
1028 141 1128 170 ΡΟΝΤ.
1147 141 1261 170 OPERA
1278 140 1392 169 DUBIA.

1787 142 1835 170 ειἳο

198 202 262 227 ante
276 197 370 231 dictis,
386 198 556 234 probabilius
575 199 684 227 censeri
698 199 808 235 διδαχὴν
822 200 893 228 inter
907 204 935 227 et
954 199 992 226 δι-
1006 203 1030 232 Α
1045 200 1140 228 limine
1151 200 1468 237 Conciliorum_ponere;
1493 207 1547 236 quo
1568 199 1603 228 de
1624 200 1726 228 ultimo
1746 205 1836 229 auctor

197 244 346 272 δασκαλιαν
360 251 393 272 ac
406 244 526 277 διάταξιν
541 245 610 272 nihil
629 245 798 273 intercedere
810 245 988 274 discriminis.

233 290 349 326 Reliqua
361 290 395 317 ad
406 289 624 319 Constitutiones
640 292 806 327 apostolicus
816 292 989 327 pertinentia,

198 337 242 365 vel
257 337 316 365 visa
332 341 397 364 sunt
416 337 518 365 leviora
535 345 566 365 ac
584 338 703 369 tritiora,
722 338 764 365 vel
793 338 863 365 intra
878 337 906 365 in
921 337 990 365 locis

200 384 396 416 controversis,
416 384 627 418 explicabuntur
642 384 824 423 commodius.
842 383 901 411 Non
920 391 991 419 prae-

198 430 287 458 teribo
298 434 389 458 tamen
401 437 461 465 quae
471 429 543 458 inter
553 430 696 458 scribenda
707 430 765 457 haec
777 429 870 458 didici.
886 428 906 457 I.
919 429 992 457 Non.

200 476 276 504 nulla
307 476 404 503 harum
425 475 661 504 Constitutionum
690 476 811 511 capitula
836 475 932 503 referri
961 475 990 502 in

200 522 336 557 principio
352 523 433 549 trium
447 522 643 549 Collectionum
659 529 794 548 canonum
804 529 886 548 manu
896 529 994 549 exara-

201 567 360 602 tarumReg.
371 567 500 595 Biblioth.
512 568 593 595 unius
609 568 741 600 Arabica,
756 567 910 594 Graecarum
926 567 993 594 alia-

201 621 274 641 rum.
289 612 319 641 ΙΙ.
332 613 458 642 Solemnc
470 622 532 642 esse
546 614 742 646 Orientalibus,
755 613 848 642 eadem
864 613 954 649 capita
965 613 992 640 in

1043 245 1112 273 mihi
1127 245 1266 273 Abraham
1281 246 1466 274 Ecchellensis
1481 247 1509 274 in
1525 247 1604 274 Notis
1625 247 1660 274 ad
1678 247 1835 282 Catalogum

1044 291 1199 327 Hebedjesu
1215 300 1241 326 p.
1259 292 1322 324 167,
1345 297 1400 320 etc.
1423 292 1490 320 Nam
1508 293 1542 320 de
1562 295 1648 320 totius
1666 293 1759 328 operis
1773 292 1836 320 Ara-

1042 338 1104 366 bica
1120 338 1245 366 versione
1257 339 1428 374 exploratum
1440 339 1586 371 habebant.
1602 347 1664 366 eam
1679 339 1708 366 in
1720 347 1775 366 non
1788 347 1835 366 una

1045 383 1213 411 Bibliotheca
1237 384 1351 412 servari.
1376 383 1420 417 lli,
1442 384 1561 419 denique
1585 391 1662 419 spem
1683 383 1757 416 dari,
1779 384 1836 411 Cie.

1044 430 1181 458 mentinas
1193 430 1403 458 constitutiones
1418 438 1480 457 cum
1492 430 1577 459 variis
1592 430 1783 465 apostolorum
1795 437 1835 456 ea-

1042 475 1162 503 nonibus
1175 475 1291 511 aliisque
1302 473 1466 511 Ethiopicis
1480 476 1591 510 scriptis
1609 475 1689 502 brevi
1711 476 1740 502 in
1754 476 1835 502 lucem

1043 520 1213 556 prodituras.
1227 529 1293 548 cura
1307 525 1334 549 et
1344 521 1436 548 studio
1449 520 1590 548 Vanslebii
1605 520 1756 547 clarissimi
1768 520 1835 548 illius

1053 567 1153 603 lingua:
1168 568 1276 603 peritia,
1291 568 1320 595 in
1330 567 1542 596 Praedicatorum
1558 566 1664 594 familia
1680 566 1809 602 theologi.

597 705 1824 720 ________._______—_—_—.——

752 781 1060 827 FBANCISCI
1101 780 1236 825 PAGI

464 883 509 911 DE
525 879 868 911 CONSTITUTIONIBUS
885 878 930 906 ET
947 876 1148 906 CANONIBUS
1165 875 1390 904 APOSTOLICIS
1405 875 1578 904 JUDICIUM.

419 961 474 996 (Es:
492 962 743 991 breuiarioGestorio
759 960 918 994 Pontiﬁcum
935 957 1125 989 Romanorum,
1141 956 1169 984 in
1188 956 1249 983 Vita
1261 955 1413 988 Clementis,
1431 954 1479 991 §V
1494 959 1518 982 et
1529 955 1615 990 seqq.)

237 1112 287 1140 llic
301 1111 397 1148 paucis
412 1110 545 1146 agendum
558 1109 591 1136 de
600 1106 849 1136 Constitutionibus
864 1109 891 1132 et
903 1103 992 1131 Cano—
1007 1117 1029 1145 Β

1045 1111 1129 1138 videri
1143 1110 1249 1138 scribit.
1266 1109 1346 1137 Ratio
1365 1110 1466 1145 prioris
1483 1113 1535 1139 est.
1555 1109 1621 1145 quia
1638 1109 1831 1137 Constantinus

201 1158 283 1187 nibus
298 1157 482 1193 apostolorum
497 1155 607 1183 nomine
622 1153 779 1188 inscriptis;
796 1158 910 1186 quarum
925 1149 994 1176 dua-

202 1212 263 1232 rum
275 1203 464 1231 collectionum
488 1200 567 1228 multi
587 1203 727 1226 auctorem
751 1197 854 1224 iaciunt
875 1195 905 1223 S.
929 1194 992 1222 Cle-

202 1253 337 1283 mentem;
356 1249 420 1284 quia
435 1247 500 1275 licet
517 1246 603 1274 amba:
625 1245 696 1272 inter
718 1243 874 1278 apocrypha
895 1248 992 1269 recen-

202 1298 325 1326 seantur,
335 1293 453 1322 Canones
464 1296 553 1318 tamen
567 1289 747 1324 apostolorum
761 1287 840 1320 vulgo
853 1285 919 1312 dicti
934 1284 993 1311 sin-

201 1340 290 1376 gulari
309 1340 425 1375 quadam
441 1337 570 1365 Ecclesiae
591 1335 737 1363 Primitiva:
755 1331 879 1359 doctrina
898 1329 992 1357 referti

201 1390 277 1414 sunt.
292 1385 508 1414 Coustitutioncs
523 1382 633 1419 quidem
650 1388 700 1408 vui
720 1380 796 1407 libris
816 1376 992 1412 comprehen-

202 1440 249 1460 sas
271 1431 386 1459 Carolus
409 1430 519 1461 Bovius,
547 1426 711 1456 Oslunensis
735 1424 890 1460 episcopus,
918 1427 992 1449 anno

203 1479 274 1507 £573
288 1478 315 1505 iu
328 1478 414 1504 lucem
430 1476 531 1507 emisit,
547 1479 574 1502 et
586 1481 602 1502 e
622 1473 717 1500 Grzcco
740 1472 767 1498 in
785 1469 911 1497 Latinum
932 1475 992 1495 ser-

202 1532 310 1552 monem
325 1523 475 1550 transtulit.
488 1521 540 1548 Eas
552 1525 646 1556 postea
660 1518 826 1546 Franciscus
837 1515 990 1543 Turrianus

202 1569 298 1597 Latine
314 1570 505 1603 interpretatus
516 1572 568 1598 est,
582 1571 608 1593 et
618 1563 822 1593 commentariis
832 1559 988 1589 illustravit.

202 1614 303 1642 Verum
320 1614 414 1640 harum
431 1612 663 1640 Constitutionum
679 1614 773 1637 auctor
794 1616 848 1635 non
868 1610 910 1634 est
930 1606 990 1633 Cle-

203 1669 280 1689 mens
304 1659 454 1690 Romanus,
475 1659 540 1693 quia
567 1656 712 1687 Eusebius,
736 1655 783 1682 lib.
800 1661 841 1686 ut,
860 1661 885 1681 c.
902 1653 946 1683 15,
962 1655 990 1679 et

203 1707 385 1741 Hieronymus
404 1704 440 1732 De
458 1701 630 1738 scriptoribus
644 1699 846 1733 ecclesiasticis,
869 1706 931 1725 cum
956 1697 990 1725 de

203 1753 314 1788 Scriptis
331 1750 360 1778 S.
379 1749 526 1777 Clementis
546 1751 639 1783 agunt,
657 1754 739 1774 unam
762 1746 894 1773 duntaxat
915 1743 989 1771 illius

202 1798 237 1826 ad
253 1796 409 1825 Corinthios
424 1794 571 1830 Epistolam
584 1796 737 1820 recensent.
754 1789 888 1818 Praeterea
907 1789 989 1816 llum-

201 1846 297 1873 bertus
313 1842 634 1876 Cardinalis,episcopus
658 1839 737 1867 Silvae
757 1838 896 1870 Candidas,
919 1836 988 1863 Leo-

202 1892 246 1919 nis
256 1891 302 1922 IX,
314 1892 386 1925 apud
402 1887 657 1922 Constantinopolin
680 1886 795 1921 legatus.
817 1884 917 1911 Niceta
938 1882 989 1910 Pe-

201 1942 318 1970 ctorato,
327 1936 559 1963 Constitutionum
572 1932 783 1968 apostolicarum
794 1930 854 1957 loca
864 1928 988 1964 quaedam

202 1989 298 2013 contra
314 1982 425 2010 Sabbati
439 1980 585 2015 jejunium,
601 1977 751 2012 objicienti,
776 1976 819 2003 his
838 1975 929 2003 verbis
945 1982 987 2002 re-

203 2031 338 2068 spondet:
357 2029 414 2056 lioc
432 2035 549 2055 asserere
565 2025 668 2052 conaris
687 2031 719 2051 ea;
734 2022 895 2057 Apocryphis
913 2021 988 2048 libris

201 2067 227 2105 et
241 2076 396 2107 canonibus,
412 2074 472 2109 pari
488 2072 618 2099 sententia
634 2070 685 2098 SS.
699 2069 811 2096 Patrum
827 2067 988 2102 repudiatis;

202 2128 230 2153 et
252 2123 332 2159 paulo
347 2125 408 2157 post
427 2131 432 2148 :
451 2119 524 2146 Unde
541 2126 589 2145 nos
602 2123 702 2152 quoque
717 2123 791 2141 omne
805 2113 988 2148 Apocrypltum

204 2168 356 2202 abjicientcs
370 2165 543 2199 dedignamur
560 2162 654 2189 audire
671 2168 762 2187 eorum
779 2159 914 2194 fabulosus
931 2162 987 2183 tra—

202 2214 326 2244 ditiones,
349 2212 411 2248 quia
440 2219 492 2238 non
517 2213 578 2236 sunt
600 2212 628 2234 ut
650 2207 692 2234 lea;
717 2205 832 2232 Domini.
853 2203 990 2231 Citaverat

202 2261 291 2284 autem
304 2255 412 2283 Nicetas
429 2255 554 2289 quintum
570 2255 597 2280 et
607 2251 752 2286 septimum
764 2249 862 2276 librum
875 2248 991 2275 Ordina-

201 2303 318 2334 tionum,
335 2309 384 2329 seu
396 2299 628 2328 Constitutionum
641 2296 864 2332 apostolicarum.
881 2293 921 2321 Ex
937 2301 990 2329 qua

203 2348 345 2376 Humberti
357 2347 536 2380 responsione
549 2343 725 2371 Christianus
744 2341 846 2377 Lupus,
861 2350 889 2377 p.
906 2349 937 2372 ιι,
955 2341 990 2368 ad

201 2395 340 2422 Canonem
354 2401 373 2421 ιι
388 2392 560 2423 Trullanum,
579 2389 685 2424 colligit
703 2386 908 2416 Constitutiones
929 2387 990 2414 illas

201 2441 373 2477 apocryphas
382 2447 454 2470 esse.
471 2438 555 2465 fuisse
565 2435 727 2464 sententiam
741 2434 812 2461 sedis
822 2432 987 2468 apostolica}.

201 2487 282 2522 cujus
298 2486 458 2522 legationem
486 2483 650 2511 Humbertus
667 2481 787 2517 gerebat.
810 2479 911 2507 Prmter
934 2477 988 2505 Lu—
1004 2490 1026 2518 ι)

202 2540 278 2569 pum,
291 2531 396 2567 legendi
412 2531 493 2558 etiam
514 2528 707 2556 Schelstratius
726 2527 752 2554 in
769 2535 795 2562 p.
816 2533 837 2553 ιι
854 2525 985 2559 Antiquit.

209 2579 361 2609 itlustrattz,
375 2577 484 2604 dissert.
497 2576 525 2607 2,
539 2583 563 2603 c.
576 2575 607 2608 2;
616 2574 718 2602 Natalis
729 2572 882 2600 Alexander
891 2579 947 2599 sec.
959 2571 986 2604 1,

203 2625 312 2660 aliique,
325 2624 371 2659 qui
383 2623 460 2658 plura
473 2623 507 2650 de
524 2622 600 2650 hisce
617 2619 861 2649 constitutionibus
874 2618 984 2645 habent.

237 2670 314 2701 Ouod
333 2669 430 2696 attinet
445 2669 478 2695 ad
493 2667 693 2698 collectionem,
712 2673 772 2701 quae
790 2665 841 2692 sub
864 2664 986 2699 ejusdem

202 2717 350 2745 Clementis
372 2715 482 2742 nomine
501 2713 710 2745 circumfertur,
736 2712 782 2747 qui
800 2710 986 2746 apostolorum

202 2769 323 2789 canones
333 2767 448 2788 numero
457 2760 502 2792 85,
518 2760 545 2787 in
560 2767 644 2787 unum
660 2764 759 2794 corpus
774 2758 903 2785 collectos
921 2756 988 2784 lide-

203 2809 275 2837 Iibus
287 2807 462 2843 proposuisse
476 2805 645 2841 perhibetur,
659 2811 720 2832 eam
729 2803 827 2831 Petrus
845 2803 880 2830 de
895 2803 986 2831 Marca

202 2853 331 2883 Concord.
342 2853 482 2881 sacerdotii
492 2857 516 2878 et
527 2851 640 2886 imperii,
652 2851 700 2879 lib.
715 2858 756 2882 ιιι,
769 2858 784 2877 c
804 2850 833 2883 ‘2,
851 2857 879 2877 n.
895 2850 922 2880 5,
935 2857 982 2876 an-

201 2906 251 2930 ter'
325 2909 327 2912 ·
343 2899 446 2937 synodo
458 2898 578 2931 Nicana,
589 2897 636 2926 sed
649 2896 827 2933 posteriorem
845 2903 916 2924 anno
929 2895 982 2924 258

1043 1157 1109 1192 imp.
1125 1165 1167 1191 ep.
1184 1156 1202 1182 2
1216 1155 1248 1182 ad
1261 1155 1406 1183 Eusebium
1421 1161 1447 1181 et
1461 1154 1649 1182 Antiochenos
1665 1155 1737 1181 citat
1758 1163 1833 1182 cano-

1043 1210 1104 1230 nem
1121 1202 1163 1233 15,
1179 1209 1212 1229 ex
1226 1208 1281 1236 quo
1292 1200 1408 1231 eruitur,
1424 1207 1471 1228 eos
1484 1207 1603 1227 canones
1620 1203 1686 1226 ante
1700 1199 1830 1227 Nicanam

1043 1248 1179 1284 synodum
1203 1247 1329 1281 cognitos
1355 1245 1449 1273 fuisse.
1475 1245 1527 1273 Eos
1546 1253 1611 1277 vero
1639 1245 1730 1273 fuisse
1749 1250 1833 1281 poste-

1042 1295 1130 1321 riores
1152 1301 1224 1320 anno
1243 1293 1307 1325 258,
1323 1300 1357 1319 ex
1379 1299 1412 1319 eo
1427 1291 1548 1324 deducit,
1566 1292 1637 1327 quod
1660 1291 1832 1318 Firmilianus

1042 1340 1174 1367 Caesareae
1186 1340 1332 1374 episcopus
1347 1338 1381 1365 iis
1396 1345 1462 1365 usus
1473 1342 1516 1365 est
1528 1337 1561 1364 ad
1579 1337 1754 1372 probandam
1775 1345 1834 1364 con-

1043 1386 1228 1417 suetudinem,
1254 1392 1315 1420 quae
1340 1382 1450 1420 vigebat
1474 1384 1502 1411 in
1526 1383 1649 1414 Oriente,
1674 1382 1832 1418 repudiandi

1042 1431 1233 1459 haereticorum
1248 1429 1387 1464 baptismi,
1405 1436 1466 1455 eum
1484 1432 1574 1456 tamen
1601 1428 1653 1463 ipsi
1674 1432 1773 1463 aperte
1796 1428 1832 1455 l'a-

1041 1477 1146 1505 verent.
1164 1476 1258 1504 Canon
1275 1475 1347 1502 enim
1364 1475 1398 1502 45
1413 1474 1454 1502 sic
1472 1479 1621 1509 conceptus
1632 1478 1675 1501 est
1697 1484 1703 1499 :
1723 1474 1831 1509 Episco-

1040 1531 1102 1558 pum
1122 1523 1161 1550 vel
1182 1522 1373 1557 presbyterum,
1397 1521 1441 1556 qui
1459 1521 1640 1547 hwrcticorum
1663 1520 1832 1555 baptismum.

1041 1569 1080 1596 uel
1093 1569 1257 1603 sacri/icium
1274 1567 1422 1597 admiserit,
1441 1566 1535 1601 deponi
1553 1566 1688 1600 jubemus.
1712 1567 1784 1600 Quce
1800 1572 1833 1593 est

1040 1617 1110 1642 enim
1125 1614 1259 1641 contentio
1277 1613 1377 1641 Clu-isti
1401 1621 1460 1639 cum
1478 1612 1586 1640 Belial?
1618 1612 1665 1639 Vel
1690 1621 1754 1648 qua:
1778 1621 1833 1647 pars

1039 1665 1078 1688 est
1091 1660 1164 1695 ﬁdeli
1179 1668 1236 1686 cum
1253 1659 1376 1694 infideli?
1404 1658 1436 1685 Et
1450 1666 1539 1685 canon
1549 1657 1583 1685 46
1605 1657 1781 1694 {Episcopus
1802 1660 1833 1685 rei

1039 1705 1174 1741 presbyter
1184 1713 1253 1736 eum,
1274 1705 1319 1740 qui
1334 1712 1391 1731 vere
1405 1704 1480 1730 habet
1499 1703 1670 1738 baptismum,
1686 1703 1709 1730 si
1726 1704 1763 1731 de
1775 1705 1833 1730 inte-

1039 1760 1087 1787 gro
1105 1751 1295 1786 baptizauerit;
1312 1749 1350 1777 vel
1372 1751 1395 1777 si
1414 1758 1483 1781 eum,
1499 1750 1544 1784 qui
1560 1749 1592 1776 ab
1615 1750 1703 1784 impiis
1717 1750 1832 1784 pollutas

1039 1803 1090 1831 est,
1105 1806 1157 1825 non
1169 1797 1351 1828 baptizauerit,
1363 1796 1520 1830 deponatur,
1537 1800 1565 1822 ut
1582 1796 1627 1831 qui
1641 1795 1757 1822 irrideat
1769 1804 1833 1823 utor-

1041 1848 1093 1871 tem
1109 1849 1133 1871 et
1145 1851 1248 1870 crucem
1262 1842 1381 1874 Domini,
1398 1846 1422 1868 et
1438 1850 1489 1868 non
1504 1841 1638 1868 discernat
1653 1842 1805 1868 sacerdota
1818 1851 1831 1868 α

1040 1889 1117 1924 falsis
1131 1887 1324 1916 sacerdotibus.
1339 1887 1407 1914 Cum
1421 1887 1512 1921 itaque
1522 1885 1701 1913 Firmilianus
1713 1887 1743 1913 in
1755 1887 1829 1922 epist.

1040 1935 1073 1962 ad
1093 1935 1261 1970 Cyprianum
1279 1937 1375 1960 contra
1397 1932 1588 1959 haereticorum
1623 1932 1765 1967 baptisma
1785 1933 1830 1959 mi~

1039 1980 1133 2012 litans,
1150 1980 1376 2008 consuetudinem
1392 1987 1406 2006 a
1427 1979 1565 2014 Stephano
1580 1979 1655 2014 Papa
1680 1981 1828 2011 laudatam,

1039 2026 1110 2061 stylo
1126 2026 1242 2058 acriore,
1256 2034 1337 2061 quam
1355 2027 1497 2061 oportebat
1514 2025 1702 2053 Christianum
1726 2028 1830 2062 episco-

1038 2078 1114 2106 pum,
1131 2070 1270 2105 excipiens
1285 2078 1357 2097 anno
1371 2070 1424 2098 256
1439 2074 1485 2097 aut
1496 2070 1550 2097 257
1563 2078 1618 2106 quo
1632 2079 1694 2098 eam
1711 2073 1829 2108 scripsit.

1046 2122 1166 2142 canones
1193 2115 1338 2150 praedictos
1360 2124 1414 2143 non
1437 2116 1571 2151 allegarit,
1589 2124 1622 2143 ex
1638 2117 1700 2151 ejus
1722 2118 1829 2145 silentio

1039 2163 1167 2196 colligere
1191 2167 1244 2196 est,
1267 2163 1420 2197 incognitos
1442 2170 1474 2190 ea
1493 2166 1572 2190 actate
1597 2163 1685 2191 fuisse
1713 2171 1828 2191 canona

1040 2207 1216 2242 apostolicos.

1075 2287 1129 2315 Eos
1142 2294 1273 2319 canones,
1291 2291 1352 2322 post
1365 2287 1475 2314 concilii
1489 2285 1592 2314 Nicaani
1624 2291 1760 2323 tempora,
1778 2294 1825 2315 tam

1042 2334 1069 2361 in
1084 2334 1196 2362 Oriente
1208 2341 1290 2369 quam
1317 2334 1344 2360 in
1373 2333 1530 2366 Occidente,
1546 2334 1618 2369 apud
1634 2335 1768 2369 quosdam
1778 2335 1826 2362 Ca-

1040 2381 1170 2413 tholicos,
1192 2381 1369 2416 praevaluisse
1387 2379 1474 2415 (varia
1500 2383 1592 2407 tamen
1619 2380 1654 2408 de
1668 2386 1764 2407 eorum
1778 2388 1825 2407 nu-

1041 2436 1117 2455 mero
1133 2427 1252 2463 fortuna)
1265 2427 1329 2454 licet
1343 2427 1473 2462 colligere
1487 2434 1519 2454 ex
1536 2426 1731 2461 antiquissima
1746 2434 1825 2454 cano-

1041 2482 1106 2501 num
1117 2474 1289 2507 collectione,
1303 2481 1364 2509 qua:
1378 2474 1498 2510 primum
1511 2472 1539 2499 in
1561 2471 1675 2500 Oriente
1697 2480 1713 2500 a
1728 2473 1823 2500 Graecis

1041 2519 1092 2546 luit
1112 2518 1253 2551 conlecta,
1281 2523 1308 2546 et
1338 2523 1401 2546 ante
1424 2522 1546 2552 tempora
1562 2517 1697 2554 ,Dionysii
1732 2518 1822 2553 Exigui

1040 2565 1154 2593 exstitit.
1174 2564 1252 2592 Unde
1275 2564 1349 2600 quod
1368 2564 1492 2593 Gelasius
1504 2571 1573 2599 papa
1588 2564 1617 2591 in
1634 2564 1756 2592 Romana
1775 2571 1822 2591 tu

1039 2612 1230 2647 episcoporum
1246 2611 1352 2647 synodo
1362 2611 1552 2646 posuitzLiber
1570 2619 1702 2637 canonum
1722 2616 1821 2645 aposto-

1041 2658 1154 2684 licorum
1171 2657 1351 2692 apocryphus.
1379 2655 1523 2683 commodo
1537 2663 1620 2683 sensu
1637 2656 1713 2683 venit
1726 2656 1820 2683 intelli-

1041 2700 1169 2736 gendum.
1192 2700 1377 2735 Praeterquam
1405 2699 1477 2727 enim
1501 2699 1573 2734 quod
1598 2699 1657 2726 haec
1672 2700 1756 2727 verba
1770 2707 1819 2727 non

1039 2746 1175 2774 habentur
1190 2747 1217 2774 in
1228 2747 1290 2774 cod.
1305 2745 1429 2778 Justelli,
1444 2745 1498 2773 dici
1511 2749 1600 2781 potest
1616 2745 1645 2773 id
1659 2753 1674 2773 a
1685 2746 1758 2782 Papa
1772 2746 1818 2773 Ge-

1038 2792 1107 2820 lasio
1122 2792 1236 2825 dictum,
1250 2792 1315 2828 quia
1334 2792 1361 2819 hi
1372 2799 1492 2819 canones
1507 2795 1642 2819 non-sunt
1657 2792 1693 2819 ab
1715 2795 1819 2827 aposto-

1040 2839 1085 2871 lis.
1099 2838 1148 2866 sed
1163 2839 1198 2866 ab
1211 2839 1273 2866 aliis
1302 2838 1420 2870 collecti,
1438 2837 1511 2865 unde
1534 2842 1608 2865 recte
1624 2837 1714 2865 Marco
1729 2837 1818 2864 lauda-

1038 2889 1084 2913 tus
1095 2892 1171 2912 num.
1188 2885 1203 2911 7
1220 2895 1226 2912 :
1246 2885 1333 2913 ναι-ἕω
1357 2889 1418 2912 sunt
1446 2885 1544 2911 classes
1563 2884 1768 2920 avocrwhorun
1793 2883 1816 2909 in
