  <div class='ocr_page' id='page_1' title='image "/cluster/home/n/w/nwhite01/storage/ocr_20150623/1/njp.32101077772331/328.png"; bbox 0 0 1884 3104; ppageno 0'>
   <div class='ocr_carea' id='block_1_1' title="bbox 41 118 90 147">
    <p class='ocr_par' dir='ltr' id='par_1_1' title="bbox 41 118 90 147">
     <span class='ocr_line' id='line_1_1' title="bbox 41 118 90 147; baseline 0.02 -1"><span class='ocrx_word' id='word_1_1' title='bbox 41 118 90 147; x_wconf 72' lang='lat'><strong>52!</strong></span> 
     </span>
    </p>
   </div>
   <div class='ocr_carea' id='block_1_2' title="bbox 464 123 1265 160">
    <p class='ocr_par' dir='ltr' id='par_1_2' title="bbox 464 123 1265 160">
     <span class='ocr_line' id='line_1_2' title="bbox 464 123 1265 160; baseline 0.01 -9"><span class='ocrx_word' id='word_1_2' title='bbox 464 123 761 153; x_wconf 78' lang='lat' dir='ltr'><strong>CONSTITUTiONES</strong></span> <span class='ocrx_word' id='word_1_3' title='bbox 778 125 1015 156; x_wconf 70' lang='lat' dir='ltr'><strong>APOSTOLICE.</strong></span> <span class='ocrx_word' id='word_1_4' title='bbox 1030 144 1065 149; x_wconf 92' lang='lat'><strong>—</strong></span> <span class='ocrx_word' id='word_1_5' title='bbox 1084 129 1265 160; x_wconf 67' lang='lat' dir='ltr'><strong>PliMEMlA.</strong></span> 
     </span>
    </p>
   </div>
   <div class='ocr_carea' id='block_1_3' title="bbox 1607 135 1660 165">
    <p class='ocr_par' dir='ltr' id='par_1_3' title="bbox 1607 135 1660 165">
     <span class='ocr_line' id='line_1_3' title="bbox 1607 135 1660 165; baseline -0.038 0"><span class='ocrx_word' id='word_1_6' title='bbox 1607 135 1660 165; x_wconf 70' lang='grc'><strong>522</strong></span> 
     </span>
    </p>
   </div>
   <div class='ocr_carea' id='block_1_4' title="bbox 42 175 1659 226">
    <p class='ocr_par' dir='ltr' id='par_1_4' title="bbox 42 175 1659 226">
     <span class='ocr_line' id='line_1_4' title="bbox 42 175 1659 226; baseline 0.01 -22"><span class='ocrx_word' id='word_1_7' title='bbox 42 177 150 205; x_wconf 80' lang='lat' dir='ltr'><strong>Notitia</strong></span> <span class='ocrx_word' id='word_1_8' title='bbox 169 175 286 213; x_wconf 78' lang='lat' dir='ltr'><strong>Gelasii,</strong></span> <span class='ocrx_word' id='word_1_9' title='bbox 313 184 343 208; x_wconf 87' lang='lat' dir='ltr'><strong>ut</strong></span> <span class='ocrx_word' id='word_1_10' title='bbox 367 181 538 210; x_wconf 79' lang='lat' dir='ltr'><strong>observarunt</strong></span> <span class='ocrx_word' id='word_1_11' title='bbox 559 184 608 211; x_wconf 80' lang='lat' dir='ltr'><strong>viri</strong></span> <span class='ocrx_word' id='word_1_12' title='bbox 628 183 744 218; x_wconf 86' lang='lat' dir='ltr'><strong>eruditi,</strong></span> <span class='ocrx_word' id='word_1_13' title='bbox 768 193 828 212; x_wconf 77' lang='lat' dir='ltr'><strong>cum</strong></span> <span class='ocrx_word' id='word_1_14' title='bbox 842 188 866 216; x_wconf 80' lang='grc' dir='ltr'>Α</span> <span class='ocrx_word' id='word_1_15' title='bbox 880 187 999 221; x_wconf 80' lang='lat' dir='ltr'><strong>synodos</strong></span> <span class='ocrx_word' id='word_1_16' title='bbox 1028 188 1205 224; x_wconf 72' lang='lat' dir='ltr'><strong>approbante,</strong></span> <span class='ocrx_word' id='word_1_17' title='bbox 1228 194 1256 217; x_wconf 88' lang='lat' dir='ltr'><strong>et</strong></span> <span class='ocrx_word' id='word_1_18' title='bbox 1277 190 1378 225; x_wconf 81' lang='lat' dir='ltr'><strong>ubique</strong></span> <span class='ocrx_word' id='word_1_19' title='bbox 1409 190 1469 218; x_wconf 79' lang='lat' dir='ltr'><strong>fere</strong></span> <span class='ocrx_word' id='word_1_20' title='bbox 1499 190 1659 226; x_wconf 71' lang='lat' dir='ltr'><strong>recipiente.</strong></span> 
     </span>
    </p>
   </div>
   <div class='ocr_carea' id='block_1_5' title="bbox 40 227 829 262">
    <p class='ocr_par' dir='ltr' id='par_1_5' title="bbox 40 227 829 262">
     <span class='ocr_line' id='line_1_5' title="bbox 40 227 829 262; baseline 0.01 -12"><span class='ocrx_word' id='word_1_21' title='bbox 40 232 95 251; x_wconf 82' lang='lat' dir='ltr'><strong>non</strong></span> <span class='ocrx_word' id='word_1_22' title='bbox 113 229 216 251; x_wconf 85' lang='lat' dir='ltr'><strong>tantum</strong></span> <span class='ocrx_word' id='word_1_23' title='bbox 239 227 368 262; x_wconf 80' lang='lat' dir='ltr'><strong>ﬁgmenta</strong></span> <span class='ocrx_word' id='word_1_24' title='bbox 392 228 575 256; x_wconf 66' lang='lat' dir='ltr'><strong>haereticorum</strong></span> <span class='ocrx_word' id='word_1_25' title='bbox 597 231 700 257; x_wconf 77' lang='lat' dir='ltr'><strong>veniant</strong></span> <span class='ocrx_word' id='word_1_26' title='bbox 723 231 750 258; x_wconf 89' lang='lat' dir='ltr'><strong>in</strong></span> <span class='ocrx_word' id='word_1_27' title='bbox 761 231 829 259; x_wconf 85' lang='lat' dir='ltr'><strong>hunc</strong></span> 
     </span>
    </p>
   </div>
   <div class='ocr_carea' id='block_1_6' title="bbox 37 270 828 310">
    <p class='ocr_par' dir='ltr' id='par_1_6' title="bbox 37 270 828 310">
     <span class='ocr_line' id='line_1_6' title="bbox 37 270 828 310; baseline 0.009 -15"><span class='ocrx_word' id='word_1_28' title='bbox 37 277 160 303; x_wconf 79' lang='lat' dir='ltr'><strong>censum,</strong></span> <span class='ocrx_word' id='word_1_29' title='bbox 176 270 222 297; x_wconf 86' lang='lat' dir='ltr'><strong>sed</strong></span> <span class='ocrx_word' id='word_1_30' title='bbox 237 272 320 298; x_wconf 84' lang='lat' dir='ltr'><strong>etiam</strong></span> <span class='ocrx_word' id='word_1_31' title='bbox 346 271 481 305; x_wconf 79' lang='lat' dir='ltr'><strong>Opuscula</strong></span> <span class='ocrx_word' id='word_1_32' title='bbox 497 278 681 307; x_wconf 84' lang='lat' dir='ltr'><strong>tractatorum,</strong></span> <span class='ocrx_word' id='word_1_33' title='bbox 697 275 724 302; x_wconf 84' lang='lat' dir='ltr'><strong>in</strong></span> <span class='ocrx_word' id='word_1_34' title='bbox 735 276 828 310; x_wconf 80' lang='lat' dir='ltr'><strong>quibus</strong></span> 
     </span>
    </p>
   </div>
   <div class='ocr_carea' id='block_1_7' title="bbox 38 316 828 356">
    <p class='ocr_par' dir='ltr' id='par_1_7' title="bbox 38 316 828 356">
     <span class='ocr_line' id='line_1_7' title="bbox 38 316 828 356; baseline 0.011 -16"><span class='ocrx_word' id='word_1_35' title='bbox 38 320 103 341; x_wconf 72' lang='lat' dir='ltr'><strong>sunt</strong></span> <span class='ocrx_word' id='word_1_36' title='bbox 128 316 197 342; x_wconf 64' lang='lat' dir='ltr'><strong>«mi</strong></span> <span class='ocrx_word' id='word_1_37' title='bbox 219 317 339 352; x_wconf 81' lang='lat' dir='ltr'><strong>quidam.</strong></span> <span class='ocrx_word' id='word_1_38' title='bbox 366 318 422 347; x_wconf 86' lang='lat' dir='ltr'><strong>Nec</strong></span> <span class='ocrx_word' id='word_1_39' title='bbox 445 320 500 347; x_wconf 90' lang='lat' dir='ltr'><strong>alio</strong></span> <span class='ocrx_word' id='word_1_40' title='bbox 525 321 651 356; x_wconf 79' lang='lat' dir='ltr'><strong>exemplo</strong></span> <span class='ocrx_word' id='word_1_41' title='bbox 676 321 828 356; x_wconf 75' lang='lat' dir='ltr'><strong>indigemus</strong></span> 
     </span>
    </p>
   </div>
   <div class='ocr_carea' id='block_1_8' title="bbox 37 361 828 402">
    <p class='ocr_par' dir='ltr' id='par_1_8' title="bbox 37 361 828 402">
     <span class='ocr_line' id='line_1_8' title="bbox 37 361 828 402; baseline 0.009 -15"><span class='ocrx_word' id='word_1_42' title='bbox 37 368 123 395; x_wconf 85' lang='lat' dir='ltr'><strong>quam</strong></span> <span class='ocrx_word' id='word_1_43' title='bbox 139 361 250 391; x_wconf 84' lang='lat' dir='ltr'><strong>Eusebii</strong></span> <span class='ocrx_word' id='word_1_44' title='bbox 263 363 396 397; x_wconf 79' lang='lat' dir='ltr'><strong>Historia,</strong></span> <span class='ocrx_word' id='word_1_45' title='bbox 411 373 492 400; x_wconf 88' lang='lat' dir='ltr'><strong>quam</strong></span> <span class='ocrx_word' id='word_1_46' title='bbox 511 366 676 402; x_wconf 84' lang='lat' dir='ltr'><strong>apocryphis</strong></span> <span class='ocrx_word' id='word_1_47' title='bbox 702 369 828 394; x_wconf 85' lang='lat' dir='ltr'><strong>accenset</strong></span> 
     </span>
    </p>
   </div>
   <div class='ocr_carea' id='block_1_9' title="bbox 36 407 827 447">
    <p class='ocr_par' dir='ltr' id='par_1_9' title="bbox 36 407 827 447">
     <span class='ocr_line' id='line_1_9' title="bbox 36 407 827 447; baseline 0.009 -14"><span class='ocrx_word' id='word_1_48' title='bbox 36 407 180 439; x_wconf 82' lang='lat' dir='ltr'><strong>Gelasius,</strong></span> <span class='ocrx_word' id='word_1_49' title='bbox 204 415 266 436; x_wconf 90' lang='lat' dir='ltr'><strong>cum</strong></span> <span class='ocrx_word' id='word_1_50' title='bbox 291 412 381 437; x_wconf 88' lang='lat' dir='ltr'><strong>tamen</strong></span> <span class='ocrx_word' id='word_1_51' title='bbox 394 411 476 445; x_wconf 89' lang='lat' dir='ltr'><strong>paulo</strong></span> <span class='ocrx_word' id='word_1_52' title='bbox 493 415 573 439; x_wconf 91' lang='lat' dir='ltr'><strong>antea</strong></span> <span class='ocrx_word' id='word_1_53' title='bbox 600 419 660 439; x_wconf 86' lang='lat' dir='ltr'><strong>eam</strong></span> <span class='ocrx_word' id='word_1_54' title='bbox 675 413 827 447; x_wconf 87' lang='lat' dir='ltr'><strong>suscipien-</strong></span> 
     </span>
    </p>
   </div>
   <div class='ocr_carea' id='block_1_10' title="bbox 36 455 827 492">
    <p class='ocr_par' dir='ltr' id='par_1_10' title="bbox 36 455 827 492">
     <span class='ocr_line' id='line_1_10' title="bbox 36 455 827 492; baseline 0.008 -11"><span class='ocrx_word' id='word_1_55' title='bbox 36 455 102 482; x_wconf 86' lang='lat' dir='ltr'><strong>dam</strong></span> <span class='ocrx_word' id='word_1_56' title='bbox 118 456 281 490; x_wconf 84' lang='lat' dir='ltr'><strong>statuisset;</strong></span> <span class='ocrx_word' id='word_1_57' title='bbox 296 459 380 492; x_wconf 84' lang='lat' dir='ltr'><strong>quod,</strong></span> <span class='ocrx_word' id='word_1_58' title='bbox 395 458 534 490; x_wconf 89' lang='lat' dir='ltr'><strong>nimirum,</strong></span> <span class='ocrx_word' id='word_1_59' title='bbox 547 459 612 486; x_wconf 92' lang='lat' dir='ltr'><strong>velit</strong></span> <span class='ocrx_word' id='word_1_60' title='bbox 627 459 677 487; x_wconf 87' lang='lat' dir='ltr'><strong>hos</strong></span> <span class='ocrx_word' id='word_1_61' title='bbox 692 459 827 487; x_wconf 78' lang='lat' dir='ltr'><strong>Historia-</strong></span> 
     </span>
    </p>
   </div>
   <div class='ocr_carea' id='block_1_11' title="bbox 34 501 825 539">
    <p class='ocr_par' dir='ltr' id='par_1_11' title="bbox 34 501 825 539">
     <span class='ocr_line' id='line_1_11' title="bbox 34 501 825 539; baseline 0.008 -12"><span class='ocrx_word' id='word_1_62' title='bbox 34 509 98 528; x_wconf 86' lang='lat' dir='ltr'><strong>rum</strong></span> <span class='ocrx_word' id='word_1_63' title='bbox 114 501 202 530; x_wconf 88' lang='lat' dir='ltr'><strong>librus</strong></span> <span class='ocrx_word' id='word_1_64' title='bbox 218 503 302 531; x_wconf 70' lang='lat' dir='ltr'><strong>ntevis</strong></span> <span class='ocrx_word' id='word_1_65' title='bbox 326 503 488 538; x_wconf 88' lang='lat' dir='ltr'><strong>quibusdam</strong></span> <span class='ocrx_word' id='word_1_66' title='bbox 504 505 660 539; x_wconf 86' lang='lat' dir='ltr'><strong>permistos,</strong></span> <span class='ocrx_word' id='word_1_67' title='bbox 674 522 676 524; x_wconf 62' lang='grc' dir='ltr'><strong><em>τ</em></strong></span> <span class='ocrx_word' id='word_1_68' title='bbox 691 505 761 538; x_wconf 81' lang='lat' dir='ltr'><strong>licet,</strong></span> <span class='ocrx_word' id='word_1_69' title='bbox 784 506 825 533; x_wconf 89' lang='lat' dir='ltr'><strong>in-</strong></span> 
     </span>
    </p>
   </div>
   <div class='ocr_carea' id='block_1_12' title="bbox 34 547 825 584">
    <p class='ocr_par' dir='ltr' id='par_1_12' title="bbox 34 547 825 584">
     <span class='ocr_line' id='line_1_12' title="bbox 34 547 825 584; baseline 0.006 -11"><span class='ocrx_word' id='word_1_70' title='bbox 34 547 108 581; x_wconf 84' lang='lat' dir='ltr'><strong>quit,</strong></span> <span class='ocrx_word' id='word_1_71' title='bbox 124 552 234 581; x_wconf 79' lang='lat' dir='ltr'><strong>propter</strong></span> <span class='ocrx_word' id='word_1_72' title='bbox 259 556 349 575; x_wconf 70' lang='lat' dir='ltr'><strong>ferum</strong></span> <span class='ocrx_word' id='word_1_73' title='bbox 371 550 494 576; x_wconf 79' lang='lat' dir='ltr'><strong>notitiam</strong></span> <span class='ocrx_word' id='word_1_74' title='bbox 519 550 691 584; x_wconf 71' lang='lat' dir='ltr'><strong>singularem,</strong></span> <span class='ocrx_word' id='word_1_75' title='bbox 714 559 772 584; x_wconf 73' lang='lat' dir='ltr'><strong>qum</strong></span> <span class='ocrx_word' id='word_1_76' title='bbox 790 551 825 578; x_wconf 87' lang='lat' dir='ltr'><strong>ad</strong></span> 
     </span>
    </p>
   </div>
   <div class='ocr_carea' id='block_1_13' title="bbox 34 592 824 630">
    <p class='ocr_par' dir='ltr' id='par_1_13' title="bbox 34 592 824 630">
     <span class='ocr_line' id='line_1_13' title="bbox 34 592 824 630; baseline 0.006 -12"><span class='ocrx_word' id='word_1_77' title='bbox 34 592 241 620; x_wconf 72' lang='lat' dir='ltr'><strong>instructionem</strong></span> <span class='ocrx_word' id='word_1_78' title='bbox 260 594 407 627; x_wconf 77' lang='lat' dir='ltr'><strong>pertinent,</strong></span> <span class='ocrx_word' id='word_1_79' title='bbox 437 602 618 630; x_wconf 75' lang='lat' dir='ltr'><strong>usquequaque</strong></span> <span class='ocrx_word' id='word_1_80' title='bbox 639 603 690 622; x_wconf 88' lang='lat' dir='ltr'><strong>non</strong></span> <span class='ocrx_word' id='word_1_81' title='bbox 713 595 824 624; x_wconf 80' lang='lat' dir='ltr'><strong>dicimus</strong></span> 
     </span>
    </p>
   </div>
   <div class='ocr_carea' id='block_1_14' title="bbox 33 637 822 676">
    <p class='ocr_par' dir='ltr' id='par_1_14' title="bbox 33 637 822 676">
     <span class='ocr_line' id='line_1_14' title="bbox 33 637 822 676; baseline 0.008 -13"><span class='ocrx_word' id='word_1_82' title='bbox 33 637 196 665; x_wconf 68' lang='lat' dir='ltr'><strong>tenendos.</strong></span> <span class='ocrx_word' id='word_1_83' title='bbox 212 638 297 670; x_wconf 89' lang='lat' dir='ltr'><strong>Idem,</strong></span> <span class='ocrx_word' id='word_1_84' title='bbox 313 639 402 674; x_wconf 90' lang='lat' dir='ltr'><strong>inquit</strong></span> <span class='ocrx_word' id='word_1_85' title='bbox 414 638 612 667; x_wconf 83' lang='lat' dir='ltr'><strong>Schelstratius</strong></span> <span class='ocrx_word' id='word_1_86' title='bbox 626 640 753 668; x_wconf 86' lang='lat' dir='ltr'><strong>laudatus</strong></span> <span class='ocrx_word' id='word_1_87' title='bbox 762 648 822 676; x_wconf 90' lang='lat' dir='ltr'><strong>cap.</strong></span> 
     </span>
    </p>
   </div>
   <div class='ocr_carea' id='block_1_15' title="bbox 35 682 823 721">
    <p class='ocr_par' dir='ltr' id='par_1_15' title="bbox 35 682 823 721">
     <span class='ocr_line' id='line_1_15' title="bbox 35 682 823 721; baseline 0.006 -12"><span class='ocrx_word' id='word_1_88' title='bbox 35 682 60 715; x_wconf 78' lang='lat' dir='ltr'><strong>i,</strong></span> <span class='ocrx_word' id='word_1_89' title='bbox 72 683 226 710; x_wconf 84' lang='lat' dir='ltr'><strong>dicendum</strong></span> <span class='ocrx_word' id='word_1_90' title='bbox 245 683 280 711; x_wconf 90' lang='lat' dir='ltr'><strong>de</strong></span> <span class='ocrx_word' id='word_1_91' title='bbox 296 685 455 713; x_wconf 80' lang='lat' dir='ltr'><strong>Canoni‘bus</strong></span> <span class='ocrx_word' id='word_1_92' title='bbox 477 686 675 720; x_wconf 78' lang='lat' dir='ltr'><strong>apostolorum,</strong></span> <span class='ocrx_word' id='word_1_93' title='bbox 692 686 823 721; x_wconf 73' lang='lat' dir='ltr'><strong>singulari</strong></span> 
     </span>
    </p>
   </div>
   <div class='ocr_carea' id='block_1_16' title="bbox 32 728 824 765">
    <p class='ocr_par' dir='ltr' id='par_1_16' title="bbox 32 728 824 765">
     <span class='ocr_line' id='line_1_16' title="bbox 32 728 824 765; baseline 0.004 -10"><span class='ocrx_word' id='word_1_94' title='bbox 32 728 156 763; x_wconf 87' lang='lat' dir='ltr'><strong>quadam</strong></span> <span class='ocrx_word' id='word_1_95' title='bbox 175 728 306 757; x_wconf 83' lang='lat' dir='ltr'><strong>Ecclesiae</strong></span> <span class='ocrx_word' id='word_1_96' title='bbox 331 730 476 765; x_wconf 74' lang='lat' dir='ltr'><strong>primitivae</strong></span> <span class='ocrx_word' id='word_1_97' title='bbox 491 730 614 758; x_wconf 82' lang='lat' dir='ltr'><strong>doctrina</strong></span> <span class='ocrx_word' id='word_1_98' title='bbox 630 730 748 762; x_wconf 78' lang='lat' dir='ltr'><strong>refertis,</strong></span> <span class='ocrx_word' id='word_1_99' title='bbox 761 732 824 759; x_wconf 89' lang='lat' dir='ltr'><strong>licet</strong></span> 
     </span>
    </p>
   </div>
   <div class='ocr_carea' id='block_1_17' title="bbox 32 775 823 812">
    <p class='ocr_par' dir='ltr' id='par_1_17' title="bbox 32 775 823 812">
     <span class='ocr_line' id='line_1_17' title="bbox 32 775 823 812; baseline 0.004 -11"><span class='ocrx_word' id='word_1_100' title='bbox 32 775 159 807; x_wconf 83' lang='lat' dir='ltr'><strong>aliunde,</strong></span> <span class='ocrx_word' id='word_1_101' title='bbox 171 775 207 803; x_wconf 91' lang='lat' dir='ltr'><strong>ob</strong></span> <span class='ocrx_word' id='word_1_102' title='bbox 214 779 306 804; x_wconf 86' lang='lat' dir='ltr'><strong>certos</strong></span> <span class='ocrx_word' id='word_1_103' title='bbox 318 784 421 809; x_wconf 78' lang='lat' dir='ltr'><strong>naevos,</strong></span> <span class='ocrx_word' id='word_1_104' title='bbox 434 776 505 804; x_wconf 80' lang='lat' dir='ltr'><strong>inter</strong></span> <span class='ocrx_word' id='word_1_105' title='bbox 516 776 671 812; x_wconf 83' lang='lat' dir='ltr'><strong>apocrypha</strong></span> <span class='ocrx_word' id='word_1_106' title='bbox 684 783 700 803; x_wconf 72' lang='grc' dir='ltr'>ι</span> <span class='ocrx_word' id='word_1_107' title='bbox 715 776 823 805; x_wconf 77' lang='lat' dir='ltr'><strong>Gelasio</strong></span> 
     </span>
    </p>
   </div>
   <div class='ocr_carea' id='block_1_18' title="bbox 31 821 192 849">
    <p class='ocr_par' dir='ltr' id='par_1_18' title="bbox 31 821 192 849">
     <span class='ocr_line' id='line_1_18' title="bbox 31 821 192 849; baseline 0.006 -1"><span class='ocrx_word' id='word_1_108' title='bbox 31 821 192 849; x_wconf 80' lang='lat' dir='ltr'><strong>recensitis.</strong></span> 
     </span>
    </p>
   </div>
   <div class='ocr_carea' id='block_1_19' title="bbox 61 865 819 903">
    <p class='ocr_par' dir='ltr' id='par_1_19' title="bbox 61 865 819 903">
     <span class='ocr_line' id='line_1_19' title="bbox 61 865 819 903; baseline 0.005 -11"><span class='ocrx_word' id='word_1_109' title='bbox 61 865 162 901; x_wconf 80' lang='lat' dir='ltr'><strong>Neque</strong></span> <span class='ocrx_word' id='word_1_110' title='bbox 178 866 214 894; x_wconf 91' lang='lat' dir='ltr'><strong>ab</strong></span> <span class='ocrx_word' id='word_1_111' title='bbox 241 867 374 902; x_wconf 80' lang='lat' dir='ltr'><strong>antiquis,</strong></span> <span class='ocrx_word' id='word_1_112' title='bbox 401 871 457 894; x_wconf 87' lang='lat' dir='ltr'><strong>tam</strong></span> <span class='ocrx_word' id='word_1_113' title='bbox 481 866 585 896; x_wconf 79' lang='lat' dir='ltr'><strong>Graecis</strong></span> <span class='ocrx_word' id='word_1_114' title='bbox 613 875 696 903; x_wconf 88' lang='lat' dir='ltr'><strong>quam</strong></span> <span class='ocrx_word' id='word_1_115' title='bbox 712 867 819 896; x_wconf 85' lang='lat' dir='ltr'><strong>Latinis</strong></span> 
     </span>
    </p>
   </div>
   <div class='ocr_carea' id='block_1_20' title="bbox 28 912 820 946">
    <p class='ocr_par' dir='ltr' id='par_1_20' title="bbox 28 912 820 946">
     <span class='ocr_line' id='line_1_20' title="bbox 28 912 820 946; baseline 0.005 -8"><span class='ocrx_word' id='word_1_116' title='bbox 28 912 230 946; x_wconf 83' lang='lat' dir='ltr'><strong>scriptoribus,</strong></span> <span class='ocrx_word' id='word_1_117' title='bbox 244 913 338 940; x_wconf 80' lang='lat' dir='ltr'><strong>subdit</strong></span> <span class='ocrx_word' id='word_1_118' title='bbox 350 913 420 940; x_wconf 89' lang='lat' dir='ltr'><strong>idem</strong></span> <span class='ocrx_word' id='word_1_119' title='bbox 435 913 642 945; x_wconf 87' lang='lat' dir='ltr'><strong>Schelstratius,</strong></span> <span class='ocrx_word' id='word_1_120' title='bbox 656 913 684 940; x_wconf 87' lang='lat' dir='ltr'><strong>bi</strong></span> <span class='ocrx_word' id='word_1_121' title='bbox 701 921 820 942; x_wconf 85' lang='lat' dir='ltr'><strong>canones</strong></span> 
     </span>
    </p>
   </div>
   <div class='ocr_carea' id='block_1_21' title="bbox 28 957 819 994">
    <p class='ocr_par' dir='ltr' id='par_1_21' title="bbox 28 957 819 994">
     <span class='ocr_line' id='line_1_21' title="bbox 28 957 819 994; baseline 0.001 -9"><span class='ocrx_word' id='word_1_122' title='bbox 28 957 110 985; x_wconf 78' lang='lat' dir='ltr'><strong>luere</strong></span> <span class='ocrx_word' id='word_1_123' title='bbox 124 958 235 993; x_wconf 85' lang='lat' dir='ltr'><strong>rejecti,</strong></span> <span class='ocrx_word' id='word_1_124' title='bbox 252 962 282 986; x_wconf 92' lang='lat' dir='ltr'><strong>ut</strong></span> <span class='ocrx_word' id='word_1_125' title='bbox 301 962 378 994; x_wconf 84' lang='lat' dir='ltr'><strong>patet</strong></span> <span class='ocrx_word' id='word_1_126' title='bbox 393 966 428 987; x_wconf 74' lang='lat' dir='ltr'><strong>ex</strong></span> <span class='ocrx_word' id='word_1_127' title='bbox 441 967 457 986; x_wconf 87' lang='grc' dir='ltr'><strong>ι.</strong></span> <span class='ocrx_word' id='word_1_128' title='bbox 471 959 625 987; x_wconf 88' lang='lat' dir='ltr'><strong>canonibus</strong></span> <span class='ocrx_word' id='word_1_129' title='bbox 639 959 741 994; x_wconf 79' lang='lat' dir='ltr'><strong>ubique</strong></span> <span class='ocrx_word' id='word_1_130' title='bbox 754 959 819 986; x_wconf 90' lang='lat' dir='ltr'><strong>olim</strong></span> 
     </span>
    </p>
   </div>
   <div class='ocr_carea' id='block_1_22' title="bbox 26 1004 820 1041">
    <p class='ocr_par' dir='ltr' id='par_1_22' title="bbox 26 1004 820 1041">
     <span class='ocr_line' id='line_1_22' title="bbox 26 1004 820 1041; baseline 0.001 -10"><span class='ocrx_word' id='word_1_131' title='bbox 26 1005 165 1040; x_wconf 76' lang='lat' dir='ltr'><strong>receptis,</strong></span> <span class='ocrx_word' id='word_1_132' title='bbox 180 1008 207 1032; x_wconf 91' lang='lat' dir='ltr'><strong>et</strong></span> <span class='ocrx_word' id='word_1_133' title='bbox 220 1005 366 1032; x_wconf 87' lang='lat' dir='ltr'><strong>conﬁrmat</strong></span> <span class='ocrx_word' id='word_1_134' title='bbox 379 1008 441 1041; x_wconf 85' lang='lat' dir='ltr'><strong>post</strong></span> <span class='ocrx_word' id='word_1_135' title='bbox 465 1005 602 1034; x_wconf 85' lang='lat' dir='ltr'><strong>Gelasium</strong></span> <span class='ocrx_word' id='word_1_136' title='bbox 617 1005 742 1033; x_wconf 86' lang='lat' dir='ltr'><strong>collectio</strong></span> <span class='ocrx_word' id='word_1_137' title='bbox 754 1004 820 1032; x_wconf 80' lang='lat' dir='ltr'><strong>Dio-</strong></span> 
     </span>
    </p>
   </div>
   <div class='ocr_carea' id='block_1_23' title="bbox 25 1049 820 1086">
    <p class='ocr_par' dir='ltr' id='par_1_23' title="bbox 25 1049 820 1086">
     <span class='ocr_line' id='line_1_23' title="bbox 25 1049 820 1086; baseline 0.003 -10"><span class='ocrx_word' id='word_1_138' title='bbox 25 1049 99 1084; x_wconf 78' lang='lat' dir='ltr'><strong>nysii</strong></span> <span class='ocrx_word' id='word_1_139' title='bbox 123 1049 236 1084; x_wconf 73' lang='lat' dir='ltr'><strong>Exigui.</strong></span> <span class='ocrx_word' id='word_1_140' title='bbox 251 1049 316 1077; x_wconf 83' lang='lat' dir='ltr'><strong>Post</strong></span> <span class='ocrx_word' id='word_1_141' title='bbox 342 1049 502 1086; x_wconf 85' lang='lat' dir='ltr'><strong>Dionysium</strong></span> <span class='ocrx_word' id='word_1_142' title='bbox 526 1049 703 1082; x_wconf 84' lang='lat' dir='ltr'><strong>Cresconius,</strong></span> <span class='ocrx_word' id='word_1_143' title='bbox 726 1050 820 1079; x_wconf 90' lang='lat' dir='ltr'><strong>nescio</strong></span> 
     </span>
    </p>
   </div>
   <div class='ocr_carea' id='block_1_24' title="bbox 25 1095 820 1131">
    <p class='ocr_par' dir='ltr' id='par_1_24' title="bbox 25 1095 820 1131">
     <span class='ocr_line' id='line_1_24' title="bbox 25 1095 820 1131; baseline 0.003 -9"><span class='ocrx_word' id='word_1_144' title='bbox 25 1096 109 1130; x_wconf 84' lang='lat' dir='ltr'><strong>cujus</strong></span> <span class='ocrx_word' id='word_1_145' title='bbox 125 1095 250 1124; x_wconf 81' lang='lat' dir='ltr'><strong>civitatis</strong></span> <span class='ocrx_word' id='word_1_146' title='bbox 269 1096 298 1123; x_wconf 90' lang='lat' dir='ltr'><strong>in</strong></span> <span class='ocrx_word' id='word_1_147' title='bbox 308 1095 400 1123; x_wconf 73' lang='lat' dir='ltr'><strong>Africa</strong></span> <span class='ocrx_word' id='word_1_148' title='bbox 416 1096 572 1131; x_wconf 85' lang='lat' dir='ltr'><strong>episcopus,</strong></span> <span class='ocrx_word' id='word_1_149' title='bbox 593 1096 641 1131; x_wconf 87' lang='lat' dir='ltr'><strong>qui</strong></span> <span class='ocrx_word' id='word_1_150' title='bbox 661 1095 690 1124; x_wconf 90' lang='lat' dir='ltr'><strong>in</strong></span> <span class='ocrx_word' id='word_1_151' title='bbox 702 1104 752 1125; x_wconf 87' lang='lat' dir='ltr'><strong>sua</strong></span> <span class='ocrx_word' id='word_1_152' title='bbox 762 1097 820 1124; x_wconf 87' lang='lat' dir='ltr'><strong>col-</strong></span> 
     </span>
    </p>
   </div>
   <div class='ocr_carea' id='block_1_25' title="bbox 25 1142 820 1178">
    <p class='ocr_par' dir='ltr' id='par_1_25' title="bbox 25 1142 820 1178">
     <span class='ocr_line' id='line_1_25' title="bbox 25 1142 820 1178; baseline 0.004 -10"><span class='ocrx_word' id='word_1_153' title='bbox 25 1142 159 1174; x_wconf 84' lang='lat' dir='ltr'><strong>lectione,</strong></span> <span class='ocrx_word' id='word_1_154' title='bbox 177 1149 264 1177; x_wconf 88' lang='lat' dir='ltr'><strong>usque</strong></span> <span class='ocrx_word' id='word_1_155' title='bbox 277 1142 312 1170; x_wconf 91' lang='lat' dir='ltr'><strong>ad</strong></span> <span class='ocrx_word' id='word_1_156' title='bbox 327 1150 342 1169; x_wconf 89' lang='grc' dir='ltr'><strong>ι.</strong></span> <span class='ocrx_word' id='word_1_157' title='bbox 360 1147 479 1170; x_wconf 84' lang='lat' dir='ltr'><strong>canones</strong></span> <span class='ocrx_word' id='word_1_158' title='bbox 494 1143 678 1178; x_wconf 84' lang='lat' dir='ltr'><strong>apostolorum</strong></span> <span class='ocrx_word' id='word_1_159' title='bbox 707 1151 820 1171; x_wconf 89' lang='lat' dir='ltr'><strong>enume-</strong></span> 
     </span>
    </p>
   </div>
   <div class='ocr_carea' id='block_1_26' title="bbox 25 1188 819 1223">
    <p class='ocr_par' dir='ltr' id='par_1_26' title="bbox 25 1188 819 1223">
     <span class='ocr_line' id='line_1_26' title="bbox 25 1188 819 1223; baseline 0.003 -8"><span class='ocrx_word' id='word_1_160' title='bbox 25 1191 67 1215; x_wconf 89' lang='lat' dir='ltr'><strong>rat</strong></span> <span class='ocrx_word' id='word_1_161' title='bbox 83 1191 114 1215; x_wconf 89' lang='lat' dir='ltr'><strong>et</strong></span> <span class='ocrx_word' id='word_1_162' title='bbox 129 1188 167 1215; x_wconf 89' lang='lat' dir='ltr'><strong>ad</strong></span> <span class='ocrx_word' id='word_1_163' title='bbox 178 1188 274 1216; x_wconf 86' lang='lat' dir='ltr'><strong>titulos</strong></span> <span class='ocrx_word' id='word_1_164' title='bbox 300 1195 366 1216; x_wconf 87' lang='lat' dir='ltr'><strong>suos</strong></span> <span class='ocrx_word' id='word_1_165' title='bbox 389 1189 608 1223; x_wconf 88' lang='lat' dir='ltr'><strong>comprobandos</strong></span> <span class='ocrx_word' id='word_1_166' title='bbox 622 1189 743 1217; x_wconf 87' lang='lat' dir='ltr'><strong>adducit.</strong></span> <span class='ocrx_word' id='word_1_167' title='bbox 761 1189 819 1217; x_wconf 74' lang='lat' dir='ltr'><strong>hle-</strong></span> 
     </span>
    </p>
   </div>
   <div class='ocr_carea' id='block_1_27' title="bbox 25 1233 819 1270">
    <p class='ocr_par' dir='ltr' id='par_1_27' title="bbox 25 1233 819 1270">
     <span class='ocr_line' id='line_1_27' title="bbox 25 1233 819 1270; baseline 0.003 -10"><span class='ocrx_word' id='word_1_168' title='bbox 25 1234 111 1260; x_wconf 88' lang='lat' dir='ltr'><strong>minit</strong></span> <span class='ocrx_word' id='word_1_169' title='bbox 123 1237 152 1261; x_wconf 88' lang='lat' dir='ltr'><strong>et</strong></span> <span class='ocrx_word' id='word_1_170' title='bbox 170 1233 333 1262; x_wconf 81' lang='lat' dir='ltr'><strong>Anastasius</strong></span> <span class='ocrx_word' id='word_1_171' title='bbox 347 1233 575 1262; x_wconf 85' lang='lat' dir='ltr'><strong>Bibliothecarius</strong></span> <span class='ocrx_word' id='word_1_172' title='bbox 591 1234 724 1270; x_wconf 85' lang='lat' dir='ltr'><strong>Stephani</strong></span> <span class='ocrx_word' id='word_1_173' title='bbox 742 1242 819 1270; x_wconf 65' lang='lat' dir='ltr'><strong>papa:</strong></span> 
     </span>
    </p>
   </div>
   <div class='ocr_carea' id='block_1_28' title="bbox 24 1280 819 1316">
    <p class='ocr_par' dir='ltr' id='par_1_28' title="bbox 24 1280 819 1316">
     <span class='ocr_line' id='line_1_28' title="bbox 24 1280 819 1316; baseline 0 -8"><span class='ocrx_word' id='word_1_174' title='bbox 24 1280 71 1312; x_wconf 76' lang='lat' dir='ltr'><strong>iV,</strong></span> <span class='ocrx_word' id='word_1_175' title='bbox 92 1289 145 1308; x_wconf 82' lang='lat' dir='ltr'><strong>seu</strong></span> <span class='ocrx_word' id='word_1_176' title='bbox 158 1281 250 1315; x_wconf 86' lang='lat' dir='ltr'><strong>potius</strong></span> <span class='ocrx_word' id='word_1_177' title='bbox 264 1280 308 1314; x_wconf 85' lang='lat' dir='ltr'><strong>Ill,</strong></span> <span class='ocrx_word' id='word_1_178' title='bbox 322 1281 370 1316; x_wconf 86' lang='lat' dir='ltr'><strong>qui</strong></span> <span class='ocrx_word' id='word_1_179' title='bbox 383 1280 411 1308; x_wconf 87' lang='lat' dir='ltr'><strong>in</strong></span> <span class='ocrx_word' id='word_1_180' title='bbox 421 1280 519 1316; x_wconf 86' lang='lat' dir='ltr'><strong>synod.</strong></span> <span class='ocrx_word' id='word_1_181' title='bbox 543 1280 732 1313; x_wconf 84' lang='lat' dir='ltr'><strong>Lateranensi,</strong></span> <span class='ocrx_word' id='word_1_182' title='bbox 747 1288 819 1308; x_wconf 88' lang='lat' dir='ltr'><strong>anno</strong></span> 
     </span>
    </p>
   </div>
   <div class='ocr_carea' id='block_1_29' title="bbox 26 1325 819 1361">
    <p class='ocr_par' dir='ltr' id='par_1_29' title="bbox 26 1325 819 1361">
     <span class='ocr_line' id='line_1_29' title="bbox 26 1325 819 1361; baseline 0.001 -8"><span class='ocrx_word' id='word_1_183' title='bbox 26 1327 90 1358; x_wconf 78' lang='lat'><strong>769,</strong></span> <span class='ocrx_word' id='word_1_184' title='bbox 109 1326 210 1354; x_wconf 87' lang='lat' dir='ltr'><strong>statuit</strong></span> <span class='ocrx_word' id='word_1_185' title='bbox 238 1326 342 1354; x_wconf 84' lang='lat' dir='ltr'><strong>action.</strong></span> <span class='ocrx_word' id='word_1_186' title='bbox 357 1325 392 1354; x_wconf 77' lang='grc' dir='ltr'>Π</span> <span class='ocrx_word' id='word_1_187' title='bbox 406 1336 414 1354; x_wconf 73' lang='grc' dir='ltr'>ι</span> <span class='ocrx_word' id='word_1_188' title='bbox 430 1326 493 1354; x_wconf 86' lang='lat' dir='ltr'><strong>Non</strong></span> <span class='ocrx_word' id='word_1_189' title='bbox 507 1327 622 1360; x_wconf 78' lang='lat' dir='ltr'><strong>amplius</strong></span> <span class='ocrx_word' id='word_1_190' title='bbox 638 1327 819 1361; x_wconf 74' lang='lat' dir='ltr'><strong>suscipiantur</strong></span> 
     </span>
    </p>
   </div>
   <div class='ocr_carea' id='block_1_30' title="bbox 26 1371 818 1407">
    <p class='ocr_par' dir='ltr' id='par_1_30' title="bbox 26 1371 818 1407">
     <span class='ocr_line' id='line_1_30' title="bbox 26 1371 818 1407; baseline 0 -7"><span class='ocrx_word' id='word_1_191' title='bbox 26 1373 224 1407; x_wconf 72' lang='lat' dir='ltr'><strong>Apostolorum</strong></span> <span class='ocrx_word' id='word_1_192' title='bbox 237 1373 353 1407; x_wconf 86' lang='lat' dir='ltr'><strong>prolata,</strong></span> <span class='ocrx_word' id='word_1_193' title='bbox 369 1380 414 1407; x_wconf 91' lang='lat' dir='ltr'><strong>per</strong></span> <span class='ocrx_word' id='word_1_194' title='bbox 427 1371 457 1400; x_wconf 89' lang='lat' dir='ltr'><strong>S.</strong></span> <span class='ocrx_word' id='word_1_195' title='bbox 477 1371 650 1405; x_wconf 85' lang='lat' dir='ltr'><strong>Clementem,</strong></span> <span class='ocrx_word' id='word_1_196' title='bbox 672 1373 724 1400; x_wconf 83' lang='lat' dir='ltr'><strong>nisi</strong></span> <span class='ocrx_word' id='word_1_197' title='bbox 739 1379 757 1401; x_wconf 80' lang='grc' dir='ltr'><strong>ι.</strong></span> <span class='ocrx_word' id='word_1_198' title='bbox 771 1381 818 1400; x_wconf 64' lang='lat' dir='ltr'><strong>ca—</strong></span> 
     </span>
    </p>
   </div>
   <div class='ocr_carea' id='block_1_31' title="bbox 21 1417 818 1454">
    <p class='ocr_par' dir='ltr' id='par_1_31' title="bbox 21 1417 818 1454">
     <span class='ocr_line' id='line_1_31' title="bbox 21 1417 818 1454; baseline 0 -9"><span class='ocrx_word' id='word_1_199' title='bbox 21 1420 92 1452; x_wconf 74' lang='lat' dir='ltr'><strong>pita,</strong></span> <span class='ocrx_word' id='word_1_200' title='bbox 110 1427 173 1454; x_wconf 79' lang='lat' dir='ltr'><strong>qua:</strong></span> <span class='ocrx_word' id='word_1_201' title='bbox 187 1419 302 1454; x_wconf 78' lang='lat' dir='ltr'><strong>suscepit</strong></span> <span class='ocrx_word' id='word_1_202' title='bbox 314 1424 408 1446; x_wconf 84' lang='lat' dir='ltr'><strong>sancta</strong></span> <span class='ocrx_word' id='word_1_203' title='bbox 422 1418 472 1446; x_wconf 87' lang='lat' dir='ltr'><strong>Dei</strong></span> <span class='ocrx_word' id='word_1_204' title='bbox 494 1419 625 1446; x_wconf 86' lang='lat' dir='ltr'><strong>catholica</strong></span> <span class='ocrx_word' id='word_1_205' title='bbox 639 1417 758 1446; x_wconf 87' lang='lat' dir='ltr'><strong>Romana</strong></span> <span class='ocrx_word' id='word_1_206' title='bbox 766 1418 818 1447; x_wconf 85' lang='lat' dir='ltr'><strong>Ee-</strong></span> 
     </span>
    </p>
   </div>
   <div class='ocr_carea' id='block_1_32' title="bbox 21 1465 817 1493">
    <p class='ocr_par' dir='ltr' id='par_1_32' title="bbox 21 1465 817 1493">
     <span class='ocr_line' id='line_1_32' title="bbox 21 1465 817 1493; baseline -0.001 0"><span class='ocrx_word' id='word_1_207' title='bbox 21 1467 120 1493; x_wconf 79' lang='lat' dir='ltr'><strong>clesia.</strong></span> <span class='ocrx_word' id='word_1_208' title='bbox 136 1465 293 1492; x_wconf 83' lang='lat' dir='ltr'><strong>Publicavit</strong></span> <span class='ocrx_word' id='word_1_209' title='bbox 307 1465 360 1492; x_wconf 90' lang='lat' dir='ltr'><strong>hoc</strong></span> <span class='ocrx_word' id='word_1_210' title='bbox 379 1465 526 1493; x_wconf 86' lang='lat' dir='ltr'><strong>concilium</strong></span> <span class='ocrx_word' id='word_1_211' title='bbox 544 1465 701 1493; x_wconf 89' lang='lat' dir='ltr'><strong>Holstenius</strong></span> <span class='ocrx_word' id='word_1_212' title='bbox 713 1468 741 1493; x_wconf 88' lang='lat' dir='ltr'><strong>et</strong></span> <span class='ocrx_word' id='word_1_213' title='bbox 755 1465 817 1493; x_wconf 88' lang='lat' dir='ltr'><strong>lau-</strong></span> 
     </span>
    </p>
   </div>
   <div class='ocr_carea' id='block_1_33' title="bbox 915 233 1661 269">
    <p class='ocr_par' dir='ltr' id='par_1_33' title="bbox 915 233 1661 269">
     <span class='ocr_line' id='line_1_33' title="bbox 915 233 1661 269; baseline 0.007 -9"><span class='ocrx_word' id='word_1_214' title='bbox 915 233 950 260; x_wconf 82' lang='lat' dir='ltr'><strong>At</strong></span> <span class='ocrx_word' id='word_1_215' title='bbox 965 233 1047 262; x_wconf 85' lang='lat' dir='ltr'><strong>latius</strong></span> <span class='ocrx_word' id='word_1_216' title='bbox 1066 242 1126 263; x_wconf 86' lang='lat' dir='ltr'><strong>sese</strong></span> <span class='ocrx_word' id='word_1_217' title='bbox 1139 235 1260 263; x_wconf 71' lang='lat' dir='ltr'><strong>extendit</strong></span> <span class='ocrx_word' id='word_1_218' title='bbox 1284 235 1403 264; x_wconf 83' lang='lat' dir='ltr'><strong>Orientis</strong></span> <span class='ocrx_word' id='word_1_219' title='bbox 1427 236 1562 269; x_wconf 85' lang='lat' dir='ltr'><strong>Ecclesia,</strong></span> <span class='ocrx_word' id='word_1_220' title='bbox 1574 237 1603 265; x_wconf 90' lang='lat' dir='ltr'><strong>in</strong></span> <span class='ocrx_word' id='word_1_221' title='bbox 1616 245 1661 266; x_wconf 78' lang='lat' dir='ltr'><strong>re-</strong></span> 
     </span>
    </p>
   </div>
   <div class='ocr_carea' id='block_1_34' title="bbox 878 278 1661 317">
    <p class='ocr_par' dir='ltr' id='par_1_34' title="bbox 878 278 1661 317">
     <span class='ocr_line' id='line_1_34' title="bbox 878 278 1661 317; baseline 0.006 -12"><span class='ocrx_word' id='word_1_222' title='bbox 878 278 1013 314; x_wconf 87' lang='lat' dir='ltr'><strong>cipiendis</strong></span> <span class='ocrx_word' id='word_1_223' title='bbox 1031 281 1220 315; x_wconf 88' lang='lat' dir='ltr'><strong>apostolorum</strong></span> <span class='ocrx_word' id='word_1_224' title='bbox 1231 282 1394 314; x_wconf 82' lang='lat' dir='ltr'><strong>canonibus,</strong></span> <span class='ocrx_word' id='word_1_225' title='bbox 1404 289 1474 317; x_wconf 86' lang='lat' dir='ltr'><strong>quos</strong></span> <span class='ocrx_word' id='word_1_226' title='bbox 1491 289 1591 316; x_wconf 80' lang='lat' dir='ltr'><strong>txxxv,</strong></span> <span class='ocrx_word' id='word_1_227' title='bbox 1604 290 1661 310; x_wconf 92' lang='lat' dir='ltr'><strong>om-</strong></span> 
     </span>
    </p>
   </div>
   <div class='ocr_carea' id='block_1_35' title="bbox 878 325 1660 364">
    <p class='ocr_par' dir='ltr' id='par_1_35' title="bbox 878 325 1660 364">
     <span class='ocr_line' id='line_1_35' title="bbox 878 325 1660 364; baseline 0.005 -12"><span class='ocrx_word' id='word_1_228' title='bbox 878 325 953 352; x_wconf 91' lang='lat' dir='ltr'><strong>nium</strong></span> <span class='ocrx_word' id='word_1_229' title='bbox 969 326 1073 361; x_wconf 91' lang='lat' dir='ltr'><strong>primus</strong></span> <span class='ocrx_word' id='word_1_230' title='bbox 1091 335 1148 355; x_wconf 68' lang='lat' dir='ltr'><strong>suae</strong></span> <span class='ocrx_word' id='word_1_231' title='bbox 1162 335 1178 355; x_wconf 85' lang='grc' dir='ltr'><strong>ι.</strong></span> <span class='ocrx_word' id='word_1_232' title='bbox 1206 328 1351 356; x_wconf 87' lang='lat' dir='ltr'><strong>titulorum</strong></span> <span class='ocrx_word' id='word_1_233' title='bbox 1366 328 1528 364; x_wconf 76' lang='lat' dir='ltr'><strong>collectioni</strong></span> <span class='ocrx_word' id='word_1_234' title='bbox 1544 328 1660 356; x_wconf 84' lang='lat' dir='ltr'><strong>inseruit</strong></span> 
     </span>
    </p>
   </div>
   <div class='ocr_carea' id='block_1_36' title="bbox 876 369 1658 407">
    <p class='ocr_par' dir='ltr' id='par_1_36' title="bbox 876 369 1658 407">
     <span class='ocr_line' id='line_1_36' title="bbox 876 369 1658 407; baseline 0.008 -10"><span class='ocrx_word' id='word_1_235' title='bbox 876 369 995 399; x_wconf 83' lang='lat' dir='ltr'><strong>Joannes</strong></span> <span class='ocrx_word' id='word_1_236' title='bbox 1007 371 1203 407; x_wconf 85' lang='lat' dir='ltr'><strong>Scholasticus,</strong></span> <span class='ocrx_word' id='word_1_237' title='bbox 1219 377 1248 402; x_wconf 93' lang='lat' dir='ltr'><strong>ut</strong></span> <span class='ocrx_word' id='word_1_238' title='bbox 1268 377 1345 402; x_wconf 91' lang='lat' dir='ltr'><strong>notat</strong></span> <span class='ocrx_word' id='word_1_239' title='bbox 1358 373 1489 401; x_wconf 87' lang='lat' dir='ltr'><strong>Justellus</strong></span> <span class='ocrx_word' id='word_1_240' title='bbox 1505 374 1534 401; x_wconf 91' lang='lat' dir='ltr'><strong>in</strong></span> <span class='ocrx_word' id='word_1_241' title='bbox 1548 373 1658 403; x_wconf 82' lang='lat' dir='ltr'><strong>Praefat.</strong></span> 
     </span>
    </p>
   </div>
   <div class='ocr_carea' id='block_1_37' title="bbox 877 416 1660 449">
    <p class='ocr_par' dir='ltr' id='par_1_37' title="bbox 877 416 1660 449">
     <span class='ocr_line' id='line_1_37' title="bbox 877 416 1660 449; baseline 0.004 -6"><span class='ocrx_word' id='word_1_242' title='bbox 877 416 911 443; x_wconf 84' lang='lat' dir='ltr'><strong>ad</strong></span> <span class='ocrx_word' id='word_1_243' title='bbox 925 420 992 445; x_wconf 86' lang='lat' dir='ltr'><strong>tom.</strong></span> <span class='ocrx_word' id='word_1_244' title='bbox 1010 418 1032 444; x_wconf 88' lang='grc'><strong>11</strong></span> <span class='ocrx_word' id='word_1_245' title='bbox 1055 418 1180 446; x_wconf 77' lang='lat' dir='ltr'><strong>Biblioth.</strong></span> <span class='ocrx_word' id='word_1_246' title='bbox 1199 418 1274 447; x_wconf 78' lang='lat' dir='ltr'><strong>Iuris</strong></span> <span class='ocrx_word' id='word_1_247' title='bbox 1293 418 1428 449; x_wconf 87' lang='lat' dir='ltr'><strong>canonici.</strong></span> <span class='ocrx_word' id='word_1_248' title='bbox 1452 423 1479 447; x_wconf 89' lang='lat' dir='ltr'><strong>et</strong></span> <span class='ocrx_word' id='word_1_249' title='bbox 1493 419 1564 448; x_wconf 86' lang='lat' dir='ltr'><strong>idem</strong></span> <span class='ocrx_word' id='word_1_250' title='bbox 1575 419 1660 448; x_wconf 66' lang='lat' dir='ltr'><strong>10am</strong></span> 
     </span>
    </p>
   </div>
   <div class='ocr_carea' id='block_1_38' title="bbox 877 462 1660 499">
    <p class='ocr_par' dir='ltr' id='par_1_38' title="bbox 877 462 1660 499">
     <span class='ocr_line' id='line_1_38' title="bbox 877 462 1660 499; baseline 0.003 -10"><span class='ocrx_word' id='word_1_251' title='bbox 877 470 925 490; x_wconf 86' lang='lat' dir='ltr'><strong>nes</strong></span> <span class='ocrx_word' id='word_1_252' title='bbox 954 463 1130 490; x_wconf 66' lang='lat' dir='ltr'><strong>Antiochense</strong></span> <span class='ocrx_word' id='word_1_253' title='bbox 1159 462 1288 491; x_wconf 63' lang='lat' dir='ltr'><strong>Ecclesiae</strong></span> <span class='ocrx_word' id='word_1_254' title='bbox 1310 464 1472 499; x_wconf 84' lang='lat' dir='ltr'><strong>presbyter,</strong></span> <span class='ocrx_word' id='word_1_255' title='bbox 1500 471 1533 491; x_wconf 84' lang='lat' dir='ltr'><strong>ex</strong></span> <span class='ocrx_word' id='word_1_256' title='bbox 1563 464 1660 492; x_wconf 84' lang='lat' dir='ltr'><strong>ordine</strong></span> 
     </span>
    </p>
   </div>
   <div class='ocr_carea' id='block_1_39' title="bbox 876 505 1660 544">
    <p class='ocr_par' dir='ltr' id='par_1_39' title="bbox 876 505 1660 544">
     <span class='ocr_line' id='line_1_39' title="bbox 876 505 1660 544; baseline 0.005 -11"><span class='ocrx_word' id='word_1_257' title='bbox 876 505 1108 536; x_wconf 57' lang='lat' dir='ltr'><strong>Sclioladicorum</strong></span> <span class='ocrx_word' id='word_1_258' title='bbox 1124 509 1170 543; x_wconf 92' lang='lat' dir='ltr'><strong>qui</strong></span> <span class='ocrx_word' id='word_1_259' title='bbox 1186 509 1214 536; x_wconf 94' lang='lat' dir='ltr'><strong>in</strong></span> <span class='ocrx_word' id='word_1_260' title='bbox 1231 508 1387 544; x_wconf 60' lang='lat' dir='ltr'><strong>prafatione</strong></span> <span class='ocrx_word' id='word_1_261' title='bbox 1402 509 1460 537; x_wconf 90' lang='lat' dir='ltr'><strong>ait:</strong></span> <span class='ocrx_word' id='word_1_262' title='bbox 1487 509 1538 537; x_wconf 88' lang='lat' dir='ltr'><strong>SS.</strong></span> <span class='ocrx_word' id='word_1_263' title='bbox 1552 509 1660 537; x_wconf 83' lang='lat' dir='ltr'><strong>Domini</strong></span> 
     </span>
    </p>
   </div>
   <div class='ocr_carea' id='block_1_40' title="bbox 874 554 1660 592">
    <p class='ocr_par' dir='ltr' id='par_1_40' title="bbox 874 554 1660 592">
     <span class='ocr_line' id='line_1_40' title="bbox 874 554 1660 592; baseline 0.005 -12"><span class='ocrx_word' id='word_1_264' title='bbox 874 554 998 588; x_wconf 80' lang='lat' dir='ltr'><strong>discipuli</strong></span> <span class='ocrx_word' id='word_1_265' title='bbox 1017 559 1041 582; x_wconf 86' lang='lat' dir='ltr'><strong>et</strong></span> <span class='ocrx_word' id='word_1_266' title='bbox 1058 555 1172 588; x_wconf 79' lang='lat' dir='ltr'><strong>apostoli</strong></span> <span class='ocrx_word' id='word_1_267' title='bbox 1185 563 1273 582; x_wconf 79' lang='lat' dir='ltr'><strong>uuv</strong></span> <span class='ocrx_word' id='word_1_268' title='bbox 1289 564 1412 587; x_wconf 80' lang='lat' dir='ltr'><strong>canones,</strong></span> <span class='ocrx_word' id='word_1_269' title='bbox 1427 556 1567 584; x_wconf 75' lang='lat' dir='ltr'><strong>Clementis</strong></span> <span class='ocrx_word' id='word_1_270' title='bbox 1580 565 1660 592; x_wconf 81' lang='lat' dir='ltr'><strong>opera</strong></span> 
     </span>
    </p>
   </div>
   <div class='ocr_carea' id='block_1_41' title="bbox 874 599 1660 636">
    <p class='ocr_par' dir='ltr' id='par_1_41' title="bbox 874 599 1660 636">
     <span class='ocr_line' id='line_1_41' title="bbox 874 599 1660 636; baseline 0.006 -10"><span class='ocrx_word' id='word_1_271' title='bbox 874 600 1021 627; x_wconf 86' lang='lat' dir='ltr'><strong>ediderunt.</strong></span> <span class='ocrx_word' id='word_1_272' title='bbox 1038 599 1102 632; x_wconf 83' lang='lat' dir='ltr'><strong>Eos,</strong></span> <span class='ocrx_word' id='word_1_273' title='bbox 1125 605 1188 636; x_wconf 89' lang='lat' dir='ltr'><strong>post</strong></span> <span class='ocrx_word' id='word_1_274' title='bbox 1201 602 1272 629; x_wconf 87' lang='lat' dir='ltr'><strong>hanc</strong></span> <span class='ocrx_word' id='word_1_275' title='bbox 1285 601 1400 630; x_wconf 78' lang='lat' dir='ltr'><strong>Joannis</strong></span> <span class='ocrx_word' id='word_1_276' title='bbox 1416 602 1603 630; x_wconf 85' lang='lat' dir='ltr'><strong>collectionem</strong></span> <span class='ocrx_word' id='word_1_277' title='bbox 1616 611 1660 631; x_wconf 86' lang='lat' dir='ltr'><strong>re-</strong></span> 
     </span>
    </p>
   </div>
   <div class='ocr_carea' id='block_1_42' title="bbox 874 646 1660 683">
    <p class='ocr_par' dir='ltr' id='par_1_42' title="bbox 874 646 1660 683">
     <span class='ocr_line' id='line_1_42' title="bbox 874 646 1660 683; baseline 0.004 -11"><span class='ocrx_word' id='word_1_278' title='bbox 874 646 946 680; x_wconf 87' lang='lat' dir='ltr'><strong>cepit</strong></span> <span class='ocrx_word' id='word_1_279' title='bbox 961 649 989 673; x_wconf 83' lang='lat' dir='ltr'><strong>et</strong></span> <span class='ocrx_word' id='word_1_280' title='bbox 1003 647 1127 682; x_wconf 85' lang='lat' dir='ltr'><strong>probavit</strong></span> <span class='ocrx_word' id='word_1_281' title='bbox 1141 647 1263 683; x_wconf 85' lang='lat' dir='ltr'><strong>synodus</strong></span> <span class='ocrx_word' id='word_1_282' title='bbox 1279 647 1418 680; x_wconf 87' lang='lat' dir='ltr'><strong>Trullana,</strong></span> <span class='ocrx_word' id='word_1_283' title='bbox 1434 655 1497 675; x_wconf 90' lang='lat' dir='ltr'><strong>can.</strong></span> <span class='ocrx_word' id='word_1_284' title='bbox 1511 648 1540 679; x_wconf 70' lang='lat'><strong>9,</strong></span> <span class='ocrx_word' id='word_1_285' title='bbox 1556 653 1582 676; x_wconf 89' lang='lat' dir='ltr'><strong>et</strong></span> <span class='ocrx_word' id='word_1_286' title='bbox 1596 655 1660 683; x_wconf 83' lang='lat' dir='ltr'><strong>post</strong></span> 
     </span>
    </p>
   </div>
   <div class='ocr_carea' id='block_1_43' title="bbox 873 692 1659 728">
    <p class='ocr_par' dir='ltr' id='par_1_43' title="bbox 873 692 1659 728">
     <span class='ocr_line' id='line_1_43' title="bbox 873 692 1659 728; baseline 0.004 -10"><span class='ocrx_word' id='word_1_287' title='bbox 873 699 933 719; x_wconf 87' lang='lat' dir='ltr'><strong>eam</strong></span> <span class='ocrx_word' id='word_1_288' title='bbox 950 692 1072 727; x_wconf 86' lang='lat' dir='ltr'><strong>synodus</strong></span> <span class='ocrx_word' id='word_1_289' title='bbox 1085 693 1222 728; x_wconf 74' lang='lat' dir='ltr'><strong>generalis</strong></span> <span class='ocrx_word' id='word_1_290' title='bbox 1237 693 1263 725; x_wconf 81' lang='lat'><strong>7,</strong></span> <span class='ocrx_word' id='word_1_291' title='bbox 1276 701 1337 728; x_wconf 85' lang='lat' dir='ltr'><strong>quae</strong></span> <span class='ocrx_word' id='word_1_292' title='bbox 1351 694 1458 721; x_wconf 86' lang='lat' dir='ltr'><strong>actione</strong></span> <span class='ocrx_word' id='word_1_293' title='bbox 1472 693 1498 724; x_wconf 84' lang='grc' dir='ltr'><strong>Ι.</strong></span> <span class='ocrx_word' id='word_1_294' title='bbox 1518 694 1659 721; x_wconf 85' lang='lat' dir='ltr'><strong>consensit</strong></span> 
     </span>
    </p>
   </div>
   <div class='ocr_carea' id='block_1_44' title="bbox 872 736 1657 774">
    <p class='ocr_par' dir='ltr' id='par_1_44' title="bbox 872 736 1657 774">
     <span class='ocr_line' id='line_1_44' title="bbox 872 736 1657 774; baseline 0.004 -11"><span class='ocrx_word' id='word_1_295' title='bbox 872 744 888 764; x_wconf 89' lang='lat' dir='ltr'><strong>e</strong></span> <span class='ocrx_word' id='word_1_296' title='bbox 909 736 1077 768; x_wconf 82' lang='lat' dir='ltr'><strong>Bibliotheca</strong></span> <span class='ocrx_word' id='word_1_297' title='bbox 1106 739 1267 773; x_wconf 85' lang='lat' dir='ltr'><strong>patriarchii</strong></span> <span class='ocrx_word' id='word_1_298' title='bbox 1298 739 1576 774; x_wconf 84' lang='lat' dir='ltr'><strong>Constantinopoleos</strong></span> <span class='ocrx_word' id='word_1_299' title='bbox 1601 743 1657 766; x_wconf 90' lang='lat' dir='ltr'><strong>tam</strong></span> 
     </span>
    </p>
   </div>
   <div class='ocr_carea' id='block_1_45' title="bbox 871 782 1657 821">
    <p class='ocr_par' dir='ltr' id='par_1_45' title="bbox 871 782 1657 821">
     <span class='ocr_line' id='line_1_45' title="bbox 871 782 1657 821; baseline 0.005 -12"><span class='ocrx_word' id='word_1_300' title='bbox 871 789 1006 810; x_wconf 87' lang='lat' dir='ltr'><strong>canonum</strong></span> <span class='ocrx_word' id='word_1_301' title='bbox 1023 782 1073 811; x_wconf 90' lang='lat' dir='ltr'><strong>SS.</strong></span> <span class='ocrx_word' id='word_1_302' title='bbox 1092 785 1295 818; x_wconf 82' lang='lat' dir='ltr'><strong>apostolorum,</strong></span> <span class='ocrx_word' id='word_1_303' title='bbox 1316 793 1397 821; x_wconf 83' lang='lat' dir='ltr'><strong>quam</strong></span> <span class='ocrx_word' id='word_1_304' title='bbox 1421 784 1472 812; x_wconf 88' lang='lat' dir='ltr'><strong>SS.</strong></span> <span class='ocrx_word' id='word_1_305' title='bbox 1490 785 1657 820; x_wconf 88' lang='lat' dir='ltr'><strong>synodorum</strong></span> 
     </span>
    </p>
   </div>
   <div class='ocr_carea' id='block_1_46' title="bbox 872 827 1656 859">
    <p class='ocr_par' dir='ltr' id='par_1_46' title="bbox 872 827 1656 859">
     <span class='ocr_line' id='line_1_46' title="bbox 872 827 1656 859; baseline 0.005 -5"><span class='ocrx_word' id='word_1_306' title='bbox 872 827 959 855; x_wconf 89' lang='lat' dir='ltr'><strong>libros</strong></span> <span class='ocrx_word' id='word_1_307' title='bbox 974 828 1001 854; x_wconf 93' lang='lat' dir='ltr'><strong>in</strong></span> <span class='ocrx_word' id='word_1_308' title='bbox 1018 827 1138 855; x_wconf 76' lang='lat' dir='ltr'><strong>medium</strong></span> <span class='ocrx_word' id='word_1_309' title='bbox 1165 828 1254 856; x_wconf 82' lang='lat' dir='ltr'><strong>atTerri</strong></span> <span class='ocrx_word' id='word_1_310' title='bbox 1268 839 1275 857; x_wconf 92' lang='lat'>:</span> <span class='ocrx_word' id='word_1_311' title='bbox 1292 829 1326 856; x_wconf 71' lang='lat' dir='ltr'><strong>Et</strong></span> <span class='ocrx_word' id='word_1_312' title='bbox 1360 831 1478 857; x_wconf 80' lang='lat' dir='ltr'><strong>notarius</strong></span> <span class='ocrx_word' id='word_1_313' title='bbox 1503 831 1656 859; x_wconf 82' lang='lat' dir='ltr'><strong>uenerabilis</strong></span> 
     </span>
    </p>
   </div>
   <div class='ocr_carea' id='block_1_47' title="bbox 877 873 1654 912">
    <p class='ocr_par' dir='ltr' id='par_1_47' title="bbox 877 873 1654 912">
     <span class='ocr_line' id='line_1_47' title="bbox 877 873 1654 912; baseline 0.008 -13"><span class='ocrx_word' id='word_1_314' title='bbox 877 873 1035 908; x_wconf 83' lang='lat' dir='ltr'><strong>patriarcltii</strong></span> <span class='ocrx_word' id='word_1_315' title='bbox 1048 873 1124 910; x_wconf 81' lang='lat' dir='ltr'><strong>legit:</strong></span> <span class='ocrx_word' id='word_1_316' title='bbox 1136 873 1227 902; x_wconf 81' lang='lat' dir='ltr'><strong>Conon</strong></span> <span class='ocrx_word' id='word_1_317' title='bbox 1243 874 1295 903; x_wconf 85' lang='lat' dir='ltr'><strong>SS.</strong></span> <span class='ocrx_word' id='word_1_318' title='bbox 1305 875 1491 911; x_wconf 75' lang='lat' dir='ltr'><strong>Apostolorum</strong></span> <span class='ocrx_word' id='word_1_319' title='bbox 1506 885 1554 904; x_wconf 83' lang='lat' dir='ltr'><strong>LIII</strong></span> <span class='ocrx_word' id='word_1_320' title='bbox 1571 878 1654 912; x_wconf 82' lang='lat' dir='ltr'><strong>(nunc</strong></span> 
     </span>
    </p>
   </div>
   <div class='ocr_carea' id='block_1_48' title="bbox 869 917 1655 957">
    <p class='ocr_par' dir='ltr' id='par_1_48' title="bbox 869 917 1655 957">
     <span class='ocr_line' id='line_1_48' title="bbox 869 917 1655 957; baseline 0.008 -13"><span class='ocrx_word' id='word_1_321' title='bbox 869 917 931 953; x_wconf 86' lang='lat' dir='ltr'><strong>LII).</strong></span> <span class='ocrx_word' id='word_1_322' title='bbox 944 917 976 946; x_wconf 89' lang='lat' dir='ltr'><strong>Si</strong></span> <span class='ocrx_word' id='word_1_323' title='bbox 988 919 1046 954; x_wconf 78' lang='lat' dir='ltr'><strong>quis</strong></span> <span class='ocrx_word' id='word_1_324' title='bbox 1069 919 1204 955; x_wconf 80' lang='lat' dir='ltr'><strong>presbyter</strong></span> <span class='ocrx_word' id='word_1_325' title='bbox 1230 928 1299 951; x_wconf 88' lang='lat' dir='ltr'><strong>eum,</strong></span> <span class='ocrx_word' id='word_1_326' title='bbox 1318 922 1363 956; x_wconf 90' lang='lat' dir='ltr'><strong>qui</strong></span> <span class='ocrx_word' id='word_1_327' title='bbox 1386 922 1545 949; x_wconf 79' lang='lat' dir='ltr'><strong>convertitur</strong></span> <span class='ocrx_word' id='word_1_328' title='bbox 1558 930 1574 949; x_wconf 72' lang='grc' dir='ltr'><strong>τι</strong></span> <span class='ocrx_word' id='word_1_329' title='bbox 1596 931 1655 957; x_wconf 80' lang='lat' dir='ltr'><strong>pec-</strong></span> 
     </span>
    </p>
   </div>
   <div class='ocr_carea' id='block_1_49' title="bbox 869 965 1642 1002">
    <p class='ocr_par' dir='ltr' id='par_1_49' title="bbox 869 965 1642 1002">
     <span class='ocr_line' id='line_1_49' title="bbox 869 965 1642 1002; baseline 0.006 -11"><span class='ocrx_word' id='word_1_330' title='bbox 869 968 938 998; x_wconf 90' lang='lat' dir='ltr'><strong>cato,</strong></span> <span class='ocrx_word' id='word_1_331' title='bbox 950 973 1003 992; x_wconf 86' lang='lat' dir='ltr'><strong>non</strong></span> <span class='ocrx_word' id='word_1_332' title='bbox 1017 966 1173 1000; x_wconf 79' lang='lat' dir='ltr'><strong>susceperit,</strong></span> <span class='ocrx_word' id='word_1_333' title='bbox 1196 965 1241 993; x_wconf 88' lang='lat' dir='ltr'><strong>sed</strong></span> <span class='ocrx_word' id='word_1_334' title='bbox 1266 966 1400 1001; x_wconf 83' lang='lat' dir='ltr'><strong>abjecerit,</strong></span> <span class='ocrx_word' id='word_1_335' title='bbox 1427 967 1582 1002; x_wconf 75' lang='lat' dir='ltr'><strong>deportatur,</strong></span> <span class='ocrx_word' id='word_1_336' title='bbox 1599 972 1642 996; x_wconf 90' lang='lat' dir='ltr'><strong>etc</strong></span> 
     </span>
    </p>
   </div>
   <div class='ocr_carea' id='block_1_50' title="bbox 870 1009 1654 1046">
    <p class='ocr_par' dir='ltr' id='par_1_50' title="bbox 870 1009 1654 1046">
     <span class='ocr_line' id='line_1_50' title="bbox 870 1009 1654 1046; baseline 0.006 -9"><span class='ocrx_word' id='word_1_337' title='bbox 870 1009 962 1046; x_wconf 88' lang='lat' dir='ltr'><strong>Usque</strong></span> <span class='ocrx_word' id='word_1_338' title='bbox 978 1011 1011 1038; x_wconf 88' lang='lat' dir='ltr'><strong>ad</strong></span> <span class='ocrx_word' id='word_1_339' title='bbox 1026 1019 1129 1043; x_wconf 78' lang='lat' dir='ltr'><strong>tnvu,</strong></span> <span class='ocrx_word' id='word_1_340' title='bbox 1148 1015 1271 1040; x_wconf 88' lang='lat' dir='ltr'><strong>recenset</strong></span> <span class='ocrx_word' id='word_1_341' title='bbox 1296 1012 1410 1041; x_wconf 77' lang='lat' dir='ltr'><strong>Alexius</strong></span> <span class='ocrx_word' id='word_1_342' title='bbox 1427 1013 1584 1046; x_wconf 80' lang='lat' dir='ltr'><strong>Aristonus,</strong></span> <span class='ocrx_word' id='word_1_343' title='bbox 1602 1013 1654 1042; x_wconf 85' lang='lat' dir='ltr'><strong>Ec-</strong></span> 
     </span>
    </p>
   </div>
   <div class='ocr_carea' id='block_1_51' title="bbox 869 1055 1651 1094">
    <p class='ocr_par' dir='ltr' id='par_1_51' title="bbox 869 1055 1651 1094">
     <span class='ocr_line' id='line_1_51' title="bbox 869 1055 1651 1094; baseline 0.004 -11"><span class='ocrx_word' id='word_1_344' title='bbox 869 1055 959 1084; x_wconf 62' lang='lat' dir='ltr'><strong>clesiae</strong></span> <span class='ocrx_word' id='word_1_345' title='bbox 978 1055 1285 1092; x_wconf 76' lang='lat' dir='ltr'><strong>Constantinopolitanae</strong></span> <span class='ocrx_word' id='word_1_346' title='bbox 1307 1057 1438 1086; x_wconf 87' lang='lat' dir='ltr'><strong>diaconus</strong></span> <span class='ocrx_word' id='word_1_347' title='bbox 1451 1079 1458 1092; x_wconf 88' lang='lat'><strong>,</strong></span> <span class='ocrx_word' id='word_1_348' title='bbox 1478 1059 1509 1086; x_wconf 86' lang='lat' dir='ltr'><strong>in</strong></span> <span class='ocrx_word' id='word_1_349' title='bbox 1537 1057 1651 1094; x_wconf 82' lang='lat' dir='ltr'><strong>Synapsi</strong></span> 
     </span>
    </p>
   </div>
   <div class='ocr_carea' id='block_1_52' title="bbox 869 1102 1649 1138">
    <p class='ocr_par' dir='ltr' id='par_1_52' title="bbox 869 1102 1649 1138">
     <span class='ocr_line' id='line_1_52' title="bbox 869 1102 1649 1138; baseline 0.005 -11"><span class='ocrx_word' id='word_1_350' title='bbox 869 1109 1009 1134; x_wconf 83' lang='lat' dir='ltr'><strong>canonum,</strong></span> <span class='ocrx_word' id='word_1_351' title='bbox 1026 1109 1086 1136; x_wconf 70' lang='lat' dir='ltr'><strong>qua:</strong></span> <span class='ocrx_word' id='word_1_352' title='bbox 1106 1102 1223 1136; x_wconf 87' lang='lat' dir='ltr'><strong>primum</strong></span> <span class='ocrx_word' id='word_1_353' title='bbox 1244 1102 1382 1138; x_wconf 86' lang='lat' dir='ltr'><strong>publicata</strong></span> <span class='ocrx_word' id='word_1_354' title='bbox 1402 1108 1445 1131; x_wconf 86' lang='lat' dir='ltr'><strong>est</strong></span> <span class='ocrx_word' id='word_1_355' title='bbox 1467 1108 1536 1133; x_wconf 87' lang='lat' dir='ltr'><strong>tom.</strong></span> <span class='ocrx_word' id='word_1_356' title='bbox 1559 1104 1579 1131; x_wconf 91' lang='lat' dir='ltr'><strong>ll</strong></span> <span class='ocrx_word' id='word_1_357' title='bbox 1599 1104 1649 1131; x_wconf 91' lang='lat' dir='ltr'><strong>Bi-</strong></span> 
     </span>
    </p>
   </div>
   <div class='ocr_carea' id='block_1_53' title="bbox 870 1146 1650 1183">
    <p class='ocr_par' dir='ltr' id='par_1_53' title="bbox 870 1146 1650 1183">
     <span class='ocr_line' id='line_1_53' title="bbox 870 1146 1650 1183; baseline 0.005 -10"><span class='ocrx_word' id='word_1_358' title='bbox 870 1146 961 1174; x_wconf 82' lang='lat' dir='ltr'><strong>bliotlt.</strong></span> <span class='ocrx_word' id='word_1_359' title='bbox 976 1146 1051 1174; x_wconf 79' lang='lat' dir='ltr'><strong>luris</strong></span> <span class='ocrx_word' id='word_1_360' title='bbox 1067 1146 1203 1180; x_wconf 83' lang='lat' dir='ltr'><strong>Canonici,</strong></span> <span class='ocrx_word' id='word_1_361' title='bbox 1219 1147 1266 1175; x_wconf 88' lang='lat' dir='ltr'><strong>ubi</strong></span> <span class='ocrx_word' id='word_1_362' title='bbox 1289 1151 1351 1183; x_wconf 88' lang='lat' dir='ltr'><strong>post</strong></span> <span class='ocrx_word' id='word_1_363' title='bbox 1369 1149 1526 1176; x_wconf 85' lang='lat' dir='ltr'><strong>Aristenum</strong></span> <span class='ocrx_word' id='word_1_364' title='bbox 1550 1149 1650 1177; x_wconf 85' lang='lat' dir='ltr'><strong>subne-</strong></span> 
     </span>
    </p>
   </div>
   <div class='ocr_carea' id='block_1_54' title="bbox 868 1191 1649 1230">
    <p class='ocr_par' dir='ltr' id='par_1_54' title="bbox 868 1191 1649 1230">
     <span class='ocr_line' id='line_1_54' title="bbox 868 1191 1649 1230; baseline 0.005 -11"><span class='ocrx_word' id='word_1_365' title='bbox 868 1191 951 1220; x_wconf 88' lang='lat' dir='ltr'><strong>ctitur</strong></span> <span class='ocrx_word' id='word_1_366' title='bbox 966 1191 1086 1227; x_wconf 86' lang='lat' dir='ltr'><strong>Epitome</strong></span> <span class='ocrx_word' id='word_1_367' title='bbox 1107 1199 1235 1220; x_wconf 82' lang='lat' dir='ltr'><strong>canonum</strong></span> <span class='ocrx_word' id='word_1_368' title='bbox 1259 1192 1394 1222; x_wconf 88' lang='lat' dir='ltr'><strong>Simeonis</strong></span> <span class='ocrx_word' id='word_1_369' title='bbox 1410 1194 1530 1230; x_wconf 80' lang='lat' dir='ltr'><strong>Magistri</strong></span> <span class='ocrx_word' id='word_1_370' title='bbox 1547 1202 1574 1223; x_wconf 88' lang='lat' dir='ltr'><strong>et</strong></span> <span class='ocrx_word' id='word_1_371' title='bbox 1596 1195 1649 1222; x_wconf 89' lang='lat' dir='ltr'><strong>Lo-</strong></span> 
     </span>
    </p>
   </div>
   <div class='ocr_carea' id='block_1_55' title="bbox 868 1235 1648 1274">
    <p class='ocr_par' dir='ltr' id='par_1_55' title="bbox 868 1235 1648 1274">
     <span class='ocr_line' id='line_1_55' title="bbox 868 1235 1648 1274; baseline 0.005 -11"><span class='ocrx_word' id='word_1_372' title='bbox 868 1235 993 1271; x_wconf 70' lang='lat' dir='ltr'><strong>gothetaa,</strong></span> <span class='ocrx_word' id='word_1_373' title='bbox 1011 1236 1040 1264; x_wconf 89' lang='lat' dir='ltr'><strong>in</strong></span> <span class='ocrx_word' id='word_1_374' title='bbox 1063 1244 1116 1272; x_wconf 89' lang='lat' dir='ltr'><strong>qua</strong></span> <span class='ocrx_word' id='word_1_375' title='bbox 1138 1237 1300 1265; x_wconf 79' lang='lat' dir='ltr'><strong>exhibentur</strong></span> <span class='ocrx_word' id='word_1_376' title='bbox 1318 1246 1437 1267; x_wconf 86' lang='lat' dir='ltr'><strong>canones</strong></span> <span class='ocrx_word' id='word_1_377' title='bbox 1463 1240 1648 1274; x_wconf 88' lang='lat' dir='ltr'><strong>apostolorum</strong></span> 
     </span>
    </p>
   </div>
   <div class='ocr_carea' id='block_1_56' title="bbox 867 1280 1649 1317">
    <p class='ocr_par' dir='ltr' id='par_1_56' title="bbox 867 1280 1649 1317">
     <span class='ocr_line' id='line_1_56' title="bbox 867 1280 1649 1317; baseline 0.006 -11"><span class='ocrx_word' id='word_1_378' title='bbox 867 1287 971 1308; x_wconf 77' lang='lat' dir='ltr'><strong>Luxu.</strong></span> <span class='ocrx_word' id='word_1_379' title='bbox 996 1280 1172 1308; x_wconf 89' lang='lat' dir='ltr'><strong>Subnectitur</strong></span> <span class='ocrx_word' id='word_1_380' title='bbox 1194 1286 1221 1309; x_wconf 89' lang='lat' dir='ltr'><strong>et</strong></span> <span class='ocrx_word' id='word_1_381' title='bbox 1242 1280 1368 1317; x_wconf 82' lang='lat' dir='ltr'><strong>Synopsis</strong></span> <span class='ocrx_word' id='word_1_382' title='bbox 1390 1292 1521 1311; x_wconf 88' lang='lat' dir='ltr'><strong>canonum</strong></span> <span class='ocrx_word' id='word_1_383' title='bbox 1546 1284 1649 1312; x_wconf 87' lang='lat' dir='ltr'><strong>Arlenii</strong></span> 
     </span>
    </p>
   </div>
   <div class='ocr_carea' id='block_1_57' title="bbox 868 1325 1648 1364">
    <p class='ocr_par' dir='ltr' id='par_1_57' title="bbox 868 1325 1648 1364">
     <span class='ocr_line' id='line_1_57' title="bbox 868 1325 1648 1364; baseline 0.006 -11"><span class='ocrx_word' id='word_1_384' title='bbox 868 1325 1011 1359; x_wconf 89' lang='lat' dir='ltr'><strong>monachi,</strong></span> <span class='ocrx_word' id='word_1_385' title='bbox 1025 1326 1072 1362; x_wconf 85' lang='lat' dir='ltr'><strong>qui</strong></span> <span class='ocrx_word' id='word_1_386' title='bbox 1092 1326 1126 1354; x_wconf 91' lang='lat' dir='ltr'><strong>ad</strong></span> <span class='ocrx_word' id='word_1_387' title='bbox 1148 1334 1208 1362; x_wconf 88' lang='lat' dir='ltr'><strong>cap.</strong></span> <span class='ocrx_word' id='word_1_388' title='bbox 1225 1327 1253 1360; x_wconf 73' lang='lat'><strong>4,</strong></span> <span class='ocrx_word' id='word_1_389' title='bbox 1272 1329 1364 1356; x_wconf 81' lang='lat' dir='ltr'><strong>subdit</strong></span> <span class='ocrx_word' id='word_1_390' title='bbox 1380 1338 1387 1357; x_wconf 91' lang='lat'>:</span> <span class='ocrx_word' id='word_1_391' title='bbox 1406 1329 1456 1357; x_wconf 87' lang='lat' dir='ltr'><strong>SS.</strong></span> <span class='ocrx_word' id='word_1_392' title='bbox 1470 1331 1648 1364; x_wconf 81' lang='lat' dir='ltr'><strong>apostolorum</strong></span> 
     </span>
    </p>
   </div>
   <div class='ocr_carea' id='block_1_58' title="bbox 867 1373 1651 1412">
    <p class='ocr_par' dir='ltr' id='par_1_58' title="bbox 867 1373 1651 1412">
     <span class='ocr_line' id='line_1_58' title="bbox 867 1373 1651 1412; baseline 0.009 -14"><span class='ocrx_word' id='word_1_393' title='bbox 867 1379 979 1399; x_wconf 84' lang='lat' dir='ltr'><strong>canones</strong></span> <span class='ocrx_word' id='word_1_394' title='bbox 998 1380 1098 1406; x_wconf 78' lang='lat' dir='ltr'><strong>txxxv,</strong></span> <span class='ocrx_word' id='word_1_395' title='bbox 1117 1377 1144 1400; x_wconf 88' lang='lat' dir='ltr'><strong>et</strong></span> <span class='ocrx_word' id='word_1_396' title='bbox 1168 1373 1237 1401; x_wconf 88' lang='lat' dir='ltr'><strong>alios</strong></span> <span class='ocrx_word' id='word_1_397' title='bbox 1252 1375 1437 1409; x_wconf 82' lang='lat' dir='ltr'><strong>apostolorum</strong></span> <span class='ocrx_word' id='word_1_398' title='bbox 1454 1383 1573 1404; x_wconf 87' lang='lat' dir='ltr'><strong>canones</strong></span> <span class='ocrx_word' id='word_1_399' title='bbox 1587 1385 1651 1412; x_wconf 88' lang='lat' dir='ltr'><strong>pas-</strong></span> 
     </span>
    </p>
   </div>
   <div class='ocr_carea' id='block_1_59' title="bbox 867 1417 1650 1452">
    <p class='ocr_par' dir='ltr' id='par_1_59' title="bbox 867 1417 1650 1452">
     <span class='ocr_line' id='line_1_59' title="bbox 867 1417 1650 1452; baseline 0.008 -7"><span class='ocrx_word' id='word_1_400' title='bbox 867 1417 921 1446; x_wconf 89' lang='lat' dir='ltr'><strong>sim</strong></span> <span class='ocrx_word' id='word_1_401' title='bbox 946 1418 1056 1446; x_wconf 83' lang='lat' dir='ltr'><strong>exhibet</strong></span> <span class='ocrx_word' id='word_1_402' title='bbox 1086 1423 1115 1447; x_wconf 87' lang='lat' dir='ltr'><strong>ut</strong></span> <span class='ocrx_word' id='word_1_403' title='bbox 1139 1427 1229 1447; x_wconf 77' lang='lat' dir='ltr'><strong>uuv</strong></span> <span class='ocrx_word' id='word_1_404' title='bbox 1248 1428 1367 1449; x_wconf 89' lang='lat' dir='ltr'><strong>canones</strong></span> <span class='ocrx_word' id='word_1_405' title='bbox 1392 1422 1426 1449; x_wconf 90' lang='lat' dir='ltr'><strong>ab</strong></span> <span class='ocrx_word' id='word_1_406' title='bbox 1454 1429 1487 1450; x_wconf 92' lang='lat' dir='ltr'><strong>eo</strong></span> <span class='ocrx_word' id='word_1_407' title='bbox 1515 1423 1650 1452; x_wconf 86' lang='lat' dir='ltr'><strong>admissos</strong></span> 
     </span>
    </p>
   </div>
   <div class='ocr_carea' id='block_1_60' title="bbox 867 1463 1651 1500">
    <p class='ocr_par' dir='ltr' id='par_1_60' title="bbox 867 1463 1651 1500">
     <span class='ocr_line' id='line_1_60' title="bbox 867 1463 1651 1500; baseline 0.008 -11"><span class='ocrx_word' id='word_1_408' title='bbox 867 1467 990 1496; x_wconf 79' lang='lat' dir='ltr'><strong>constet;</strong></span> <span class='ocrx_word' id='word_1_409' title='bbox 1006 1470 1076 1498; x_wconf 89' lang='lat' dir='ltr'><strong>quos</strong></span> <span class='ocrx_word' id='word_1_410' title='bbox 1090 1467 1117 1491; x_wconf 89' lang='lat' dir='ltr'><strong>et</strong></span> <span class='ocrx_word' id='word_1_411' title='bbox 1128 1463 1187 1497; x_wconf 91' lang='lat' dir='ltr'><strong>diu,</strong></span> <span class='ocrx_word' id='word_1_412' title='bbox 1200 1469 1265 1493; x_wconf 88' lang='lat' dir='ltr'><strong>ante</strong></span> <span class='ocrx_word' id='word_1_413' title='bbox 1281 1465 1341 1493; x_wconf 90' lang='lat' dir='ltr'><strong>illos</strong></span> <span class='ocrx_word' id='word_1_414' title='bbox 1357 1465 1525 1500; x_wconf 86' lang='lat' dir='ltr'><strong>collectores,</strong></span> <span class='ocrx_word' id='word_1_415' title='bbox 1540 1467 1651 1496; x_wconf 86' lang='lat' dir='ltr'><strong>admisit</strong></span> 
     </span>
    </p>
   </div>
   <div class='ocr_carea' id='block_1_61' title="bbox 21 1505 1650 1548">
    <p class='ocr_par' dir='ltr' id='par_1_61' title="bbox 21 1505 1650 1548">
     <span class='ocr_line' id='line_1_61' title="bbox 21 1505 1650 1548; baseline 0.001 -9"><span class='ocrx_word' id='word_1_416' title='bbox 21 1512 120 1539; x_wconf 88' lang='lat' dir='ltr'><strong>datam</strong></span> <span class='ocrx_word' id='word_1_417' title='bbox 137 1519 174 1539; x_wconf 81' lang='lat' dir='ltr'><strong>ex</strong></span> <span class='ocrx_word' id='word_1_418' title='bbox 188 1519 221 1540; x_wconf 91' lang='lat' dir='ltr'><strong>eo</strong></span> <span class='ocrx_word' id='word_1_419' title='bbox 233 1511 400 1539; x_wconf 85' lang='lat' dir='ltr'><strong>decisionem</strong></span> <span class='ocrx_word' id='word_1_420' title='bbox 413 1511 557 1539; x_wconf 89' lang='lat' dir='ltr'><strong>conﬁrmat</strong></span> <span class='ocrx_word' id='word_1_421' title='bbox 569 1510 735 1538; x_wconf 86' lang='lat' dir='ltr'><strong>Humbertus</strong></span> <span class='ocrx_word' id='word_1_422' title='bbox 748 1510 817 1538; x_wconf 86' lang='lat' dir='ltr'><strong>Leo-</strong></span> <span class='ocrx_word' id='word_1_423' title='bbox 828 1516 851 1546; x_wconf 73' lang='grc' dir='ltr'>α</span> <span class='ocrx_word' id='word_1_424' title='bbox 868 1505 997 1539; x_wconf 74' lang='lat' dir='ltr'><strong>PhotiUS.</strong></span> <span class='ocrx_word' id='word_1_425' title='bbox 1016 1507 1044 1535; x_wconf 80' lang='lat' dir='ltr'><strong>in</strong></span> <span class='ocrx_word' id='word_1_426' title='bbox 1072 1507 1274 1544; x_wconf 80' lang='lat' dir='ltr'><strong>Nomocanone,</strong></span> <span class='ocrx_word' id='word_1_427' title='bbox 1299 1511 1333 1538; x_wconf 90' lang='lat' dir='ltr'><strong>ad</strong></span> <span class='ocrx_word' id='word_1_428' title='bbox 1358 1519 1438 1547; x_wconf 93' lang='lat' dir='ltr'><strong>quem</strong></span> <span class='ocrx_word' id='word_1_429' title='bbox 1456 1512 1527 1540; x_wconf 87' lang='lat' dir='ltr'><strong>edita</strong></span> <span class='ocrx_word' id='word_1_430' title='bbox 1551 1513 1650 1548; x_wconf 80' lang='lat' dir='ltr'><strong>praeia-</strong></span> 
     </span>
    </p>
   </div>
   <div class='ocr_carea' id='block_1_62' title="bbox 20 1555 814 1593">
    <p class='ocr_par' dir='ltr' id='par_1_62' title="bbox 20 1555 814 1593">
     <span class='ocr_line' id='line_1_62' title="bbox 20 1555 814 1593; baseline -0.001 -8"><span class='ocrx_word' id='word_1_431' title='bbox 20 1559 66 1586; x_wconf 88' lang='lat' dir='ltr'><strong>nis</strong></span> <span class='ocrx_word' id='word_1_432' title='bbox 81 1557 121 1584; x_wconf 80' lang='lat' dir='ltr'><strong>IX</strong></span> <span class='ocrx_word' id='word_1_433' title='bbox 137 1557 257 1593; x_wconf 75' lang='lat' dir='ltr'><strong>legatus,</strong></span> <span class='ocrx_word' id='word_1_434' title='bbox 283 1557 311 1584; x_wconf 91' lang='lat' dir='ltr'><strong>in</strong></span> <span class='ocrx_word' id='word_1_435' title='bbox 325 1557 503 1592; x_wconf 84' lang='lat' dir='ltr'><strong>responsione</strong></span> <span class='ocrx_word' id='word_1_436' title='bbox 529 1556 564 1584; x_wconf 87' lang='lat' dir='ltr'><strong>ad</strong></span> <span class='ocrx_word' id='word_1_437' title='bbox 579 1556 680 1584; x_wconf 92' lang='lat' dir='ltr'><strong>librum</strong></span> <span class='ocrx_word' id='word_1_438' title='bbox 701 1555 814 1589; x_wconf 63' lang='lat' dir='ltr'><strong>Nicete,</strong></span> 
     </span>
    </p>
   </div>
   <div class='ocr_carea' id='block_1_63' title="bbox 22 1601 814 1639">
    <p class='ocr_par' dir='ltr' id='par_1_63' title="bbox 22 1601 814 1639">
     <span class='ocr_line' id='line_1_63' title="bbox 22 1601 814 1639; baseline 0 -8"><span class='ocrx_word' id='word_1_439' title='bbox 22 1603 184 1639; x_wconf 82' lang='lat' dir='ltr'><strong>presbyteri</strong></span> <span class='ocrx_word' id='word_1_440' title='bbox 213 1607 240 1630; x_wconf 89' lang='lat' dir='ltr'><strong>et</strong></span> <span class='ocrx_word' id='word_1_441' title='bbox 262 1602 400 1635; x_wconf 86' lang='lat' dir='ltr'><strong>monachi,</strong></span> <span class='ocrx_word' id='word_1_442' title='bbox 428 1606 525 1629; x_wconf 90' lang='lat' dir='ltr'><strong>contra</strong></span> <span class='ocrx_word' id='word_1_443' title='bbox 551 1601 664 1630; x_wconf 87' lang='lat' dir='ltr'><strong>Latinos</strong></span> <span class='ocrx_word' id='word_1_444' title='bbox 686 1601 814 1631; x_wconf 86' lang='lat' dir='ltr'><strong>editum:</strong></span> 
     </span>
    </p>
   </div>
   <div class='ocr_carea' id='block_1_64' title="bbox 21 1644 817 1682">
    <p class='ocr_par' dir='ltr' id='par_1_64' title="bbox 21 1644 817 1682">
     <span class='ocr_line' id='line_1_64' title="bbox 21 1644 817 1682; baseline -0.001 -7"><span class='ocrx_word' id='word_1_445' title='bbox 21 1648 174 1676; x_wconf 81' lang='lat' dir='ltr'><strong>Clementis</strong></span> <span class='ocrx_word' id='word_1_446' title='bbox 185 1648 292 1680; x_wconf 83' lang='lat' dir='ltr'><strong>librum,</strong></span> <span class='ocrx_word' id='word_1_447' title='bbox 308 1648 335 1674; x_wconf 84' lang='lat' dir='ltr'><strong>id</strong></span> <span class='ocrx_word' id='word_1_448' title='bbox 345 1651 385 1675; x_wconf 87' lang='lat' dir='ltr'><strong>est</strong></span> <span class='ocrx_word' id='word_1_449' title='bbox 411 1646 486 1674; x_wconf 82' lang='lat' dir='ltr'><strong>Petri</strong></span> <span class='ocrx_word' id='word_1_450' title='bbox 501 1645 616 1682; x_wconf 81' lang='lat' dir='ltr'><strong>apostoli</strong></span> <span class='ocrx_word' id='word_1_451' title='bbox 644 1644 817 1674; x_wconf 82' lang='lat' dir='ltr'><strong>ltinerarium</strong></span> 
     </span>
    </p>
   </div>
   <div class='ocr_carea' id='block_1_65' title="bbox 19 1690 814 1729">
    <p class='ocr_par' dir='ltr' id='par_1_65' title="bbox 19 1690 814 1729">
     <span class='ocr_line' id='line_1_65' title="bbox 19 1690 814 1729; baseline -0.001 -10"><span class='ocrx_word' id='word_1_452' title='bbox 19 1698 43 1719; x_wconf 87' lang='lat' dir='ltr'><strong>et</strong></span> <span class='ocrx_word' id='word_1_453' title='bbox 56 1691 261 1729; x_wconf 83' lang='lat' dir='ltr'><strong>Apostolorum</strong></span> <span class='ocrx_word' id='word_1_454' title='bbox 270 1698 393 1719; x_wconf 80' lang='lat' dir='ltr'><strong>canones</strong></span> <span class='ocrx_word' id='word_1_455' title='bbox 410 1695 548 1718; x_wconf 83' lang='lat' dir='ltr'><strong>numerant</strong></span> <span class='ocrx_word' id='word_1_456' title='bbox 563 1690 658 1718; x_wconf 84' lang='lat' dir='ltr'><strong>Patres</strong></span> <span class='ocrx_word' id='word_1_457' title='bbox 669 1690 736 1717; x_wconf 83' lang='lat' dir='ltr'><strong>inter</strong></span> <span class='ocrx_word' id='word_1_458' title='bbox 749 1699 814 1726; x_wconf 88' lang='lat' dir='ltr'><strong>apo-</strong></span> 
     </span>
    </p>
   </div>
   <div class='ocr_carea' id='block_1_66' title="bbox 18 1736 814 1772">
    <p class='ocr_par' dir='ltr' id='par_1_66' title="bbox 18 1736 814 1772">
     <span class='ocr_line' id='line_1_66' title="bbox 18 1736 814 1772; baseline -0.001 -8"><span class='ocrx_word' id='word_1_459' title='bbox 18 1737 142 1772; x_wconf 75' lang='lat' dir='ltr'><strong>crypha,</strong></span> <span class='ocrx_word' id='word_1_460' title='bbox 183 1737 296 1770; x_wconf 70' lang='lat' dir='ltr'><strong>exceptis</strong></span> <span class='ocrx_word' id='word_1_461' title='bbox 326 1743 342 1762; x_wconf 83' lang='grc' dir='ltr'>ι.</span> <span class='ocrx_word' id='word_1_462' title='bbox 376 1736 518 1771; x_wconf 78' lang='lat' dir='ltr'><strong>capitulis,</strong></span> <span class='ocrx_word' id='word_1_463' title='bbox 558 1744 616 1771; x_wconf 71' lang='lat' dir='ltr'><strong>quae</strong></span> <span class='ocrx_word' id='word_1_464' title='bbox 645 1736 814 1763; x_wconf 83' lang='lat' dir='ltr'><strong>decreverant</strong></span> 
     </span>
    </p>
   </div>
   <div class='ocr_carea' id='block_1_67' title="bbox 17 1781 812 1817">
    <p class='ocr_par' dir='ltr' id='par_1_67' title="bbox 17 1781 812 1817">
     <span class='ocr_line' id='line_1_67' title="bbox 17 1781 812 1817; baseline -0.001 -7"><span class='ocrx_word' id='word_1_465' title='bbox 17 1783 182 1811; x_wconf 68' lang='lat' dir='ltr'><strong>orthodoxa</strong></span> <span class='ocrx_word' id='word_1_466' title='bbox 219 1781 281 1816; x_wconf 76' lang='lat' dir='ltr'><strong>ﬁdei</strong></span> <span class='ocrx_word' id='word_1_467' title='bbox 320 1781 496 1817; x_wconf 81' lang='lat' dir='ltr'><strong>adjungenda.</strong></span> <span class='ocrx_word' id='word_1_468' title='bbox 527 1781 560 1809; x_wconf 87' lang='lat' dir='ltr'><strong>Et</strong></span> <span class='ocrx_word' id='word_1_469' title='bbox 601 1781 658 1809; x_wconf 61' lang='lat' dir='ltr'><strong>haec</strong></span> <span class='ocrx_word' id='word_1_470' title='bbox 702 1782 812 1817; x_wconf 89' lang='lat' dir='ltr'><strong>quidem</strong></span> 
     </span>
    </p>
   </div>
   <div class='ocr_carea' id='block_1_68' title="bbox 17 1826 812 1862">
    <p class='ocr_par' dir='ltr' id='par_1_68' title="bbox 17 1826 812 1862">
     <span class='ocr_line' id='line_1_68' title="bbox 17 1826 812 1862; baseline 0.001 -7"><span class='ocrx_word' id='word_1_471' title='bbox 17 1829 52 1856; x_wconf 88' lang='lat' dir='ltr'><strong>de</strong></span> <span class='ocrx_word' id='word_1_472' title='bbox 77 1827 207 1855; x_wconf 86' lang='lat' dir='ltr'><strong>Ecclesia</strong></span> <span class='ocrx_word' id='word_1_473' title='bbox 231 1826 400 1856; x_wconf 87' lang='lat' dir='ltr'><strong>Occidentali</strong></span> <span class='ocrx_word' id='word_1_474' title='bbox 427 1834 443 1854; x_wconf 85' lang='grc' dir='ltr'><strong>ι.</strong></span> <span class='ocrx_word' id='word_1_475' title='bbox 474 1827 658 1862; x_wconf 90' lang='lat' dir='ltr'><strong>apostolorum</strong></span> <span class='ocrx_word' id='word_1_476' title='bbox 692 1834 812 1856; x_wconf 87' lang='lat' dir='ltr'><strong>canones</strong></span> 
     </span>
    </p>
   </div>
   <div class='ocr_carea' id='block_1_69' title="bbox 17 1872 811 1910">
    <p class='ocr_par' dir='ltr' id='par_1_69' title="bbox 17 1872 811 1910">
     <span class='ocr_line' id='line_1_69' title="bbox 17 1872 811 1910; baseline 0 -8"><span class='ocrx_word' id='word_1_477' title='bbox 17 1883 76 1902; x_wconf 90' lang='lat' dir='ltr'><strong>non</strong></span> <span class='ocrx_word' id='word_1_478' title='bbox 107 1873 291 1910; x_wconf 74' lang='lat' dir='ltr'><strong>improbante,</strong></span> <span class='ocrx_word' id='word_1_479' title='bbox 324 1874 372 1902; x_wconf 86' lang='lat' dir='ltr'><strong>sed</strong></span> <span class='ocrx_word' id='word_1_480' title='bbox 401 1873 510 1901; x_wconf 86' lang='lat' dir='ltr'><strong>demum</strong></span> <span class='ocrx_word' id='word_1_481' title='bbox 536 1880 585 1908; x_wconf 87' lang='lat' dir='ltr'><strong>per</strong></span> <span class='ocrx_word' id='word_1_482' title='bbox 617 1872 763 1908; x_wconf 85' lang='lat' dir='ltr'><strong>pontiﬁces</strong></span> <span class='ocrx_word' id='word_1_483' title='bbox 783 1879 811 1902; x_wconf 89' lang='lat' dir='ltr'><strong>et</strong></span> 
     </span>
    </p>
   </div>
   <div class='ocr_carea' id='block_1_70' title="bbox 867 1551 1651 1593">
    <p class='ocr_par' dir='ltr' id='par_1_70' title="bbox 867 1551 1651 1593">
     <span class='ocr_line' id='line_1_70' title="bbox 867 1551 1651 1593; baseline 0.01 -15"><span class='ocrx_word' id='word_1_484' title='bbox 867 1551 952 1584; x_wconf 89' lang='lat' dir='ltr'><strong>tione,</strong></span> <span class='ocrx_word' id='word_1_485' title='bbox 966 1553 1062 1580; x_wconf 88' lang='lat' dir='ltr'><strong>scribit</strong></span> <span class='ocrx_word' id='word_1_486' title='bbox 1075 1562 1082 1581; x_wconf 88' lang='lat'>:</span> <span class='ocrx_word' id='word_1_487' title='bbox 1097 1554 1226 1589; x_wconf 81' lang='lat' dir='ltr'><strong>Canones,</strong></span> <span class='ocrx_word' id='word_1_488' title='bbox 1241 1557 1286 1591; x_wconf 87' lang='lat' dir='ltr'><strong>qui</strong></span> <span class='ocrx_word' id='word_1_489' title='bbox 1301 1555 1351 1584; x_wconf 87' lang='lat' dir='ltr'><strong>SS.</strong></span> <span class='ocrx_word' id='word_1_490' title='bbox 1366 1558 1545 1593; x_wconf 83' lang='lat' dir='ltr'><strong>apostolorum</strong></span> <span class='ocrx_word' id='word_1_491' title='bbox 1557 1558 1651 1586; x_wconf 80' lang='lat' dir='ltr'><strong>dicun-</strong></span> 
     </span>
    </p>
   </div>
   <div class='ocr_carea' id='block_1_71' title="bbox 868 1597 1652 1641">
    <p class='ocr_par' dir='ltr' id='par_1_71' title="bbox 868 1597 1652 1641">
     <span class='ocr_line' id='line_1_71' title="bbox 868 1597 1652 1641; baseline 0.011 -17"><span class='ocrx_word' id='word_1_492' title='bbox 868 1601 923 1630; x_wconf 84' lang='lat' dir='ltr'><strong>tur,</strong></span> <span class='ocrx_word' id='word_1_493' title='bbox 938 1597 1079 1627; x_wconf 82' lang='lat' dir='ltr'><strong>Clementis</strong></span> <span class='ocrx_word' id='word_1_494' title='bbox 1100 1608 1178 1634; x_wconf 85' lang='lat' dir='ltr'><strong>opera</strong></span> <span class='ocrx_word' id='word_1_495' title='bbox 1194 1602 1296 1630; x_wconf 86' lang='lat' dir='ltr'><strong>collecti</strong></span> <span class='ocrx_word' id='word_1_496' title='bbox 1316 1611 1415 1632; x_wconf 80' lang='lat' dir='ltr'><strong>unv.</strong></span> <span class='ocrx_word' id='word_1_497' title='bbox 1439 1604 1472 1632; x_wconf 89' lang='lat' dir='ltr'><strong>Et</strong></span> <span class='ocrx_word' id='word_1_498' title='bbox 1495 1603 1597 1641; x_wconf 85' lang='lat' dir='ltr'><strong>quibus</strong></span> <span class='ocrx_word' id='word_1_499' title='bbox 1610 1605 1652 1632; x_wconf 83' lang='lat' dir='ltr'><strong>vi-</strong></span> 
     </span>
    </p>
   </div>
   <div class='ocr_carea' id='block_1_72' title="bbox 863 1645 1646 1683">
    <p class='ocr_par' dir='ltr' id='par_1_72' title="bbox 863 1645 1646 1683">
     <span class='ocr_line' id='line_1_72' title="bbox 863 1645 1646 1683; baseline 0 -9"><span class='ocrx_word' id='word_1_500' title='bbox 863 1646 929 1674; x_wconf 87' lang='lat' dir='ltr'><strong>dere</strong></span> <span class='ocrx_word' id='word_1_501' title='bbox 943 1646 1007 1674; x_wconf 86' lang='lat' dir='ltr'><strong>licet</strong></span> <span class='ocrx_word' id='word_1_502' title='bbox 1020 1645 1173 1675; x_wconf 84' lang='lat' dir='ltr'><strong>Orientales</strong></span> <span class='ocrx_word' id='word_1_503' title='bbox 1185 1647 1286 1683; x_wconf 90' lang='lat' dir='ltr'><strong>passim</strong></span> <span class='ocrx_word' id='word_1_504' title='bbox 1298 1654 1395 1674; x_wconf 79' lang='lat' dir='ltr'><strong>omnes</strong></span> <span class='ocrx_word' id='word_1_505' title='bbox 1414 1654 1504 1675; x_wconf 72' lang='lat' dir='ltr'><strong>nxxxv</strong></span> <span class='ocrx_word' id='word_1_506' title='bbox 1525 1655 1646 1675; x_wconf 89' lang='lat' dir='ltr'><strong>canones</strong></span> 
     </span>
    </p>
   </div>
   <div class='ocr_carea' id='block_1_73' title="bbox 863 1691 1647 1729">
    <p class='ocr_par' dir='ltr' id='par_1_73' title="bbox 863 1691 1647 1729">
     <span class='ocr_line' id='line_1_73' title="bbox 863 1691 1647 1729; baseline 0.003 -11"><span class='ocrx_word' id='word_1_507' title='bbox 863 1691 1020 1724; x_wconf 86' lang='lat' dir='ltr'><strong>admisisse,</strong></span> <span class='ocrx_word' id='word_1_508' title='bbox 1050 1693 1096 1727; x_wconf 85' lang='lat' dir='ltr'><strong>qui</strong></span> <span class='ocrx_word' id='word_1_509' title='bbox 1112 1693 1146 1720; x_wconf 91' lang='lat' dir='ltr'><strong>de</strong></span> <span class='ocrx_word' id='word_1_510' title='bbox 1172 1693 1255 1725; x_wconf 84' lang='lat' dir='ltr'><strong>facto,</strong></span> <span class='ocrx_word' id='word_1_511' title='bbox 1270 1697 1332 1729; x_wconf 89' lang='lat' dir='ltr'><strong>post</strong></span> <span class='ocrx_word' id='word_1_512' title='bbox 1345 1693 1485 1721; x_wconf 88' lang='lat' dir='ltr'><strong>decretum</strong></span> <span class='ocrx_word' id='word_1_513' title='bbox 1512 1693 1647 1726; x_wconf 84' lang='lat' dir='ltr'><strong>Gratiani,</strong></span> 
     </span>
    </p>
   </div>
   <div class='ocr_carea' id='block_1_74' title="bbox 862 1735 1650 1774">
    <p class='ocr_par' dir='ltr' id='par_1_74' title="bbox 862 1735 1650 1774">
     <span class='ocr_line' id='line_1_74' title="bbox 862 1735 1650 1774; baseline 0.004 -12"><span class='ocrx_word' id='word_1_514' title='bbox 862 1735 943 1771; x_wconf 82' lang='lat' dir='ltr'><strong>jussu</strong></span> <span class='ocrx_word' id='word_1_515' title='bbox 973 1736 1096 1772; x_wconf 72' lang='lat' dir='ltr'><strong>Gregorii</strong></span> <span class='ocrx_word' id='word_1_516' title='bbox 1123 1737 1182 1765; x_wconf 75' lang='lat' dir='ltr'><strong>Xlll</strong></span> <span class='ocrx_word' id='word_1_517' title='bbox 1211 1739 1325 1771; x_wconf 88' lang='lat' dir='ltr'><strong>editum,</strong></span> <span class='ocrx_word' id='word_1_518' title='bbox 1352 1738 1536 1774; x_wconf 90' lang='lat' dir='ltr'><strong>reperiuntur,</strong></span> <span class='ocrx_word' id='word_1_519' title='bbox 1566 1738 1606 1764; x_wconf 90' lang='lat' dir='ltr'><strong>uti</strong></span> <span class='ocrx_word' id='word_1_520' title='bbox 1622 1742 1650 1765; x_wconf 87' lang='lat' dir='ltr'><strong>et</strong></span> 
     </span>
    </p>
   </div>
   <div class='ocr_carea' id='block_1_75' title="bbox 864 1782 1650 1816">
    <p class='ocr_par' dir='ltr' id='par_1_75' title="bbox 864 1782 1650 1816">
     <span class='ocr_line' id='line_1_75' title="bbox 864 1782 1650 1816; baseline 0.001 -8"><span class='ocrx_word' id='word_1_521' title='bbox 864 1783 966 1816; x_wconf 88' lang='lat' dir='ltr'><strong>passim</strong></span> <span class='ocrx_word' id='word_1_522' title='bbox 981 1782 1009 1809; x_wconf 90' lang='lat' dir='ltr'><strong>in</strong></span> <span class='ocrx_word' id='word_1_523' title='bbox 1024 1783 1153 1811; x_wconf 88' lang='lat' dir='ltr'><strong>omnibtts</strong></span> <span class='ocrx_word' id='word_1_524' title='bbox 1171 1782 1357 1811; x_wconf 87' lang='lat' dir='ltr'><strong>Conciliorum</strong></span> <span class='ocrx_word' id='word_1_525' title='bbox 1373 1783 1552 1811; x_wconf 79' lang='lat' dir='ltr'><strong>editionibus.</strong></span> <span class='ocrx_word' id='word_1_526' title='bbox 1568 1782 1650 1810; x_wconf 84' lang='lat' dir='ltr'><strong>Plura</strong></span> 
     </span>
    </p>
   </div>
   <div class='ocr_carea' id='block_1_76' title="bbox 865 1826 1646 1857">
    <p class='ocr_par' dir='ltr' id='par_1_76' title="bbox 865 1826 1646 1857">
     <span class='ocr_line' id='line_1_76' title="bbox 865 1826 1646 1857; baseline 0 -2"><span class='ocrx_word' id='word_1_527' title='bbox 865 1826 1061 1857; x_wconf 86' lang='lat' dir='ltr'><strong>Schclstratius</strong></span> <span class='ocrx_word' id='word_1_528' title='bbox 1076 1829 1203 1857; x_wconf 86' lang='lat' dir='ltr'><strong>laudatus</strong></span> <span class='ocrx_word' id='word_1_529' title='bbox 1229 1833 1256 1857; x_wconf 90' lang='lat' dir='ltr'><strong>et</strong></span> <span class='ocrx_word' id='word_1_530' title='bbox 1280 1829 1385 1857; x_wconf 86' lang='lat' dir='ltr'><strong>Natalis</strong></span> <span class='ocrx_word' id='word_1_531' title='bbox 1399 1828 1554 1856; x_wconf 79' lang='lat' dir='ltr'><strong>Alexander</strong></span> <span class='ocrx_word' id='word_1_532' title='bbox 1578 1827 1646 1855; x_wconf 89' lang='lat' dir='ltr'><strong>diss.</strong></span> 
     </span>
    </p>
   </div>
   <div class='ocr_carea' id='block_1_77' title="bbox 864 1874 1213 1907">
    <p class='ocr_par' dir='ltr' id='par_1_77' title="bbox 864 1874 1213 1907">
     <span class='ocr_line' id='line_1_77' title="bbox 864 1874 1213 1907; baseline 0.009 -6"><span class='ocrx_word' id='word_1_533' title='bbox 864 1874 908 1907; x_wconf 80' lang='lat' dir='ltr'><strong>l7,</strong></span> <span class='ocrx_word' id='word_1_534' title='bbox 929 1875 1021 1902; x_wconf 70' lang='lat' dir='ltr'><strong>saeculi</strong></span> <span class='ocrx_word' id='word_1_535' title='bbox 1038 1885 1047 1905; x_wconf 80' lang='grc' dir='ltr'>ι</span> <span class='ocrx_word' id='word_1_536' title='bbox 1074 1875 1213 1904; x_wconf 70' lang='lat' dir='ltr'><strong>Ecclesiae.</strong></span> 
     </span>
    </p>
   </div>
   <div class='ocr_carea' id='block_1_78' title="bbox 305 2098 1370 2149">
    <p class='ocr_par' dir='ltr' id='par_1_78' title="bbox 305 2098 1370 2149">
     <span class='ocr_line' id='line_1_78' title="bbox 305 2098 1370 2149; baseline 0 -5"><span class='ocrx_word' id='word_1_537' title='bbox 305 2098 368 2144; x_wconf 91' lang='lat' dir='ltr'><strong>IN</strong></span> <span class='ocrx_word' id='word_1_538' title='bbox 406 2098 932 2149; x_wconf 85' lang='lat' dir='ltr'><strong>CONSTITUTIONES</strong></span> <span class='ocrx_word' id='word_1_539' title='bbox 966 2098 1370 2146; x_wconf 86' lang='lat' dir='ltr'><strong>APOSTOLICAS</strong></span> 
     </span>
    </p>
   </div>
   <div class='ocr_carea' id='block_1_79' title="bbox 437 2194 1277 2229">
    <p class='ocr_par' dir='ltr' id='par_1_79' title="bbox 437 2194 1277 2229">
     <span class='ocr_line' id='line_1_79' title="bbox 437 2194 1277 2229; baseline 0.005 -5"><span class='ocrx_word' id='word_1_540' title='bbox 437 2194 675 2226; x_wconf 82' lang='lat' dir='ltr'><strong>ADNOTATIO</strong></span> <span class='ocrx_word' id='word_1_541' title='bbox 694 2194 854 2226; x_wconf 82' lang='lat' dir='ltr'><strong>CRITICA</strong></span> <span class='ocrx_word' id='word_1_542' title='bbox 869 2196 921 2226; x_wconf 91' lang='lat' dir='ltr'><strong>ET</strong></span> <span class='ocrx_word' id='word_1_543' title='bbox 944 2195 1277 2229; x_wconf 78' lang='lat' dir='ltr'><strong>CHBONOLOGICA.</strong></span> 
     </span>
    </p>
   </div>
   <div class='ocr_carea' id='block_1_80' title="bbox 409 2274 1273 2311">
    <p class='ocr_par' dir='ltr' id='par_1_80' title="bbox 409 2274 1273 2311">
     <span class='ocr_line' id='line_1_80' title="bbox 409 2274 1273 2311; baseline 0.003 -9"><span class='ocrx_word' id='word_1_544' title='bbox 409 2274 517 2311; x_wconf 74' lang='lat' dir='ltr'><strong>(MANSI,</strong></span> <span class='ocrx_word' id='word_1_545' title='bbox 547 2274 664 2308; x_wconf 85' lang='lat' dir='ltr'><strong>Concit.,</strong></span> <span class='ocrx_word' id='word_1_546' title='bbox 689 2275 712 2308; x_wconf 84' lang='lat' dir='ltr'><strong>l,</strong></span> <span class='ocrx_word' id='word_1_547' title='bbox 739 2275 814 2308; x_wconf 66' lang='lat'><strong>254;</strong></span> <span class='ocrx_word' id='word_1_548' title='bbox 843 2275 997 2311; x_wconf 67' lang='lat' dir='ltr'><strong>Florentiae,</strong></span> <span class='ocrx_word' id='word_1_549' title='bbox 1015 2276 1095 2311; x_wconf 74' lang='lat' dir='ltr'><strong>i759,</strong></span> <span class='ocrx_word' id='word_1_550' title='bbox 1121 2277 1150 2305; x_wconf 90' lang='lat' dir='ltr'><strong>in</strong></span> <span class='ocrx_word' id='word_1_551' title='bbox 1184 2277 1273 2311; x_wconf 77' lang='lat' dir='ltr'><strong>folio.)</strong></span> 
     </span>
    </p>
   </div>
   <div class='ocr_carea' id='block_1_81' title="bbox 48 2356 1641 2394">
    <p class='ocr_par' dir='ltr' id='par_1_81' title="bbox 48 2356 1641 2394">
     <span class='ocr_line' id='line_1_81' title="bbox 48 2356 1641 2394; baseline -0.001 -8"><span class='ocrx_word' id='word_1_552' title='bbox 48 2357 286 2391; x_wconf 80' lang='lat' dir='ltr'><strong>Constitutiones,</strong></span> <span class='ocrx_word' id='word_1_553' title='bbox 306 2364 376 2393; x_wconf 84' lang='lat' dir='ltr'><strong>quas</strong></span> <span class='ocrx_word' id='word_1_554' title='bbox 398 2361 497 2385; x_wconf 82' lang='lat' dir='ltr'><strong>vocant</strong></span> <span class='ocrx_word' id='word_1_555' title='bbox 522 2356 688 2392; x_wconf 80' lang='lat' dir='ltr'><strong>apOstolicas</strong></span> <span class='ocrx_word' id='word_1_556' title='bbox 699 2378 707 2391; x_wconf 88' lang='lat'><strong>,</strong></span> <span class='ocrx_word' id='word_1_557' title='bbox 731 2365 802 2393; x_wconf 86' lang='lat' dir='ltr'><strong>opus</strong></span> <span class='ocrx_word' id='word_1_558' title='bbox 819 2361 842 2388; x_wconf 88' lang='lat' dir='ltr'><strong>D</strong></span> <span class='ocrx_word' id='word_1_559' title='bbox 857 2358 950 2394; x_wconf 88' lang='lat' dir='ltr'><strong>populi</strong></span> <span class='ocrx_word' id='word_1_560' title='bbox 968 2358 1109 2393; x_wconf 79' lang='lat' dir='ltr'><strong>praemissa</strong></span> <span class='ocrx_word' id='word_1_561' title='bbox 1121 2357 1321 2390; x_wconf 90' lang='lat' dir='ltr'><strong>tantummodo,</strong></span> <span class='ocrx_word' id='word_1_562' title='bbox 1337 2360 1365 2385; x_wconf 87' lang='lat' dir='ltr'><strong>et</strong></span> <span class='ocrx_word' id='word_1_563' title='bbox 1378 2360 1475 2392; x_wconf 88' lang='lat' dir='ltr'><strong>sponte</strong></span> <span class='ocrx_word' id='word_1_564' title='bbox 1488 2356 1641 2390; x_wconf 73' lang='lat' dir='ltr'><strong>olierenda,</strong></span> 
     </span>
    </p>
   </div>
   <div class='ocr_carea' id='block_1_82' title="bbox 10 2403 803 2440">
    <p class='ocr_par' dir='ltr' id='par_1_82' title="bbox 10 2403 803 2440">
     <span class='ocr_line' id='line_1_82' title="bbox 10 2403 803 2440; baseline 0 -8"><span class='ocrx_word' id='word_1_565' title='bbox 10 2413 78 2434; x_wconf 76' lang='lat' dir='ltr'><strong>esse</strong></span> <span class='ocrx_word' id='word_1_566' title='bbox 92 2404 230 2440; x_wconf 81' lang='lat' dir='ltr'><strong>spurium,</strong></span> <span class='ocrx_word' id='word_1_567' title='bbox 241 2403 277 2430; x_wconf 86' lang='lat' dir='ltr'><strong>ab</strong></span> <span class='ocrx_word' id='word_1_568' title='bbox 289 2403 334 2436; x_wconf 91' lang='lat' dir='ltr'><strong>iis,</strong></span> <span class='ocrx_word' id='word_1_569' title='bbox 347 2403 446 2439; x_wconf 91' lang='lat' dir='ltr'><strong>quibus</strong></span> <span class='ocrx_word' id='word_1_570' title='bbox 459 2403 646 2436; x_wconf 87' lang='lat' dir='ltr'><strong>ascribuntur,</strong></span> <span class='ocrx_word' id='word_1_571' title='bbox 660 2404 803 2439; x_wconf 87' lang='lat' dir='ltr'><strong>apostolis,</strong></span> 
     </span>
    </p>
   </div>
   <div class='ocr_carea' id='block_1_83' title="bbox 10 2449 801 2485">
    <p class='ocr_par' dir='ltr' id='par_1_83' title="bbox 10 2449 801 2485">
     <span class='ocr_line' id='line_1_83' title="bbox 10 2449 801 2485; baseline -0.001 -7"><span class='ocrx_word' id='word_1_572' title='bbox 10 2456 73 2478; x_wconf 74' lang='lat' dir='ltr'><strong>tum</strong></span> <span class='ocrx_word' id='word_1_573' title='bbox 87 2455 118 2478; x_wconf 82' lang='lat' dir='ltr'><strong>et</strong></span> <span class='ocrx_word' id='word_1_574' title='bbox 132 2449 169 2477; x_wconf 84' lang='lat' dir='ltr'><strong>ab</strong></span> <span class='ocrx_word' id='word_1_575' title='bbox 184 2449 245 2485; x_wconf 86' lang='lat' dir='ltr'><strong>ipsa</strong></span> <span class='ocrx_word' id='word_1_576' title='bbox 259 2450 445 2485; x_wconf 90' lang='lat' dir='ltr'><strong>apostolorum</strong></span> <span class='ocrx_word' id='word_1_577' title='bbox 460 2453 539 2477; x_wconf 66' lang='lat' dir='ltr'><strong>aetate</strong></span> <span class='ocrx_word' id='word_1_578' title='bbox 551 2450 660 2484; x_wconf 87' lang='lat' dir='ltr'><strong>penitus</strong></span> <span class='ocrx_word' id='word_1_579' title='bbox 671 2450 801 2482; x_wconf 88' lang='lat' dir='ltr'><strong>alienum,</strong></span> 
     </span>
    </p>
   </div>
   <div class='ocr_carea' id='block_1_84' title="bbox 10 2495 804 2531">
    <p class='ocr_par' dir='ltr' id='par_1_84' title="bbox 10 2495 804 2531">
     <span class='ocr_line' id='line_1_84' title="bbox 10 2495 804 2531; baseline -0.001 -7"><span class='ocrx_word' id='word_1_580' title='bbox 10 2504 98 2524; x_wconf 84' lang='lat' dir='ltr'><strong>nemo</strong></span> <span class='ocrx_word' id='word_1_581' title='bbox 108 2495 255 2531; x_wconf 72' lang='lat' dir='ltr'><strong>theologus</strong></span> <span class='ocrx_word' id='word_1_582' title='bbox 269 2495 350 2523; x_wconf 88' lang='lat' dir='ltr'><strong>modo</strong></span> <span class='ocrx_word' id='word_1_583' title='bbox 364 2495 471 2530; x_wconf 80' lang='lat' dir='ltr'><strong>ignorat</strong></span> <span class='ocrx_word' id='word_1_584' title='bbox 487 2496 529 2523; x_wconf 89' lang='lat' dir='ltr'><strong>vel</strong></span> <span class='ocrx_word' id='word_1_585' title='bbox 546 2495 685 2523; x_wconf 83' lang='lat' dir='ltr'><strong>dillitetur.</strong></span> <span class='ocrx_word' id='word_1_586' title='bbox 698 2495 804 2529; x_wconf 80' lang='lat' dir='ltr'><strong>Quibus</strong></span> 
     </span>
    </p>
   </div>
   <div class='ocr_carea' id='block_1_85' title="bbox 8 2541 803 2576">
    <p class='ocr_par' dir='ltr' id='par_1_85' title="bbox 8 2541 803 2576">
     <span class='ocr_line' id='line_1_85' title="bbox 8 2541 803 2576; baseline 0 -6"><span class='ocrx_word' id='word_1_587' title='bbox 8 2543 57 2571; x_wconf 75' lang='lat' dir='ltr'><strong>vel</strong></span> <span class='ocrx_word' id='word_1_588' title='bbox 77 2541 229 2570; x_wconf 71' lang='lat' dir='ltr'><strong>silentibus</strong></span> <span class='ocrx_word' id='word_1_589' title='bbox 243 2541 286 2569; x_wconf 80' lang='lat' dir='ltr'><strong>vel</strong></span> <span class='ocrx_word' id='word_1_590' title='bbox 303 2541 550 2574; x_wconf 89' lang='lat' dir='ltr'><strong>dissimulantibus,</strong></span> <span class='ocrx_word' id='word_1_591' title='bbox 568 2549 612 2569; x_wconf 86' lang='lat' dir='ltr'><strong>res</strong></span> <span class='ocrx_word' id='word_1_592' title='bbox 632 2546 722 2570; x_wconf 88' lang='lat' dir='ltr'><strong>tamen</strong></span> <span class='ocrx_word' id='word_1_593' title='bbox 744 2542 803 2576; x_wconf 90' lang='lat' dir='ltr'><strong>ipsa</strong></span> 
     </span>
    </p>
   </div>
   <div class='ocr_carea' id='block_1_86' title="bbox 8 2588 802 2625">
    <p class='ocr_par' dir='ltr' id='par_1_86' title="bbox 8 2588 802 2625">
     <span class='ocr_line' id='line_1_86' title="bbox 8 2588 802 2625; baseline -0.001 -8"><span class='ocrx_word' id='word_1_594' title='bbox 8 2597 63 2625; x_wconf 78' lang='lat' dir='ltr'><strong>per</strong></span> <span class='ocrx_word' id='word_1_595' title='bbox 78 2595 111 2617; x_wconf 71' lang='lat' dir='ltr'><strong>se</strong></span> <span class='ocrx_word' id='word_1_596' title='bbox 123 2589 293 2624; x_wconf 80' lang='lat' dir='ltr'><strong>loqueretur,</strong></span> <span class='ocrx_word' id='word_1_597' title='bbox 309 2596 370 2616; x_wconf 91' lang='lat' dir='ltr'><strong>cum</strong></span> <span class='ocrx_word' id='word_1_598' title='bbox 386 2588 477 2624; x_wconf 87' lang='lat' dir='ltr'><strong>operis</strong></span> <span class='ocrx_word' id='word_1_599' title='bbox 492 2588 566 2616; x_wconf 90' lang='lat' dir='ltr'><strong>illius</strong></span> <span class='ocrx_word' id='word_1_600' title='bbox 579 2592 676 2616; x_wconf 85' lang='lat' dir='ltr'><strong>auctor</strong></span> <span class='ocrx_word' id='word_1_601' title='bbox 692 2588 802 2624; x_wconf 83' lang='lat' dir='ltr'><strong>ineptus</strong></span> 
     </span>
    </p>
   </div>
   <div class='ocr_carea' id='block_1_87' title="bbox 6 2629 801 2670">
    <p class='ocr_par' dir='ltr' id='par_1_87' title="bbox 6 2629 801 2670">
     <span class='ocr_line' id='line_1_87' title="bbox 6 2629 801 2670; baseline -0.003 -7"><span class='ocrx_word' id='word_1_602' title='bbox 6 2636 48 2663; x_wconf 79' lang='lat' dir='ltr'><strong>sit</strong></span> <span class='ocrx_word' id='word_1_603' title='bbox 67 2629 141 2663; x_wconf 75' lang='lat' dir='ltr'><strong>adeo</strong></span> <span class='ocrx_word' id='word_1_604' title='bbox 157 2634 307 2667; x_wconf 76' lang='lat' dir='ltr'><strong>interdum,</strong></span> <span class='ocrx_word' id='word_1_605' title='bbox 331 2638 361 2662; x_wconf 88' lang='lat' dir='ltr'><strong>ut</strong></span> <span class='ocrx_word' id='word_1_606' title='bbox 382 2635 416 2662; x_wconf 83' lang='lat' dir='ltr'><strong>ab</strong></span> <span class='ocrx_word' id='word_1_607' title='bbox 438 2635 635 2670; x_wconf 87' lang='lat' dir='ltr'><strong>apostolorum,</strong></span> <span class='ocrx_word' id='word_1_608' title='bbox 655 2642 737 2669; x_wconf 88' lang='lat' dir='ltr'><strong>quam</strong></span> <span class='ocrx_word' id='word_1_609' title='bbox 759 2633 801 2661; x_wconf 80' lang='lat' dir='ltr'><strong>af-</strong></span> 
     </span>
    </p>
   </div>
   <div class='ocr_carea' id='block_1_88' title="bbox 7 2679 797 2716">
    <p class='ocr_par' dir='ltr' id='par_1_88' title="bbox 7 2679 797 2716">
     <span class='ocr_line' id='line_1_88' title="bbox 7 2679 797 2716; baseline -0.003 -7"><span class='ocrx_word' id='word_1_610' title='bbox 7 2682 118 2712; x_wconf 60' lang='lat' dir='ltr'><strong>fectat.</strong></span> <span class='ocrx_word' id='word_1_611' title='bbox 141 2681 278 2716; x_wconf 63' lang='lat' dir='ltr'><strong>gravitate</strong></span> <span class='ocrx_word' id='word_1_612' title='bbox 299 2688 329 2708; x_wconf 89' lang='lat' dir='ltr'><strong>se</strong></span> <span class='ocrx_word' id='word_1_613' title='bbox 350 2681 460 2716; x_wconf 86' lang='lat' dir='ltr'><strong>penitus</strong></span> <span class='ocrx_word' id='word_1_614' title='bbox 481 2680 641 2716; x_wconf 73' lang='lat' dir='ltr'><strong>degenerem</strong></span> <span class='ocrx_word' id='word_1_615' title='bbox 661 2679 797 2707; x_wconf 85' lang='lat' dir='ltr'><strong>ostendat.</strong></span> 
     </span>
    </p>
   </div>
   <div class='ocr_carea' id='block_1_89' title="bbox 4 2725 801 2763">
    <p class='ocr_par' dir='ltr' id='par_1_89' title="bbox 4 2725 801 2763">
     <span class='ocr_line' id='line_1_89' title="bbox 4 2725 801 2763; baseline -0.003 -7"><span class='ocrx_word' id='word_1_616' title='bbox 4 2726 141 2756; x_wconf 61' lang='lat' dir='ltr'><strong>Gem</strong></span> <span class='ocrx_word' id='word_1_617' title='bbox 152 2731 195 2756; x_wconf 80' lang='lat' dir='ltr'><strong>est</strong></span> <span class='ocrx_word' id='word_1_618' title='bbox 206 2727 369 2760; x_wconf 81' lang='lat' dir='ltr'><strong>similitudo,</strong></span> <span class='ocrx_word' id='word_1_619' title='bbox 382 2735 437 2763; x_wconf 87' lang='lat' dir='ltr'><strong>qua</strong></span> <span class='ocrx_word' id='word_1_620' title='bbox 447 2727 502 2755; x_wconf 88' lang='lat' dir='ltr'><strong>Deo</strong></span> <span class='ocrx_word' id='word_1_621' title='bbox 512 2726 599 2759; x_wconf 86' lang='lat' dir='ltr'><strong>Patri,</strong></span> <span class='ocrx_word' id='word_1_622' title='bbox 612 2725 691 2758; x_wconf 83' lang='lat' dir='ltr'><strong>Filio,</strong></span> <span class='ocrx_word' id='word_1_623' title='bbox 704 2730 731 2754; x_wconf 91' lang='lat' dir='ltr'><strong>et</strong></span> <span class='ocrx_word' id='word_1_624' title='bbox 742 2725 801 2762; x_wconf 86' lang='lat' dir='ltr'><strong>Spi-</strong></span> 
     </span>
    </p>
   </div>
   <div class='ocr_carea' id='block_1_90' title="bbox 5 2772 798 2810">
    <p class='ocr_par' dir='ltr' id='par_1_90' title="bbox 5 2772 798 2810">
     <span class='ocr_line' id='line_1_90' title="bbox 5 2772 798 2810; baseline 0 -11"><span class='ocrx_word' id='word_1_625' title='bbox 5 2772 82 2800; x_wconf 76' lang='lat' dir='ltr'><strong>ritui</strong></span> <span class='ocrx_word' id='word_1_626' title='bbox 96 2775 195 2802; x_wconf 73' lang='lat' dir='ltr'><strong>sancto</strong></span> <span class='ocrx_word' id='word_1_627' title='bbox 211 2773 382 2810; x_wconf 82' lang='lat' dir='ltr'><strong>episcopum,</strong></span> <span class='ocrx_word' id='word_1_628' title='bbox 404 2773 593 2809; x_wconf 81' lang='lat' dir='ltr'><strong>presbyterum</strong></span> <span class='ocrx_word' id='word_1_629' title='bbox 608 2776 636 2800; x_wconf 90' lang='lat' dir='ltr'><strong>et</strong></span> <span class='ocrx_word' id='word_1_630' title='bbox 654 2772 798 2800; x_wconf 86' lang='lat' dir='ltr'><strong>diaconum</strong></span> 
     </span>
    </p>
   </div>
   <div class='ocr_carea' id='block_1_91' title="bbox 5 2814 798 2855">
    <p class='ocr_par' dir='ltr' id='par_1_91' title="bbox 5 2814 798 2855">
     <span class='ocr_line' id='line_1_91' title="bbox 5 2814 798 2855; baseline -0.001 -9"><span class='ocrx_word' id='word_1_631' title='bbox 5 2814 159 2854; x_wconf 57' lang='lat' dir='ltr'><strong>conparat</strong></span> <span class='ocrx_word' id='word_1_632' title='bbox 178 2816 230 2848; x_wconf 74' lang='lat' dir='ltr'><strong>tib:</strong></span> <span class='ocrx_word' id='word_1_633' title='bbox 247 2827 280 2853; x_wconf 87' lang='lat' dir='ltr'><strong>tt,</strong></span> <span class='ocrx_word' id='word_1_634' title='bbox 295 2827 356 2855; x_wconf 87' lang='lat' dir='ltr'><strong>cap.</strong></span> <span class='ocrx_word' id='word_1_635' title='bbox 371 2819 418 2849; x_wconf 76' lang='lat'><strong>26.</strong></span> <span class='ocrx_word' id='word_1_636' title='bbox 437 2819 492 2848; x_wconf 84' lang='lat' dir='ltr'><strong>Nec</strong></span> <span class='ocrx_word' id='word_1_637' title='bbox 514 2819 605 2847; x_wconf 87' lang='lat' dir='ltr'><strong>minus</strong></span> <span class='ocrx_word' id='word_1_638' title='bbox 624 2819 720 2854; x_wconf 87' lang='lat' dir='ltr'><strong>ineptit</strong></span> <span class='ocrx_word' id='word_1_639' title='bbox 736 2827 798 2846; x_wconf 94' lang='lat' dir='ltr'><strong>cum</strong></span> 
     </span>
    </p>
   </div>
   <div class='ocr_carea' id='block_1_92' title="bbox 5 2859 797 2902">
    <p class='ocr_par' dir='ltr' id='par_1_92' title="bbox 5 2859 797 2902">
     <span class='ocr_line' id='line_1_92' title="bbox 5 2859 797 2902; baseline 0.001 -9"><span class='ocrx_word' id='word_1_640' title='bbox 5 2866 62 2893; x_wconf 84' lang='lat' dir='ltr'><strong>tib.</strong></span> <span class='ocrx_word' id='word_1_641' title='bbox 76 2867 118 2899; x_wconf 62' lang='lat' dir='ltr'><strong>is;</strong></span> <span class='ocrx_word' id='word_1_642' title='bbox 131 2870 196 2902; x_wconf 80' lang='lat' dir='ltr'><strong>cap.</strong></span> <span class='ocrx_word' id='word_1_643' title='bbox 210 2865 262 2899; x_wconf 67' lang='lat'><strong>.20,</strong></span> <span class='ocrx_word' id='word_1_644' title='bbox 276 2873 370 2895; x_wconf 72' lang='lat' dir='ltr'><strong>vetera</strong></span> <span class='ocrx_word' id='word_1_645' title='bbox 385 2867 519 2895; x_wconf 85' lang='lat' dir='ltr'><strong>sacriﬁcia</strong></span> <span class='ocrx_word' id='word_1_646' title='bbox 540 2859 604 2895; x_wconf 81' lang='lat' dir='ltr'><strong>ante</strong></span> <span class='ocrx_word' id='word_1_647' title='bbox 617 2866 797 2895; x_wconf 85' lang='lat' dir='ltr'><strong>idololatriam</strong></span> 
     </span>
    </p>
   </div>
   <div class='ocr_carea' id='block_1_93' title="bbox 107 2912 357 2944">
    <p class='ocr_par' dir='ltr' id='par_1_93' title="bbox 107 2912 357 2944">
     <span class='ocr_line' id='line_1_93' title="bbox 107 2912 357 2944; baseline 0 0"><span class='ocrx_word' id='word_1_648' title='bbox 107 2912 246 2944; x_wconf 72' lang='grc' dir='ltr'><strong>ΡΑι-ιοι..</strong></span> <span class='ocrx_word' id='word_1_649' title='bbox 269 2913 328 2944; x_wconf 71' lang='lat' dir='ltr'><strong>Gn.</strong></span> <span class='ocrx_word' id='word_1_650' title='bbox 344 2913 357 2944; x_wconf 93' lang='grc' dir='ltr'>ι</span> 
     </span>
    </p>
   </div>
   <div class='ocr_carea' id='block_1_94' title="bbox 856 2404 1643 2440">
    <p class='ocr_par' dir='ltr' id='par_1_94' title="bbox 856 2404 1643 2440">
     <span class='ocr_line' id='line_1_94' title="bbox 856 2404 1643 2440; baseline -0.004 -7"><span class='ocrx_word' id='word_1_651' title='bbox 856 2405 904 2434; x_wconf 88' lang='lat' dir='ltr'><strong>sed</strong></span> <span class='ocrx_word' id='word_1_652' title='bbox 918 2405 1017 2440; x_wconf 89' lang='lat' dir='ltr'><strong>populo</strong></span> <span class='ocrx_word' id='word_1_653' title='bbox 1031 2405 1140 2432; x_wconf 87' lang='lat' dir='ltr'><strong>demum</strong></span> <span class='ocrx_word' id='word_1_654' title='bbox 1169 2405 1198 2432; x_wconf 90' lang='lat' dir='ltr'><strong>in</strong></span> <span class='ocrx_word' id='word_1_655' title='bbox 1219 2404 1324 2432; x_wconf 86' lang='lat' dir='ltr'><strong>crimen</strong></span> <span class='ocrx_word' id='word_1_656' title='bbox 1346 2404 1473 2440; x_wconf 89' lang='lat' dir='ltr'><strong>prolapso</strong></span> <span class='ocrx_word' id='word_1_657' title='bbox 1485 2423 1493 2436; x_wconf 84' lang='lat'><strong>,</strong></span> <span class='ocrx_word' id='word_1_658' title='bbox 1514 2407 1544 2431; x_wconf 91' lang='lat' dir='ltr'><strong>ut</strong></span> <span class='ocrx_word' id='word_1_659' title='bbox 1555 2404 1643 2432; x_wconf 87' lang='lat' dir='ltr'><strong>sacri-</strong></span> 
     </span>
    </p>
   </div>
   <div class='ocr_carea' id='block_1_95' title="bbox 857 2448 1642 2486">
    <p class='ocr_par' dir='ltr' id='par_1_95' title="bbox 857 2448 1642 2486">
     <span class='ocr_line' id='line_1_95' title="bbox 857 2448 1642 2486; baseline -0.003 -8"><span class='ocrx_word' id='word_1_660' title='bbox 857 2449 925 2478; x_wconf 84' lang='lat' dir='ltr'><strong>ﬁciis</strong></span> <span class='ocrx_word' id='word_1_661' title='bbox 954 2458 1055 2478; x_wconf 91' lang='lat' dir='ltr'><strong>numen</strong></span> <span class='ocrx_word' id='word_1_662' title='bbox 1087 2454 1246 2486; x_wconf 74' lang='lat' dir='ltr'><strong>agnosceret</strong></span> <span class='ocrx_word' id='word_1_663' title='bbox 1275 2449 1334 2485; x_wconf 80' lang='lat' dir='ltr'><strong>lege</strong></span> <span class='ocrx_word' id='word_1_664' title='bbox 1366 2449 1520 2484; x_wconf 86' lang='lat' dir='ltr'><strong>injunctum</strong></span> <span class='ocrx_word' id='word_1_665' title='bbox 1555 2448 1642 2477; x_wconf 83' lang='lat' dir='ltr'><strong>fuisse</strong></span> 
     </span>
    </p>
   </div>
   <div class='ocr_carea' id='block_1_96' title="bbox 856 2495 1638 2531">
    <p class='ocr_par' dir='ltr' id='par_1_96' title="bbox 856 2495 1638 2531">
     <span class='ocr_line' id='line_1_96' title="bbox 856 2495 1638 2531; baseline -0.003 -7"><span class='ocrx_word' id='word_1_666' title='bbox 856 2497 961 2524; x_wconf 89' lang='lat' dir='ltr'><strong>statuit.</strong></span> <span class='ocrx_word' id='word_1_667' title='bbox 979 2496 1116 2524; x_wconf 86' lang='lat' dir='ltr'><strong>Privatam</strong></span> <span class='ocrx_word' id='word_1_668' title='bbox 1141 2497 1271 2524; x_wconf 88' lang='lat' dir='ltr'><strong>ultionem</strong></span> <span class='ocrx_word' id='word_1_669' title='bbox 1294 2503 1343 2531; x_wconf 84' lang='lat' dir='ltr'><strong>per</strong></span> <span class='ocrx_word' id='word_1_670' title='bbox 1363 2503 1393 2524; x_wconf 89' lang='lat' dir='ltr'><strong>se</strong></span> <span class='ocrx_word' id='word_1_671' title='bbox 1407 2495 1517 2531; x_wconf 88' lang='lat' dir='ltr'><strong>quidem</strong></span> <span class='ocrx_word' id='word_1_672' title='bbox 1535 2495 1638 2530; x_wconf 81' lang='lat' dir='ltr'><strong>justam</strong></span> 
     </span>
    </p>
   </div>
   <div class='ocr_carea' id='block_1_97' title="bbox 855 2542 1639 2580">
    <p class='ocr_par' dir='ltr' id='par_1_97' title="bbox 855 2542 1639 2580">
     <span class='ocr_line' id='line_1_97' title="bbox 855 2542 1639 2580; baseline -0.004 -9"><span class='ocrx_word' id='word_1_673' title='bbox 855 2544 989 2580; x_wconf 74' lang='lat' dir='ltr'><strong>agnoscit,</strong></span> <span class='ocrx_word' id='word_1_674' title='bbox 1005 2551 1087 2579; x_wconf 90' lang='lat' dir='ltr'><strong>quam</strong></span> <span class='ocrx_word' id='word_1_675' title='bbox 1104 2543 1165 2571; x_wconf 90' lang='lat' dir='ltr'><strong>ideo</strong></span> <span class='ocrx_word' id='word_1_676' title='bbox 1181 2543 1266 2571; x_wconf 75' lang='lat' dir='ltr'><strong>vetuit</strong></span> <span class='ocrx_word' id='word_1_677' title='bbox 1277 2542 1359 2575; x_wconf 88' lang='lat' dir='ltr'><strong>Deus,</strong></span> <span class='ocrx_word' id='word_1_678' title='bbox 1376 2542 1423 2574; x_wconf 90' lang='lat' dir='ltr'><strong>ait,</strong></span> <span class='ocrx_word' id='word_1_679' title='bbox 1440 2549 1473 2569; x_wconf 88' lang='lat' dir='ltr'><strong>eo</strong></span> <span class='ocrx_word' id='word_1_680' title='bbox 1486 2542 1559 2577; x_wconf 90' lang='lat' dir='ltr'><strong>quod</strong></span> <span class='ocrx_word' id='word_1_681' title='bbox 1574 2542 1639 2569; x_wconf 85' lang='lat' dir='ltr'><strong>tole-</strong></span> 
     </span>
    </p>
   </div>
   <div class='ocr_carea' id='block_1_98' title="bbox 855 2588 1636 2623">
    <p class='ocr_par' dir='ltr' id='par_1_98' title="bbox 855 2588 1636 2623">
     <span class='ocr_line' id='line_1_98' title="bbox 855 2588 1636 2623; baseline -0.004 -5"><span class='ocrx_word' id='word_1_682' title='bbox 855 2592 971 2618; x_wconf 80' lang='lat' dir='ltr'><strong>rantiam</strong></span> <span class='ocrx_word' id='word_1_683' title='bbox 1014 2589 1118 2618; x_wconf 90' lang='lat' dir='ltr'><strong>ultione</strong></span> <span class='ocrx_word' id='word_1_684' title='bbox 1135 2589 1346 2623; x_wconf 70' lang='lat' dir='ltr'><strong>prastantiorem</strong></span> <span class='ocrx_word' id='word_1_685' title='bbox 1367 2589 1509 2623; x_wconf 76' lang='lat' dir='ltr'><strong>agnoverit</strong></span> <span class='ocrx_word' id='word_1_686' title='bbox 1530 2588 1578 2616; x_wconf 85' lang='lat' dir='ltr'><strong>lib.</strong></span> <span class='ocrx_word' id='word_1_687' title='bbox 1591 2595 1636 2622; x_wconf 81' lang='lat' dir='ltr'><strong>vt,</strong></span> 
     </span>
    </p>
   </div>
   <div class='ocr_carea' id='block_1_99' title="bbox 852 2634 1637 2670">
    <p class='ocr_par' dir='ltr' id='par_1_99' title="bbox 852 2634 1637 2670">
     <span class='ocr_line' id='line_1_99' title="bbox 852 2634 1637 2670; baseline -0.001 -8"><span class='ocrx_word' id='word_1_688' title='bbox 852 2642 912 2670; x_wconf 88' lang='lat' dir='ltr'><strong>cap.</strong></span> <span class='ocrx_word' id='word_1_689' title='bbox 927 2635 972 2663; x_wconf 73' lang='lat'><strong>25.</strong></span> <span class='ocrx_word' id='word_1_690' title='bbox 988 2634 1017 2662; x_wconf 90' lang='lat' dir='ltr'><strong>Si</strong></span> <span class='ocrx_word' id='word_1_691' title='bbox 1028 2636 1187 2670; x_wconf 88' lang='lat' dir='ltr'><strong>scriptorem</strong></span> <span class='ocrx_word' id='word_1_692' title='bbox 1205 2636 1277 2663; x_wconf 89' lang='lat' dir='ltr'><strong>hunc</strong></span> <span class='ocrx_word' id='word_1_693' title='bbox 1292 2635 1405 2669; x_wconf 87' lang='lat' dir='ltr'><strong>audias,</strong></span> <span class='ocrx_word' id='word_1_694' title='bbox 1422 2634 1550 2662; x_wconf 81' lang='lat' dir='ltr'><strong>Afrorum</strong></span> <span class='ocrx_word' id='word_1_695' title='bbox 1570 2641 1637 2661; x_wconf 89' lang='lat' dir='ltr'><strong>con-</strong></span> 
     </span>
    </p>
   </div>
   <div class='ocr_carea' id='block_1_100' title="bbox 852 2680 1634 2717">
    <p class='ocr_par' dir='ltr' id='par_1_100' title="bbox 852 2680 1634 2717">
     <span class='ocr_line' id='line_1_100' title="bbox 852 2680 1634 2717; baseline -0.001 -9"><span class='ocrx_word' id='word_1_696' title='bbox 852 2681 968 2709; x_wconf 85' lang='lat' dir='ltr'><strong>suetudo</strong></span> <span class='ocrx_word' id='word_1_697' title='bbox 992 2680 1026 2709; x_wconf 89' lang='lat' dir='ltr'><strong>de</strong></span> <span class='ocrx_word' id='word_1_698' title='bbox 1049 2681 1250 2717; x_wconf 86' lang='lat' dir='ltr'><strong>rebaptizandis</strong></span> <span class='ocrx_word' id='word_1_699' title='bbox 1277 2681 1422 2712; x_wconf 62' lang='lat' dir='ltr'><strong>haereticis,</strong></span> <span class='ocrx_word' id='word_1_700' title='bbox 1448 2681 1634 2708; x_wconf 86' lang='lat' dir='ltr'><strong>Romanorum</strong></span> 
     </span>
    </p>
   </div>
   <div class='ocr_carea' id='block_1_101' title="bbox 851 2727 1635 2762">
    <p class='ocr_par' dir='ltr' id='par_1_101' title="bbox 851 2727 1635 2762">
     <span class='ocr_line' id='line_1_101' title="bbox 851 2727 1635 2762; baseline -0.003 -8"><span class='ocrx_word' id='word_1_701' title='bbox 851 2727 1006 2762; x_wconf 85' lang='lat' dir='ltr'><strong>disciplina,</strong></span> <span class='ocrx_word' id='word_1_702' title='bbox 1032 2735 1093 2762; x_wconf 73' lang='lat' dir='ltr'><strong>quae</strong></span> <span class='ocrx_word' id='word_1_703' title='bbox 1115 2731 1315 2755; x_wconf 88' lang='lat' dir='ltr'><strong>sacramentum</strong></span> <span class='ocrx_word' id='word_1_704' title='bbox 1338 2727 1405 2754; x_wconf 91' lang='lat' dir='ltr'><strong>illud</strong></span> <span class='ocrx_word' id='word_1_705' title='bbox 1431 2735 1446 2754; x_wconf 87' lang='lat' dir='ltr'><strong>a</strong></span> <span class='ocrx_word' id='word_1_706' title='bbox 1469 2733 1635 2762; x_wconf 89' lang='lat' dir='ltr'><strong>quocunque</strong></span> 
     </span>
    </p>
   </div>
   <div class='ocr_carea' id='block_1_102' title="bbox 851 2773 1634 2809">
    <p class='ocr_par' dir='ltr' id='par_1_102' title="bbox 851 2773 1634 2809">
     <span class='ocr_line' id='line_1_102' title="bbox 851 2773 1634 2809; baseline -0.003 -9"><span class='ocrx_word' id='word_1_707' title='bbox 851 2773 960 2801; x_wconf 71' lang='lat' dir='ltr'><strong>tandem</strong></span> <span class='ocrx_word' id='word_1_708' title='bbox 981 2773 1109 2801; x_wconf 88' lang='lat' dir='ltr'><strong>collatum</strong></span> <span class='ocrx_word' id='word_1_709' title='bbox 1137 2774 1253 2801; x_wconf 88' lang='lat' dir='ltr'><strong>admittit</strong></span> <span class='ocrx_word' id='word_1_710' title='bbox 1269 2778 1296 2802; x_wconf 90' lang='lat' dir='ltr'><strong>et</strong></span> <span class='ocrx_word' id='word_1_711' title='bbox 1317 2774 1440 2809; x_wconf 88' lang='lat' dir='ltr'><strong>suscipit,</strong></span> <span class='ocrx_word' id='word_1_712' title='bbox 1462 2775 1538 2800; x_wconf 86' lang='lat' dir='ltr'><strong>tanto</strong></span> <span class='ocrx_word' id='word_1_713' title='bbox 1565 2778 1634 2807; x_wconf 72' lang='lat' dir='ltr'><strong>prte-</strong></span> 
     </span>
    </p>
   </div>
   <div class='ocr_carea' id='block_1_103' title="bbox 851 2817 1634 2855">
    <p class='ocr_par' dir='ltr' id='par_1_103' title="bbox 851 2817 1634 2855">
     <span class='ocr_line' id='line_1_103' title="bbox 851 2817 1634 2855; baseline -0.005 -7"><span class='ocrx_word' id='word_1_714' title='bbox 851 2820 968 2848; x_wconf 85' lang='lat' dir='ltr'><strong>stantior</strong></span> <span class='ocrx_word' id='word_1_715' title='bbox 981 2823 1033 2853; x_wconf 86' lang='lat' dir='ltr'><strong>est,</strong></span> <span class='ocrx_word' id='word_1_716' title='bbox 1046 2824 1149 2855; x_wconf 90' lang='lat' dir='ltr'><strong>quanto</strong></span> <span class='ocrx_word' id='word_1_717' title='bbox 1163 2821 1264 2848; x_wconf 81' lang='lat' dir='ltr'><strong>veritas</strong></span> <span class='ocrx_word' id='word_1_718' title='bbox 1279 2828 1402 2847; x_wconf 88' lang='lat' dir='ltr'><strong>errorem</strong></span> <span class='ocrx_word' id='word_1_719' title='bbox 1416 2818 1554 2855; x_wconf 65' lang='lat' dir='ltr'><strong>praecedit.</strong></span> <span class='ocrx_word' id='word_1_720' title='bbox 1566 2817 1634 2844; x_wconf 85' lang='lat' dir='ltr'><strong>Vide</strong></span> 
     </span>
    </p>
   </div>
   <div class='ocr_carea' id='block_1_104' title="bbox 851 2864 1632 2903">
    <p class='ocr_par' dir='ltr' id='par_1_104' title="bbox 851 2864 1632 2903">
     <span class='ocr_line' id='line_1_104' title="bbox 851 2864 1632 2903; baseline -0.004 -9"><span class='ocrx_word' id='word_1_721' title='bbox 851 2867 899 2894; x_wconf 89' lang='lat' dir='ltr'><strong>lib.</strong></span> <span class='ocrx_word' id='word_1_722' title='bbox 914 2875 952 2901; x_wconf 77' lang='lat' dir='ltr'><strong>v1,</strong></span> <span class='ocrx_word' id='word_1_723' title='bbox 964 2875 1025 2903; x_wconf 80' lang='lat' dir='ltr'><strong>cap.</strong></span> <span class='ocrx_word' id='word_1_724' title='bbox 1039 2867 1082 2895; x_wconf 85' lang='lat' dir='ltr'><strong>l5.</strong></span> <span class='ocrx_word' id='word_1_725' title='bbox 1095 2867 1213 2896; x_wconf 71' lang='lat' dir='ltr'><strong>Aitatem</strong></span> <span class='ocrx_word' id='word_1_726' title='bbox 1227 2868 1306 2896; x_wconf 85' lang='lat' dir='ltr'><strong>etiam</strong></span> <span class='ocrx_word' id='word_1_727' title='bbox 1321 2867 1406 2895; x_wconf 91' lang='lat' dir='ltr'><strong>multo</strong></span> <span class='ocrx_word' id='word_1_728' title='bbox 1418 2874 1473 2903; x_wconf 77' lang='lat' dir='ltr'><strong>prae</strong></span> <span class='ocrx_word' id='word_1_729' title='bbox 1483 2864 1632 2901; x_wconf 78' lang='lat' dir='ltr'><strong>apostolica</strong></span> 
     </span>
    </p>
   </div>
   <div class='ocr_carea' id='block_1_105' title="bbox 1446 2913 1482 2943">
    <p class='ocr_par' dir='ltr' id='par_1_105' title="bbox 1446 2913 1482 2943">
     <span class='ocr_line' id='line_1_105' title="bbox 1446 2913 1482 2943; baseline -0.056 0"><span class='ocrx_word' id='word_1_730' title='bbox 1446 2913 1482 2943; x_wconf 82' lang='lat'><strong>17</strong></span> 
     </span>
    </p>
   </div>
  </div>
