  <div class='ocr_page' id='page_1' title='image "/cluster/home/n/w/nwhite01/storage/ocr_20150623/1/njp.32101077772331/329.png"; bbox 0 0 1884 3104; ppageno 0'>
   <div class='ocr_carea' id='block_1_1' title="bbox 222 121 274 149">
    <p class='ocr_par' dir='ltr' id='par_1_1' title="bbox 222 121 274 149">
     <span class='ocr_line' id='line_1_1' title="bbox 222 121 274 149; baseline 0 0"><span class='ocrx_word' id='word_1_1' title='bbox 222 121 274 149; x_wconf 72' lang='lat'><strong>5&#39;33</strong></span> 
     </span>
    </p>
   </div>
   <div class='ocr_carea' id='block_1_2' title="bbox 665 120 1417 149">
    <p class='ocr_par' dir='ltr' id='par_1_2' title="bbox 665 120 1417 149">
     <span class='ocr_line' id='line_1_2' title="bbox 665 120 1417 149; baseline 0 -1"><span class='ocrx_word' id='word_1_2' title='bbox 665 121 692 149; x_wconf 87' lang='lat' dir='ltr'><strong>S.</strong></span> <span class='ocrx_word' id='word_1_3' title='bbox 710 120 907 149; x_wconf 76' lang='lat' dir='ltr'><strong>CLEMENTIS</strong></span> <span class='ocrx_word' id='word_1_4' title='bbox 923 120 932 148; x_wconf 96' lang='lat' dir='ltr'>I</span> <span class='ocrx_word' id='word_1_5' title='bbox 949 120 1032 149; x_wconf 76' lang='lat' dir='ltr'><strong>ROM.</strong></span> <span class='ocrx_word' id='word_1_6' title='bbox 1052 120 1153 149; x_wconf 84' lang='lat' dir='ltr'><strong>PONT.</strong></span> <span class='ocrx_word' id='word_1_7' title='bbox 1170 120 1283 149; x_wconf 80' lang='lat' dir='ltr'><strong>OPERA</strong></span> <span class='ocrx_word' id='word_1_8' title='bbox 1302 120 1417 149; x_wconf 75' lang='lat' dir='ltr'><strong>DUB‘lA.</strong></span> 
     </span>
    </p>
   </div>
   <div class='ocr_carea' id='block_1_3' title="bbox 1795 122 1844 150">
    <p class='ocr_par' dir='ltr' id='par_1_3' title="bbox 1795 122 1844 150">
     <span class='ocr_line' id='line_1_3' title="bbox 1795 122 1844 150; baseline 0 -1"><span class='ocrx_word' id='word_1_9' title='bbox 1795 122 1844 150; x_wconf 65' lang='lat'><strong>523</strong></span> 
     </span>
    </p>
   </div>
   <div class='ocr_carea' id='block_1_4' title="bbox 221 177 1844 214">
    <p class='ocr_par' dir='ltr' id='par_1_4' title="bbox 221 177 1844 214">
     <span class='ocr_line' id='line_1_4' title="bbox 221 177 1844 214; baseline 0.001 -8"><span class='ocrx_word' id='word_1_10' title='bbox 221 178 402 207; x_wconf 70' lang='lat' dir='ltr'><strong>recentiorem</strong></span> <span class='ocrx_word' id='word_1_11' title='bbox 417 179 508 214; x_wconf 93' lang='lat' dir='ltr'><strong>prodit</strong></span> <span class='ocrx_word' id='word_1_12' title='bbox 523 178 696 207; x_wconf 72' lang='lat' dir='ltr'><strong>consuetudo</strong></span> <span class='ocrx_word' id='word_1_13' title='bbox 711 179 758 206; x_wconf 89' lang='lat' dir='ltr'><strong>illa</strong></span> <span class='ocrx_word' id='word_1_14' title='bbox 770 178 936 214; x_wconf 91' lang='lat' dir='ltr'><strong>templorum</strong></span> <span class='ocrx_word' id='word_1_15' title='bbox 951 178 1006 205; x_wconf 90' lang='lat' dir='ltr'><strong>ritu</strong></span> <span class='ocrx_word' id='word_1_16' title='bbox 1021 180 1045 210; x_wconf 73' lang='grc' dir='ltr'>Α</span> <span class='ocrx_word' id='word_1_17' title='bbox 1059 177 1110 210; x_wconf 88' lang='lat' dir='ltr'><strong>dit,</strong></span> <span class='ocrx_word' id='word_1_18' title='bbox 1129 185 1158 205; x_wconf 90' lang='lat' dir='ltr'><strong>se</strong></span> <span class='ocrx_word' id='word_1_19' title='bbox 1181 177 1295 206; x_wconf 83' lang='lat' dir='ltr'><strong>delinire</strong></span> <span class='ocrx_word' id='word_1_20' title='bbox 1318 178 1387 205; x_wconf 86' lang='lat' dir='ltr'><strong>nihil</strong></span> <span class='ocrx_word' id='word_1_21' title='bbox 1412 185 1554 210; x_wconf 84' lang='lat' dir='ltr'><strong>ausurum.</strong></span> <span class='ocrx_word' id='word_1_22' title='bbox 1581 184 1645 206; x_wconf 86' lang='lat' dir='ltr'><strong>cum</strong></span> <span class='ocrx_word' id='word_1_23' title='bbox 1671 177 1792 206; x_wconf 72' lang='lat' dir='ltr'><strong>Romani</strong></span> <span class='ocrx_word' id='word_1_24' title='bbox 1813 180 1844 207; x_wconf 88' lang='lat' dir='ltr'><strong>ad</strong></span> 
     </span>
    </p>
   </div>
   <div class='ocr_carea' id='block_1_5' title="bbox 218 224 1007 261">
    <p class='ocr_par' dir='ltr' id='par_1_5' title="bbox 218 224 1007 261">
     <span class='ocr_line' id='line_1_5' title="bbox 218 224 1007 261; baseline 0.001 -10"><span class='ocrx_word' id='word_1_25' title='bbox 218 224 384 252; x_wconf 79' lang='lat' dir='ltr'><strong>Christianis</strong></span> <span class='ocrx_word' id='word_1_26' title='bbox 409 226 540 261; x_wconf 84' lang='lat' dir='ltr'><strong>peculiari</strong></span> <span class='ocrx_word' id='word_1_27' title='bbox 559 226 754 259; x_wconf 76' lang='lat' dir='ltr'><strong>excitaturum,</strong></span> <span class='ocrx_word' id='word_1_28' title='bbox 778 225 859 259; x_wconf 82' lang='lat' dir='ltr'><strong>cujus</strong></span> <span class='ocrx_word' id='word_1_29' title='bbox 883 225 1007 252; x_wconf 80' lang='lat' dir='ltr'><strong>meminit</strong></span> 
     </span>
    </p>
   </div>
   <div class='ocr_carea' id='block_1_6' title="bbox 218 270 1006 307">
    <p class='ocr_par' dir='ltr' id='par_1_6' title="bbox 218 270 1006 307">
     <span class='ocr_line' id='line_1_6' title="bbox 218 270 1006 307; baseline 0.003 -11"><span class='ocrx_word' id='word_1_30' title='bbox 218 274 315 297; x_wconf 92' lang='lat' dir='ltr'><strong>auctor</strong></span> <span class='ocrx_word' id='word_1_31' title='bbox 329 270 375 298; x_wconf 87' lang='lat' dir='ltr'><strong>lib.</strong></span> <span class='ocrx_word' id='word_1_32' title='bbox 396 278 426 302; x_wconf 85' lang='lat' dir='ltr'><strong>ll,</strong></span> <span class='ocrx_word' id='word_1_33' title='bbox 443 279 504 306; x_wconf 84' lang='lat' dir='ltr'><strong>cap.</strong></span> <span class='ocrx_word' id='word_1_34' title='bbox 524 271 568 299; x_wconf 82' lang='lat'><strong>57.</strong></span> <span class='ocrx_word' id='word_1_35' title='bbox 591 271 705 307; x_wconf 86' lang='lat' dir='ltr'><strong>Templa</strong></span> <span class='ocrx_word' id='word_1_36' title='bbox 722 272 794 299; x_wconf 91' lang='lat' dir='ltr'><strong>enim</strong></span> <span class='ocrx_word' id='word_1_37' title='bbox 811 279 826 298; x_wconf 93' lang='lat' dir='ltr'><strong>a</strong></span> <span class='ocrx_word' id='word_1_38' title='bbox 841 271 1006 300; x_wconf 84' lang='lat' dir='ltr'><strong>Christianis</strong></span> 
     </span>
    </p>
   </div>
   <div class='ocr_carea' id='block_1_7' title="bbox 217 316 1005 353">
    <p class='ocr_par' dir='ltr' id='par_1_7' title="bbox 217 316 1005 353">
     <span class='ocr_line' id='line_1_7' title="bbox 217 316 1005 353; baseline 0.001 -9"><span class='ocrx_word' id='word_1_39' title='bbox 217 316 319 344; x_wconf 66' lang='lat' dir='ltr'><strong>saeculo</strong></span> <span class='ocrx_word' id='word_1_40' title='bbox 330 316 440 344; x_wconf 89' lang='lat' dir='ltr'><strong>demum</strong></span> <span class='ocrx_word' id='word_1_41' title='bbox 451 317 573 345; x_wconf 89' lang='lat' dir='ltr'><strong>secundo</strong></span> <span class='ocrx_word' id='word_1_42' title='bbox 588 317 706 353; x_wconf 90' lang='lat' dir='ltr'><strong>primum</strong></span> <span class='ocrx_word' id='word_1_43' title='bbox 722 317 789 353; x_wconf 89' lang='lat' dir='ltr'><strong>erigi</strong></span> <span class='ocrx_word' id='word_1_44' title='bbox 805 318 926 353; x_wconf 67' lang='lat' dir='ltr'><strong>coepisse</strong></span> <span class='ocrx_word' id='word_1_45' title='bbox 937 318 1005 345; x_wconf 89' lang='lat' dir='ltr'><strong>mihi</strong></span> 
     </span>
    </p>
   </div>
   <div class='ocr_carea' id='block_1_8' title="bbox 216 362 1006 399">
    <p class='ocr_par' dir='ltr' id='par_1_8' title="bbox 216 362 1006 399">
     <span class='ocr_line' id='line_1_8' title="bbox 216 362 1006 399; baseline 0.004 -10"><span class='ocrx_word' id='word_1_46' title='bbox 216 362 364 390; x_wconf 83' lang='lat' dir='ltr'><strong>admodum</strong></span> <span class='ocrx_word' id='word_1_47' title='bbox 380 363 523 398; x_wconf 87' lang='lat' dir='ltr'><strong>probatur.</strong></span> <span class='ocrx_word' id='word_1_48' title='bbox 538 363 606 391; x_wconf 89' lang='lat' dir='ltr'><strong>Cum</strong></span> <span class='ocrx_word' id='word_1_49' title='bbox 619 364 766 399; x_wconf 85' lang='lat' dir='ltr'><strong>episcopos</strong></span> <span class='ocrx_word' id='word_1_50' title='bbox 782 364 815 391; x_wconf 89' lang='lat' dir='ltr'><strong>ad</strong></span> <span class='ocrx_word' id='word_1_51' title='bbox 830 364 922 392; x_wconf 85' lang='lat' dir='ltr'><strong>varias</strong></span> <span class='ocrx_word' id='word_1_52' title='bbox 930 364 1006 392; x_wconf 85' lang='lat' dir='ltr'><strong>orbis</strong></span> 
     </span>
    </p>
   </div>
   <div class='ocr_carea' id='block_1_9' title="bbox 216 409 1004 445">
    <p class='ocr_par' dir='ltr' id='par_1_9' title="bbox 216 409 1004 445">
     <span class='ocr_line' id='line_1_9' title="bbox 216 409 1004 445; baseline 0.001 -9"><span class='ocrx_word' id='word_1_53' title='bbox 216 409 348 437; x_wconf 82' lang='lat' dir='ltr'><strong>ecclesias</strong></span> <span class='ocrx_word' id='word_1_54' title='bbox 362 409 514 437; x_wconf 85' lang='lat' dir='ltr'><strong>destinatos</strong></span> <span class='ocrx_word' id='word_1_55' title='bbox 530 414 664 441; x_wconf 82' lang='lat' dir='ltr'><strong>recenset,</strong></span> <span class='ocrx_word' id='word_1_56' title='bbox 679 417 727 437; x_wconf 87' lang='lat' dir='ltr'><strong>eos</strong></span> <span class='ocrx_word' id='word_1_57' title='bbox 740 414 944 442; x_wconf 82' lang='lat' dir='ltr'><strong>commemorat,</strong></span> <span class='ocrx_word' id='word_1_58' title='bbox 957 410 1004 445; x_wconf 87' lang='lat' dir='ltr'><strong>qui</strong></span> 
     </span>
    </p>
   </div>
   <div class='ocr_carea' id='block_1_10' title="bbox 216 455 1004 492">
    <p class='ocr_par' dir='ltr' id='par_1_10' title="bbox 216 455 1004 492">
     <span class='ocr_line' id='line_1_10' title="bbox 216 455 1004 492; baseline 0.001 -9"><span class='ocrx_word' id='word_1_59' title='bbox 216 455 264 483; x_wconf 92' lang='lat' dir='ltr'><strong>diu</strong></span> <span class='ocrx_word' id='word_1_60' title='bbox 280 460 343 491; x_wconf 86' lang='lat' dir='ltr'><strong>post</strong></span> <span class='ocrx_word' id='word_1_61' title='bbox 352 456 493 492; x_wconf 85' lang='lat' dir='ltr'><strong>apostolos</strong></span> <span class='ocrx_word' id='word_1_62' title='bbox 509 456 648 484; x_wconf 83' lang='lat' dir='ltr'><strong>vixerunt.</strong></span> <span class='ocrx_word' id='word_1_63' title='bbox 664 455 733 483; x_wconf 85' lang='lat' dir='ltr'><strong>Vide</strong></span> <span class='ocrx_word' id='word_1_64' title='bbox 749 456 798 484; x_wconf 90' lang='lat' dir='ltr'><strong>lib.</strong></span> <span class='ocrx_word' id='word_1_65' title='bbox 815 464 865 489; x_wconf 85' lang='lat' dir='ltr'><strong>vn,</strong></span> <span class='ocrx_word' id='word_1_66' title='bbox 884 464 945 491; x_wconf 89' lang='lat' dir='ltr'><strong>cap.</strong></span> <span class='ocrx_word' id='word_1_67' title='bbox 958 456 1004 485; x_wconf 72' lang='grc'><strong>47.</strong></span> 
     </span>
    </p>
   </div>
   <div class='ocr_carea' id='block_1_11' title="bbox 216 501 1006 538">
    <p class='ocr_par' dir='ltr' id='par_1_11' title="bbox 216 501 1006 538">
     <span class='ocr_line' id='line_1_11' title="bbox 216 501 1006 538; baseline 0.004 -10"><span class='ocrx_word' id='word_1_68' title='bbox 216 501 288 534; x_wconf 88' lang='lat' dir='ltr'><strong>Quin</strong></span> <span class='ocrx_word' id='word_1_69' title='bbox 312 505 339 529; x_wconf 88' lang='lat' dir='ltr'><strong>et</strong></span> <span class='ocrx_word' id='word_1_70' title='bbox 355 502 500 538; x_wconf 85' lang='lat' dir='ltr'><strong>scriptoris</strong></span> <span class='ocrx_word' id='word_1_71' title='bbox 515 502 589 530; x_wconf 89' lang='lat' dir='ltr'><strong>illius</strong></span> <span class='ocrx_word' id='word_1_72' title='bbox 606 506 686 530; x_wconf 83' lang='lat' dir='ltr'><strong>aetate</strong></span> <span class='ocrx_word' id='word_1_73' title='bbox 708 501 831 530; x_wconf 77' lang='lat' dir='ltr'><strong>Ecclesia</strong></span> <span class='ocrx_word' id='word_1_74' title='bbox 845 502 948 530; x_wconf 86' lang='lat' dir='ltr'><strong>Christi</strong></span> <span class='ocrx_word' id='word_1_75' title='bbox 963 508 1006 531; x_wconf 88' lang='lat' dir='ltr'><strong>to-</strong></span> 
     </span>
    </p>
   </div>
   <div class='ocr_carea' id='block_1_12' title="bbox 215 547 1005 583">
    <p class='ocr_par' dir='ltr' id='par_1_12' title="bbox 215 547 1005 583">
     <span class='ocr_line' id='line_1_12' title="bbox 215 547 1005 583; baseline 0.001 -9"><span class='ocrx_word' id='word_1_76' title='bbox 215 551 273 575; x_wconf 88' lang='lat' dir='ltr'><strong>tum</strong></span> <span class='ocrx_word' id='word_1_77' title='bbox 286 555 334 583; x_wconf 88' lang='lat' dir='ltr'><strong>per</strong></span> <span class='ocrx_word' id='word_1_78' title='bbox 349 548 442 576; x_wconf 90' lang='lat' dir='ltr'><strong>orbem</strong></span> <span class='ocrx_word' id='word_1_79' title='bbox 456 547 566 582; x_wconf 75' lang='lat' dir='ltr'><strong>dilfusa,</strong></span> <span class='ocrx_word' id='word_1_80' title='bbox 580 548 721 576; x_wconf 70' lang='lat' dir='ltr'><strong>catholicae</strong></span> <span class='ocrx_word' id='word_1_81' title='bbox 734 556 832 576; x_wconf 92' lang='lat' dir='ltr'><strong>nomen</strong></span> <span class='ocrx_word' id='word_1_82' title='bbox 844 548 898 576; x_wconf 86' lang='lat' dir='ltr'><strong>sibi</strong></span> <span class='ocrx_word' id='word_1_83' title='bbox 907 548 1005 576; x_wconf 87' lang='lat' dir='ltr'><strong>merito</strong></span> 
     </span>
    </p>
   </div>
   <div class='ocr_carea' id='block_1_13' title="bbox 214 593 1004 629">
    <p class='ocr_par' dir='ltr' id='par_1_13' title="bbox 214 593 1004 629">
     <span class='ocr_line' id='line_1_13' title="bbox 214 593 1004 629; baseline 0.001 -9"><span class='ocrx_word' id='word_1_84' title='bbox 214 593 383 626; x_wconf 80' lang='lat' dir='ltr'><strong>vindicabat,</strong></span> <span class='ocrx_word' id='word_1_85' title='bbox 397 601 452 629; x_wconf 89' lang='lat' dir='ltr'><strong>quo</strong></span> <span class='ocrx_word' id='word_1_86' title='bbox 467 594 540 621; x_wconf 87' lang='lat' dir='ltr'><strong>illam</strong></span> <span class='ocrx_word' id='word_1_87' title='bbox 555 594 645 629; x_wconf 75' lang='lat' dir='ltr'><strong>elogio</strong></span> <span class='ocrx_word' id='word_1_88' title='bbox 658 594 730 622; x_wconf 90' lang='lat' dir='ltr'><strong>idem</strong></span> <span class='ocrx_word' id='word_1_89' title='bbox 746 598 843 621; x_wconf 80' lang='lat' dir='ltr'><strong>auctor</strong></span> <span class='ocrx_word' id='word_1_90' title='bbox 853 601 907 621; x_wconf 93' lang='lat' dir='ltr'><strong>non</strong></span> <span class='ocrx_word' id='word_1_91' title='bbox 919 594 1004 622; x_wconf 90' lang='lat' dir='ltr'><strong>semel</strong></span> 
     </span>
    </p>
   </div>
   <div class='ocr_carea' id='block_1_14' title="bbox 214 639 1003 675">
    <p class='ocr_par' dir='ltr' id='par_1_14' title="bbox 214 639 1003 675">
     <span class='ocr_line' id='line_1_14' title="bbox 214 639 1003 675; baseline 0.001 -8"><span class='ocrx_word' id='word_1_92' title='bbox 214 643 327 668; x_wconf 84' lang='lat' dir='ltr'><strong>mactat.</strong></span> <span class='ocrx_word' id='word_1_93' title='bbox 343 639 372 667; x_wconf 91' lang='lat' dir='ltr'><strong>Id</strong></span> <span class='ocrx_word' id='word_1_94' title='bbox 392 648 457 668; x_wconf 89' lang='lat' dir='ltr'><strong>vero</strong></span> <span class='ocrx_word' id='word_1_95' title='bbox 473 647 555 675; x_wconf 92' lang='lat' dir='ltr'><strong>quam</strong></span> <span class='ocrx_word' id='word_1_96' title='bbox 570 639 707 667; x_wconf 90' lang='lat' dir='ltr'><strong>immerito</strong></span> <span class='ocrx_word' id='word_1_97' title='bbox 722 639 897 672; x_wconf 86' lang='lat' dir='ltr'><strong>deEcclesia,</strong></span> <span class='ocrx_word' id='word_1_98' title='bbox 914 639 1003 675; x_wconf 85' lang='lat' dir='ltr'><strong>qualis</strong></span> 
     </span>
    </p>
   </div>
   <div class='ocr_carea' id='block_1_15' title="bbox 215 685 1004 722">
    <p class='ocr_par' dir='ltr' id='par_1_15' title="bbox 215 685 1004 722">
     <span class='ocr_line' id='line_1_15' title="bbox 215 685 1004 722; baseline 0 -9"><span class='ocrx_word' id='word_1_99' title='bbox 215 690 274 713; x_wconf 85' lang='lat' dir='ltr'><strong>erat</strong></span> <span class='ocrx_word' id='word_1_100' title='bbox 286 686 472 722; x_wconf 77' lang='lat' dir='ltr'><strong>ap05tolorum</strong></span> <span class='ocrx_word' id='word_1_101' title='bbox 488 689 566 713; x_wconf 77' lang='lat' dir='ltr'><strong>:etate</strong></span> <span class='ocrx_word' id='word_1_102' title='bbox 582 685 772 718; x_wconf 81' lang='lat' dir='ltr'><strong>aliirmaretur,</strong></span> <span class='ocrx_word' id='word_1_103' title='bbox 790 693 870 713; x_wconf 92' lang='lat' dir='ltr'><strong>nemo</strong></span> <span class='ocrx_word' id='word_1_104' title='bbox 889 693 945 713; x_wconf 93' lang='lat' dir='ltr'><strong>non</strong></span> <span class='ocrx_word' id='word_1_105' title='bbox 961 685 1004 712; x_wconf 93' lang='lat' dir='ltr'><strong>in-</strong></span> 
     </span>
    </p>
   </div>
   <div class='ocr_carea' id='block_1_16' title="bbox 214 731 1003 767">
    <p class='ocr_par' dir='ltr' id='par_1_16' title="bbox 214 731 1003 767">
     <span class='ocr_line' id='line_1_16' title="bbox 214 731 1003 767; baseline 0 -8"><span class='ocrx_word' id='word_1_106' title='bbox 214 732 324 767; x_wconf 85' lang='lat' dir='ltr'><strong>telligit.</strong></span> <span class='ocrx_word' id='word_1_107' title='bbox 346 731 386 759; x_wconf 79' lang='lat' dir='ltr'><strong>Ex</strong></span> <span class='ocrx_word' id='word_1_108' title='bbox 409 732 454 760; x_wconf 83' lang='lat' dir='ltr'><strong>his</strong></span> <span class='ocrx_word' id='word_1_109' title='bbox 473 732 602 760; x_wconf 89' lang='lat' dir='ltr'><strong>omnibus</strong></span> <span class='ocrx_word' id='word_1_110' title='bbox 621 732 766 767; x_wconf 91' lang='lat' dir='ltr'><strong>probatum</strong></span> <span class='ocrx_word' id='word_1_111' title='bbox 788 732 908 760; x_wconf 87' lang='lat' dir='ltr'><strong>arbitror</strong></span> <span class='ocrx_word' id='word_1_112' title='bbox 924 733 1003 759; x_wconf 91' lang='lat' dir='ltr'><strong>lucu-</strong></span> 
     </span>
    </p>
   </div>
   <div class='ocr_carea' id='block_1_17' title="bbox 213 778 1001 814">
    <p class='ocr_par' dir='ltr' id='par_1_17' title="bbox 213 778 1001 814">
     <span class='ocr_line' id='line_1_17' title="bbox 213 778 1001 814; baseline 0 -8"><span class='ocrx_word' id='word_1_113' title='bbox 213 778 367 806; x_wconf 89' lang='lat' dir='ltr'><strong>brationem</strong></span> <span class='ocrx_word' id='word_1_114' title='bbox 389 778 460 806; x_wconf 86' lang='lat' dir='ltr'><strong>hanc</strong></span> <span class='ocrx_word' id='word_1_115' title='bbox 480 779 669 814; x_wconf 79' lang='lat' dir='ltr'><strong>apostolorum</strong></span> <span class='ocrx_word' id='word_1_116' title='bbox 686 781 793 806; x_wconf 63' lang='lat' dir='ltr'><strong>atatem</strong></span> <span class='ocrx_word' id='word_1_117' title='bbox 817 785 868 806; x_wconf 86' lang='lat' dir='ltr'><strong>nec</strong></span> <span class='ocrx_word' id='word_1_118' title='bbox 889 785 1001 814; x_wconf 86' lang='lat' dir='ltr'><strong>sapere,</strong></span> 
     </span>
    </p>
   </div>
   <div class='ocr_carea' id='block_1_18' title="bbox 215 825 418 860">
    <p class='ocr_par' dir='ltr' id='par_1_18' title="bbox 215 825 418 860">
     <span class='ocr_line' id='line_1_18' title="bbox 215 825 418 860; baseline 0 -8"><span class='ocrx_word' id='word_1_119' title='bbox 215 832 266 852; x_wconf 88' lang='lat' dir='ltr'><strong>nec</strong></span> <span class='ocrx_word' id='word_1_120' title='bbox 281 825 418 860; x_wconf 71' lang='lat' dir='ltr'><strong>praeferre.</strong></span> 
     </span>
    </p>
   </div>
   <div class='ocr_carea' id='block_1_19' title="bbox 252 869 1001 906">
    <p class='ocr_par' dir='ltr' id='par_1_19' title="bbox 252 869 1001 906">
     <span class='ocr_line' id='line_1_19' title="bbox 252 869 1001 906; baseline -0.001 -8"><span class='ocrx_word' id='word_1_121' title='bbox 252 871 284 898; x_wconf 77' lang='lat' dir='ltr'><strong>At</strong></span> <span class='ocrx_word' id='word_1_122' title='bbox 302 871 382 905; x_wconf 87' lang='lat' dir='ltr'><strong>cujus</strong></span> <span class='ocrx_word' id='word_1_123' title='bbox 396 871 505 898; x_wconf 90' lang='lat' dir='ltr'><strong>demum</strong></span> <span class='ocrx_word' id='word_1_124' title='bbox 523 870 613 898; x_wconf 67' lang='lat' dir='ltr'><strong>atatis</strong></span> <span class='ocrx_word' id='word_1_125' title='bbox 625 877 694 906; x_wconf 86' lang='lat' dir='ltr'><strong>opus</strong></span> <span class='ocrx_word' id='word_1_126' title='bbox 714 869 781 898; x_wconf 94' lang='lat' dir='ltr'><strong>illud</strong></span> <span class='ocrx_word' id='word_1_127' title='bbox 794 869 1001 906; x_wconf 78' lang='lat' dir='ltr'><strong>iudicaremus?</strong></span> 
     </span>
    </p>
   </div>
   <div class='ocr_carea' id='block_1_20' title="bbox 213 916 998 952">
    <p class='ocr_par' dir='ltr' id='par_1_20' title="bbox 213 916 998 952">
     <span class='ocr_line' id='line_1_20' title="bbox 213 916 998 952; baseline 0.003 -9"><span class='ocrx_word' id='word_1_128' title='bbox 213 916 266 944; x_wconf 71' lang='lat' dir='ltr'><strong>Alii</strong></span> <span class='ocrx_word' id='word_1_129' title='bbox 292 917 371 944; x_wconf 77' lang='lat' dir='ltr'><strong>aliter</strong></span> <span class='ocrx_word' id='word_1_130' title='bbox 385 916 506 952; x_wconf 91' lang='lat' dir='ltr'><strong>sapiunt.</strong></span> <span class='ocrx_word' id='word_1_131' title='bbox 531 916 588 952; x_wconf 79' lang='lat' dir='ltr'><strong>Ego</strong></span> <span class='ocrx_word' id='word_1_132' title='bbox 602 924 668 944; x_wconf 88' lang='lat' dir='ltr'><strong>vero</strong></span> <span class='ocrx_word' id='word_1_133' title='bbox 689 924 752 944; x_wconf 90' lang='lat' dir='ltr'><strong>cum</strong></span> <span class='ocrx_word' id='word_1_134' title='bbox 778 917 805 944; x_wconf 90' lang='lat' dir='ltr'><strong>in</strong></span> <span class='ocrx_word' id='word_1_135' title='bbox 827 916 876 945; x_wconf 91' lang='lat' dir='ltr'><strong>lib.</strong></span> <span class='ocrx_word' id='word_1_136' title='bbox 894 924 914 949; x_wconf 85' lang='grc' dir='ltr'><strong>ι,</strong></span> <span class='ocrx_word' id='word_1_137' title='bbox 937 924 998 952; x_wconf 88' lang='lat' dir='ltr'><strong>cap.</strong></span> 
     </span>
    </p>
   </div>
   <div class='ocr_carea' id='block_1_21' title="bbox 212 962 1001 1000">
    <p class='ocr_par' dir='ltr' id='par_1_21' title="bbox 212 962 1001 1000">
     <span class='ocr_line' id='line_1_21' title="bbox 212 962 1001 1000; baseline 0.001 -10"><span class='ocrx_word' id='word_1_138' title='bbox 212 962 259 995; x_wconf 75' lang='lat'><strong>23,</strong></span> <span class='ocrx_word' id='word_1_139' title='bbox 275 966 342 994; x_wconf 86' lang='lat' dir='ltr'><strong>etc.,</strong></span> <span class='ocrx_word' id='word_1_140' title='bbox 365 962 433 990; x_wconf 88' lang='lat' dir='ltr'><strong>adeo</strong></span> <span class='ocrx_word' id='word_1_141' title='bbox 455 963 550 990; x_wconf 84' lang='lat' dir='ltr'><strong>multis</strong></span> <span class='ocrx_word' id='word_1_142' title='bbox 574 962 793 991; x_wconf 85' lang='lat' dir='ltr'><strong>commendatam</strong></span> <span class='ocrx_word' id='word_1_143' title='bbox 812 962 927 999; x_wconf 77' lang='lat' dir='ltr'><strong>legerim</strong></span> <span class='ocrx_word' id='word_1_144' title='bbox 941 964 1001 1000; x_wconf 85' lang='lat' dir='ltr'><strong>epi-</strong></span> 
     </span>
    </p>
   </div>
   <div class='ocr_carea' id='block_1_22' title="bbox 213 1009 1001 1045">
    <p class='ocr_par' dir='ltr' id='par_1_22' title="bbox 213 1009 1001 1045">
     <span class='ocr_line' id='line_1_22' title="bbox 213 1009 1001 1045; baseline 0.001 -8"><span class='ocrx_word' id='word_1_145' title='bbox 213 1009 306 1044; x_wconf 88' lang='lat' dir='ltr'><strong>scopis</strong></span> <span class='ocrx_word' id='word_1_146' title='bbox 326 1016 393 1044; x_wconf 82' lang='lat' dir='ltr'><strong>erga</strong></span> <span class='ocrx_word' id='word_1_147' title='bbox 411 1009 607 1044; x_wconf 82' lang='lat' dir='ltr'><strong>resipiscentes</strong></span> <span class='ocrx_word' id='word_1_148' title='bbox 629 1009 723 1038; x_wconf 87' lang='lat' dir='ltr'><strong>ﬁdeles</strong></span> <span class='ocrx_word' id='word_1_149' title='bbox 746 1009 952 1045; x_wconf 77' lang='lat' dir='ltr'><strong>benignitatem,</strong></span> <span class='ocrx_word' id='word_1_150' title='bbox 973 1013 1001 1038; x_wconf 89' lang='lat' dir='ltr'><strong>et</strong></span> 
     </span>
    </p>
   </div>
   <div class='ocr_carea' id='block_1_23' title="bbox 213 1055 1000 1091">
    <p class='ocr_par' dir='ltr' id='par_1_23' title="bbox 213 1055 1000 1091">
     <span class='ocr_line' id='line_1_23' title="bbox 213 1055 1000 1091; baseline 0.001 -9"><span class='ocrx_word' id='word_1_151' title='bbox 213 1055 400 1089; x_wconf 84' lang='lat' dir='ltr'><strong>clementiam;</strong></span> <span class='ocrx_word' id='word_1_152' title='bbox 416 1062 478 1082; x_wconf 95' lang='lat' dir='ltr'><strong>cum</strong></span> <span class='ocrx_word' id='word_1_153' title='bbox 493 1063 589 1084; x_wconf 82' lang='lat' dir='ltr'><strong>omnes</strong></span> <span class='ocrx_word' id='word_1_154' title='bbox 604 1056 795 1091; x_wconf 85' lang='lat' dir='ltr'><strong>cujuscunque</strong></span> <span class='ocrx_word' id='word_1_155' title='bbox 817 1055 928 1084; x_wconf 88' lang='lat' dir='ltr'><strong>tandem</strong></span> <span class='ocrx_word' id='word_1_156' title='bbox 945 1056 1000 1084; x_wconf 87' lang='lat' dir='ltr'><strong>eri-</strong></span> 
     </span>
    </p>
   </div>
   <div class='ocr_carea' id='block_1_24' title="bbox 212 1100 1000 1138">
    <p class='ocr_par' dir='ltr' id='par_1_24' title="bbox 212 1100 1000 1138">
     <span class='ocr_line' id='line_1_24' title="bbox 212 1100 1000 1138; baseline 0.004 -11"><span class='ocrx_word' id='word_1_157' title='bbox 212 1100 297 1129; x_wconf 85' lang='lat' dir='ltr'><strong>minis</strong></span> <span class='ocrx_word' id='word_1_158' title='bbox 310 1108 385 1133; x_wconf 86' lang='lat' dir='ltr'><strong>reos,</strong></span> <span class='ocrx_word' id='word_1_159' title='bbox 401 1101 555 1129; x_wconf 89' lang='lat' dir='ltr'><strong>idololatria</strong></span> <span class='ocrx_word' id='word_1_160' title='bbox 576 1101 687 1137; x_wconf 90' lang='lat' dir='ltr'><strong>quidem</strong></span> <span class='ocrx_word' id='word_1_161' title='bbox 705 1106 830 1138; x_wconf 83' lang='lat' dir='ltr'><strong>excepta,</strong></span> <span class='ocrx_word' id='word_1_162' title='bbox 854 1102 888 1129; x_wconf 91' lang='lat' dir='ltr'><strong>ad</strong></span> <span class='ocrx_word' id='word_1_163' title='bbox 909 1102 1000 1137; x_wconf 77' lang='lat' dir='ltr'><strong>pomi-</strong></span> 
     </span>
    </p>
   </div>
   <div class='ocr_carea' id='block_1_25' title="bbox 213 1146 998 1183">
    <p class='ocr_par' dir='ltr' id='par_1_25' title="bbox 213 1146 998 1183">
     <span class='ocr_line' id='line_1_25' title="bbox 213 1146 998 1183; baseline 0.004 -10"><span class='ocrx_word' id='word_1_164' title='bbox 213 1146 328 1174; x_wconf 87' lang='lat' dir='ltr'><strong>tentiam</strong></span> <span class='ocrx_word' id='word_1_165' title='bbox 345 1151 372 1174; x_wconf 89' lang='lat' dir='ltr'><strong>et</strong></span> <span class='ocrx_word' id='word_1_166' title='bbox 394 1155 489 1182; x_wconf 86' lang='lat' dir='ltr'><strong>pacem</strong></span> <span class='ocrx_word' id='word_1_167' title='bbox 500 1167 507 1177; x_wconf 92' lang='lat'><strong>,</strong></span> <span class='ocrx_word' id='word_1_168' title='bbox 525 1147 660 1182; x_wconf 87' lang='lat' dir='ltr'><strong>siquidem</strong></span> <span class='ocrx_word' id='word_1_169' title='bbox 674 1148 782 1175; x_wconf 78' lang='lat' dir='ltr'><strong>veniam</strong></span> <span class='ocrx_word' id='word_1_170' title='bbox 806 1148 998 1183; x_wconf 88' lang='lat' dir='ltr'><strong>poposceriut,</strong></span> 
     </span>
    </p>
   </div>
   <div class='ocr_carea' id='block_1_26' title="bbox 213 1191 999 1230">
    <p class='ocr_par' dir='ltr' id='par_1_26' title="bbox 213 1191 999 1230">
     <span class='ocr_line' id='line_1_26' title="bbox 213 1191 999 1230; baseline 0.004 -11"><span class='ocrx_word' id='word_1_171' title='bbox 213 1191 319 1219; x_wconf 89' lang='lat' dir='ltr'><strong>admitti</strong></span> <span class='ocrx_word' id='word_1_172' title='bbox 334 1202 340 1220; x_wconf 91' lang='lat'><strong>:</strong></span> <span class='ocrx_word' id='word_1_173' title='bbox 356 1193 474 1227; x_wconf 87' lang='lat' dir='ltr'><strong>scriptor</strong></span> <span class='ocrx_word' id='word_1_174' title='bbox 488 1193 533 1220; x_wconf 90' lang='lat' dir='ltr'><strong>ille</strong></span> <span class='ocrx_word' id='word_1_175' title='bbox 548 1194 675 1228; x_wconf 89' lang='lat' dir='ltr'><strong>mandet;</strong></span> <span class='ocrx_word' id='word_1_176' title='bbox 691 1194 718 1221; x_wconf 92' lang='lat' dir='ltr'><strong>id</strong></span> <span class='ocrx_word' id='word_1_177' title='bbox 739 1201 790 1230; x_wconf 81' lang='lat' dir='ltr'><strong>ego</strong></span> <span class='ocrx_word' id='word_1_178' title='bbox 808 1194 918 1230; x_wconf 90' lang='lat' dir='ltr'><strong>quidem</strong></span> <span class='ocrx_word' id='word_1_179' title='bbox 932 1202 999 1223; x_wconf 87' lang='lat' dir='ltr'><strong>con-</strong></span> 
     </span>
    </p>
   </div>
   <div class='ocr_carea' id='block_1_27' title="bbox 212 1238 999 1276">
    <p class='ocr_par' dir='ltr' id='par_1_27' title="bbox 212 1238 999 1276">
     <span class='ocr_line' id='line_1_27' title="bbox 212 1238 999 1276; baseline 0.003 -10"><span class='ocrx_word' id='word_1_180' title='bbox 212 1243 254 1266; x_wconf 89' lang='lat' dir='ltr'><strong>tra</strong></span> <span class='ocrx_word' id='word_1_181' title='bbox 277 1238 457 1267; x_wconf 79' lang='lat' dir='ltr'><strong>Montanistas</strong></span> <span class='ocrx_word' id='word_1_182' title='bbox 477 1239 580 1267; x_wconf 88' lang='lat' dir='ltr'><strong>dictum</strong></span> <span class='ocrx_word' id='word_1_183' title='bbox 597 1240 734 1276; x_wconf 78' lang='lat' dir='ltr'><strong>suspicor,</strong></span> <span class='ocrx_word' id='word_1_184' title='bbox 752 1248 868 1276; x_wconf 89' lang='lat' dir='ltr'><strong>quorum</strong></span> <span class='ocrx_word' id='word_1_185' title='bbox 887 1241 999 1269; x_wconf 70' lang='lat' dir='ltr'><strong>haeresis</strong></span> 
     </span>
    </p>
   </div>
   <div class='ocr_carea' id='block_1_28' title="bbox 213 1284 998 1322">
    <p class='ocr_par' dir='ltr' id='par_1_28' title="bbox 213 1284 998 1322">
     <span class='ocr_line' id='line_1_28' title="bbox 213 1284 998 1322; baseline 0.005 -11"><span class='ocrx_word' id='word_1_186' title='bbox 213 1284 314 1311; x_wconf 61' lang='lat' dir='ltr'><strong>seculo</strong></span> <span class='ocrx_word' id='word_1_187' title='bbox 338 1284 447 1313; x_wconf 89' lang='lat' dir='ltr'><strong>labente</strong></span> <span class='ocrx_word' id='word_1_188' title='bbox 472 1286 593 1313; x_wconf 87' lang='lat' dir='ltr'><strong>secundo</strong></span> <span class='ocrx_word' id='word_1_189' title='bbox 615 1287 738 1314; x_wconf 85' lang='lat' dir='ltr'><strong>emersit.</strong></span> <span class='ocrx_word' id='word_1_190' title='bbox 761 1286 801 1314; x_wconf 76' lang='lat' dir='ltr'><strong>Ex</strong></span> <span class='ocrx_word' id='word_1_191' title='bbox 825 1294 879 1322; x_wconf 93' lang='lat' dir='ltr'><strong>quo</strong></span> <span class='ocrx_word' id='word_1_192' title='bbox 901 1286 998 1315; x_wconf 79' lang='lat' dir='ltr'><strong>conﬁci</strong></span> 
     </span>
    </p>
   </div>
   <div class='ocr_carea' id='block_1_29' title="bbox 211 1331 1000 1365">
    <p class='ocr_par' dir='ltr' id='par_1_29' title="bbox 211 1331 1000 1365">
     <span class='ocr_line' id='line_1_29' title="bbox 211 1331 1000 1365; baseline 0.004 -8"><span class='ocrx_word' id='word_1_193' title='bbox 211 1337 294 1365; x_wconf 87' lang='lat' dir='ltr'><strong>posse</strong></span> <span class='ocrx_word' id='word_1_194' title='bbox 320 1337 421 1358; x_wconf 84' lang='lat' dir='ltr'><strong>censeo</strong></span> <span class='ocrx_word' id='word_1_195' title='bbox 441 1331 658 1360; x_wconf 84' lang='lat' dir='ltr'><strong>lucubrationem</strong></span> <span class='ocrx_word' id='word_1_196' title='bbox 689 1332 761 1360; x_wconf 90' lang='lat' dir='ltr'><strong>hanc</strong></span> <span class='ocrx_word' id='word_1_197' title='bbox 793 1333 892 1361; x_wconf 70' lang='lat' dir='ltr'><strong>amulo</strong></span> <span class='ocrx_word' id='word_1_198' title='bbox 920 1333 1000 1361; x_wconf 87' lang='lat' dir='ltr'><strong>tertio</strong></span> 
     </span>
    </p>
   </div>
   <div class='ocr_carea' id='block_1_30' title="bbox 211 1375 1000 1412">
    <p class='ocr_par' dir='ltr' id='par_1_30' title="bbox 211 1375 1000 1412">
     <span class='ocr_line' id='line_1_30' title="bbox 211 1375 1000 1412; baseline 0.008 -11"><span class='ocrx_word' id='word_1_199' title='bbox 211 1375 328 1411; x_wconf 89' lang='lat' dir='ltr'><strong>procudi</strong></span> <span class='ocrx_word' id='word_1_200' title='bbox 344 1376 424 1404; x_wconf 76' lang='lat' dir='ltr'><strong>facile</strong></span> <span class='ocrx_word' id='word_1_201' title='bbox 438 1377 572 1412; x_wconf 80' lang='lat' dir='ltr'><strong>potuisse.</strong></span> <span class='ocrx_word' id='word_1_202' title='bbox 589 1377 648 1406; x_wconf 81' lang='lat' dir='ltr'><strong>Sed</strong></span> <span class='ocrx_word' id='word_1_203' title='bbox 666 1382 694 1406; x_wconf 88' lang='lat' dir='ltr'><strong>et</strong></span> <span class='ocrx_word' id='word_1_204' title='bbox 715 1378 805 1406; x_wconf 88' lang='lat' dir='ltr'><strong>medio</strong></span> <span class='ocrx_word' id='word_1_205' title='bbox 817 1379 928 1407; x_wconf 83' lang='lat' dir='ltr'><strong>circiter</strong></span> <span class='ocrx_word' id='word_1_206' title='bbox 948 1386 1000 1407; x_wconf 68' lang='lat' dir='ltr'><strong>saa-</strong></span> 
     </span>
    </p>
   </div>
   <div class='ocr_carea' id='block_1_31' title="bbox 212 1422 998 1460">
    <p class='ocr_par' dir='ltr' id='par_1_31' title="bbox 212 1422 998 1460">
     <span class='ocr_line' id='line_1_31' title="bbox 212 1422 998 1460; baseline 0.006 -12"><span class='ocrx_word' id='word_1_207' title='bbox 212 1422 276 1450; x_wconf 91' lang='lat' dir='ltr'><strong>culo</strong></span> <span class='ocrx_word' id='word_1_208' title='bbox 290 1422 337 1449; x_wconf 93' lang='lat' dir='ltr'><strong>illo</strong></span> <span class='ocrx_word' id='word_1_209' title='bbox 351 1423 434 1450; x_wconf 89' lang='lat' dir='ltr'><strong>tertio</strong></span> <span class='ocrx_word' id='word_1_210' title='bbox 453 1423 562 1451; x_wconf 89' lang='lat' dir='ltr'><strong>evoluto</strong></span> <span class='ocrx_word' id='word_1_211' title='bbox 579 1423 608 1451; x_wconf 89' lang='lat' dir='ltr'><strong>S.</strong></span> <span class='ocrx_word' id='word_1_212' title='bbox 631 1423 779 1460; x_wconf 89' lang='lat' dir='ltr'><strong>Dionysius</strong></span> <span class='ocrx_word' id='word_1_213' title='bbox 796 1423 998 1453; x_wconf 79' lang='lat' dir='ltr'><strong>Alexandrinus</strong></span> 
     </span>
    </p>
   </div>
   <div class='ocr_carea' id='block_1_32' title="bbox 213 1467 1000 1506">
    <p class='ocr_par' dir='ltr' id='par_1_32' title="bbox 213 1467 1000 1506">
     <span class='ocr_line' id='line_1_32' title="bbox 213 1467 1000 1506; baseline 0.006 -12"><span class='ocrx_word' id='word_1_214' title='bbox 213 1475 229 1494; x_wconf 90' lang='lat' dir='ltr'><strong>a</strong></span> <span class='ocrx_word' id='word_1_215' title='bbox 245 1467 365 1495; x_wconf 84' lang='lat' dir='ltr'><strong>Basilide</strong></span> <span class='ocrx_word' id='word_1_216' title='bbox 378 1468 510 1504; x_wconf 87' lang='lat' dir='ltr'><strong>episcopo</strong></span> <span class='ocrx_word' id='word_1_217' title='bbox 525 1470 670 1497; x_wconf 89' lang='lat' dir='ltr'><strong>consultus</strong></span> <span class='ocrx_word' id='word_1_218' title='bbox 683 1475 765 1505; x_wconf 91' lang='lat' dir='ltr'><strong>quota</strong></span> <span class='ocrx_word' id='word_1_219' title='bbox 781 1471 871 1499; x_wconf 90' lang='lat' dir='ltr'><strong>noctis</strong></span> <span class='ocrx_word' id='word_1_220' title='bbox 885 1470 952 1499; x_wconf 88' lang='lat' dir='ltr'><strong>hora</strong></span> <span class='ocrx_word' id='word_1_221' title='bbox 960 1471 1000 1506; x_wconf 86' lang='lat' dir='ltr'><strong>je-</strong></span> 
     </span>
    </p>
   </div>
   <div class='ocr_carea' id='block_1_33' title="bbox 1059 224 1846 260">
    <p class='ocr_par' dir='ltr' id='par_1_33' title="bbox 1059 224 1846 260">
     <span class='ocr_line' id='line_1_33' title="bbox 1059 224 1846 260; baseline 0.001 -9"><span class='ocrx_word' id='word_1_222' title='bbox 1059 224 1123 260; x_wconf 88' lang='lat' dir='ltr'><strong>galli</strong></span> <span class='ocrx_word' id='word_1_223' title='bbox 1138 227 1250 251; x_wconf 87' lang='lat' dir='ltr'><strong>cantum</strong></span> <span class='ocrx_word' id='word_1_224' title='bbox 1266 224 1333 251; x_wconf 93' lang='lat' dir='ltr'><strong>illud</strong></span> <span class='ocrx_word' id='word_1_225' title='bbox 1350 231 1497 260; x_wconf 76' lang='lat' dir='ltr'><strong>prorogare</strong></span> <span class='ocrx_word' id='word_1_226' title='bbox 1518 225 1724 258; x_wconf 85' lang='lat' dir='ltr'><strong>consueverint,</strong></span> <span class='ocrx_word' id='word_1_227' title='bbox 1743 225 1792 253; x_wconf 89' lang='lat' dir='ltr'><strong>alii</strong></span> <span class='ocrx_word' id='word_1_228' title='bbox 1809 227 1846 252; x_wconf 88' lang='lat' dir='ltr'><strong>ci-</strong></span> 
     </span>
    </p>
   </div>
   <div class='ocr_carea' id='block_1_34' title="bbox 1057 270 1845 306">
    <p class='ocr_par' dir='ltr' id='par_1_34' title="bbox 1057 270 1845 306">
     <span class='ocr_line' id='line_1_34' title="bbox 1057 270 1845 306; baseline 0.001 -8"><span class='ocrx_word' id='word_1_229' title='bbox 1057 272 1113 300; x_wconf 87' lang='lat' dir='ltr'><strong>tius</strong></span> <span class='ocrx_word' id='word_1_230' title='bbox 1127 271 1269 299; x_wconf 84' lang='lat' dir='ltr'><strong>solverint.</strong></span> <span class='ocrx_word' id='word_1_231' title='bbox 1287 270 1316 298; x_wconf 87' lang='lat' dir='ltr'><strong>ld</strong></span> <span class='ocrx_word' id='word_1_232' title='bbox 1330 270 1452 306; x_wconf 79' lang='lat' dir='ltr'><strong>profecto</strong></span> <span class='ocrx_word' id='word_1_233' title='bbox 1467 270 1639 298; x_wconf 84' lang='lat' dir='ltr'><strong>demonstrat</strong></span> <span class='ocrx_word' id='word_1_234' title='bbox 1653 271 1799 306; x_wconf 81' lang='lat' dir='ltr'><strong>ignoratas</strong></span> <span class='ocrx_word' id='word_1_235' title='bbox 1815 271 1845 299; x_wconf 84' lang='lat' dir='ltr'><strong>ab</strong></span> 
     </span>
    </p>
   </div>
   <div class='ocr_carea' id='block_1_35' title="bbox 1056 317 1845 352">
    <p class='ocr_par' dir='ltr' id='par_1_35' title="bbox 1056 317 1845 352">
     <span class='ocr_line' id='line_1_35' title="bbox 1056 317 1845 352; baseline 0.001 -8"><span class='ocrx_word' id='word_1_236' title='bbox 1056 317 1104 345; x_wconf 93' lang='lat' dir='ltr'><strong>illo</strong></span> <span class='ocrx_word' id='word_1_237' title='bbox 1120 317 1207 346; x_wconf 78' lang='lat' dir='ltr'><strong>fuisse</strong></span> <span class='ocrx_word' id='word_1_238' title='bbox 1227 317 1392 352; x_wconf 87' lang='lat' dir='ltr'><strong>apostolicas</strong></span> <span class='ocrx_word' id='word_1_239' title='bbox 1407 317 1632 349; x_wconf 83' lang='lat' dir='ltr'><strong>constitutiones,</strong></span> <span class='ocrx_word' id='word_1_240' title='bbox 1655 324 1719 344; x_wconf 92' lang='lat' dir='ltr'><strong>cum</strong></span> <span class='ocrx_word' id='word_1_241' title='bbox 1747 317 1777 344; x_wconf 88' lang='lat' dir='ltr'><strong>in</strong></span> <span class='ocrx_word' id='word_1_242' title='bbox 1793 317 1845 345; x_wconf 81' lang='lat' dir='ltr'><strong>illis</strong></span> 
     </span>
    </p>
   </div>
   <div class='ocr_carea' id='block_1_36' title="bbox 1056 362 1845 398">
    <p class='ocr_par' dir='ltr' id='par_1_36' title="bbox 1056 362 1845 398">
     <span class='ocr_line' id='line_1_36' title="bbox 1056 362 1845 398; baseline 0.001 -8"><span class='ocrx_word' id='word_1_243' title='bbox 1056 363 1104 390; x_wconf 89' lang='lat' dir='ltr'><strong>lib.</strong></span> <span class='ocrx_word' id='word_1_244' title='bbox 1121 372 1149 395; x_wconf 77' lang='grc' dir='ltr'><strong>ν,</strong></span> <span class='ocrx_word' id='word_1_245' title='bbox 1167 371 1229 398; x_wconf 89' lang='lat' dir='ltr'><strong>cap.</strong></span> <span class='ocrx_word' id='word_1_246' title='bbox 1248 363 1292 394; x_wconf 82' lang='lat' dir='ltr'><strong>l8,</strong></span> <span class='ocrx_word' id='word_1_247' title='bbox 1309 362 1343 390; x_wconf 92' lang='lat' dir='ltr'><strong>ad</strong></span> <span class='ocrx_word' id='word_1_248' title='bbox 1359 363 1527 398; x_wconf 74' lang='lat' dir='ltr'><strong>gallicinium</strong></span> <span class='ocrx_word' id='word_1_249' title='bbox 1550 362 1758 398; x_wconf 85' lang='lat' dir='ltr'><strong>prorogandum</strong></span> <span class='ocrx_word' id='word_1_250' title='bbox 1776 362 1845 391; x_wconf 87' lang='lat' dir='ltr'><strong>Sab-</strong></span> 
     </span>
    </p>
   </div>
   <div class='ocr_carea' id='block_1_37' title="bbox 1055 408 1846 444">
    <p class='ocr_par' dir='ltr' id='par_1_37' title="bbox 1055 408 1846 444">
     <span class='ocr_line' id='line_1_37' title="bbox 1055 408 1846 444; baseline 0 -7"><span class='ocrx_word' id='word_1_251' title='bbox 1055 410 1112 438; x_wconf 87' lang='lat' dir='ltr'><strong>bati</strong></span> <span class='ocrx_word' id='word_1_252' title='bbox 1128 409 1209 444; x_wconf 86' lang='lat' dir='ltr'><strong>hujus</strong></span> <span class='ocrx_word' id='word_1_253' title='bbox 1223 409 1356 444; x_wconf 90' lang='lat' dir='ltr'><strong>jejunium</strong></span> <span class='ocrx_word' id='word_1_254' title='bbox 1373 408 1506 436; x_wconf 87' lang='lat' dir='ltr'><strong>edicatur.</strong></span> <span class='ocrx_word' id='word_1_255' title='bbox 1519 408 1587 435; x_wconf 89' lang='lat' dir='ltr'><strong>Cum</strong></span> <span class='ocrx_word' id='word_1_256' title='bbox 1603 412 1707 441; x_wconf 86' lang='lat' dir='ltr'><strong>tamen,</strong></span> <span class='ocrx_word' id='word_1_257' title='bbox 1719 412 1752 436; x_wconf 91' lang='lat' dir='ltr'><strong>ut</strong></span> <span class='ocrx_word' id='word_1_258' title='bbox 1764 417 1846 444; x_wconf 86' lang='lat' dir='ltr'><strong>supra</strong></span> 
     </span>
    </p>
   </div>
   <div class='ocr_carea' id='block_1_38' title="bbox 1055 453 1845 490">
    <p class='ocr_par' dir='ltr' id='par_1_38' title="bbox 1055 453 1845 490">
     <span class='ocr_line' id='line_1_38' title="bbox 1055 453 1845 490; baseline -0.003 -6"><span class='ocrx_word' id='word_1_259' title='bbox 1055 457 1161 489; x_wconf 89' lang='lat' dir='ltr'><strong>monui,</strong></span> <span class='ocrx_word' id='word_1_260' title='bbox 1175 460 1254 484; x_wconf 67' lang='lat' dir='ltr'><strong>mtate</strong></span> <span class='ocrx_word' id='word_1_261' title='bbox 1265 456 1310 483; x_wconf 88' lang='lat' dir='ltr'><strong>illa</strong></span> <span class='ocrx_word' id='word_1_262' title='bbox 1325 456 1423 483; x_wconf 73' lang='lat' dir='ltr'><strong>vixerit</strong></span> <span class='ocrx_word' id='word_1_263' title='bbox 1433 458 1538 487; x_wconf 85' lang='lat' dir='ltr'><strong>auctor,</strong></span> <span class='ocrx_word' id='word_1_264' title='bbox 1552 462 1607 490; x_wconf 87' lang='lat' dir='ltr'><strong>qua</strong></span> <span class='ocrx_word' id='word_1_265' title='bbox 1621 453 1750 482; x_wconf 85' lang='lat' dir='ltr'><strong>Ecclesia</strong></span> <span class='ocrx_word' id='word_1_266' title='bbox 1759 458 1845 482; x_wconf 89' lang='lat' dir='ltr'><strong>totum</strong></span> 
     </span>
    </p>
   </div>
   <div class='ocr_carea' id='block_1_39' title="bbox 1055 500 1846 538">
    <p class='ocr_par' dir='ltr' id='par_1_39' title="bbox 1055 500 1846 538">
     <span class='ocr_line' id='line_1_39' title="bbox 1055 500 1846 538; baseline 0 -9"><span class='ocrx_word' id='word_1_267' title='bbox 1055 502 1110 530; x_wconf 88' lang='lat' dir='ltr'><strong>late</strong></span> <span class='ocrx_word' id='word_1_268' title='bbox 1131 510 1180 538; x_wconf 90' lang='lat' dir='ltr'><strong>per</strong></span> <span class='ocrx_word' id='word_1_269' title='bbox 1201 501 1295 530; x_wconf 84' lang='lat' dir='ltr'><strong>orbem</strong></span> <span class='ocrx_word' id='word_1_270' title='bbox 1323 501 1433 529; x_wconf 89' lang='lat' dir='ltr'><strong>tandem</strong></span> <span class='ocrx_word' id='word_1_271' title='bbox 1459 501 1649 536; x_wconf 75' lang='lat' dir='ltr'><strong>promulgata,</strong></span> <span class='ocrx_word' id='word_1_272' title='bbox 1674 504 1702 528; x_wconf 91' lang='lat' dir='ltr'><strong>et</strong></span> <span class='ocrx_word' id='word_1_273' title='bbox 1730 500 1846 538; x_wconf 75' lang='lat' dir='ltr'><strong>dilatata</strong></span> 
     </span>
    </p>
   </div>
   <div class='ocr_carea' id='block_1_40' title="bbox 1054 546 1844 584">
    <p class='ocr_par' dir='ltr' id='par_1_40' title="bbox 1054 546 1844 584">
     <span class='ocr_line' id='line_1_40' title="bbox 1054 546 1844 584; baseline 0.001 -9"><span class='ocrx_word' id='word_1_274' title='bbox 1054 552 1130 582; x_wconf 90' lang='lat' dir='ltr'><strong>erat;</strong></span> <span class='ocrx_word' id='word_1_275' title='bbox 1155 548 1236 584; x_wconf 90' lang='lat' dir='ltr'><strong>idque</strong></span> <span class='ocrx_word' id='word_1_276' title='bbox 1251 547 1359 575; x_wconf 90' lang='lat' dir='ltr'><strong>demum</strong></span> <span class='ocrx_word' id='word_1_277' title='bbox 1382 551 1462 575; x_wconf 67' lang='lat' dir='ltr'><strong>aetate</strong></span> <span class='ocrx_word' id='word_1_278' title='bbox 1476 546 1649 575; x_wconf 86' lang='lat' dir='ltr'><strong>Constantini</strong></span> <span class='ocrx_word' id='word_1_279' title='bbox 1670 546 1844 576; x_wconf 86' lang='lat' dir='ltr'><strong>obtinuerit:</strong></span> 
     </span>
    </p>
   </div>
   <div class='ocr_carea' id='block_1_41' title="bbox 1054 593 1847 628">
    <p class='ocr_par' dir='ltr' id='par_1_41' title="bbox 1054 593 1847 628">
     <span class='ocr_line' id='line_1_41' title="bbox 1054 593 1847 628; baseline -0.003 -6"><span class='ocrx_word' id='word_1_280' title='bbox 1054 594 1116 622; x_wconf 89' lang='lat' dir='ltr'><strong>ideo</strong></span> <span class='ocrx_word' id='word_1_281' title='bbox 1130 593 1306 622; x_wconf 83' lang='lat' dir='ltr'><strong>Constantini</strong></span> <span class='ocrx_word' id='word_1_282' title='bbox 1323 597 1404 621; x_wconf 82' lang='lat' dir='ltr'><strong>aetate</strong></span> <span class='ocrx_word' id='word_1_283' title='bbox 1419 593 1602 628; x_wconf 85' lang='lat' dir='ltr'><strong>antiquiorem</strong></span> <span class='ocrx_word' id='word_1_284' title='bbox 1619 600 1676 620; x_wconf 85' lang='lat' dir='ltr'><strong>non</strong></span> <span class='ocrx_word' id='word_1_285' title='bbox 1701 593 1847 621; x_wconf 83' lang='lat' dir='ltr'><strong>existima-</strong></span> 
     </span>
    </p>
   </div>
   <div class='ocr_carea' id='block_1_42' title="bbox 1053 639 1845 674">
    <p class='ocr_par' dir='ltr' id='par_1_42' title="bbox 1053 639 1845 674">
     <span class='ocr_line' id='line_1_42' title="bbox 1053 639 1845 674; baseline 0 -7"><span class='ocrx_word' id='word_1_286' title='bbox 1053 640 1148 668; x_wconf 87' lang='lat' dir='ltr'><strong>verim.</strong></span> <span class='ocrx_word' id='word_1_287' title='bbox 1162 639 1268 667; x_wconf 85' lang='lat' dir='ltr'><strong>Rursus</strong></span> <span class='ocrx_word' id='word_1_288' title='bbox 1281 643 1371 667; x_wconf 88' lang='lat' dir='ltr'><strong>autem</strong></span> <span class='ocrx_word' id='word_1_289' title='bbox 1389 639 1490 667; x_wconf 61' lang='lat' dir='ltr'><strong>saculo</strong></span> <span class='ocrx_word' id='word_1_290' title='bbox 1503 642 1604 674; x_wconf 88' lang='lat' dir='ltr'><strong>quarto</strong></span> <span class='ocrx_word' id='word_1_291' title='bbox 1619 640 1746 672; x_wconf 86' lang='lat' dir='ltr'><strong>ineunte,</strong></span> <span class='ocrx_word' id='word_1_292' title='bbox 1762 647 1845 673; x_wconf 86' lang='lat' dir='ltr'><strong>anno,</strong></span> 
     </span>
    </p>
   </div>
   <div class='ocr_carea' id='block_1_43' title="bbox 1053 684 1847 721">
    <p class='ocr_par' dir='ltr' id='par_1_43' title="bbox 1053 684 1847 721">
     <span class='ocr_line' id='line_1_43' title="bbox 1053 684 1847 721; baseline 0.001 -8"><span class='ocrx_word' id='word_1_293' title='bbox 1053 691 1185 721; x_wconf 79' lang='lat' dir='ltr'><strong>quantum</strong></span> <span class='ocrx_word' id='word_1_294' title='bbox 1201 686 1319 714; x_wconf 86' lang='lat' dir='ltr'><strong>arbitror</strong></span> <span class='ocrx_word' id='word_1_295' title='bbox 1332 685 1398 718; x_wconf 80' lang='lat'><strong>309,</strong></span> <span class='ocrx_word' id='word_1_296' title='bbox 1415 685 1561 713; x_wconf 89' lang='lat' dir='ltr'><strong>concilium</strong></span> <span class='ocrx_word' id='word_1_297' title='bbox 1577 684 1782 714; x_wconf 85' lang='lat' dir='ltr'><strong>Eliberitanum</strong></span> <span class='ocrx_word' id='word_1_298' title='bbox 1804 695 1847 714; x_wconf 86' lang='lat' dir='ltr'><strong>ce-</strong></span> 
     </span>
    </p>
   </div>
   <div class='ocr_carea' id='block_1_44' title="bbox 1053 731 1847 768">
    <p class='ocr_par' dir='ltr' id='par_1_44' title="bbox 1053 731 1847 768">
     <span class='ocr_line' id='line_1_44' title="bbox 1053 731 1847 768; baseline 0 -9"><span class='ocrx_word' id='word_1_299' title='bbox 1053 732 1187 760; x_wconf 75' lang='lat' dir='ltr'><strong>lebratum</strong></span> <span class='ocrx_word' id='word_1_300' title='bbox 1201 736 1253 764; x_wconf 86' lang='lat' dir='ltr'><strong>est,</strong></span> <span class='ocrx_word' id='word_1_301' title='bbox 1270 732 1350 767; x_wconf 84' lang='lat' dir='ltr'><strong>cujus</strong></span> <span class='ocrx_word' id='word_1_302' title='bbox 1369 732 1474 768; x_wconf 87' lang='lat' dir='ltr'><strong>primus</strong></span> <span class='ocrx_word' id='word_1_303' title='bbox 1488 739 1578 760; x_wconf 86' lang='lat' dir='ltr'><strong>canon</strong></span> <span class='ocrx_word' id='word_1_304' title='bbox 1593 731 1701 759; x_wconf 88' lang='lat' dir='ltr'><strong>admitti</strong></span> <span class='ocrx_word' id='word_1_305' title='bbox 1715 736 1794 760; x_wconf 75' lang='lat' dir='ltr'><strong>vetat</strong></span> <span class='ocrx_word' id='word_1_306' title='bbox 1815 733 1847 760; x_wconf 84' lang='lat' dir='ltr'><strong>ad</strong></span> 
     </span>
    </p>
   </div>
   <div class='ocr_carea' id='block_1_45' title="bbox 1053 778 1847 815">
    <p class='ocr_par' dir='ltr' id='par_1_45' title="bbox 1053 778 1847 815">
     <span class='ocr_line' id='line_1_45' title="bbox 1053 778 1847 815; baseline 0.003 -10"><span class='ocrx_word' id='word_1_307' title='bbox 1053 778 1271 806; x_wconf 88' lang='lat' dir='ltr'><strong>communionem</strong></span> <span class='ocrx_word' id='word_1_308' title='bbox 1287 779 1359 811; x_wconf 83' lang='lat' dir='ltr'><strong>illos,</strong></span> <span class='ocrx_word' id='word_1_309' title='bbox 1376 778 1422 814; x_wconf 91' lang='lat' dir='ltr'><strong>qui</strong></span> <span class='ocrx_word' id='word_1_310' title='bbox 1437 786 1453 805; x_wconf 90' lang='lat' dir='ltr'><strong>a</strong></span> <span class='ocrx_word' id='word_1_311' title='bbox 1468 778 1521 807; x_wconf 85' lang='lat' dir='ltr'><strong>ﬁde</strong></span> <span class='ocrx_word' id='word_1_312' title='bbox 1532 779 1566 806; x_wconf 89' lang='lat' dir='ltr'><strong>ad</strong></span> <span class='ocrx_word' id='word_1_313' title='bbox 1578 778 1769 807; x_wconf 73' lang='lat' dir='ltr'><strong>idololatrian:</strong></span> <span class='ocrx_word' id='word_1_314' title='bbox 1782 787 1847 815; x_wconf 54' lang='lat' dir='ltr'><strong>apo-</strong></span> 
     </span>
    </p>
   </div>
   <div class='ocr_carea' id='block_1_46' title="bbox 1053 825 1846 862">
    <p class='ocr_par' dir='ltr' id='par_1_46' title="bbox 1053 825 1846 862">
     <span class='ocr_line' id='line_1_46' title="bbox 1053 825 1846 862; baseline 0.003 -10"><span class='ocrx_word' id='word_1_315' title='bbox 1053 825 1225 857; x_wconf 87' lang='lat' dir='ltr'><strong>stataveriut,</strong></span> <span class='ocrx_word' id='word_1_316' title='bbox 1241 830 1483 861; x_wconf 86' lang='lat' dir='ltr'><strong>quantumcunque</strong></span> <span class='ocrx_word' id='word_1_317' title='bbox 1497 826 1531 854; x_wconf 89' lang='lat' dir='ltr'><strong>de</strong></span> <span class='ocrx_word' id='word_1_318' title='bbox 1547 825 1665 854; x_wconf 89' lang='lat' dir='ltr'><strong>crimine</strong></span> <span class='ocrx_word' id='word_1_319' title='bbox 1676 826 1744 854; x_wconf 88' lang='lat' dir='ltr'><strong>dein</strong></span> <span class='ocrx_word' id='word_1_320' title='bbox 1758 828 1846 862; x_wconf 82' lang='lat' dir='ltr'><strong>pceni-</strong></span> 
     </span>
    </p>
   </div>
   <div class='ocr_carea' id='block_1_47' title="bbox 1051 871 1847 908">
    <p class='ocr_par' dir='ltr' id='par_1_47' title="bbox 1051 871 1847 908">
     <span class='ocr_line' id='line_1_47' title="bbox 1051 871 1847 908; baseline 0.001 -9"><span class='ocrx_word' id='word_1_321' title='bbox 1051 871 1164 904; x_wconf 88' lang='lat' dir='ltr'><strong>tuerint,</strong></span> <span class='ocrx_word' id='word_1_322' title='bbox 1181 871 1262 907; x_wconf 87' lang='lat' dir='ltr'><strong>idque</strong></span> <span class='ocrx_word' id='word_1_323' title='bbox 1276 871 1384 899; x_wconf 88' lang='lat' dir='ltr'><strong>demum</strong></span> <span class='ocrx_word' id='word_1_324' title='bbox 1396 879 1550 907; x_wconf 79' lang='lat' dir='ltr'><strong>repugnare</strong></span> <span class='ocrx_word' id='word_1_325' title='bbox 1561 871 1670 900; x_wconf 85' lang='lat' dir='ltr'><strong>videtur</strong></span> <span class='ocrx_word' id='word_1_326' title='bbox 1684 874 1847 908; x_wconf 70' lang='lat' dir='ltr'><strong>apostolica</strong></span> 
     </span>
    </p>
   </div>
   <div class='ocr_carea' id='block_1_48' title="bbox 1051 917 1847 953">
    <p class='ocr_par' dir='ltr' id='par_1_48' title="bbox 1051 917 1847 953">
     <span class='ocr_line' id='line_1_48' title="bbox 1051 917 1847 953; baseline 0.004 -9"><span class='ocrx_word' id='word_1_327' title='bbox 1051 917 1090 944; x_wconf 93' lang='lat' dir='ltr'><strong>illi</strong></span> <span class='ocrx_word' id='word_1_328' title='bbox 1104 917 1305 950; x_wconf 83' lang='lat' dir='ltr'><strong>constitutioni,</strong></span> <span class='ocrx_word' id='word_1_329' title='bbox 1327 917 1408 952; x_wconf 86' lang='lat' dir='ltr'><strong>cujus</strong></span> <span class='ocrx_word' id='word_1_330' title='bbox 1424 925 1508 953; x_wconf 87' lang='lat' dir='ltr'><strong>supra</strong></span> <span class='ocrx_word' id='word_1_331' title='bbox 1521 918 1625 945; x_wconf 84' lang='lat' dir='ltr'><strong>mentio</strong></span> <span class='ocrx_word' id='word_1_332' title='bbox 1642 918 1719 946; x_wconf 76' lang='lat' dir='ltr'><strong>facta</strong></span> <span class='ocrx_word' id='word_1_333' title='bbox 1735 923 1798 953; x_wconf 86' lang='lat' dir='ltr'><strong>est;</strong></span> <span class='ocrx_word' id='word_1_334' title='bbox 1815 928 1847 947; x_wconf 71' lang='lat' dir='ltr'><strong>ex</strong></span> 
     </span>
    </p>
   </div>
   <div class='ocr_carea' id='block_1_49' title="bbox 1050 963 1846 1000">
    <p class='ocr_par' dir='ltr' id='par_1_49' title="bbox 1050 963 1846 1000">
     <span class='ocr_line' id='line_1_49' title="bbox 1050 963 1846 1000; baseline 0.003 -9"><span class='ocrx_word' id='word_1_335' title='bbox 1050 971 1103 1000; x_wconf 85' lang='lat' dir='ltr'><strong>qua</strong></span> <span class='ocrx_word' id='word_1_336' title='bbox 1118 964 1276 999; x_wconf 83' lang='lat' dir='ltr'><strong>conjectura</strong></span> <span class='ocrx_word' id='word_1_337' title='bbox 1289 963 1421 992; x_wconf 84' lang='lat' dir='ltr'><strong>docemur</strong></span> <span class='ocrx_word' id='word_1_338' title='bbox 1431 964 1658 992; x_wconf 84' lang='lat' dir='ltr'><strong>constitutionem</strong></span> <span class='ocrx_word' id='word_1_339' title='bbox 1674 965 1754 992; x_wconf 83' lang='lat' dir='ltr'><strong>illam</strong></span> <span class='ocrx_word' id='word_1_340' title='bbox 1774 974 1846 994; x_wconf 86' lang='lat' dir='ltr'><strong>non-</strong></span> 
     </span>
    </p>
   </div>
   <div class='ocr_carea' id='block_1_50' title="bbox 1050 1009 1846 1040">
    <p class='ocr_par' dir='ltr' id='par_1_50' title="bbox 1050 1009 1846 1040">
     <span class='ocr_line' id='line_1_50' title="bbox 1050 1009 1846 1040; baseline 0.004 -3"><span class='ocrx_word' id='word_1_341' title='bbox 1050 1010 1115 1038; x_wconf 88' lang='lat' dir='ltr'><strong>dum</strong></span> <span class='ocrx_word' id='word_1_342' title='bbox 1127 1017 1199 1038; x_wconf 89' lang='lat' dir='ltr'><strong>anno</strong></span> <span class='ocrx_word' id='word_1_343' title='bbox 1214 1010 1262 1038; x_wconf 91' lang='lat' dir='ltr'><strong>illo</strong></span> <span class='ocrx_word' id='word_1_344' title='bbox 1281 1010 1447 1038; x_wconf 87' lang='lat' dir='ltr'><strong>innotuisse.</strong></span> <span class='ocrx_word' id='word_1_345' title='bbox 1467 1009 1597 1038; x_wconf 80' lang='lat' dir='ltr'><strong>Vicissim</strong></span> <span class='ocrx_word' id='word_1_346' title='bbox 1613 1018 1680 1038; x_wconf 90' lang='lat' dir='ltr'><strong>vero</strong></span> <span class='ocrx_word' id='word_1_347' title='bbox 1695 1014 1802 1039; x_wconf 79' lang='lat' dir='ltr'><strong>auctor</strong></span> <span class='ocrx_word' id='word_1_348' title='bbox 1814 1012 1846 1040; x_wconf 82' lang='lat' dir='ltr'><strong>de</strong></span> 
     </span>
    </p>
   </div>
   <div class='ocr_carea' id='block_1_51' title="bbox 1049 1055 1846 1093">
    <p class='ocr_par' dir='ltr' id='par_1_51' title="bbox 1049 1055 1846 1093">
     <span class='ocr_line' id='line_1_51' title="bbox 1049 1055 1846 1093; baseline 0.003 -10"><span class='ocrx_word' id='word_1_349' title='bbox 1049 1055 1119 1084; x_wconf 79' lang='lat' dir='ltr'><strong>Filio</strong></span> <span class='ocrx_word' id='word_1_350' title='bbox 1134 1056 1181 1084; x_wconf 87' lang='lat' dir='ltr'><strong>Dei</strong></span> <span class='ocrx_word' id='word_1_351' title='bbox 1203 1056 1241 1084; x_wconf 88' lang='lat' dir='ltr'><strong>ita</strong></span> <span class='ocrx_word' id='word_1_352' title='bbox 1257 1056 1359 1092; x_wconf 90' lang='lat' dir='ltr'><strong>passim</strong></span> <span class='ocrx_word' id='word_1_353' title='bbox 1381 1060 1408 1084; x_wconf 90' lang='lat' dir='ltr'><strong>et</strong></span> <span class='ocrx_word' id='word_1_354' title='bbox 1423 1055 1580 1092; x_wconf 86' lang='lat' dir='ltr'><strong>frequenter</strong></span> <span class='ocrx_word' id='word_1_355' title='bbox 1594 1056 1733 1092; x_wconf 83' lang='lat' dir='ltr'><strong>loquitur.</strong></span> <span class='ocrx_word' id='word_1_356' title='bbox 1750 1065 1846 1093; x_wconf 82' lang='lat' dir='ltr'><strong>quem-</strong></span> 
     </span>
    </p>
   </div>
   <div class='ocr_carea' id='block_1_52' title="bbox 1050 1102 1845 1131">
    <p class='ocr_par' dir='ltr' id='par_1_52' title="bbox 1050 1102 1845 1131">
     <span class='ocr_line' id='line_1_52' title="bbox 1050 1102 1845 1131; baseline 0 0"><span class='ocrx_word' id='word_1_357' title='bbox 1050 1102 1196 1131; x_wconf 84' lang='lat' dir='ltr'><strong>admodum</strong></span> <span class='ocrx_word' id='word_1_358' title='bbox 1218 1102 1387 1131; x_wconf 69' lang='lat' dir='ltr'><strong>Antenicaeni</strong></span> <span class='ocrx_word' id='word_1_359' title='bbox 1414 1102 1512 1130; x_wconf 82' lang='lat' dir='ltr'><strong>Patres</strong></span> <span class='ocrx_word' id='word_1_360' title='bbox 1537 1102 1661 1131; x_wconf 73' lang='lat' dir='ltr'><strong>scribere</strong></span> <span class='ocrx_word' id='word_1_361' title='bbox 1688 1110 1845 1131; x_wconf 68' lang='lat' dir='ltr'><strong>consueve-</strong></span> 
     </span>
    </p>
   </div>
   <div class='ocr_carea' id='block_1_53' title="bbox 1050 1149 1846 1184">
    <p class='ocr_par' dir='ltr' id='par_1_53' title="bbox 1050 1149 1846 1184">
     <span class='ocr_line' id='line_1_53' title="bbox 1050 1149 1846 1184; baseline 0 -7"><span class='ocrx_word' id='word_1_362' title='bbox 1050 1152 1125 1182; x_wconf 86' lang='lat' dir='ltr'><strong>runt,</strong></span> <span class='ocrx_word' id='word_1_363' title='bbox 1139 1152 1167 1177; x_wconf 90' lang='lat' dir='ltr'><strong>et</strong></span> <span class='ocrx_word' id='word_1_364' title='bbox 1180 1156 1248 1177; x_wconf 85' lang='lat' dir='ltr'><strong>voce</strong></span> <span class='ocrx_word' id='word_1_365' title='bbox 1262 1149 1410 1183; x_wconf 83' lang='lat' dir='ltr'><strong>omousion,</strong></span> <span class='ocrx_word' id='word_1_366' title='bbox 1430 1156 1588 1184; x_wconf 85' lang='lat' dir='ltr'><strong>quanquam</strong></span> <span class='ocrx_word' id='word_1_367' title='bbox 1602 1156 1677 1184; x_wconf 60' lang='lat' dir='ltr'><strong>saepe</strong></span> <span class='ocrx_word' id='word_1_368' title='bbox 1692 1156 1743 1177; x_wconf 83' lang='lat' dir='ltr'><strong>res</strong></span> <span class='ocrx_word' id='word_1_369' title='bbox 1757 1154 1787 1177; x_wconf 90' lang='lat' dir='ltr'><strong>et</strong></span> <span class='ocrx_word' id='word_1_370' title='bbox 1802 1158 1846 1177; x_wconf 88' lang='lat' dir='ltr'><strong>oc-</strong></span> 
     </span>
    </p>
   </div>
   <div class='ocr_carea' id='block_1_54' title="bbox 1049 1195 1846 1232">
    <p class='ocr_par' dir='ltr' id='par_1_54' title="bbox 1049 1195 1846 1232">
     <span class='ocr_line' id='line_1_54' title="bbox 1049 1195 1846 1232; baseline 0 -9"><span class='ocrx_word' id='word_1_371' title='bbox 1049 1195 1126 1223; x_wconf 84' lang='lat' dir='ltr'><strong>casio</strong></span> <span class='ocrx_word' id='word_1_372' title='bbox 1138 1195 1328 1231; x_wconf 88' lang='lat' dir='ltr'><strong>postulaverit,</strong></span> <span class='ocrx_word' id='word_1_373' title='bbox 1344 1203 1484 1230; x_wconf 87' lang='lat' dir='ltr'><strong>nunquam</strong></span> <span class='ocrx_word' id='word_1_374' title='bbox 1499 1195 1596 1226; x_wconf 80' lang='lat' dir='ltr'><strong>utitur,</strong></span> <span class='ocrx_word' id='word_1_375' title='bbox 1608 1202 1665 1230; x_wconf 87' lang='lat' dir='ltr'><strong>quo</strong></span> <span class='ocrx_word' id='word_1_376' title='bbox 1680 1202 1846 1232; x_wconf 76' lang='lat' dir='ltr'><strong>arguments</strong></span> 
     </span>
    </p>
   </div>
   <div class='ocr_carea' id='block_1_55' title="bbox 1049 1239 1846 1277">
    <p class='ocr_par' dir='ltr' id='par_1_55' title="bbox 1049 1239 1846 1277">
     <span class='ocr_line' id='line_1_55' title="bbox 1049 1239 1846 1277; baseline 0.003 -9"><span class='ocrx_word' id='word_1_377' title='bbox 1049 1241 1160 1277; x_wconf 84' lang='lat' dir='ltr'><strong>probari</strong></span> <span class='ocrx_word' id='word_1_378' title='bbox 1170 1248 1250 1277; x_wconf 89' lang='lat' dir='ltr'><strong>posse</strong></span> <span class='ocrx_word' id='word_1_379' title='bbox 1263 1241 1383 1276; x_wconf 83' lang='lat' dir='ltr'><strong>arbitror</strong></span> <span class='ocrx_word' id='word_1_380' title='bbox 1396 1239 1495 1268; x_wconf 78' lang='lat' dir='ltr'><strong>Nicami</strong></span> <span class='ocrx_word' id='word_1_381' title='bbox 1505 1241 1846 1275; x_wconf 74' lang='lat' dir='ltr'><strong>concililcelebrationem</strong></span> 
     </span>
    </p>
   </div>
   <div class='ocr_carea' id='block_1_56' title="bbox 1049 1287 1847 1322">
    <p class='ocr_par' dir='ltr' id='par_1_56' title="bbox 1049 1287 1847 1322">
     <span class='ocr_line' id='line_1_56' title="bbox 1049 1287 1847 1322; baseline 0.003 -8"><span class='ocrx_word' id='word_1_382' title='bbox 1049 1295 1119 1322; x_wconf 88' lang='lat' dir='ltr'><strong>opus</strong></span> <span class='ocrx_word' id='word_1_383' title='bbox 1127 1287 1197 1315; x_wconf 92' lang='lat' dir='ltr'><strong>idem</strong></span> <span class='ocrx_word' id='word_1_384' title='bbox 1206 1287 1390 1322; x_wconf 62' lang='lat' dir='ltr'><strong>praecessisse.</strong></span> <span class='ocrx_word' id='word_1_385' title='bbox 1404 1287 1470 1320; x_wconf 79' lang='lat' dir='ltr'><strong>Qme</strong></span> <span class='ocrx_word' id='word_1_386' title='bbox 1480 1287 1503 1315; x_wconf 96' lang='lat' dir='ltr'><strong>si</strong></span> <span class='ocrx_word' id='word_1_387' title='bbox 1515 1287 1686 1322; x_wconf 72' lang='lat' dir='ltr'><strong>conjectura:</strong></span> <span class='ocrx_word' id='word_1_388' title='bbox 1698 1288 1847 1316; x_wconf 84' lang='lat' dir='ltr'><strong>admittan-</strong></span> 
     </span>
    </p>
   </div>
   <div class='ocr_carea' id='block_1_57' title="bbox 1049 1333 1847 1369">
    <p class='ocr_par' dir='ltr' id='par_1_57' title="bbox 1049 1333 1847 1369">
     <span class='ocr_line' id='line_1_57' title="bbox 1049 1333 1847 1369; baseline 0.003 -9"><span class='ocrx_word' id='word_1_389' title='bbox 1049 1337 1105 1366; x_wconf 82' lang='lat' dir='ltr'><strong>tur,</strong></span> <span class='ocrx_word' id='word_1_390' title='bbox 1115 1333 1187 1360; x_wconf 89' lang='lat' dir='ltr'><strong>intra</strong></span> <span class='ocrx_word' id='word_1_391' title='bbox 1195 1334 1313 1369; x_wconf 91' lang='lat' dir='ltr'><strong>spatium</strong></span> <span class='ocrx_word' id='word_1_392' title='bbox 1328 1333 1405 1365; x_wconf 91' lang='lat' dir='ltr'><strong>illud,</strong></span> <span class='ocrx_word' id='word_1_393' title='bbox 1413 1334 1485 1369; x_wconf 89' lang='lat' dir='ltr'><strong>quod</strong></span> <span class='ocrx_word' id='word_1_394' title='bbox 1495 1341 1568 1361; x_wconf 87' lang='lat' dir='ltr'><strong>anno</strong></span> <span class='ocrx_word' id='word_1_395' title='bbox 1575 1334 1628 1361; x_wconf 76' lang='lat'><strong>309</strong></span> <span class='ocrx_word' id='word_1_396' title='bbox 1638 1337 1668 1361; x_wconf 84' lang='lat' dir='ltr'><strong>et</strong></span> <span class='ocrx_word' id='word_1_397' title='bbox 1673 1334 1730 1362; x_wconf 71' lang='lat'><strong>525</strong></span> <span class='ocrx_word' id='word_1_398' title='bbox 1735 1336 1847 1363; x_wconf 84' lang='lat' dir='ltr'><strong>conclu-</strong></span> 
     </span>
    </p>
   </div>
   <div class='ocr_carea' id='block_1_58' title="bbox 1049 1378 1847 1416">
    <p class='ocr_par' dir='ltr' id='par_1_58' title="bbox 1049 1378 1847 1416">
     <span class='ocr_line' id='line_1_58' title="bbox 1049 1378 1847 1416; baseline 0.005 -10"><span class='ocrx_word' id='word_1_399' title='bbox 1049 1378 1134 1412; x_wconf 90' lang='lat' dir='ltr'><strong>ditur,</strong></span> <span class='ocrx_word' id='word_1_400' title='bbox 1142 1379 1312 1415; x_wconf 84' lang='lat' dir='ltr'><strong>vulgatarum</strong></span> <span class='ocrx_word' id='word_1_401' title='bbox 1326 1380 1554 1407; x_wconf 87' lang='lat' dir='ltr'><strong>constitutionum</strong></span> <span class='ocrx_word' id='word_1_402' title='bbox 1567 1380 1649 1408; x_wconf 82' lang='lat' dir='ltr'><strong>sedes</strong></span> <span class='ocrx_word' id='word_1_403' title='bbox 1665 1380 1776 1416; x_wconf 80' lang='lat' dir='ltr'><strong>ﬁgenda</strong></span> <span class='ocrx_word' id='word_1_404' title='bbox 1793 1387 1847 1410; x_wconf 84' lang='lat' dir='ltr'><strong>est.</strong></span> 
     </span>
    </p>
   </div>
   <div class='ocr_carea' id='block_1_59' title="bbox 1083 1424 1847 1463">
    <p class='ocr_par' dir='ltr' id='par_1_59' title="bbox 1083 1424 1847 1463">
     <span class='ocr_line' id='line_1_59' title="bbox 1083 1424 1847 1463; baseline 0.004 -10"><span class='ocrx_word' id='word_1_405' title='bbox 1083 1424 1228 1461; x_wconf 81' lang='lat' dir='ltr'><strong>Utcunque</strong></span> <span class='ocrx_word' id='word_1_406' title='bbox 1251 1433 1296 1454; x_wconf 88' lang='lat' dir='ltr'><strong>res</strong></span> <span class='ocrx_word' id='word_1_407' title='bbox 1321 1425 1422 1454; x_wconf 87' lang='lat' dir='ltr'><strong>habeat</strong></span> <span class='ocrx_word' id='word_1_408' title='bbox 1453 1433 1524 1460; x_wconf 89' lang='lat' dir='ltr'><strong>sese,</strong></span> <span class='ocrx_word' id='word_1_409' title='bbox 1551 1427 1622 1454; x_wconf 88' lang='lat' dir='ltr'><strong>utile</strong></span> <span class='ocrx_word' id='word_1_410' title='bbox 1647 1430 1693 1455; x_wconf 88' lang='lat' dir='ltr'><strong>est</strong></span> <span class='ocrx_word' id='word_1_411' title='bbox 1717 1435 1790 1463; x_wconf 87' lang='lat' dir='ltr'><strong>opus</strong></span> <span class='ocrx_word' id='word_1_412' title='bbox 1812 1430 1847 1455; x_wconf 83' lang='lat' dir='ltr'><strong>ad</strong></span> 
     </span>
    </p>
   </div>
   <div class='ocr_carea' id='block_1_60' title="bbox 1048 1471 1848 1508">
    <p class='ocr_par' dir='ltr' id='par_1_60' title="bbox 1048 1471 1848 1508">
     <span class='ocr_line' id='line_1_60' title="bbox 1048 1471 1848 1508; baseline 0.005 -10"><span class='ocrx_word' id='word_1_413' title='bbox 1048 1471 1144 1503; x_wconf 82' lang='lat' dir='ltr'><strong>multa,</strong></span> <span class='ocrx_word' id='word_1_414' title='bbox 1157 1475 1183 1499; x_wconf 89' lang='lat' dir='ltr'><strong>et</strong></span> <span class='ocrx_word' id='word_1_415' title='bbox 1200 1472 1356 1508; x_wconf 87' lang='lat' dir='ltr'><strong>dogmatum</strong></span> <span class='ocrx_word' id='word_1_416' title='bbox 1365 1476 1523 1500; x_wconf 80' lang='lat' dir='ltr'><strong>uestrorum</strong></span> <span class='ocrx_word' id='word_1_417' title='bbox 1539 1473 1674 1501; x_wconf 85' lang='lat' dir='ltr'><strong>vetustati</strong></span> <span class='ocrx_word' id='word_1_418' title='bbox 1688 1475 1848 1502; x_wconf 70' lang='lat' dir='ltr'><strong>astruend:</strong></span> 
     </span>
    </p>
   </div>
   <div class='ocr_carea' id='block_1_61' title="bbox 211 1513 1384 1557">
    <p class='ocr_par' dir='ltr' id='par_1_61' title="bbox 211 1513 1384 1557">
     <span class='ocr_line' id='line_1_61' title="bbox 211 1513 1384 1557; baseline 0.004 -16"><span class='ocrx_word' id='word_1_419' title='bbox 211 1513 321 1550; x_wconf 81' lang='lat' dir='ltr'><strong>junium</strong></span> <span class='ocrx_word' id='word_1_420' title='bbox 338 1514 407 1542; x_wconf 91' lang='lat' dir='ltr'><strong>solvi</strong></span> <span class='ocrx_word' id='word_1_421' title='bbox 422 1515 516 1543; x_wconf 89' lang='lat' dir='ltr'><strong>liceret</strong></span> <span class='ocrx_word' id='word_1_422' title='bbox 532 1515 653 1544; x_wconf 90' lang='lat' dir='ltr'><strong>Sabbato</strong></span> <span class='ocrx_word' id='word_1_423' title='bbox 667 1517 866 1553; x_wconf 85' lang='lat' dir='ltr'><strong>antepaschali,</strong></span> <span class='ocrx_word' id='word_1_424' title='bbox 881 1525 997 1554; x_wconf 84' lang='lat' dir='ltr'><strong>respon-</strong></span> <span class='ocrx_word' id='word_1_425' title='bbox 1011 1523 1037 1557; x_wconf 74' lang='grc' dir='ltr'>ο</span> <span class='ocrx_word' id='word_1_426' title='bbox 1050 1518 1172 1553; x_wconf 86' lang='lat' dir='ltr'><strong>apprime</strong></span> <span class='ocrx_word' id='word_1_427' title='bbox 1187 1518 1384 1546; x_wconf 81' lang='lat' dir='ltr'><strong>necessarium.</strong></span> 
     </span>
    </p>
   </div>
   <div class='ocr_carea' id='block_1_62' title="bbox 235 1592 1833 1609">
    <p class='ocr_par' dir='ltr' id='par_1_62' title="bbox 235 1592 1833 1609">
     <span class='ocr_line' id='line_1_62' title="bbox 235 1592 1833 1609; baseline 0.003 -10"><span class='ocrx_word' id='word_1_428' title='bbox 235 1592 1833 1609; x_wconf 66' lang='lat'><strong>____._________—_____——__</strong></span> 
     </span>
    </p>
   </div>
   <div class='ocr_carea' id='block_1_63' title="bbox 471 1658 1559 1742">
    <p class='ocr_par' dir='ltr' id='par_1_63' title="bbox 471 1658 1559 1742">
     <span class='ocr_line' id='line_1_63' title="bbox 471 1658 1559 1742; baseline 0.007 -9"><span class='ocrx_word' id='word_1_429' title='bbox 471 1659 542 1734; x_wconf 78' lang='lat' dir='ltr'><strong>DE</strong></span> <span class='ocrx_word' id='word_1_430' title='bbox 596 1658 1138 1739; x_wconf 64' lang='lat' dir='ltr'><strong>unumunum</strong></span> <span class='ocrx_word' id='word_1_431' title='bbox 1192 1661 1559 1742; x_wconf 71' lang='lat' dir='ltr'><strong>APllS&#39;l‘llliIGIS</strong></span> 
     </span>
    </p>
   </div>
   <div class='ocr_carea' id='block_1_64' title="bbox 981 1778 1071 1799">
    <p class='ocr_par' dir='ltr' id='par_1_64' title="bbox 981 1778 1071 1799">
     <span class='ocr_line' id='line_1_64' title="bbox 981 1778 1071 1799; baseline 0 -1"><span class='ocrx_word' id='word_1_432' title='bbox 981 1778 1071 1799; x_wconf 77' lang='lat' dir='ltr'><strong>EDITIS</strong></span> 
     </span>
    </p>
   </div>
   <div class='ocr_carea' id='block_1_65' title="bbox 646 1827 1415 1868">
    <p class='ocr_par' dir='ltr' id='par_1_65' title="bbox 646 1827 1415 1868">
     <span class='ocr_line' id='line_1_65' title="bbox 646 1827 1415 1868; baseline 0.004 -10"><span class='ocrx_word' id='word_1_433' title='bbox 646 1828 697 1858; x_wconf 77' lang='grc' dir='ltr'><strong>ΑΒ</strong></span> <span class='ocrx_word' id='word_1_434' title='bbox 715 1827 946 1858; x_wconf 76' lang='lat' dir='ltr'><strong>EIPPOLYTO</strong></span> <span class='ocrx_word' id='word_1_435' title='bbox 965 1827 1157 1859; x_wconf 84' lang='lat' dir='ltr'><strong>EPISCOPO</strong></span> <span class='ocrx_word' id='word_1_436' title='bbox 1179 1828 1415 1868; x_wconf 81' lang='lat' dir='ltr'><strong>PORTUENSI,</strong></span> 
     </span>
    </p>
   </div>
   <div class='ocr_carea' id='block_1_66' title="bbox 212 1887 1845 1930">
    <p class='ocr_par' dir='ltr' id='par_1_66' title="bbox 212 1887 1845 1930">
     <span class='ocr_line' id='line_1_66' title="bbox 212 1887 1845 1930; baseline 0.005 -15"><span class='ocrx_word' id='word_1_437' title='bbox 212 1889 274 1925; x_wconf 81' lang='lat' dir='ltr'><strong>([Ds</strong></span> <span class='ocrx_word' id='word_1_438' title='bbox 291 1888 463 1925; x_wconf 60' lang='grc' dir='ltr'><strong>Μωιςτιυελ</strong></span> <span class='ocrx_word' id='word_1_439' title='bbox 478 1891 546 1930; x_wconf 65' lang='lat' dir='ltr'><strong>Actu</strong></span> <span class='ocrx_word' id='word_1_440' title='bbox 560 1888 715 1930; x_wconf 47' lang='lat' dir='ltr'><strong>Martyrum</strong></span> <span class='ocrx_word' id='word_1_441' title='bbox 729 1889 764 1916; x_wconf 86' lang='lat' dir='ltr'><strong>ad</strong></span> <span class='ocrx_word' id='word_1_442' title='bbox 793 1888 870 1930; x_wconf 63' lang='lat' dir='ltr'><strong>Quia</strong></span> <span class='ocrx_word' id='word_1_443' title='bbox 882 1887 1012 1930; x_wconf 47' lang='grc' dir='ltr'><strong>πῶς.νὶξῇ</strong></span> <span class='ocrx_word' id='word_1_444' title='bbox 1021 1888 1072 1930; x_wconf 52' lang='grc' dir='ltr'><strong>ηιξ</strong></span> <span class='ocrx_word' id='word_1_445' title='bbox 1090 1888 1204 1930; x_wconf 58' lang='lat' dir='ltr'><strong>Claudio</strong></span> <span class='ocrx_word' id='word_1_446' title='bbox 1219 1889 1329 1930; x_wconf 60' lang='grc' dir='ltr'><strong>ροιέιὲσο</strong></span> <span class='ocrx_word' id='word_1_447' title='bbox 1341 1890 1457 1930; x_wconf 64' lang='lat' dir='ltr'><strong>(Romae,</strong></span> <span class='ocrx_word' id='word_1_448' title='bbox 1476 1892 1558 1930; x_wconf 61' lang='lat'><strong>1795,</strong></span> <span class='ocrx_word' id='word_1_449' title='bbox 1579 1893 1609 1921; x_wconf 89' lang='lat' dir='ltr'><strong>in</strong></span> <span class='ocrx_word' id='word_1_450' title='bbox 1625 1893 1717 1930; x_wconf 81' lang='lat' dir='ltr'><strong>folio),</strong></span> <span class='ocrx_word' id='word_1_451' title='bbox 1735 1895 1761 1922; x_wconf 90' lang='lat' dir='ltr'><strong>in</strong></span> <span class='ocrx_word' id='word_1_452' title='bbox 1779 1895 1845 1924; x_wconf 81' lang='lat' dir='ltr'><strong>Dis-</strong></span> 
     </span>
    </p>
   </div>
   <div class='ocr_carea' id='block_1_67' title="bbox 455 1925 602 1952">
    <p class='ocr_par' dir='ltr' id='par_1_67' title="bbox 455 1925 602 1952">
     <span class='ocr_line' id='line_1_67' title="bbox 455 1925 602 1952; baseline 0.007 -1"><span class='ocrx_word' id='word_1_453' title='bbox 455 1925 602 1952; x_wconf 86' lang='lat' dir='ltr'><strong>sertatioue</strong></span> 
     </span>
    </p>
   </div>
   <div class='ocr_carea' id='block_1_68' title="bbox 464 2035 743 2065">
    <p class='ocr_par' dir='ltr' id='par_1_68' title="bbox 464 2035 743 2065">
     <span class='ocr_line' id='line_1_68' title="bbox 464 2035 743 2065; baseline 0.004 -1"><span class='ocrx_word' id='word_1_454' title='bbox 464 2035 578 2064; x_wconf 81' lang='lat' dir='ltr'><strong>CAPUT</strong></span> <span class='ocrx_word' id='word_1_455' title='bbox 595 2035 743 2065; x_wconf 68' lang='lat' dir='ltr'><strong>PRIMUM.</strong></span> 
     </span>
    </p>
   </div>
   <div class='ocr_carea' id='block_1_69' title="bbox 213 2103 996 2140">
    <p class='ocr_par' dir='ltr' id='par_1_69' title="bbox 213 2103 996 2140">
     <span class='ocr_line' id='line_1_69' title="bbox 213 2103 996 2140; baseline 0 -8"><span class='ocrx_word' id='word_1_456' title='bbox 213 2104 317 2132; x_wconf 77' lang='lat' dir='ltr'><strong>Titulus</strong></span> <span class='ocrx_word' id='word_1_457' title='bbox 326 2105 354 2132; x_wconf 75' lang='lat' dir='ltr'><strong>in</strong></span> <span class='ocrx_word' id='word_1_458' title='bbox 367 2103 617 2140; x_wconf 74' lang='lat' dir='ltr'><strong>constitutionibus</strong></span> <span class='ocrx_word' id='word_1_459' title='bbox 633 2106 791 2140; x_wconf 85' lang='lat' dir='ltr'><strong>apostolicis</strong></span> <span class='ocrx_word' id='word_1_460' title='bbox 805 2109 943 2140; x_wconf 78' lang='lat' dir='ltr'><strong>corruptus</strong></span> <span class='ocrx_word' id='word_1_461' title='bbox 955 2113 996 2133; x_wconf 76' lang='lat' dir='ltr'><strong>re-</strong></span> 
     </span>
    </p>
   </div>
   <div class='ocr_carea' id='block_1_70' title="bbox 247 2139 996 2175">
    <p class='ocr_par' dir='ltr' id='par_1_70' title="bbox 247 2139 996 2175">
     <span class='ocr_line' id='line_1_70' title="bbox 247 2139 996 2175; baseline 0 -8"><span class='ocrx_word' id='word_1_462' title='bbox 247 2141 376 2168; x_wconf 76' lang='lat' dir='ltr'><strong>stituitur.</strong></span> <span class='ocrx_word' id='word_1_463' title='bbox 395 2139 514 2175; x_wconf 69' lang='lat' dir='ltr'><strong>Clemens</strong></span> <span class='ocrx_word' id='word_1_464' title='bbox 536 2139 670 2167; x_wconf 76' lang='lat' dir='ltr'><strong>Romanus</strong></span> <span class='ocrx_word' id='word_1_465' title='bbox 693 2145 717 2168; x_wconf 87' lang='lat' dir='ltr'><strong>et</strong></span> <span class='ocrx_word' id='word_1_466' title='bbox 731 2140 889 2175; x_wconf 75' lang='lat' dir='ltr'><strong>Hippolytus</strong></span> <span class='ocrx_word' id='word_1_467' title='bbox 909 2142 937 2168; x_wconf 82' lang='lat' dir='ltr'><strong>in</strong></span> <span class='ocrx_word' id='word_1_468' title='bbox 954 2141 996 2167; x_wconf 78' lang='lat' dir='ltr'><strong>his</strong></span> 
     </span>
    </p>
   </div>
   <div class='ocr_carea' id='block_1_71' title="bbox 246 2174 997 2210">
    <p class='ocr_par' dir='ltr' id='par_1_71' title="bbox 246 2174 997 2210">
     <span class='ocr_line' id='line_1_71' title="bbox 246 2174 997 2210; baseline 0.003 -8"><span class='ocrx_word' id='word_1_469' title='bbox 246 2175 400 2209; x_wconf 76' lang='lat' dir='ltr'><strong>colligendis</strong></span> <span class='ocrx_word' id='word_1_470' title='bbox 420 2174 576 2210; x_wconf 70' lang='lat' dir='ltr'><strong>edendiqu</strong></span> <span class='ocrx_word' id='word_1_471' title='bbox 600 2174 803 2204; x_wconf 74' lang='lat' dir='ltr'><strong>adlaborarunt.</strong></span> <span class='ocrx_word' id='word_1_472' title='bbox 828 2174 931 2204; x_wconf 74' lang='lat' dir='ltr'><strong>Paulus</strong></span> <span class='ocrx_word' id='word_1_473' title='bbox 944 2175 997 2204; x_wconf 83' lang='lat' dir='ltr'><strong>Sa-</strong></span> 
     </span>
    </p>
   </div>
   <div class='ocr_carea' id='block_1_72' title="bbox 247 2209 806 2246">
    <p class='ocr_par' dir='ltr' id='par_1_72' title="bbox 247 2209 806 2246">
     <span class='ocr_line' id='line_1_72' title="bbox 247 2209 806 2246; baseline 0.004 -10"><span class='ocrx_word' id='word_1_474' title='bbox 247 2215 398 2238; x_wconf 79' lang='lat' dir='ltr'><strong>mosatenus</strong></span> <span class='ocrx_word' id='word_1_475' title='bbox 413 2209 646 2238; x_wconf 86' lang='lat' dir='ltr'><strong>Constitutionum</strong></span> <span class='ocrx_word' id='word_1_476' title='bbox 659 2216 806 2246; x_wconf 87' lang='lat' dir='ltr'><strong>corruptor.</strong></span> 
     </span>
    </p>
   </div>
   <div class='ocr_carea' id='block_1_73' title="bbox 248 2266 993 2304">
    <p class='ocr_par' dir='ltr' id='par_1_73' title="bbox 248 2266 993 2304">
     <span class='ocr_line' id='line_1_73' title="bbox 248 2266 993 2304; baseline 0.004 -10"><span class='ocrx_word' id='word_1_477' title='bbox 248 2266 270 2296; x_wconf 96' lang='lat' dir='ltr'><strong>l.</strong></span> <span class='ocrx_word' id='word_1_478' title='bbox 288 2267 361 2296; x_wconf 86' lang='lat' dir='ltr'><strong>Inter</strong></span> <span class='ocrx_word' id='word_1_479' title='bbox 371 2267 520 2296; x_wconf 84' lang='lat' dir='ltr'><strong>vetustiora</strong></span> <span class='ocrx_word' id='word_1_480' title='bbox 531 2275 615 2295; x_wconf 71' lang='lat' dir='ltr'><strong>sacrae</strong></span> <span class='ocrx_word' id='word_1_481' title='bbox 627 2269 795 2304; x_wconf 83' lang='lat' dir='ltr'><strong>antiquitatis</strong></span> <span class='ocrx_word' id='word_1_482' title='bbox 808 2273 993 2302; x_wconf 88' lang='lat' dir='ltr'><strong>monumenta,</strong></span> 
     </span>
    </p>
   </div>
   <div class='ocr_carea' id='block_1_74' title="bbox 213 2312 993 2350">
    <p class='ocr_par' dir='ltr' id='par_1_74' title="bbox 213 2312 993 2350">
     <span class='ocr_line' id='line_1_74' title="bbox 213 2312 993 2350; baseline 0.003 -10"><span class='ocrx_word' id='word_1_483' title='bbox 213 2321 294 2348; x_wconf 90' lang='lat' dir='ltr'><strong>quem</strong></span> <span class='ocrx_word' id='word_1_484' title='bbox 308 2313 398 2341; x_wconf 89' lang='lat' dir='ltr'><strong>locum</strong></span> <span class='ocrx_word' id='word_1_485' title='bbox 413 2312 466 2341; x_wconf 88' lang='lat' dir='ltr'><strong>sibi</strong></span> <span class='ocrx_word' id='word_1_486' title='bbox 481 2313 620 2341; x_wconf 90' lang='lat' dir='ltr'><strong>vindicent</strong></span> <span class='ocrx_word' id='word_1_487' title='bbox 634 2313 839 2342; x_wconf 79' lang='lat' dir='ltr'><strong>Constitutiones</strong></span> <span class='ocrx_word' id='word_1_488' title='bbox 857 2314 993 2350; x_wconf 75' lang='lat' dir='ltr'><strong>apostolo-</strong></span> 
     </span>
    </p>
   </div>
   <div class='ocr_carea' id='block_1_75' title="bbox 213 2360 995 2396">
    <p class='ocr_par' dir='ltr' id='par_1_75' title="bbox 213 2360 995 2396">
     <span class='ocr_line' id='line_1_75' title="bbox 213 2360 995 2396; baseline 0.003 -10"><span class='ocrx_word' id='word_1_489' title='bbox 213 2367 283 2392; x_wconf 87' lang='lat' dir='ltr'><strong>rum,</strong></span> <span class='ocrx_word' id='word_1_490' title='bbox 312 2367 392 2386; x_wconf 88' lang='lat' dir='ltr'><strong>nemo</strong></span> <span class='ocrx_word' id='word_1_491' title='bbox 416 2360 534 2395; x_wconf 86' lang='lat' dir='ltr'><strong>ignorat,</strong></span> <span class='ocrx_word' id='word_1_492' title='bbox 561 2360 686 2395; x_wconf 88' lang='lat' dir='ltr'><strong>quamvis</strong></span> <span class='ocrx_word' id='word_1_493' title='bbox 711 2364 817 2392; x_wconf 86' lang='lat' dir='ltr'><strong>auctor,</strong></span> <span class='ocrx_word' id='word_1_494' title='bbox 845 2368 995 2396; x_wconf 85' lang='lat' dir='ltr'><strong>earumque</strong></span> 
     </span>
    </p>
   </div>
   <div class='ocr_carea' id='block_1_76' title="bbox 213 2405 992 2443">
    <p class='ocr_par' dir='ltr' id='par_1_76' title="bbox 213 2405 992 2443">
     <span class='ocr_line' id='line_1_76' title="bbox 213 2405 992 2443; baseline 0.001 -11"><span class='ocrx_word' id='word_1_495' title='bbox 213 2405 301 2434; x_wconf 87' lang='lat' dir='ltr'><strong>editor</strong></span> <span class='ocrx_word' id='word_1_496' title='bbox 323 2405 478 2441; x_wconf 80' lang='lat' dir='ltr'><strong>ignoretur;</strong></span> <span class='ocrx_word' id='word_1_497' title='bbox 498 2406 724 2441; x_wconf 86' lang='lat' dir='ltr'><strong>quemadmodum</strong></span> <span class='ocrx_word' id='word_1_498' title='bbox 741 2412 768 2435; x_wconf 92' lang='lat' dir='ltr'><strong>et</strong></span> <span class='ocrx_word' id='word_1_499' title='bbox 782 2411 925 2443; x_wconf 91' lang='lat' dir='ltr'><strong>corruptor</strong></span> <span class='ocrx_word' id='word_1_500' title='bbox 946 2407 992 2442; x_wconf 91' lang='lat' dir='ltr'><strong>qui</strong></span> 
     </span>
    </p>
   </div>
   <div class='ocr_carea' id='block_1_77' title="bbox 212 2451 992 2487">
    <p class='ocr_par' dir='ltr' id='par_1_77' title="bbox 212 2451 992 2487">
     <span class='ocr_line' id='line_1_77' title="bbox 212 2451 992 2487; baseline 0.003 -9"><span class='ocrx_word' id='word_1_501' title='bbox 212 2459 260 2479; x_wconf 87' lang='lat' dir='ltr'><strong>eas</strong></span> <span class='ocrx_word' id='word_1_502' title='bbox 277 2451 449 2486; x_wconf 90' lang='lat' dir='ltr'><strong>interpolavit</strong></span> <span class='ocrx_word' id='word_1_503' title='bbox 471 2452 603 2479; x_wconf 89' lang='lat' dir='ltr'><strong>hactenus</strong></span> <span class='ocrx_word' id='word_1_504' title='bbox 624 2451 741 2480; x_wconf 87' lang='lat' dir='ltr'><strong>delituit.</strong></span> <span class='ocrx_word' id='word_1_505' title='bbox 765 2451 859 2487; x_wconf 88' lang='lat' dir='ltr'><strong>Neque</strong></span> <span class='ocrx_word' id='word_1_506' title='bbox 880 2452 952 2480; x_wconf 89' lang='lat' dir='ltr'><strong>enim</strong></span> <span class='ocrx_word' id='word_1_507' title='bbox 968 2451 992 2480; x_wconf 87' lang='lat' dir='ltr'><strong>si</strong></span> 
     </span>
    </p>
   </div>
   <div class='ocr_carea' id='block_1_78' title="bbox 213 2495 993 2532">
    <p class='ocr_par' dir='ltr' id='par_1_78' title="bbox 213 2495 993 2532">
     <span class='ocr_line' id='line_1_78' title="bbox 213 2495 993 2532; baseline 0.001 -9"><span class='ocrx_word' id='word_1_508' title='bbox 213 2503 313 2523; x_wconf 88' lang='lat' dir='ltr'><strong>nomen</strong></span> <span class='ocrx_word' id='word_1_509' title='bbox 326 2495 474 2524; x_wconf 84' lang='lat' dir='ltr'><strong>Clementis</strong></span> <span class='ocrx_word' id='word_1_510' title='bbox 490 2496 603 2524; x_wconf 81' lang='lat' dir='ltr'><strong>Romani</strong></span> <span class='ocrx_word' id='word_1_511' title='bbox 622 2497 814 2531; x_wconf 72' lang='lat' dir='ltr'><strong>pmseferunt,</strong></span> <span class='ocrx_word' id='word_1_512' title='bbox 838 2496 889 2532; x_wconf 88' lang='lat' dir='ltr'><strong>ipsi</strong></span> <span class='ocrx_word' id='word_1_513' title='bbox 908 2496 993 2524; x_wconf 87' lang='lat' dir='ltr'><strong>tribui</strong></span> 
     </span>
    </p>
   </div>
   <div class='ocr_carea' id='block_1_79' title="bbox 214 2542 992 2578">
    <p class='ocr_par' dir='ltr' id='par_1_79' title="bbox 214 2542 992 2578">
     <span class='ocr_line' id='line_1_79' title="bbox 214 2542 992 2578; baseline 0.003 -10"><span class='ocrx_word' id='word_1_514' title='bbox 214 2545 339 2576; x_wconf 88' lang='lat' dir='ltr'><strong>possunt,</strong></span> <span class='ocrx_word' id='word_1_515' title='bbox 352 2542 399 2578; x_wconf 91' lang='lat' dir='ltr'><strong>qui</strong></span> <span class='ocrx_word' id='word_1_516' title='bbox 416 2546 478 2570; x_wconf 88' lang='lat' dir='ltr'><strong>ante</strong></span> <span class='ocrx_word' id='word_1_517' title='bbox 492 2543 570 2575; x_wconf 75' lang='lat' dir='ltr'><strong>vixit,</strong></span> <span class='ocrx_word' id='word_1_518' title='bbox 586 2551 666 2577; x_wconf 92' lang='lat' dir='ltr'><strong>quam</strong></span> <span class='ocrx_word' id='word_1_519' title='bbox 679 2543 757 2578; x_wconf 89' lang='lat' dir='ltr'><strong>plura</strong></span> <span class='ocrx_word' id='word_1_520' title='bbox 772 2542 799 2569; x_wconf 92' lang='lat' dir='ltr'><strong>in</strong></span> <span class='ocrx_word' id='word_1_521' title='bbox 816 2542 992 2570; x_wconf 71' lang='lat' dir='ltr'><strong>Constitutio-</strong></span> 
     </span>
    </p>
   </div>
   <div class='ocr_carea' id='block_1_80' title="bbox 219 2585 992 2615">
    <p class='ocr_par' dir='ltr' id='par_1_80' title="bbox 219 2585 992 2615">
     <span class='ocr_line' id='line_1_80' title="bbox 219 2585 992 2615; baseline 0 -1"><span class='ocrx_word' id='word_1_522' title='bbox 219 2587 522 2615; x_wconf 81' lang='lat' dir='ltr'><strong>nibusenarratalocum</strong></span> <span class='ocrx_word' id='word_1_523' title='bbox 549 2587 690 2614; x_wconf 87' lang='lat' dir='ltr'><strong>haberent.</strong></span> <span class='ocrx_word' id='word_1_524' title='bbox 719 2585 748 2614; x_wconf 77' lang='grc' dir='ltr'><strong>ιιι</strong></span> <span class='ocrx_word' id='word_1_525' title='bbox 773 2586 904 2614; x_wconf 88' lang='lat' dir='ltr'><strong>editorem</strong></span> <span class='ocrx_word' id='word_1_526' title='bbox 926 2594 992 2614; x_wconf 86' lang='lat' dir='ltr'><strong>vero</strong></span> 
     </span>
    </p>
   </div>
   <div class='ocr_carea' id='block_1_81' title="bbox 213 2630 990 2668">
    <p class='ocr_par' dir='ltr' id='par_1_81' title="bbox 213 2630 990 2668">
     <span class='ocr_line' id='line_1_81' title="bbox 213 2630 990 2668; baseline 0.003 -10"><span class='ocrx_word' id='word_1_527' title='bbox 213 2630 369 2658; x_wconf 81' lang='lat' dir='ltr'><strong>earumdem</strong></span> <span class='ocrx_word' id='word_1_528' title='bbox 397 2631 639 2664; x_wconf 77' lang='lat' dir='ltr'><strong>Constitutionum.</strong></span> <span class='ocrx_word' id='word_1_529' title='bbox 667 2632 714 2668; x_wconf 91' lang='lat' dir='ltr'><strong>qui</strong></span> <span class='ocrx_word' id='word_1_530' title='bbox 743 2632 885 2660; x_wconf 79' lang='lat' dir='ltr'><strong>msaeculo</strong></span> <span class='ocrx_word' id='word_1_531' title='bbox 911 2632 990 2666; x_wconf 80' lang='lat' dir='ltr'><strong>vixit,</strong></span> 
     </span>
    </p>
   </div>
   <div class='ocr_carea' id='block_1_82' title="bbox 214 2675 991 2714">
    <p class='ocr_par' dir='ltr' id='par_1_82' title="bbox 214 2675 991 2714">
     <span class='ocr_line' id='line_1_82' title="bbox 214 2675 991 2714; baseline 0.004 -12"><span class='ocrx_word' id='word_1_532' title='bbox 214 2675 371 2709; x_wconf 74' lang='lat' dir='ltr'><strong>huiusmodi</strong></span> <span class='ocrx_word' id='word_1_533' title='bbox 382 2685 497 2706; x_wconf 81' lang='lat' dir='ltr'><strong>censura</strong></span> <span class='ocrx_word' id='word_1_534' title='bbox 511 2687 565 2706; x_wconf 88' lang='lat' dir='ltr'><strong>non</strong></span> <span class='ocrx_word' id='word_1_535' title='bbox 576 2678 659 2711; x_wconf 90' lang='lat' dir='ltr'><strong>cadit,</strong></span> <span class='ocrx_word' id='word_1_536' title='bbox 675 2678 784 2714; x_wconf 88' lang='lat' dir='ltr'><strong>quando</strong></span> <span class='ocrx_word' id='word_1_537' title='bbox 800 2678 864 2706; x_wconf 89' lang='lat' dir='ltr'><strong>huic</strong></span> <span class='ocrx_word' id='word_1_538' title='bbox 877 2678 991 2713; x_wconf 82' lang='lat' dir='ltr'><strong>tempori</strong></span> 
     </span>
    </p>
   </div>
   <div class='ocr_carea' id='block_1_83' title="bbox 213 2721 991 2760">
    <p class='ocr_par' dir='ltr' id='par_1_83' title="bbox 213 2721 991 2760">
     <span class='ocr_line' id='line_1_83' title="bbox 213 2721 991 2760; baseline 0.004 -12"><span class='ocrx_word' id='word_1_539' title='bbox 213 2721 305 2749; x_wconf 85' lang='lat' dir='ltr'><strong>omnia</strong></span> <span class='ocrx_word' id='word_1_540' title='bbox 327 2722 383 2750; x_wconf 79' lang='lat' dir='ltr'><strong>fere</strong></span> <span class='ocrx_word' id='word_1_541' title='bbox 406 2725 587 2757; x_wconf 85' lang='lat' dir='ltr'><strong>conveniunt,</strong></span> <span class='ocrx_word' id='word_1_542' title='bbox 608 2731 668 2760; x_wconf 58' lang='lat' dir='ltr'><strong>qua),</strong></span> <span class='ocrx_word' id='word_1_543' title='bbox 689 2724 732 2753; x_wconf 90' lang='lat' dir='ltr'><strong>his</strong></span> <span class='ocrx_word' id='word_1_544' title='bbox 754 2724 991 2752; x_wconf 78' lang='lat' dir='ltr'><strong>Constitutionibus</strong></span> 
     </span>
    </p>
   </div>
   <div class='ocr_carea' id='block_1_84' title="bbox 213 2767 991 2806">
    <p class='ocr_par' dir='ltr' id='par_1_84' title="bbox 213 2767 991 2806">
     <span class='ocr_line' id='line_1_84' title="bbox 213 2767 991 2806; baseline 0.006 -13"><span class='ocrx_word' id='word_1_545' title='bbox 213 2767 398 2796; x_wconf 89' lang='lat' dir='ltr'><strong>continentur.</strong></span> <span class='ocrx_word' id='word_1_546' title='bbox 433 2768 512 2797; x_wconf 81' lang='lat' dir='ltr'><strong>Hunc</strong></span> <span class='ocrx_word' id='word_1_547' title='bbox 546 2770 677 2798; x_wconf 88' lang='lat' dir='ltr'><strong>editorem</strong></span> <span class='ocrx_word' id='word_1_548' title='bbox 708 2770 795 2798; x_wconf 79' lang='lat' dir='ltr'><strong>fuisse</strong></span> <span class='ocrx_word' id='word_1_549' title='bbox 820 2769 991 2806; x_wconf 85' lang='lat' dir='ltr'><strong>Hippolytum</strong></span> 
     </span>
    </p>
   </div>
   <div class='ocr_carea' id='block_1_85' title="bbox 251 2811 993 2851">
    <p class='ocr_par' dir='ltr' id='par_1_85' title="bbox 251 2811 993 2851">
     <span class='ocr_line' id='line_1_85' title="bbox 251 2811 993 2851; baseline 0.007 -12"><span class='ocrx_word' id='word_1_550' title='bbox 251 2811 304 2839; x_wconf 58' lang='grc' dir='ltr'><strong>’Ἧι</strong></span> <span class='ocrx_word' id='word_1_551' title='bbox 326 2811 467 2847; x_wconf 74' lang='lat' dir='ltr'><strong>faciemus,</strong></span> <span class='ocrx_word' id='word_1_552' title='bbox 491 2815 538 2851; x_wconf 90' lang='lat' dir='ltr'><strong>qui</strong></span> <span class='ocrx_word' id='word_1_553' title='bbox 561 2823 618 2843; x_wconf 90' lang='lat' dir='ltr'><strong>non</strong></span> <span class='ocrx_word' id='word_1_554' title='bbox 641 2815 727 2843; x_wconf 88' lang='lat' dir='ltr'><strong>levem</strong></span> <span class='ocrx_word' id='word_1_555' title='bbox 752 2816 787 2844; x_wconf 93' lang='lat' dir='ltr'><strong>ob</strong></span> <span class='ocrx_word' id='word_1_556' title='bbox 806 2823 928 2850; x_wconf 87' lang='lat' dir='ltr'><strong>causam,</strong></span> <span class='ocrx_word' id='word_1_557' title='bbox 945 2817 993 2844; x_wconf 87' lang='lat' dir='ltr'><strong>sed</strong></span> 
     </span>
    </p>
   </div>
   <div class='ocr_carea' id='block_1_86' title="bbox 327 2855 992 2893">
    <p class='ocr_par' dir='ltr' id='par_1_86' title="bbox 327 2855 992 2893">
     <span class='ocr_line' id='line_1_86' title="bbox 327 2855 992 2893; baseline 0.005 -6"><span class='ocrx_word' id='word_1_558' title='bbox 327 2855 415 2893; x_wconf 48' lang='lat' dir='ltr'><strong>&quot;nam,</strong></span> <span class='ocrx_word' id='word_1_559' title='bbox 432 2858 558 2888; x_wconf 70' lang='lat' dir='ltr'><strong>Ecclesiw</strong></span> <span class='ocrx_word' id='word_1_560' title='bbox 575 2860 712 2888; x_wconf 81' lang='lat' dir='ltr'><strong>Canonum</strong></span> <span class='ocrx_word' id='word_1_561' title='bbox 732 2861 846 2889; x_wconf 89' lang='lat' dir='ltr'><strong>editioni</strong></span> <span class='ocrx_word' id='word_1_562' title='bbox 871 2861 992 2891; x_wconf 87' lang='lat' dir='ltr'><strong>omnium</strong></span> 
     </span>
    </p>
   </div>
   <div class='ocr_carea' id='block_1_87' title="bbox 403 2969 546 3050">
    <p class='ocr_par' dir='ltr' id='par_1_87' title="bbox 403 2969 546 3050">
     <span class='ocr_line' id='line_1_87' title="bbox 403 2969 546 3050; baseline 0 -78"><span class='ocrx_word' id='word_1_563' title='bbox 403 2969 546 3050; x_wconf 42' lang='grc' dir='ltr'><strong>ι</strong></span> 
     </span>
    </p>
   </div>
   <div class='ocr_carea' id='block_1_88' title="bbox 652 1922 1572 1964">
    <p class='ocr_par' dir='ltr' id='par_1_88' title="bbox 652 1922 1572 1964">
     <span class='ocr_line' id='line_1_88' title="bbox 652 1922 1572 1964; baseline 0.004 -12"><span class='ocrx_word' id='word_1_564' title='bbox 652 1933 666 1952; x_wconf 76' lang='grc' dir='ltr'><em>ε</em></span> <span class='ocrx_word' id='word_1_565' title='bbox 686 1925 745 1952; x_wconf 78' lang='lat' dir='ltr'><strong>Vim</strong></span> <span class='ocrx_word' id='word_1_566' title='bbox 760 1929 786 1951; x_wconf 82' lang='lat' dir='ltr'><strong>et</strong></span> <span class='ocrx_word' id='word_1_567' title='bbox 799 1923 912 1960; x_wconf 74' lang='lat' dir='ltr'><strong>Scriptis</strong></span> <span class='ocrx_word' id='word_1_568' title='bbox 932 1922 962 1950; x_wconf 89' lang='lat' dir='ltr'><strong>s.</strong></span> <span class='ocrx_word' id='word_1_569' title='bbox 975 1922 1113 1959; x_wconf 75' lang='lat' dir='ltr'><strong>Hippolyti</strong></span> <span class='ocrx_word' id='word_1_570' title='bbox 1129 1925 1243 1960; x_wconf 71' lang='lat' dir='ltr'><strong>episcopi</strong></span> <span class='ocrx_word' id='word_1_571' title='bbox 1259 1922 1428 1962; x_wconf 64' lang='lat' dir='ltr'><strong>permuta,</strong></span> <span class='ocrx_word' id='word_1_572' title='bbox 1447 1922 1477 1963; x_wconf 59' lang='grc' dir='ltr'><strong>ᾗ).</strong></span> <span class='ocrx_word' id='word_1_573' title='bbox 1495 1922 1572 1964; x_wconf 68' lang='grc' dir='ltr'><strong>ιδιζ)</strong></span> 
     </span>
    </p>
   </div>
   <div class='ocr_carea' id='block_1_89' title="bbox 1009 2036 1847 2076">
    <p class='ocr_par' dir='ltr' id='par_1_89' title="bbox 1009 2036 1847 2076">
     <span class='ocr_line' id='line_1_89' title="bbox 1009 2036 1847 2076; baseline 0.01 -12"><span class='ocrx_word' id='word_1_574' title='bbox 1009 2036 1032 2064; x_wconf 90' lang='lat' dir='ltr'><strong>D</strong></span> <span class='ocrx_word' id='word_1_575' title='bbox 1046 2036 1150 2072; x_wconf 87' lang='lat' dir='ltr'><strong>primus</strong></span> <span class='ocrx_word' id='word_1_576' title='bbox 1176 2045 1286 2066; x_wconf 88' lang='lat' dir='ltr'><strong>manum</strong></span> <span class='ocrx_word' id='word_1_577' title='bbox 1311 2038 1444 2073; x_wconf 85' lang='lat' dir='ltr'><strong>admovit,</strong></span> <span class='ocrx_word' id='word_1_578' title='bbox 1465 2040 1628 2076; x_wconf 61' lang='lat' dir='ltr'><strong>ceterisque</strong></span> <span class='ocrx_word' id='word_1_579' title='bbox 1644 2041 1721 2070; x_wconf 88' lang='lat' dir='ltr'><strong>viam</strong></span> <span class='ocrx_word' id='word_1_580' title='bbox 1742 2046 1847 2072; x_wconf 71' lang='lat' dir='ltr'><strong>stravit</strong></span> 
     </span>
    </p>
   </div>
   <div class='ocr_carea' id='block_1_90' title="bbox 1047 2081 1845 2124">
    <p class='ocr_par' dir='ltr' id='par_1_90' title="bbox 1047 2081 1845 2124">
     <span class='ocr_line' id='line_1_90' title="bbox 1047 2081 1845 2124; baseline 0.011 -15"><span class='ocrx_word' id='word_1_581' title='bbox 1047 2081 1082 2110; x_wconf 89' lang='lat' dir='ltr'><strong>ad</strong></span> <span class='ocrx_word' id='word_1_582' title='bbox 1096 2082 1226 2110; x_wconf 81' lang='lat' dir='ltr'><strong>eximium</strong></span> <span class='ocrx_word' id='word_1_583' title='bbox 1247 2091 1317 2119; x_wconf 93' lang='lat' dir='ltr'><strong>opus</strong></span> <span class='ocrx_word' id='word_1_584' title='bbox 1336 2084 1415 2113; x_wconf 91' lang='lat' dir='ltr'><strong>novis</strong></span> <span class='ocrx_word' id='word_1_585' title='bbox 1436 2085 1642 2115; x_wconf 86' lang='lat' dir='ltr'><strong>accessionibus</strong></span> <span class='ocrx_word' id='word_1_586' title='bbox 1662 2087 1845 2124; x_wconf 83' lang='lat' dir='ltr'><strong>locupletan-</strong></span> 
     </span>
    </p>
   </div>
   <div class='ocr_carea' id='block_1_91' title="bbox 1046 2128 1845 2167">
    <p class='ocr_par' dir='ltr' id='par_1_91' title="bbox 1046 2128 1845 2167">
     <span class='ocr_line' id='line_1_91' title="bbox 1046 2128 1845 2167; baseline 0.011 -11"><span class='ocrx_word' id='word_1_587' title='bbox 1046 2128 1125 2163; x_wconf 93' lang='lat' dir='ltr'><strong>dum;</strong></span> <span class='ocrx_word' id='word_1_588' title='bbox 1140 2137 1193 2165; x_wconf 91' lang='lat' dir='ltr'><strong>quo</strong></span> <span class='ocrx_word' id='word_1_589' title='bbox 1213 2130 1241 2158; x_wconf 92' lang='lat' dir='ltr'><strong>in</strong></span> <span class='ocrx_word' id='word_1_590' title='bbox 1261 2138 1354 2166; x_wconf 88' lang='lat' dir='ltr'><strong>opere,</strong></span> <span class='ocrx_word' id='word_1_591' title='bbox 1376 2132 1476 2167; x_wconf 89' lang='lat' dir='ltr'><strong>quibus</strong></span> <span class='ocrx_word' id='word_1_592' title='bbox 1502 2132 1637 2161; x_wconf 88' lang='lat' dir='ltr'><strong>institutis</strong></span> <span class='ocrx_word' id='word_1_593' title='bbox 1658 2142 1692 2162; x_wconf 88' lang='lat' dir='ltr'><strong>ac</strong></span> <span class='ocrx_word' id='word_1_594' title='bbox 1712 2137 1845 2164; x_wconf 88' lang='lat' dir='ltr'><strong>moribus</strong></span> 
     </span>
    </p>
   </div>
   <div class='ocr_carea' id='block_1_92' title="bbox 1046 2174 1845 2214">
    <p class='ocr_par' dir='ltr' id='par_1_92' title="bbox 1046 2174 1845 2214">
     <span class='ocr_line' id='line_1_92' title="bbox 1046 2174 1845 2214; baseline 0.01 -13"><span class='ocrx_word' id='word_1_595' title='bbox 1046 2175 1081 2201; x_wconf 92' lang='lat' dir='ltr'><strong>ab</strong></span> <span class='ocrx_word' id='word_1_596' title='bbox 1101 2174 1179 2202; x_wconf 92' lang='lat' dir='ltr'><strong>initio</strong></span> <span class='ocrx_word' id='word_1_597' title='bbox 1201 2174 1323 2204; x_wconf 85' lang='lat' dir='ltr'><strong>Ecclesia</strong></span> <span class='ocrx_word' id='word_1_598' title='bbox 1352 2184 1403 2205; x_wconf 92' lang='lat' dir='ltr'><strong>usa</strong></span> <span class='ocrx_word' id='word_1_599' title='bbox 1431 2176 1522 2210; x_wconf 83' lang='lat' dir='ltr'><strong>fuerit,</strong></span> <span class='ocrx_word' id='word_1_600' title='bbox 1550 2183 1709 2214; x_wconf 87' lang='lat' dir='ltr'><strong>appareret.</strong></span> <span class='ocrx_word' id='word_1_601' title='bbox 1741 2180 1845 2209; x_wconf 76' lang='lat' dir='ltr'><strong>Adhuc</strong></span> 
     </span>
    </p>
   </div>
   <div class='ocr_carea' id='block_1_93' title="bbox 1045 2220 1843 2255">
    <p class='ocr_par' dir='ltr' id='par_1_93' title="bbox 1045 2220 1843 2255">
     <span class='ocr_line' id='line_1_93' title="bbox 1045 2220 1843 2255; baseline 0.011 -9"><span class='ocrx_word' id='word_1_602' title='bbox 1045 2220 1141 2247; x_wconf 89' lang='lat' dir='ltr'><strong>titulus</strong></span> <span class='ocrx_word' id='word_1_603' title='bbox 1152 2221 1308 2248; x_wconf 91' lang='lat' dir='ltr'><strong>earumdem</strong></span> <span class='ocrx_word' id='word_1_604' title='bbox 1316 2220 1539 2250; x_wconf 76' lang='lat' dir='ltr'><strong>Constitutionum</strong></span> <span class='ocrx_word' id='word_1_605' title='bbox 1552 2224 1595 2251; x_wconf 91' lang='lat' dir='ltr'><strong>sui</strong></span> <span class='ocrx_word' id='word_1_606' title='bbox 1606 2225 1726 2253; x_wconf 87' lang='lat' dir='ltr'><strong>editoris</strong></span> <span class='ocrx_word' id='word_1_607' title='bbox 1737 2227 1843 2255; x_wconf 70' lang='lat' dir='ltr'><strong>nom</strong></span> 
     </span>
    </p>
   </div>
   <div class='ocr_carea' id='block_1_94' title="bbox 1044 2264 1844 2306">
    <p class='ocr_par' dir='ltr' id='par_1_94' title="bbox 1044 2264 1844 2306">
     <span class='ocr_line' id='line_1_94' title="bbox 1044 2264 1844 2306; baseline 0.014 -17"><span class='ocrx_word' id='word_1_608' title='bbox 1044 2264 1146 2299; x_wconf 88' lang='lat' dir='ltr'><strong>prodit,</strong></span> <span class='ocrx_word' id='word_1_609' title='bbox 1166 2267 1208 2291; x_wconf 90' lang='lat' dir='ltr'><strong>est</strong></span> <span class='ocrx_word' id='word_1_610' title='bbox 1229 2265 1302 2292; x_wconf 91' lang='lat' dir='ltr'><strong>enim</strong></span> <span class='ocrx_word' id='word_1_611' title='bbox 1323 2266 1478 2301; x_wconf 88' lang='lat' dir='ltr'><strong>hujusmodi</strong></span> <span class='ocrx_word' id='word_1_612' title='bbox 1498 2276 1505 2293; x_wconf 88' lang='lat'>:</span> <span class='ocrx_word' id='word_1_613' title='bbox 1525 2269 1657 2303; x_wconf 75' lang='grc' dir='ltr'><strong>Διαταγαὶ</strong></span> <span class='ocrx_word' id='word_1_614' title='bbox 1677 2270 1738 2298; x_wconf 84' lang='grc' dir='ltr'><strong>τῶν</strong></span> <span class='ocrx_word' id='word_1_615' title='bbox 1752 2273 1844 2306; x_wconf 74' lang='grc' dir='ltr'><strong>ἁγίων</strong></span> 
     </span>
    </p>
   </div>
   <div class='ocr_carea' id='block_1_95' title="bbox 1044 2307 1843 2348">
    <p class='ocr_par' dir='ltr' id='par_1_95' title="bbox 1044 2307 1843 2348">
     <span class='ocr_line' id='line_1_95' title="bbox 1044 2307 1843 2348; baseline 0.014 -15"><span class='ocrx_word' id='word_1_616' title='bbox 1044 2307 1201 2335; x_wconf 80' lang='grc' dir='ltr'><strong>ἀποστόλων</strong></span> <span class='ocrx_word' id='word_1_617' title='bbox 1214 2309 1258 2336; x_wconf 79' lang='grc' dir='ltr'><strong>διὰ</strong></span> <span class='ocrx_word' id='word_1_618' title='bbox 1273 2310 1430 2346; x_wconf 83' lang='grc' dir='ltr'><strong>Κλήμεντος</strong></span> <span class='ocrx_word' id='word_1_619' title='bbox 1451 2312 1499 2339; x_wconf 82' lang='grc' dir='ltr'><strong>τοῦ</strong></span> <span class='ocrx_word' id='word_1_620' title='bbox 1520 2314 1663 2348; x_wconf 83' lang='grc' dir='ltr'><strong>Ῥωμαίων</strong></span> <span class='ocrx_word' id='word_1_621' title='bbox 1681 2314 1843 2344; x_wconf 54' lang='lat' dir='ltr'><strong>truncam</strong></span> 
     </span>
    </p>
   </div>
   <div class='ocr_carea' id='block_1_96' title="bbox 1044 2354 1842 2393">
    <p class='ocr_par' dir='ltr' id='par_1_96' title="bbox 1044 2354 1842 2393">
     <span class='ocr_line' id='line_1_96' title="bbox 1044 2354 1842 2393; baseline 0.011 -13"><span class='ocrx_word' id='word_1_622' title='bbox 1044 2362 1073 2380; x_wconf 84' lang='grc' dir='ltr'><strong>τε</strong></span> <span class='ocrx_word' id='word_1_623' title='bbox 1087 2354 1135 2381; x_wconf 76' lang='grc' dir='ltr'><strong>καὶ</strong></span> <span class='ocrx_word' id='word_1_624' title='bbox 1149 2354 1267 2387; x_wconf 85' lang='grc' dir='ltr'><strong>πολίτου,</strong></span> <span class='ocrx_word' id='word_1_625' title='bbox 1278 2356 1295 2392; x_wconf 81' lang='grc' dir='ltr'>ἦ</span> <span class='ocrx_word' id='word_1_626' title='bbox 1305 2356 1433 2393; x_wconf 81' lang='grc' dir='ltr'><strong>καθολικὴ</strong></span> <span class='ocrx_word' id='word_1_627' title='bbox 1443 2357 1614 2386; x_wconf 56' lang='lat' dir='ltr'><strong>ﬁdamus:</strong></span> <span class='ocrx_word' id='word_1_628' title='bbox 1623 2359 1842 2390; x_wconf 54' lang='lat' dir='ltr'><strong>Constituto-es</strong></span> 
     </span>
    </p>
   </div>
   <div class='ocr_carea' id='block_1_97' title="bbox 1044 2402 1842 2442">
    <p class='ocr_par' dir='ltr' id='par_1_97' title="bbox 1044 2402 1842 2442">
     <span class='ocr_line' id='line_1_97' title="bbox 1044 2402 1842 2442; baseline 0.01 -16"><span class='ocrx_word' id='word_1_629' title='bbox 1044 2405 1196 2427; x_wconf 79' lang='lat' dir='ltr'><strong>sanctorum</strong></span> <span class='ocrx_word' id='word_1_630' title='bbox 1224 2402 1404 2436; x_wconf 73' lang='lat' dir='ltr'><strong>apostolorum</strong></span> <span class='ocrx_word' id='word_1_631' title='bbox 1431 2412 1476 2438; x_wconf 83' lang='lat' dir='ltr'><strong>per</strong></span> <span class='ocrx_word' id='word_1_632' title='bbox 1493 2404 1652 2432; x_wconf 75' lang='lat' dir='ltr'><strong>Clementem</strong></span> <span class='ocrx_word' id='word_1_633' title='bbox 1679 2407 1842 2442; x_wconf 67' lang='lat' dir='ltr'><strong>episcopu-</strong></span> 
     </span>
    </p>
   </div>
   <div class='ocr_carea' id='block_1_98' title="bbox 1044 2446 1842 2481">
    <p class='ocr_par' dir='ltr' id='par_1_98' title="bbox 1044 2446 1842 2481">
     <span class='ocr_line' id='line_1_98' title="bbox 1044 2446 1842 2481; baseline 0.01 -8"><span class='ocrx_word' id='word_1_634' title='bbox 1044 2450 1070 2473; x_wconf 83' lang='lat' dir='ltr'><strong>et</strong></span> <span class='ocrx_word' id='word_1_635' title='bbox 1088 2447 1167 2474; x_wconf 75' lang='lat' dir='ltr'><strong>ciuem</strong></span> <span class='ocrx_word' id='word_1_636' title='bbox 1184 2446 1342 2481; x_wconf 83' lang='lat' dir='ltr'><strong>Romanum,</strong></span> <span class='ocrx_word' id='word_1_637' title='bbox 1358 2457 1404 2476; x_wconf 72' lang='lat' dir='ltr'><strong>seu</strong></span> <span class='ocrx_word' id='word_1_638' title='bbox 1419 2448 1557 2477; x_wconf 75' lang='lat' dir='ltr'><strong>Catholica</strong></span> <span class='ocrx_word' id='word_1_639' title='bbox 1573 2451 1716 2480; x_wconf 80' lang='lat' dir='ltr'><strong>Doctrina.</strong></span> <span class='ocrx_word' id='word_1_640' title='bbox 1742 2453 1842 2481; x_wconf 73' lang='lat' dir='ltr'><strong>lirari</strong></span> 
     </span>
    </p>
   </div>
   <div class='ocr_carea' id='block_1_99' title="bbox 1043 2492 1840 2530">
    <p class='ocr_par' dir='ltr' id='par_1_99' title="bbox 1043 2492 1840 2530">
     <span class='ocr_line' id='line_1_99' title="bbox 1043 2492 1840 2530; baseline 0.01 -11"><span class='ocrx_word' id='word_1_641' title='bbox 1043 2492 1106 2527; x_wconf 85' lang='lat' dir='ltr'><strong>quis</strong></span> <span class='ocrx_word' id='word_1_642' title='bbox 1122 2494 1209 2528; x_wconf 86' lang='lat' dir='ltr'><strong>possit</strong></span> <span class='ocrx_word' id='word_1_643' title='bbox 1222 2494 1296 2522; x_wconf 87' lang='lat' dir='ltr'><strong>viros</strong></span> <span class='ocrx_word' id='word_1_644' title='bbox 1315 2495 1501 2529; x_wconf 88' lang='lat' dir='ltr'><strong>acutissimos,</strong></span> <span class='ocrx_word' id='word_1_645' title='bbox 1522 2497 1640 2525; x_wconf 79' lang='lat' dir='ltr'><strong>maxime</strong></span> <span class='ocrx_word' id='word_1_646' title='bbox 1652 2497 1840 2530; x_wconf 81' lang='lat' dir='ltr'><strong>Cotelerium.</strong></span> 
     </span>
    </p>
   </div>
   <div class='ocr_carea' id='block_1_100' title="bbox 1043 2537 1841 2576">
    <p class='ocr_par' dir='ltr' id='par_1_100' title="bbox 1043 2537 1841 2576">
     <span class='ocr_line' id='line_1_100' title="bbox 1043 2537 1841 2576; baseline 0.01 -12"><span class='ocrx_word' id='word_1_647' title='bbox 1043 2537 1229 2573; x_wconf 85' lang='lat' dir='ltr'><strong>Beveregium,</strong></span> <span class='ocrx_word' id='word_1_648' title='bbox 1246 2537 1388 2572; x_wconf 89' lang='lat' dir='ltr'><strong>Grabium,</strong></span> <span class='ocrx_word' id='word_1_649' title='bbox 1406 2539 1555 2574; x_wconf 86' lang='lat' dir='ltr'><strong>Clericum,</strong></span> <span class='ocrx_word' id='word_1_650' title='bbox 1577 2542 1624 2576; x_wconf 90' lang='lat' dir='ltr'><strong>qui</strong></span> <span class='ocrx_word' id='word_1_651' title='bbox 1646 2543 1841 2572; x_wconf 79' lang='lat' dir='ltr'><strong>minutissima</strong></span> 
     </span>
    </p>
   </div>
   <div class='ocr_carea' id='block_1_101' title="bbox 1042 2586 1841 2619">
    <p class='ocr_par' dir='ltr' id='par_1_101' title="bbox 1042 2586 1841 2619">
     <span class='ocr_line' id='line_1_101' title="bbox 1042 2586 1841 2619; baseline 0.01 -8"><span class='ocrx_word' id='word_1_652' title='bbox 1042 2591 1157 2619; x_wconf 62' lang='lat' dir='ltr'><strong>quaaque</strong></span> <span class='ocrx_word' id='word_1_653' title='bbox 1170 2586 1284 2612; x_wconf 86' lang='lat' dir='ltr'><strong>scrutati</strong></span> <span class='ocrx_word' id='word_1_654' title='bbox 1299 2589 1374 2619; x_wconf 85' lang='lat' dir='ltr'><strong>sunt,</strong></span> <span class='ocrx_word' id='word_1_655' title='bbox 1390 2594 1444 2614; x_wconf 92' lang='lat' dir='ltr'><strong>non</strong></span> <span class='ocrx_word' id='word_1_656' title='bbox 1460 2587 1691 2617; x_wconf 80' lang='lat' dir='ltr'><strong>animadvertisse</strong></span> <span class='ocrx_word' id='word_1_657' title='bbox 1707 2589 1841 2618; x_wconf 69' lang='lat' dir='ltr'><strong>Clemat-</strong></span> 
     </span>
    </p>
   </div>
   <div class='ocr_carea' id='block_1_102' title="bbox 1042 2631 1841 2669">
    <p class='ocr_par' dir='ltr' id='par_1_102' title="bbox 1042 2631 1841 2669">
     <span class='ocr_line' id='line_1_102' title="bbox 1042 2631 1841 2669; baseline 0.008 -11"><span class='ocrx_word' id='word_1_658' title='bbox 1042 2634 1097 2659; x_wconf 90' lang='lat' dir='ltr'><strong>tem</strong></span> <span class='ocrx_word' id='word_1_659' title='bbox 1112 2631 1167 2659; x_wconf 90' lang='lat' dir='ltr'><strong>dici</strong></span> <span class='ocrx_word' id='word_1_660' title='bbox 1181 2639 1236 2659; x_wconf 93' lang='lat' dir='ltr'><strong>non</strong></span> <span class='ocrx_word' id='word_1_661' title='bbox 1250 2631 1332 2660; x_wconf 89' lang='lat' dir='ltr'><strong>modo</strong></span> <span class='ocrx_word' id='word_1_662' title='bbox 1345 2634 1516 2669; x_wconf 88' lang='lat' dir='ltr'><strong>episcopum,</strong></span> <span class='ocrx_word' id='word_1_663' title='bbox 1532 2634 1580 2662; x_wconf 85' lang='lat' dir='ltr'><strong>sed</strong></span> <span class='ocrx_word' id='word_1_664' title='bbox 1599 2636 1725 2669; x_wconf 72' lang='lat' dir='ltr'><strong>etcr&#39;aem</strong></span> <span class='ocrx_word' id='word_1_665' title='bbox 1737 2636 1841 2664; x_wconf 68' lang='lat' dir='ltr'><strong>Rosu-</strong></span> 
     </span>
    </p>
   </div>
   <div class='ocr_carea' id='block_1_103' title="bbox 1043 2677 1838 2716">
    <p class='ocr_par' dir='ltr' id='par_1_103' title="bbox 1043 2677 1838 2716">
     <span class='ocr_line' id='line_1_103' title="bbox 1043 2677 1838 2716; baseline 0.008 -12"><span class='ocrx_word' id='word_1_666' title='bbox 1043 2684 1106 2703; x_wconf 83' lang='lat' dir='ltr'><strong>num</strong></span> <span class='ocrx_word' id='word_1_667' title='bbox 1125 2684 1135 2704; x_wconf 88' lang='lat'><strong><em>:</em></strong></span> <span class='ocrx_word' id='word_1_668' title='bbox 1151 2677 1233 2713; x_wconf 88' lang='lat' dir='ltr'><strong>idque</strong></span> <span class='ocrx_word' id='word_1_669' title='bbox 1255 2678 1410 2714; x_wconf 89' lang='lat' dir='ltr'><strong>importune</strong></span> <span class='ocrx_word' id='word_1_670' title='bbox 1432 2679 1579 2707; x_wconf 89' lang='lat' dir='ltr'><strong>admodum</strong></span> <span class='ocrx_word' id='word_1_671' title='bbox 1603 2685 1706 2716; x_wconf 65' lang='lat' dir='ltr'><strong>praeter</strong></span> <span class='ocrx_word' id='word_1_672' title='bbox 1732 2690 1838 2710; x_wconf 64' lang='lat' dir='ltr'><strong>motu</strong></span> 
     </span>
    </p>
   </div>
   <div class='ocr_carea' id='block_1_104' title="bbox 1041 2722 1837 2762">
    <p class='ocr_par' dir='ltr' id='par_1_104' title="bbox 1041 2722 1837 2762">
     <span class='ocr_line' id='line_1_104' title="bbox 1041 2722 1837 2762; baseline 0.009 -13"><span class='ocrx_word' id='word_1_673' title='bbox 1041 2722 1126 2751; x_wconf 90' lang='lat' dir='ltr'><strong>totius</strong></span> <span class='ocrx_word' id='word_1_674' title='bbox 1151 2724 1333 2759; x_wconf 88' lang='lat' dir='ltr'><strong>antiquitatis.</strong></span> <span class='ocrx_word' id='word_1_675' title='bbox 1366 2725 1406 2753; x_wconf 84' lang='lat' dir='ltr'><strong>Ac</strong></span> <span class='ocrx_word' id='word_1_676' title='bbox 1429 2725 1522 2760; x_wconf 88' lang='lat' dir='ltr'><strong>plures</strong></span> <span class='ocrx_word' id='word_1_677' title='bbox 1547 2726 1659 2762; x_wconf 87' lang='lat' dir='ltr'><strong>quidem</strong></span> <span class='ocrx_word' id='word_1_678' title='bbox 1680 2727 1837 2756; x_wconf 62' lang='lat' dir='ltr'><strong>Clementi</strong></span> 
     </span>
    </p>
   </div>
   <div class='ocr_carea' id='block_1_105' title="bbox 1041 2766 1836 2806">
    <p class='ocr_par' dir='ltr' id='par_1_105' title="bbox 1041 2766 1836 2806">
     <span class='ocr_line' id='line_1_105' title="bbox 1041 2766 1836 2806; baseline 0.009 -11"><span class='ocrx_word' id='word_1_679' title='bbox 1041 2767 1156 2797; x_wconf 87' lang='lat' dir='ltr'><strong>Romani</strong></span> <span class='ocrx_word' id='word_1_680' title='bbox 1171 2778 1233 2798; x_wconf 92' lang='lat' dir='ltr'><strong>cum</strong></span> <span class='ocrx_word' id='word_1_681' title='bbox 1246 2766 1326 2799; x_wconf 88' lang='lat' dir='ltr'><strong>laude</strong></span> <span class='ocrx_word' id='word_1_682' title='bbox 1340 2771 1534 2806; x_wconf 89' lang='lat' dir='ltr'><strong>meminerunt,</strong></span> <span class='ocrx_word' id='word_1_683' title='bbox 1551 2781 1633 2801; x_wconf 90' lang='lat' dir='ltr'><strong>nemo</strong></span> <span class='ocrx_word' id='word_1_684' title='bbox 1649 2782 1724 2803; x_wconf 80' lang='lat' dir='ltr'><strong>unus</strong></span> <span class='ocrx_word' id='word_1_685' title='bbox 1743 2778 1836 2802; x_wconf 70' lang='lat' dir='ltr'><strong>tam</strong></span> 
     </span>
    </p>
   </div>
   <div class='ocr_carea' id='block_1_106' title="bbox 1041 2815 1836 2856">
    <p class='ocr_par' dir='ltr' id='par_1_106' title="bbox 1041 2815 1836 2856">
     <span class='ocr_line' id='line_1_106' title="bbox 1041 2815 1836 2856; baseline 0.009 -14"><span class='ocrx_word' id='word_1_686' title='bbox 1041 2816 1122 2843; x_wconf 75' lang='lat' dir='ltr'><strong>civem</strong></span> <span class='ocrx_word' id='word_1_687' title='bbox 1143 2815 1298 2845; x_wconf 78' lang='lat' dir='ltr'><strong>Romanum</strong></span> <span class='ocrx_word' id='word_1_688' title='bbox 1323 2818 1451 2853; x_wconf 88' lang='lat' dir='ltr'><strong>appellat.</strong></span> <span class='ocrx_word' id='word_1_689' title='bbox 1476 2818 1619 2847; x_wconf 80' lang='lat' dir='ltr'><strong>Accedunt</strong></span> <span class='ocrx_word' id='word_1_690' title='bbox 1649 2821 1755 2856; x_wconf 76' lang='lat' dir='ltr'><strong>scripta</strong></span> <span class='ocrx_word' id='word_1_691' title='bbox 1770 2820 1836 2849; x_wconf 73' lang='lat' dir='ltr'><strong>Cle-</strong></span> 
     </span>
    </p>
   </div>
   <div class='ocr_carea' id='block_1_107' title="bbox 1041 2865 1836 2904">
    <p class='ocr_par' dir='ltr' id='par_1_107' title="bbox 1041 2865 1836 2904">
     <span class='ocr_line' id='line_1_107' title="bbox 1041 2865 1836 2904; baseline 0.008 -12"><span class='ocrx_word' id='word_1_692' title='bbox 1041 2865 1152 2899; x_wconf 81' lang='lat' dir='ltr'><strong>mentis,</strong></span> <span class='ocrx_word' id='word_1_693' title='bbox 1174 2865 1273 2901; x_wconf 91' lang='lat' dir='ltr'><strong>partim</strong></span> <span class='ocrx_word' id='word_1_694' title='bbox 1290 2873 1365 2899; x_wconf 85' lang='lat' dir='ltr'><strong>vera,</strong></span> <span class='ocrx_word' id='word_1_695' title='bbox 1380 2866 1479 2902; x_wconf 89' lang='lat' dir='ltr'><strong>partim</strong></span> <span class='ocrx_word' id='word_1_696' title='bbox 1500 2866 1571 2895; x_wconf 82' lang='lat' dir='ltr'><strong>falso</strong></span> <span class='ocrx_word' id='word_1_697' title='bbox 1589 2867 1644 2904; x_wconf 89' lang='lat' dir='ltr'><strong>ipsi</strong></span> <span class='ocrx_word' id='word_1_698' title='bbox 1667 2868 1785 2903; x_wconf 72' lang='lat' dir='ltr'><strong>tributa.</strong></span> <span class='ocrx_word' id='word_1_699' title='bbox 1806 2869 1836 2898; x_wconf 81' lang='lat' dir='ltr'><strong>il</strong></span> 
     </span>
    </p>
   </div>
  </div>
