1884 3104
47 154 85 182 59.5

46 211 122 246 quibus
133 207 279 244 hujusmodi
292 208 438 244 appellatio
454 217 590 245 nusquam
603 210 726 238 occurrit
740 211 794 238 nisi
809 213 832 242 Α

47 258 67 285 in
75 255 176 283 Homiliis
184 258 210 283 et
220 254 465 287 Constitutionibus,
479 255 561 291 idque
572 260 626 283 tam
640 257 715 284 nulla
728 256 790 290 ﬁde,

46 308 68 331 ut
78 303 203 330 etiamnum
214 301 247 329 de
260 301 405 330 Clementis
421 302 510 337 patria
522 302 662 337 disputent
679 303 790 331 eruditi.

47 347 240 376 Coustitutionum
253 347 343 382 itaque
362 347 459 375 titulus
470 348 521 375 hoc
537 349 618 376 modo
633 356 663 376 se
678 348 790 376 habuit:

47 393 146 428 Διαταγαὶ
164 393 213 420 τῶν
233 393 315 427 ἁγίων
337 393 492 420 ἀποστόλων
511 394 554 421 διὰ
568 394 725 430 Κλήμεντος
744 393 792 421 τοῦ

50 440 161 475 Ῥωμαίων
181 439 334 471 ἐπισκόπου,
359 439 407 466 καὶ
436 440 603 472 Ἱππολύτου,
625 441 641 476 ἠ
663 439 792 476 καθολικὴ

46 485 185 514 διδασκαλίαι
202 485 406 514 Constitutiones
433 491 584 513 sanctorum
612 486 792 521 apostolorum

46 538 79 564 per
89 530 226 557 Clementem
235 529 416 557 Romanorum
437 531 597 565 episcopum,
615 535 641 558 et
654 530 792 566 Hippolyti

46 575 152 603 Catholica
169 574 296 603 doctrina.
311 575 398 609 Quam
420 575 500 604 facile
518 583 619 604 nomen
636 576 791 604 Ἱππολύτου

46 622 65 648 in
76 620 134 648 aliud
147 621 188 647 τοῦ
201 620 317 653 πολίτου,
337 620 473 656 Hippolyti
486 621 514 648 in
534 621 597 648 ciuis
619 622 792 649 immutatum

45 667 78 698 sit,
90 666 189 702 quisque
203 666 287 698 videt,
306 674 415 702 unaque
436 670 549 702 apparet
563 667 659 702 quanti
681 667 717 694 sit
735 666 793 694 haec

45 712 174 739 emendatio.
201 711 269 739 Nam
295 711 397 740 diserte
422 712 488 747 quid
512 711 664 745 Clementi,
692 712 793 748 quidve

45 757 159 794 Hippolyto
183 757 357 786 tribuendum
386 758 415 785 in
442 757 703 789 Constitutionibas,
732 757 792 792 ipso

44 805 103 831 titulo
120 804 301 839 distinguitur;
321 808 348 832 et
367 803 499 832 Clementi
524 804 634 839 quidem
656 803 793 831 Constitu-

44 849 106 875 tioaes
115 848 283 882 apostolorum
295 868 302 880 ,
316 848 374 876 sive
384 856 477 876 earum
489 848 617 877 collectio
630 848 790 876 ascribitur:

43 880 157 929 Hippolyto
173 899 260 922 autem
279 893 421 921 Catholica
435 893 575 924 Doctrina.
593 893 727 920 haereticis
742 899 791 928 op-
807 880 828 908 Β

43 939 118 974 posita.
141 938 218 967 Recte
240 943 332 966 autem
355 938 492 966 Baronius
515 939 615 974 aliique
638 937 791 966 doctissimi

42 986 79 1012 viri
107 988 259 1013 censuerunt
289 992 344 1012 uno
369 984 520 1020 eodemque
547 990 629 1019 opere
655 983 789 1011 contineri

42 1031 188 1065 apottolorum
207 1031 427 1064 Constitutiones,
446 1034 474 1058 et
488 1030 643 1062 Doctrinas,
662 1029 792 1064 διαταγὰς

41 1078 74 1104 ut
84 1077 244 1110 διδασκαλίας,
260 1077 335 1113 quod
349 1085 418 1113 opus
439 1076 529 1104 critici
545 1076 648 1111 alioqui
669 1076 792 1104 solertis-

40 1122 86 1150 simi
103 1122 126 1149 in
139 1122 189 1150 duo
201 1122 375 1151 dissecarunt
386 1122 453 1157 (34).
476 1121 570 1156 Neque
584 1122 656 1149 enim
670 1121 705 1148 ab
724 1121 792 1156 ipsis

39 1167 223 1196 animadversum
236 1172 291 1201 est,
306 1175 339 1196 ex
355 1167 432 1195 hisce
443 1166 682 1195 Constitutionibus
696 1174 792 1195 excer-

40 1217 73 1248 pta
91 1214 198 1248 quaedam
225 1218 335 1242 exstare
357 1214 482 1242 breviora
506 1213 549 1241 vel
574 1213 731 1249 prolixiora,
760 1216 792 1240 ut

39 1257 115 1292 cuique
133 1257 301 1285 commodum
317 1257 386 1291 fuit;
404 1264 435 1285 ea
455 1264 520 1285 vero
536 1260 664 1292 excerpta
686 1256 793 1285 criticis

39 1303 206 1338 imposuerunt,
218 1303 299 1339 quasi
318 1303 352 1331 ad
368 1311 437 1338 opus
456 1303 529 1331 aliud
543 1304 721 1339 pertinerent.

64 1350 90 1377 ll.
106 1350 154 1379 Cur
166 1359 255 1378 nomen
271 1349 411 1386 Hippolyti
424 1354 555 1377 servatum
566 1350 600 1376 sit
615 1349 643 1376 in
659 1356 707 1377 vm
723 1349 794 1377 Con-

38 1395 80 1423 ttit.
90 1395 295 1423 libre—Hausit
308 1402 374 1423 vero
390 1395 578 1430 incorruptum
592 1393 732 1430 Hippolyti
744 1401 793 1421 no-

37 1447 85 1467 mcn
105 1444 193 1468 octavo
211 1441 283 1468 libro
306 1440 463 1468 earumdem
479 1439 713 1472 Constitutionum,
737 1441 795 1468 sive

37 1484 86 1518 quia
97 1484 187 1513 isliber
201 1485 351 1521 aliquando
365 1485 470 1520 primus
485 1485 552 1518 fuit;
566 1485 623 1513 sive
632 1485 696 1520 quia
712 1492 727 1512 a
741 1492 795 1513 caa-

36 1529 88 1576 t_eris
101 1531 202 1559 avulsus
210 1530 346 1566 Hippolyti
359 1537 457 1558 nomen
468 1530 656 1558 tantummodo
669 1531 792 1559 retinuit.
807 1546 828 1576 ο

37 1573 72 1602 Est
83 1580 161 1603 autem
173 1576 316 1612 inscriptio
334 1576 415 1611 hujus
429 1576 518 1604 octavi
531 1576 688 1612 libri:IIcp).
704 1585 795 1612 χειρο-

35 1621 109 1648 τονιῶν
117 1621 156 1649 διὰ
167 1622 323 1649 Ἱππολύτου
332 1631 339 1650 :
347 1622 387 1649 De
399 1621 607 1650 ordinationibus
617 1630 663 1656 per
672 1622 798 1658 Hippoly-

36 1668 142 1702 tsml‘55),
162 1673 207 1696 aut
231 1668 314 1696 etiam
342 1668 500 1695 Ἱππολύτου
521 1668 632 1700 κανόνες
651 1668 798 1704 ἐκκλησια-

36 1714 102 1739 στικοὶ
115 1714 173 1750 περὶ
186 1714 333 1749 ἀπαρχῶνς
352 1713 487 1749 Hippolyti
501 1721 612 1741 canones
625 1713 797 1741 ecclesiastici

34 1759 58 1785 dc
73 1760 181 1792 primitiis
199 1760 268 1797 (56),
284 1764 366 1796 prout
391 1760 519 1787 nimirum
541 1759 594 1788 sibi
615 1759 733 1795 quisque
745 1760 796 1787 de-

34 1806 159 1841 scripserat
169 1807 210 1834 vel
222 1810 306 1842 caput
317 1810 444 1841 quartum
462 1805 534 1841 quod
549 1809 591 1834 est
605 1804 637 1833 de
648 1805 797 1832 ordinatio-

34 1850 103 1883 nibus,
115 1852 154 1879 vel
167 1852 338 1880 tricesimum
358 1851 391 1878 de
401 1851 526 1886 primitiis
546 1858 580 1878 ex
594 1851 670 1878 hisce
688 1849 795 1878 Consti-

35 1895 164 1924 tutimu'lnu.
178 1895 204 1924 1s
217 1900 295 1924 certe
308 1896 379 1924 liber
393 1903 444 1924 vm
459 1897 487 1923 in
499 1896 591 1923 varias
606 1895 720 1922 lacinias
735 1894 794 1922 dis-

33 1945 122 1975 cerptus
142 1946 193 1974 est,
210 1942 330 1976 indeque
351 1941 397 1968 alii
413 1941 532 1969 confecti
553 1940 648 1973 libelli,
663 1939 797 1976 quemad-

34 1987 122 2014 modum
142 1988 244 2024 Πέτρου
266 1988 314 2015 καὶ
327 1987 434 2016 Παύλου
455 1988 509 2014 τῶν
524 1986 608 2022 ἁγίων
627 1986 796 2014 ’Δποστόλων

32 2030 153 2066 διατάξεις,
167 2034 208 2062 vel
225 2034 338 2065 κανόνες
357 2033 498 2070 διάφοροιε
515 2033 589 2060 Petri
602 2037 626 2060 et
647 2033 727 2060 Pauli
742 2031 794 2060 SS.

32 2076 188 2108 apostolorum
204 2077 406 2105 constitutiones
425 2078 467 2105 vel
487 2085 599 2104 canones
615 2077 711 2105 diversi
727 2076 794 2113 (57).

31 2118 106 2156 Neque
124 2126 223 2151 temere
243 2127 343 2151 octavo
362 2123 428 2150 huic
445 2122 517 2150 libro
537 2122 673 2158 Hippolyti
696 2129 794 2150 nomen

30 2168 138 2200 praemitti
157 2171 312 2201 consuevit,
328 2169 438 2204 quando
453 2169 561 2196 initium
575 2168 659 2196 sumit
672 2176 705 2195 ex
726 2175 796 2202 opu-

31 2213 92 2241 sculo
114 2214 178 2251 Περὶ
200 2214 389 2251 χαρισμάτων,
414 2214 454 2242 De
481 2214 701 2246 charismatibus,
721 2213 794 2249 quod
811 2219 832 2246 ι)

31 2260 162 2289 certissime
181 2261 330 2297 Hippolyto
349 2261 472 2288 vindicat
496 2261 641 2297 inscriptio
661 2260 797 2288 cathedrae

30 2311 183 2340 marmoreae,
211 2307 241 2335 in
264 2315 318 2343 qua
343 2307 442 2342 legitur
467 2307 547 2334 ΠΕΡΙ
573 2306 797 2334 ΧΑΡΙΟΜΑΤΩΝ

31 2357 56 2376 π
72 2351 160 2381 deinde
189 2353 318 2389 sequitur
344 2353 567 2381 AIIOCTOAIKH
595 2351 795 2380 IIAPAAOCIC.

30 2394 92 2429 Quod
105 2406 168 2427 sane
189 2402 352 2435 argumento
371 2402 425 2432 est,
439 2403 565 2426 octavum
587 2398 686 2426 librum
713 2398 797 2426 fuisse

30 2441 120 2471 initium
133 2445 294 2479 Apostolica:
315 2444 468 2472 traditionis
483 2448 566 2480 atque
580 2444 648 2472 adeo
661 2443 794 2472 Constitu-

30 2486 124 2522 tiauat,
145 2497 215 2525 quas
234 2489 362 2517 Clemens
380 2490 539 2525 collegerat,
555 2488 717 2525 Hippolytus
731 2496 796 2517 vero

28 2531 51 2559 in
61 2534 147 2569 vulgus
156 2534 263 2563 emisit.
278 2534 346 2562 Aliis
356 2538 447 2562 autem
459 2534 538 2562 libris
552 2542 589 2561 vn
605 2533 796 2561 continebatur

28 2575 339 2615 ὴΚαθολικὴδιδασ-καλία
351 2580 383 2607 δι’
405 2579 561 2607 Ἱππολύτου
572 2588 579 2606 :
592 2579 730 2608 Catholica
742 2579 797 2607 Do-

30 2695 105 2758 V‘S‘)
220 2698 325 2762 Il’ro‘leg.
337 2699 365 2726 in
373 2698 424 2733 Ep.
434 2698 536 2735 lgnat.,
547 2706 607 2735 cap.
617 2699 643 2733 7;
651 2698 793 2732 Pearson..

54 2766 107 2836 gi
122 2766 207 2803 (iub.
225 2776 261 2810 ea
273 2769 334 2797 cod.
351 2768 463 2796 Barocc.
484 2775 569 2811 _X!Vlll
592 2772 620 2795 et
638 2768 757 2798 Vindob.

95 2801 232 2836 )‘utoyd.
248 2803 381 2832 mCollat.
393 2803 517 2836 Synodtc.
531 2804 649 2836 Bevereg.
661 2804 757 2836 ap.Wo

27 2803 381 2867 ‘Follat.
393 2803 517 2840 Synodic.
531 2804 649 2840 Bevereg.
661 2804 791 2841 ap.Wolf.

56 2845 375 2910 spuit.
392 2873 414 2908 ι,
427 2882 455 2911 ν.
468 2874 513 2903 85.

419 149 718 181 CONSTlTUTlONES
734 152 972 183 ΑΡΟΞΤΟΙᾸΕΛΕ.
988 170 1021 175 -—-
1035 154 1217 183 PROGJMIA.

1570 157 1624 186 526

845 212 932 239 ctrina
959 221 1005 247 per
1020 212 1207 248 Hippolytum,
1234 213 1263 240 in
1286 219 1340 248 qua
1365 213 1516 248 colligenda
1543 217 1626 249 atque

842 258 994 286 ordinanda
1009 259 1102 287 nescio
1129 266 1163 286 an
1184 259 1245 294 plus
1263 267 1353 295 operae
1373 263 1468 287 auctor
1490 260 1624 295 poeuerit.

842 311 924 339 quam
946 304 974 330 in
995 304 1101 332 cmteris
1120 305 1262 340 operibus,
1280 312 1341 340 quae
1355 304 1425 333 bene
1442 305 1527 332 multa
1542 309 1569 332 et
1584 305 1625 331 la-

842 349 953 377 boriosa
967 349 1096 378 confecit.

878 394 922 423 Ill.
945 395 977 422 In
998 395 1105 423 Oriente
1129 396 1183 431 fere
1205 396 1300 432 ubique
1323 397 1468 431 permansit
1490 395 1626 431 Hippolyti

843 440 1166 474 nomen.—Quatnobrem
1194 442 1222 469 in
1241 441 1351 470 Oriente
1377 442 1422 469 ubi
1450 442 1539 469 locum
1570 449 1625 469 non

843 486 937 513 habuit
960 486 1007 513 illa
1022 486 1180 521 depravatio
1206 487 1327 516 nominis
1343 487 1492 523 liippolyti,
1512 490 1625 514 contra-

843 531 913 559 rium
931 532 1062 567 contigit;
1079 533 1179 560 extrito
1198 533 1327 560 nimirum
1341 532 1488 560 Clementis
1503 531 1625 564 nomine,

842 576 908 605 illud
926 576 1064 614 Hippolyti
1084 578 1154 613 apud
1169 577 1322 606 Orientales
1347 577 1403 606 fere
1417 577 1578 613 permansit,
1597 576 1626 604 in

843 631 922 659 quem
934 624 1017 652 veluti
1039 624 1167 652 Ecclesia:
1190 624 1279 659 legum
1306 623 1476 651 conditorem
1506 623 1626 651 universi

842 669 1003 704 respiciunt.
1026 669 1151 705 Namque
1169 670 1197 696 in
1213 668 1344 705 Syrorum
1359 669 1556 697 vetustissimis
1578 676 1627 697 co-

842 716 949 744 dicibus
963 719 1025 743 ante
1038 715 1168 743 saeculum
1183 723 1234 743 vm
1247 715 1366 743 exaratis
1379 718 1528 742 occurrunt

889 777 1151 842 θείω-1
1176 797 1251 837 μβ
1270 774 1437 832 L-Sasz
1456 774 1629 841 λαως-ἐ

843 843 1048 871 Constitutiones
1075 844 1256 879 apostolorum
1284 851 1329 877 per
1360 842 1533 877 Hippolytum
1558 843 1626 877 (58).

842 889 931 924 Atque
955 889 983 916 in
1000 889 1087 916 sacris
1102 889 1222 916 Arabum
1237 888 1431 920 voluminibus,
1447 888 1490 915 vel
1503 887 1627 922 Coptita-

842 941 901 962 rum
920 934 1012 968 potius
1031 934 1161 961 Ecclesiae
1184 932 1385 964 Alexandrinae,
1411 939 1508 960 eorum
1534 933 1629 968 lingua

840 981 975 1008 utentium

841 1019 1042 1080 ινμκῖιέυε
1062 1020 1185 1072 (εμορι
1215 1015 1515 1080 wages
1538 1020 1629 1080 ’ἐξελε

843 1134 894 1162 Isti
915 1139 975 1162 sunt
1001 1143 1111 1162 canones
1135 1134 1270 1166 Ecclesiae,
1292 1134 1418 1161 mandata
1440 1141 1498 1168 qua:
1525 1131 1629 1166 scripsit

843 1179 1002 1215 Hippolytus
1017 1200 1024 1212 ,
1053 1188 1098 1215 per
1118 1189 1192 1216 quem
1221 1180 1336 1216 loquitur
1361 1177 1533 1216 [Ecclesia]
1561 1177 1628 1214 (59).

843 1225 988 1262 Ᾱῖιιιὶοροε
1008 1230 1099 1254 autem
1123 1234 1137 1253 a
1154 1226 1253 1262 priscis
1276 1226 1442 1261 temporibus
1463 1229 1524 1261 post
1543 1223 1631 1252 Cano-

843 1281 887 1300 nes
911 1273 1089 1307 apostolorum
1105 1281 1169 1308 quos
1191 1280 1281 1300 (ῖκχνιι
1296 1277 1444 1305 numerant,
1459 1275 1590 1298 recensent

843 1318 981 1360 ὡς’.ρὴ
1002 1338 1013 1359 ι
1039 1319 1254 1365 Ηῆίῖσάκνή
1282 1338 1293 1360 ε
1320 1317 1394 1365 ΛΦ
1418 1337 1428 1358 =
1458 1310 1629 1358 mihi”:

843 1378 954 1423 ΗΕθΒ
963 1398 974 1420 ι
988 1381 1071 1417 U151:

844 1452 912 1487 (40).
926 1451 1046 1480 Canones
1059 1451 1195 1487 Hippolyti
1205 1451 1320 1479 doctorts
1330 1458 1405 1486 papa:
1416 1449 1505 1478 Roma:
1515 1456 1631 1478 xxxvm.

844 1496 973 1532 Quinimo
999 1496 1138 1533 Hippolyti
1153 1505 1251 1525 nomen
1266 1497 1337 1532 apud
1350 1496 1494 1531 (Ethiopes
1509 1495 1577 1523 adeo
1588 1495 1632 1522 in—

845 1544 941 1576 valuit,
956 1548 988 1571 ut
1004 1551 1056 1579 pro
1069 1550 1137 1571 voce
1148 1542 1264 1570 Cononis
1284 1547 1427 1578 acceptum
1453 1542 1490 1569 sit
1513 1551 1520 1568 :
1543 1549 1633 1576 neque

847 1590 921 1618 enim
943 1589 1055 1617 aliunde
1075 1593 1199 1624 repetere
1221 1589 1285 1616 licet
1301 1588 1437 1616 dictiones
1450 1587 1562 1619 Abtelis.
1576 1587 1633 1614 Ab-

846 1636 932 1669 seltis,
953 1638 981 1664 et
993 1635 1110 1662 Betelsat
1138 1635 1238 1670 quibus
1267 1634 1415 1662 secundam
1444 1633 1632 1661 collectionem

846 1682 992 1718 appellant,
1004 1688 1085 1716 quam
1094 1681 1128 1708 ab
1144 1681 1203 1716 ipso
1217 1679 1355 1712 Abulides,
1373 1679 1483 1707 nomine
1498 1686 1552 1714 quo
1566 1678 1633 1714 Hip-

846 1728 969 1764 polytum
990 1726 1098 1758 dicunt,
1121 1726 1195 1754 varie
1220 1725 1319 1753 inllexo
1346 1728 1372 1753 et
1391 1729 1531 1760 corrupto.
1560 1723 1631 1751 Cum

845 1774 919 1802 enim
933 1774 961 1801 in
975 1781 1025 1801 sua
1040 1773 1132 1808 lingua
1148 1780 1203 1799 non
1216 1771 1334 1799 habeant
1350 1771 1457 1798 illarum
1469 1770 1630 1803 dictionum,

846 1820 946 1855 quibus
971 1826 1021 1854 pro
1045 1818 1133 1846 titulis
1155 1821 1282 1851 utuntur,
1309 1817 1457 1852 originem;
1483 1816 1560 1843 aiunt
1581 1816 1632 1843 hos

845 1866 940 1893 titulos
952 1864 1052 1892 Abtelis
1071 1871 1119 1892 seu
1131 1863 1246 1891 Betelsat
1261 1865 1288 1889 et
1297 1861 1410 1888 Abseltis
1433 1861 1523 1897 lingua
1540 1860 1633 1888 Graeca

846 1911 1000 1947 significare
1014 1909 1147 1938 Canonem
1161 1908 1228 1945 (li),
1241 1908 1314 1943 quod
1328 1906 1427 1936 falsum
1442 1914 1504 1935 esse
1518 1914 1550 1934 ac
1564 1907 1632 1934 alie-

846 1966 910 1986 num
926 1965 1007 1985 nemo
1022 1964 1076 1987 non
1091 1956 1173 1983 videt.
1189 1954 1348 1989 Ludolphus
1364 1954 1521 1989 hujusmodi
1535 1961 1633 1982 corru-

846 2003 955 2039 ptiones
978 2000 1062 2029 tribui
1095 2000 1200 2028 mavult.
1229 1999 1368 2035 Coptitis;
1398 1998 1454 2026 imo
1478 2005 1543 2026 vero
1569 2006 1632 2026 cum

845 2055 954 2076 omnem
981 2047 1133 2075 doctrinam
1159 2046 1194 2073 ab
1219 2046 1287 2080 ipsis
1312 2044 1468 2080 acceperint
1479 2044 1631 2080 Ethiopes,

845 2101 959 2122 necesse
974 2101 1029 2121 non
1041 2096 1082 2121 est
1097 2092 1196 2119 menda
1208 2091 1291 2119 etiam
1309 2091 1459 2126 accepisse.
1477 2099 1509 2118 ac
1524 2091 1632 2119 facilius

847 2141 881 2168 ab
897 2140 1009 2172 ultimis,
1028 2139 1082 2167 nisi
1096 2139 1130 2167 ab
1144 2139 1277 2173 utrisque,
1289 2137 1315 2165 id
1331 2145 1429 2166 nomen
1440 2138 1563 2166 vitiatum
1578 2143 1630 2166 est.

847 2187 910 2215 Haec
925 2191 1015 2216 autem
1041 2187 1078 2214 ita
1104 2194 1133 2215 se
1152 2186 1254 2214 habere
1284 2186 1382 2213 titulus
1404 2185 1463 2220 ipse
1488 2186 1632 2213 conﬁrmat

849 2234 932 2265 huius
946 2233 1059 2261 alterius
1074 2232 1251 2260 Collectionis

850 2279 986 2320 ‘IZ'GJ'
1019 2299 1030 2320 ς
1070 2272 1279 2321 ωιωεοψ
1315 2298 1326 2320 ς
1365 2277 1582 2319 mmm'n
1620 2297 1631 2318 :

850 2339 949 2380 φίῗίῖ
976 2359 988 2380 =
1011 2337 1203 2380 Hild/HM
1228 2358 1238 2379 :

848 2399 1053 2434 Representatio
1068 2404 1093 2426 et
1105 2398 1239 2426 ordinatio
1248 2397 1365 2425 Absaltis
1381 2397 1518 2425 Canonum
1526 2396 1633 2424 Domini

848 2445 943 2473 nostri.
958 2444 1010 2473 Ubi
1033 2449 1146 2480 apparet
1166 2451 1217 2472 suo
1228 2443 1366 2476 Canones,
1383 2451 1415 2471 ac
1434 2451 1485 2471 suo
1499 2443 1634 2471 Collecto-

847 2497 905 2517 rem
921 2490 1050 2525 appellari
1064 2489 1175 2525 proprio
1193 2489 1314 2520 nomine.
1332 2488 1404 2524 quod
1426 2488 1500 2516 aliud
1521 2496 1576 2515 non
1590 2492 1633 2515 est

847 2535 883 2562 ab
898 2535 944 2562 illo
958 2534 1106 2570 Hippolyti.
1123 2533 1191 2562 Cum
1203 2541 1268 2562 vero
1283 2534 1401 2569 plurium
1420 2541 1534 2561 numero
1549 2534 1631 2561 etiam

847 2585 959 2609 utantur
972 2581 1006 2609 ad
1021 2589 1080 2609 eam
1095 2580 1285 2608 collectionem
1301 2579 1520 2616 significandam,
1536 2587 1634 2615 nempe

893 2702 939 2734 58)
960 2701 1026 2729 Mss.
1046 2702 1108 2730 cod.
1122 2701 1199 2734 Vat.,
1216 2710 1244 2730 n.
1262 2702 1324 2730 107.

960 2703 1471 2772 %:scod?dm;?‘ia2ari?;resb,Fid.
1487 2735 1630 2764 Asseman.

845 2772 878 2801 Β.
888 2771 1001 2800 ⁷0.ῑοιη.
1014 2771 1034 2801 ι.
1050 2780 1077 2807 p.
1090 2771 1142 2799 6i9
1157 2777 1184 2800 et
1195 2771 1240 2804 Ill.
1256 2771 1323 2807 pLi.
1340 2779 1366 2806 p.
1379 2771 1423 2807 15:

880 2807 937 2843 (to)
955 2808 1006 2843 Ap.
1026 2805 1158 2843 Ludolph.
1179 2805 1394 2843 Ηίειςᾼςιιιίὸμ,
1404 2805 1436 2838 u,
1450 2815 1477 2842 ρ.
1490 2805 1550 2833 set.

880 2816 926 2841 μυ
955 2816 1006 2843 Αρ-
1026 2816 1110 2834 ιλυιιοι
1132 2816 1158 2835 ΙΙ.
1179 2816 1314 2834 Πιδιηειιιι

879 2816 937 2879 (ιιί
955 2816 1140 2878 ιυᾱοιριι..¹ί.
1156 2849 1194 2876 c.,
1211 2850 1238 2877 p.
1252 2842 1314 2870 550.
