1884 3104
204 149 238 177 52
243 149 258 176 7

446 223 458 244 ι
472 208 612 242 Abtelisat,
628 211 797 239 collectanea
809 211 850 238 vel
864 210 992 238 mandata
1006 207 1029 234 A

207 265 364 300 Ilippolytea
379 265 544 301 intelligunt.
560 265 586 293 is
603 265 672 294 liber
684 273 806 294 canones
822 273 903 293 um
919 273 993 294 com-

205 310 358 346 prehendit,
374 318 445 346 quos
458 315 486 339 et
499 311 688 346 Apostolorum
703 311 809 340 dicunt.

240 367 284 396 IV.
312 368 355 395 Au
379 372 447 395 recte
465 367 672 396 Constitutiones
703 369 877 404 prteteferant
900 377 994 396 nomen

205 413 347 441 Clementis
353 413 660 442 Rom—Verumtamen
666 414 832 442 Clementem
840 413 964 442 Romanu
968 423 993 442 ιιι

204 460 328 487 omnium
357 460 475 495 primum
501 460 567 488 huic
587 461 665 495 operi
689 468 799 488 manum
828 461 993 493 admovisse,

204 513 260 532 non
271 505 351 533 video
364 513 418 541 qua
433 506 541 533 ratione
557 505 674 533 inliciari
689 506 752 541 quis
770 507 867 541 possit.
890 506 994 542 Super-

205 555 270 578 sunt
289 551 379 579 adhuc
403 552 430 579 in
443 551 683 580 Constitutionibus
700 557 840 587 utcunque
857 552 995 587 comptis

206 597 319 632 vestigia
334 598 384 624 aevi
400 604 456 632 quo
469 597 623 632 compilatus
637 597 755 632 primum
776 597 896 625 luerunt.
913 596 996 624 Nam-

205 651 259 678 que
280 642 326 671 ubi
346 643 466 678 plurium
483 642 668 671 Ecclesiarum
694 642 723 670 [it
745 643 857 676 mentio,
879 651 940 679 quae
961 643 996 671 ab

206 689 340 724 apostolis
361 689 487 725 proprios
506 689 651 724 episcopos
677 689 818 716 ordinatos
843 688 993 721 habebant,

207 743 263 762 non
288 735 361 762 ultra
388 736 498 763 tertiam
528 735 731 763 successionem
764 735 993 770 progrediuntur;

205 782 291 810 veluti
307 790 370 809 cum
383 782 485 809 dicitur
499 781 534 810 de
546 781 717 818 Smyrnensi.
737 781 864 818 Σμύρνης
876 782 905 809 δὲ
925 782 997 817 Ἀρι-

207 836 277 855 στων
288 829 406 865 πρῶτος,
421 829 480 864 μεθ’
494 828 524 856 ὃν
535 828 686 864 Στραταιας
697 830 711 856 ὁ
724 828 835 861 Δώῖδος,
849 829 896 856 καὶ
906 828 997 864 τρίτος

213 872 359 908 Ἀρίστωνι
373 872 494 908 Smyrna:
508 873 597 900 Aristo
615 874 728 907 primus,
749 878 809 908 post
829 881 905 909 quem
919 872 998 901 Stra-
1013 877 1035 905 Β

207 924 272 946 (was
291 918 382 946 Loidis
398 919 482 954 ﬁlius,
499 927 529 946 ac
544 920 638 946 tertius
654 919 743 946 Aristo
759 919 826 954 (όὲ).
851 918 931 946 Nulla
954 918 999 946 hic

205 963 362 1000 Polycarpi,
386 964 501 1000 ejusque
522 964 678 993 decessoris
702 964 814 997 Bucoli,
833 964 863 991 llt
885 964 997 997 mentioI

205 1010 327 1046 adeoque
340 1009 492 1038 Cotelerius
509 1010 649 1038 adnotavit
665 1018 672 1036 :
693 1009 758 1038 Post
775 1009 919 1038 secundum
937 1010 1000 1037 Ari-

205 1062 306 1084 stonem
322 1065 460 1084 numerare
475 1057 534 1084 licet
549 1056 687 1090 Bucolum,
702 1056 812 1091 indeque
825 1056 999 1092 Polycarpum

206 1101 238 1128 ab
260 1101 380 1137 apostolo
393 1100 498 1129 Joanne
509 1100 655 1136 Smyrnwir
675 1102 857 1136 prwpqsitum,
876 1102 999 1137 inquiunt

206 1152 312 1180 veteres,
328 1147 422 1183 quique
439 1147 498 1174 ideo
511 1151 615 1182 poterat
629 1147 677 1174 hoc
695 1147 752 1174 loco
774 1148 931 1179 memorari;
949 1155 999 1183 po-

206 1199 278 1222 terat
292 1195 402 1230 quidem
417 1195 451 1222 ab
470 1194 525 1222 alio
537 1201 620 1230 quam
631 1194 771 1222 Clemente
789 1195 947 1226 memorari,
962 1195 1001 1223 si-

207 1239 318 1274 quidem
331 1247 392 1275 quae
407 1239 519 1274 scripsit
533 1239 687 1267 Cotelerius
703 1239 830 1275 expedita
853 1244 917 1268 sunt
931 1240 998 1277 (45).

206 1284 334 1313 Clemens
355 1285 447 1320 itaque
465 1292 520 1312 non
539 1285 611 1313 ultra
626 1292 686 1313 eam
703 1285 905 1313 successionem
920 1290 1001 1321 atque

207 1329 382 1358 traditionem
396 1330 524 1366 progredi
545 1331 644 1366 potuit,
656 1339 736 1367 quam
758 1336 818 1359 ante
840 1331 930 1359 oculos
951 1332 1000 1359 ha-

207 1377 276 1409 buit,
302 1381 333 1404 ut
356 1377 448 1404 verbis
471 1381 535 1404 utar
555 1376 659 1404 lrenzci.
687 1376 755 1404 Nam
781 1376 810 1405 S.
825 1377 922 1405 doctor
935 1385 999 1406 cum

208 1422 378 1457 argumentis
399 1429 414 1449 a
428 1422 577 1451 traditione
601 1422 694 1458 petitis
722 1426 845 1450 uteretur
868 1423 999 1452 adversus

207 1468 374 1500 haereticos,
408 1468 545 1503 praecipue
577 1467 610 1494 ad
639 1468 806 1495 Clementem
844 1473 997 1503 provocat:

207 1513 299 1549 Τρῑτῳ
321 1513 396 1549 τόπῳ
422 1513 476 1540 ἀπὸ
503 1513 558 1540 τῶν
583 1513 740 1541 ἀποστόλων
776 1514 826 1550 τὴν
847 1514 999 1551 ἐπισκοπὴν

208 1545 356 1594 πληροῦται
374 1545 504 1595 Κλήμης,
522 1559 536 1586 ὁ
549 1559 596 1586 καὶ
620 1559 750 1596 ἑωρακὼς
768 1545 833 1592 τοὺς
850 1545 1001 1596 μακαρίονς
1014 1545 1035 1575 c

207 1604 388 1638 ἀποστόλους,
403 1605 452 1632 καὶ
468 1604 666 1641 ωμὸεὸληκὼς
684 1606 792 1638 αὐτοῖς,
808 1605 855 1632 καὶ
869 1605 908 1632 ἔτι
923 1605 1002 1633 ἔναυ-

208 1651 253 1678 λον
266 1651 298 1678 τδ
311 1652 443 1688 κήρυγμα
462 1651 516 1678 τῶν
531 1652 698 1684 ἀποστόλων,
713 1651 761 1679 καὶ
781 1652 831 1688 τὴν
852 1652 1001 1688 παράδοσιν

208 1698 263 1733 πρὸ
276 1697 422 1734 ὀφθαλμῶν
436 1697 516 1734 ἔχων,
532 1707 558 1725 κ.
570 1707 595 1725 τ.
607 1697 632 1725 λ.
650 1698 739 1726 Tertio
753 1698 810 1726 loco
825 1698 858 1725 ab
873 1698 1001 1733 apostolis

208 1744 389 1778 episcopatum
404 1744 516 1771 sortitur
531 1743 663 1777 Clemens,
674 1744 720 1780 qui
736 1748 761 1771 et
772 1744 836 1771 vidit
855 1745 926 1779 ipsos
938 1752 1001 1779 apo-

209 1789 303 1821 stolos,
319 1794 344 1816 et
358 1789 470 1816 contulit
484 1797 544 1815 cum
558 1789 608 1822 eis,
620 1793 644 1816 et
660 1797 719 1816 cum
733 1788 821 1816 adhuc
835 1789 1000 1816 insonantem

209 1835 425 1870 pradicationem
459 1836 658 1870 apostolorum,
688 1841 713 1864 et
738 1836 907 1864 traditionem
941 1842 1002 1864 ante

210 1880 302 1907 oculos
315 1880 454 1909 haberet...
466 1882 628 1909 annuntians
642 1890 722 1918 quam
737 1881 764 1908 in
776 1882 874 1909 recenti
888 1881 921 1908 ab
936 1890 1001 1916 apo-

209 1925 286 1953 stolis
308 1931 442 1960 acceperat
461 1926 642 1954 traditionem.
668 1927 821 1955 Traditions
843 1928 925 1963 igitur
944 1937 1002 1964 quae

208 1976 249 1999 est
269 1971 302 1998 ab
325 1972 451 2006 apostolis
468 1973 507 1999 sic
521 1981 548 2000 se
565 1972 675 2001 habente
699 1974 727 2001 in
738 1973 869 2007 Ecclesia,
894 1978 919 2001 et
941 1982 1002 2009 per-

210 2022 332 2044 manente
348 2017 419 2052 apud
439 2026 498 2050 nos,
521 2023 683 2046 revertamur
706 2019 741 2046 ad
760 2028 818 2046 eam
835 2027 893 2055 quae
916 2024 955 2047 est
969 2027 1002 2047 επ

211 2063 356 2098 Scripturia
376 2064 548 2091 ostensionem
561 2064 628 2100 (44).
644 2063 703 2092 Hoc
723 2064 794 2092 idem
811 2069 1000 2100 argumentum

212 2113 228 2133 a
249 2107 397 2136 traditione
428 2108 581 2136 derivatum
612 2109 786 2136 commendat
823 2109 943 2138 lremeus
973 2110 1000 2137 in

212 2152 374 2187 praefatione
392 2153 455 2180 libri
472 2154 545 2181 tertii
570 2153 603 2181 ad
626 2154 756 2186 amicum,
777 2162 857 2190 quem
873 2156 1001 2190 superius

212 2205 268 2225 non
282 2198 364 2225 alium
380 2196 464 2245 fuisse
480 2198 514 2226 ab
529 2198 674 2235 Hippolyto
690 2198 889 2228 indicavimus:
903 2200 998 2228 Evenit
1017 2218 1039 2245 Β

213 2246 302 2280 itaque
318 2253 399 2280 neque
414 2244 558 2279 Scripturis
572 2245 643 2280 jam,
667 2254 748 2281 neque
772 2246 910 2273 traditioni
935 2255 998 2274 con-

213 2292 311 2318 sentire
325 2299 379 2318 eos.
393 2290 525 2318 Adversus
541 2291 606 2318 tales
626 2296 757 2319 certamen
772 2291 846 2319 nobis
859 2297 908 2325 est,
928 2301 943 2320 ο
958 2293 1001 2319 di-

214 2336 466 2363 lectissimeJrenaei
476 2343 541 2370 ergo
556 2339 678 2371 tempore
693 2340 754 2371 post
769 2336 925 2372 Scripturas
941 2342 1000 2365 erat

213 2381 243 2409 in
261 2381 384 2409 Ecclesia
408 2384 483 2409 certa
504 2379 628 2415 quaedam
649 2381 772 2413 traditio,
793 2380 826 2408 de
848 2389 901 2416 qua
920 2389 1000 2410 nemo

214 2427 267 2456 nisi
280 2428 425 2456 haereticus
437 2427 581 2454 dubitaret.
599 2425 676 2454 Hauc
691 2427 813 2454 eamdem
825 2427 999 2454 traditionem

214 2473 356 2501 collectam
370 2480 432 2500 esse
454 2480 470 2499 a
487 2472 626 2500 Clemente
650 2472 718 2500 satis
741 2471 845 2500 indicat
870 2471 999 2503 lrenaeus,

214 2526 297 2554 quam
312 2518 341 2546 in
354 2517 474 2545 Archivo
488 2516 618 2544 Ecclesiae
633 2515 762 2544 Romanae
776 2517 938 2553 depositam,
954 2521 1000 2544 aut

215 2568 288 2592 certe
306 2564 406 2591 alicubi
422 2567 558 2591 servatam
574 2563 694 2599 vulgavit
708 2562 883 2599 Hippolytus.
896 2563 999 2597 Quam-

215 2610 256 2638 vis
279 2610 352 2637 enim
376 2617 431 2637 non
455 2609 482 2636 id
507 2608 590 2636 modo
608 2616 718 2644 agamus
743 2613 772 2637 ut
793 2609 999 2637 Constitutiones

251 2710 307 2744 (ιε)
328 2710 440 2738 Constit.
453 2719 502 2742 vn,
514 2711 548 2738 ιϐ

252 2746 307 2780 (45)
327 2744 360 2780 Y.
377 2745 413 2773 Le
427 2745 525 2778 Quian,
543 2746 589 2774 0r.
603 2745 678 2780 Chr.,
693 2746 714 2778 Ι,
731 2747 782 2774 740

252 2779 308 2814 (44)
329 2779 358 2807 S.
373 2779 457 2813 lren.,
471 2780 514 2811 ill,
527 2781 544 2808 5
557 2786 584 2808 et
599 2781 624 2809 5.

252 2815 312 2850 (45)
327 2814 440 2842 Conatit.
455 2823 497 2850 ap.
515 2824 544 2850 ll,
561 2817 605 2850 57,
621 2816 666 2849 48,
681 2821 708 2845 et
723 2825 784 2850 vul,
798 2817 825 2844 5.
844 2815 876 2844 V.
891 2815 998 2844 Tertul-

218 2849 282 2876 liau.
300 2849 337 2876 De
349 2859 382 2877 an
399 2871 405 2883 ,
421 2859 458 2883 ix,
472 2849 503 2879 '9.

631 147 661 176 S.
679 147 878 177 CLEMENTIS
893 149 903 176 Ι
920 147 1004 176 ROM.
1022 147 1124 176 PONT.
1142 147 1257 176 OPEBA
1273 146 1388 175 DUBIA.

1787 147 1836 176 528

1042 203 1175 231 Clementi
1197 203 1377 234 vindiccmus,
1396 203 1551 231 communis
1575 206 1670 231 tamen
1693 203 1794 239 aliqua
1806 212 1836 231 ex

1043 254 1120 286 parte
1140 253 1182 277 est
1201 257 1284 277 causa
1306 249 1396 285 ipsius
1424 252 1452 276 et
1477 248 1627 285 Hippolyti,
1651 256 1717 276 cum
1743 251 1837 285 operis

1043 295 1135 323 eximii
1151 295 1384 322 constructionem
1403 294 1449 322 ille
1462 294 1655 328 delineaverit,
1672 295 1730 322 iste
1746 294 1839 331 peric-

1043 341 1122 368 cerit.
1140 340 1260 376 Uterque
1275 344 1366 369 autem
1383 339 1477 368 Graece
1498 340 1620 375 scripsit,
1637 341 1687 368 sed
1704 341 1840 368 alteruter

1044 386 1168 414 Latinam
1191 387 1311 422 aliquam
1332 386 1481 414 dictionem
1504 387 1629 413 adhibuit
1650 387 1739 422 vulgo
1759 395 1840 414 usur-

1044 438 1146 469 patam,
1159 433 1386 468 quemadmodum
1402 433 1449 460 ubi
1463 432 1500 459 ait
1514 442 1520 458 :
1536 433 1626 458 Ἔστω
1635 432 1666 459 δὲ
1676 432 1736 459 τῶν
1750 433 1839 459 τόπων

1044 479 1166 515 προνοῶν
1188 480 1204 506 ὁ
1222 478 1354 511 διάκονος,
1380 479 1413 506 ῐν*
1433 478 1547 510 ἕκαστος
1567 479 1622 506 τῶν
1635 479 1841 514 εἰσερχομένου-δ

1045 525 1085 556 εἰς
1098 525 1143 551 τὸν
1164 524 1229 551 ῐδιον
1242 523 1324 551 τύπον
1337 524 1421 560 ὁρμᾷ,
1438 524 1486 551 καὶ
1501 524 1537 560 μὴ
1552 524 1629 560 παρὰ
1642 524 1673 551 τὸ
1682 524 1842 558 Ἰντρόᾱυν

1045 569 1226 602 καθέζωνται.
1246 569 1382 596 Diaeonus
1398 574 1485 596 autem
1505 570 1569 597 locis
1584 570 1739 605 provideat,
1755 574 1787 596 ιι
1802 571 1840 597 il-

1045 615 1220 651 gredientium
1234 615 1343 651 quisque
1365 616 1450 643 locum
1472 623 1550 643 suum
1564 620 1647 650 petat,
1671 620 1702 643 et
1726 617 1841 643 nemoiu

1046 659 1160 688 lntroitu
1175 660 1297 688 resideat.
1313 660 1408 688 Prodit
1418 660 1517 688 ibidem
1531 669 1562 688 se
1571 665 1680 694 auctor,
1697 665 1843 688 mutuatus

1046 705 1076 733 τὸ
1091 706 1237 740 ιηρόττον
1251 707 1285 733 ab
1297 705 1413 738 Latinis,
1429 714 1499 742 quos
1521 707 1592 734 inter
1612 706 1744 739 vivebat,
1773 707 1842 734 alio-

1047 753 1093 788 qui
1114 753 1148 781 ab
1167 753 1278 781 usitatis
1299 753 1372 788 apud
1384 753 1495 781 Graecos
1518 753 1693 780 dictionibus
1718 761 1780 780 non
1802 760 1844 780 re-

1048 799 1186 827 cessisset.
1204 798 1365 834 Hujusmodi
1386 803 1428 827 est
1443 799 1525 827 etiam
1545 799 1704 835 πρόσρησις
1715 819 1723 832 ,
1739 798 1844 826 Latinis

1049 845 1194 877 adlocutio,
1226 850 1254 873 et
1281 845 1458 881 προσλαλεῖν,
1489 845 1600 880 alloqui,
1628 848 1659 872 ut
1687 844 1843 872 Romanam

1049 891 1273 919 consuetudinem
1287 891 1555 926 auctorexprimeret
1569 890 1661 925 potius
1667 897 1762 925 quam
1777 889 1846 917 Gr:-

1049 944 1110 964 cam
1123 937 1190 972 (45).
1208 937 1262 965 Sed
1282 940 1309 964 et
1327 943 1380 964 non
1392 943 1479 972 pauca
1499 936 1623 964 invenire
1642 936 1726 968 licet,
1742 943 1806 971 qua
1817 940 1844 962 ut

1049 982 1181 1010 Romanae
1203 983 1371 1010 conveniunt
1386 982 1525 1016 Ecclesiae,
1539 982 1577 1009 ita
1592 983 1738 1009 incertum
1754 987 1801 1009 est
1812 988 1844 1008 an

1050 1028 1112 1056 aliis
1126 1030 1300 1060 conveniant,
1314 1028 1366 1056 sub
1381 1027 1488 1055 initium
1504 1035 1535 1054 Ill
1549 1027 1644 1055 saeculi
1661 1027 1737 1063 (46),
1759 1027 1845 1062 Atque

1050 1074 1108 1102 haec
1135 1074 1221 1101 invito
1245 1073 1368 1109 pessimo
1392 1072 1533 1107 baeretico,
1558 1073 1605 1108 qui
1629 1071 1845 1100 Constitution:

1050 1119 1226 1152 adulteravit,
1242 1123 1442 1154 remanserunt,
1458 1119 1492 1147 de
1515 1126 1570 1155 quo
1591 1119 1689 1155 aliqua
1710 1123 1783 1147 sunt
1807 1119 1845 1146 di-

1050 1166 1146 1194 cenda.

1357 1232 1472 1262 CAPUT
1492 1232 1525 1261 ll.

1154 1311 1219 1346 Qui;
1233 1312 1333 1346 primus
1345 1310 1569 1339 Constitutionum
1585 1316 1742 1347 corruptor.

1084 1380 1105 1408 Ι.
1126 1380 1205 1408 Hunc
1229 1380 1367 1408 hominem
1394 1381 1422 1408 in
1445 1379 1557 1408 Oriente
1581 1380 1689 1408 vixisse
1720 1380 1847 1408 indicant

1050 1427 1184 1455 mensium
1198 1427 1319 1459 nomina,
1334 1433 1396 1461 quae
1406 1426 1515 1461 propria
1531 1426 1607 1454 fuere
1626 1425 1848 1462 Syro-Macedo-

1050 1480 1126 1505 num,
1141 1471 1268 1500 Xanthici
1284 1479 1391 1507 nempe,
1408 1471 1510 1507 Dystri,
1526 1471 1652 1506 Gorpiai,
1673 1472 1849 1508 Hyperbore—

1052 1518 1119 1546 twi:
1135 1521 1192 1545 tum
1205 1525 1314 1554 quoque
1335 1517 1488 1545 Antiochiae
1509 1517 1549 1545 vel
1575 1518 1603 1545 in
1625 1525 1659 1545 eo
1686 1523 1787 1546 tractu
1809 1519 1850 1546 di—
1873 1555 1874 1558 η

1051 1570 1189 1593 versatum
1210 1573 1272 1593 esse
1291 1565 1395 1592 indicat
1418 1564 1549 1592 solemnis
1576 1563 1699 1592 formula
1730 1566 1851 1600 public:
1873 1559 1874 1563 ¹

1050 1610 1218 1647 precationis
1239 1610 1267 1638 in
1281 1617 1335 1646 qua
1350 1610 1495 1646 episcopus
1508 1609 1717 1638 Alexandrinus
1731 1616 1850 1646 prater-

1051 1657 1189 1684 mittitur:
1211 1656 1296 1692 ’Υπὲρ
1315 1656 1362 1683 τοῦ
1377 1656 1527 1683 ἐπισκόπου
1550 1655 1628 1692 ήμῶν
1648 1657 1792 1685 Ἰακώϐου
1806 1658 1852 1685 ut

1049 1701 1104 1728 τῶν
1118 1700 1268 1736 παροικιῶν
1289 1700 1372 1727 αὐτοῦ
1391 1699 1541 1735 δεηθᾶῳεν.
1563 1699 1648 1735 ’Υπὲρ
1661 1699 1717 1726 τοῦ
1737 1701 1851 1728 ἐπιδ-»ἐς
1873 1721 1874 1724 η

1050 1753 1103 1772 που
1114 1745 1193 1781 ἡμῶν
1206 1744 1365 1781 Κλήμεντος
1378 1745 1425 1772 καὶ
1438 1745 1493 1771 τῶν
1508 1744 1660 1780 παροικιιῖιν
1683 1745 1778 1773 αὐτοῦ
1793 1746 1851 1781 δεη-
1873 1751 1874 1772 1

1051 1791 1151 1827 Θῶμεν.
1173 1791 1258 1827 ’Υπὲρ
1270 1791 1318 1818 τοῦ
1334 1790 1484 1818 ἐπισκόπου
1503 1790 1581 1826 ἡμῶν
1595 1790 1715 1818 Εὐοδιου
1735 1792 1788 1819 καὶ
1801 1792 1852 1818 τῶν
1873 1803 1874 1830 ξ

1050 1835 1204 1872 παροικιῶν
1217 1835 1300 1862 αὑτοῦ
1313 1835 1462 1871 δεηθῶμεν.
1480 1834 1535 1862 Pro
1551 1835 1673 1870 episcopo
1692 1842 1794 1864 nostro
1804 1836 1851 1863 1ο-
1873 1849 1874 1874 1

1050 1882 1115 1910 cobo
1130 1886 1156 1909 et
1170 1881 1290 1916 parmatis
1311 1880 1367 1915 ejus
1388 1888 1503 1909 oremus.
1527 1879 1582 1907 Pro
1604 1881 1737 1916 episcopo
1760 1888 1851 1909 nostra
1873 1893 1874 1920 ς

1051 1927 1183 1955 Clemente
1193 1935 1224 1953 ac
1230 1926 1352 1961 parmis
1362 1925 1418 1960 ejus
1430 1932 1544 1953 oremus.
1552 1924 1605 1952 Pro
1617 1926 1749 1961 episcopo
1761 1934 1852 1955 nostro
1873 1947 1874 1952 η

1053 1973 1164 2005 Evodio,
1186 1977 1211 1999 et
1226 1971 1347 2006 portoriis
1364 1971 1421 2006 ejus
1441 1979 1547 1998 oremus
1562 1969 1630 2006 (i7).
1645 1969 1722 2003 Quae
1737 1977 1852 2008 prater-
1873 1985 1874 1998 ς

1051 2017 1148 2044 missio
1163 2016 1197 2044 ad
1209 2020 1330 2044 veterem
1344 2015 1513 2044 simultatem
1525 2014 1654 2042 Ecclesiae
1661 2015 1852 2045 Antiochea:
1873 2011 1874 2046 ἓ

1052 2069 1114 2088 cum
1134 2060 1317 2089 Alexandrina
1339 2059 1482 2088 referenda
1502 2064 1545 2088 est
1566 2060 1634 2095 (48).
1657 2066 1781 2089 auctam
1809 2070 1851 2089 rc-
1873 2055 1874 2084 Ῑ

1051 2108 1123 2135 centi
1138 2107 1202 2135 odio
1216 2107 1349 2135 adversus
1364 2106 1523 2142 Dionysium
1541 2106 1575 2134 Ii.
1588 2107 1775 2135 Alexandria:
1797 2109 1851 2143 epi—
1873 2101 1874 2122 Ῑ

1051 2162 1174 2189 scopum.
1189 2153 1262 2180 Nihil
1276 2152 1350 2180 enim
1360 2155 1443 2185 vetat,
1469 2152 1524 2179 imo
1544 2152 1623 2186 plura
1640 2153 1774 2180 suadent
1789 2161 1852 2180 cor-
1873 2143 1874 2150 γ

1051 2205 1191 2235 ruptorem
1204 2198 1431 2227 Constitutionum
1451 2197 1536 2225 fuisse
1547 2196 1662 2224 Paulum
1686 2197 1850 2227 Samosate-
1873 2199 1874 2232 ξ

1051 2253 1129 2278 num,
1147 2245 1213 2272 dum
1235 2244 1287 2272 sibi
1302 2243 1458 2279 praesidium
1474 2251 1507 2270 ex
1523 2250 1557 2270 eo
1573 2243 1670 2270 codice
1697 2252 1759 2271 non
1786 2252 1850 2272 wn-
1873 2243 1874 2276 Ϊ

1050 2291 1202 2319 temnenda!
1218 2290 1391 2318 auctoritatis
1410 2289 1595 2324 polliceretur.
1618 2288 1693 2317 Hinc
1719 2291 1770 2317 illa
1791 2299 1850 2326 qua:
1873 2309 1874 2330 ξ

1050 2337 1235 2364 Arianismum
1255 2335 1375 2371 sapiunt,
1396 2343 1478 2363 nemo
1501 2335 1594 2370 utique
1614 2335 1649 2362 ad
1672 2335 1850 2364 Clementem

1050 2388 1078 2411 et
1088 2383 1274 2418 Hippolytum,
1291 2389 1414 2410 summos
1430 2380 1583 2408 divinitatis
1599 2379 1709 2408 Christi
1725 2388 1850 2410 asserto-

1051 2437 1107 2461 res,
1126 2429 1263 2465 pertinere
1285 2427 1474 2455 arbitrabitur.
1498 2426 1591 2454 Facile
1609 2430 1706 2454 autem
1719 2427 1850 2455 Samosa-
1873 2419 1874 2444 Ῐ

1051 2478 1114 2502 teno
1138 2474 1234 2508 ejusve
1260 2472 1374 2500 asseclis
1398 2471 1483 2499 tribui
1508 2474 1642 2507 possunt;
1671 2471 1740 2498 dum
1771 2473 1850 2508 plura
1873 2494 1874 2506 ξ

1051 2520 1177 2548 inserunt
1207 2526 1221 2546 a
1248 2517 1488 2546 Constitutionibus
1519 2517 1623 2549 aliena,
1650 2521 1681 2544 ct
1706 2518 1850 2545 catholico
1873 2521 1874 2542 ξ

1049 2566 1169 2601 dogmati
1189 2572 1304 2600 prorsus
1325 2563 1454 2595 inimica;
1468 2563 1503 2590 de
1517 2562 1619 2598 quibus
1630 2561 1753 2591 Photius
1768 2574 1778 2592 :
1797 2565 1849 2591 Καὶ
1873 2569 1874 2572 ‘

1051 2610 1090 2637 ἔτι
1121 2609 1377 2646 Ἀριανισμῷ,ὂπερ
1395 2609 1429 2635 ἄν
1455 2616 1498 2639 τις
1521 2608 1568 2634 καὶ
1593 2607 1691 2643 βιαίως
1717 2608 1848 2644 διαχρώ-
1873 2603 1874 2627 Ῑ

1086 2710 1142 2744 (46)
1161 2709 1241 2736 Πυλω
1272 2709 1298 2742 ἱ,
1326 2708 1497 2735 ὑποδιάκονοι
1510 2729 1518 2741 ,
1536 2709 1718 2744 κοιμητήρια,
1733 2718 1766 2736 κ.
1782 2717 1808 2735 τ.
1822 2709 1844 2733 λ.

1086 2745 1167 2771 liarii.
1180 2718 1346 2771 submconi.
1364 2744 1521 2771 ccemeteria.
1537 2743 1585 2770 ubi
1593 2749 1749 2771 conventus
1762 2744 1841 2771 Chri-

1050 2743 1167 2785 ostiarii,
1180 2743 1346 2777 subdiaconi,
1364 2744 1521 2775 ccemeteria,
1537 2743 1585 2770 ubi
1593 2749 1749 2771 conventus
1762 2744 1841 2771 Chri-
1873 2763 1874 2766 η

1051 2784 1215 2808 stianorum.

1085 2815 1141 2849 (l7)
1162 2814 1276 2842 Constit.
1291 2822 1318 2847 v,
1331 2814 1375 2845 Η.
1387 2814 1419 2841 i7
1429 2813 1516 2846 c120,
1537 2817 1564 2841 et
1578 2821 1642 2843 can.
1653 2813 1698 2841 50.

1086 2848 1142 2884 (48)
1161 2849 1193 2877 γ.
1209 2849 1406 2883 Pctov.,Theol.
1420 2848 1522 2884 deum,
1534 2854 1554 2877 t.
1568 2848 1615 2883 ιν,
1630 2857 1657 2886 p.
1671 2849 1732 2876 M2.
