1884 3104
52 185 103 212 52⁸.)

434 183 734 212 CONSTITUTIONES
752 181 992 211 APOSTOLICE.
1007 197 1041 203 -—
1057 181 1237 210 PROU'lMlA.

1621 181 1674 210 530

51 243 136 267 οιιτο.
159 239 253 266 Adhuc
277 244 426 275 arguuntur
447 239 595 268 Arianismi
619 240 743 272 crimine,
766 248 820 275 quo

897 238 1045 273 Ινεύματος
1058 238 1214 274 τετιμήσθω
1229 239 1303 274 ὑμῖν,
1316 237 1397 273 μηδὲν
1411 238 1475 265 ἄνευ
1489 237 1536 265 τοῦ
1550 239 1674 266 διακόνου

50 285 155 313 nonnisi
169 284 295 312 uiolenter
305 285 362 320 quis
372 285 469 319 poterit
480 285 607 320 depellere
619 284 687 320 (t9).
701 284 836 317 Quoniam

52 339 116 359 vero
135 334 248 358 constat
269 330 298 358 iu
313 330 425 358 Oriente
439 330 544 359 vixisse
563 334 752 366 corruptorem
766 330 837 358 Con-

52 377 220 404 stitutionunt
231 395 240 409 ,
265 375 350 407 alium
367 383 383 402 a
396 375 481 404 Paulo
496 375 675 404 Samosateno
696 376 837 412 assignare

52 428 106 450 non
127 429 286 457 possumus.
307 421 378 450 Huic
399 422 492 450 omnia
514 422 691 455 conveniunt,
717 421 836 450 maxime

51 475 110 502 quae
123 467 235 502 sapiunt
246 466 428 500 ludaismum,
443 468 529 496 veluti
542 471 585 496 est
598 467 750 503 exaaquatio
765 467 835 495 Sab-

49 514 105 540 bati
127 521 192 542 cum
215 513 260 541 die
273 513 414 542 Dominico
434 513 491 549 (50)
512 521 575 543 cum
597 514 656 549 ipse
677 514 705 541 in
720 513 836 550 gratiam

49 560 150 595 regina:
163 559 388 595 Palmyrenorum
408 559 536 588 Zenobias
555 560 584 588 in
600 564 739 596 comperto
755 559 836 588 fuerit

46 607 201 641 judaizans.
238 605 335 634 Patres
369 609 444 634 certe
469 607 517 642 qui
543 607 641 634 ultimo
666 607 836 634 Antiocheno

48 653 167 680 concilio
181 652 313 681 adversus
332 651 541 680 Samosatenum
561 652 754 685 interfuerunt,
779 660 835 680 non

48 704 139 725 mores
165 697 365 728 tantummodo,
380 697 427 725 sed
447 703 475 725 et
491 698 611 732 spuriam
629 697 760 724 damnant
781 696 835 731 [al-

47 749 158 777 untque
170 741 340 769 doctrinam:
359 742 445 770 Ὅπου
466 741 495 768 δὲ
513 741 635 773 ἀποστὰς
657 741 704 768 τοῦ
724 741 836 773 κανόνος

47 787 94 813 ἐπὶ
108 786 223 822 κίϐδηλα
236 787 284 814 καὶ
300 787 365 814 νόθα
387 786 537 822 διδάγματα
557 785 746 822 μετελήλυθεν,
760 786 835 813 οὐδὲν

43 832 85 858 δεῖ
96 832 146 859 τοῦ
161 832 214 865 ιξω
228 832 304 865 ὕντος
316 832 366 864 τὰς
378 832 492 869 πράξεις
505 831 618 868 κρίνειν.
642 831 694 859 Sed
709 832 835 866 quoniam

45 887 62 904 ι
72 878 137 913 ﬁdei
154 878 246 914 regula
264 878 400 910 recedens,
418 878 453 906 ad
474 878 595 913 spuriam
613 882 639 905 et
658 877 834 905 adulterinum

887 283 1061 320 πράττουσα,
1084 284 1101 319 ἢ
1124 284 1307 319 φθεγγομένη,
1327 283 1366 315 ὡς
1386 283 1446 310 οὐδὲ
1468 284 1483 310 ὁ
1497 284 1675 319 Παράκλητος

886 330 931 364 ἀφ’
946 329 1044 357 ἑαυτοῦ
1058 338 1085 356 τι
1098 329 1183 362 λαλεῖ,
1199 329 1215 365 ἢ
1235 331 1316 361 ποιεῖ,
1336 329 1404 357 ἀλλὰ
1417 329 1536 362 δοξάζων
1549 329 1594 356 τδν
1608 330 1675 365 Χρι-

887 375 949 403 στδν
970 375 1113 412 περιμένει
1132 375 1164 402 τὸ
1186 375 1291 402 ἐκείνου
1314 374 1430 410 θέλημα.
1460 374 1512 408 Qui
1536 375 1674 409 episcopus

885 426 983 449 est.....
1000 421 1041 448 hic
1055 422 1174 456 princeps
1192 425 1217 448 et
1232 420 1288 447 dum
1303 424 1385 448 uester
1400 428 1409 446 :
1425 420 1466 447 hic
1486 425 1570 448 uester
1584 428 1631 448 res;
1647 425 1673 448 et

885 467 1009 503 dynastes
1020 476 1030 495 :
1042 467 1084 494 hic
1107 466 1180 494 vobis
1199 471 1258 500 post
1276 466 1362 493 Deum
1386 471 1505 494 terrenus
1523 466 1605 499 Deus,
1630 467 1674 494 cui

885 512 1010 540 honorem
1027 517 1156 548 praestare
1169 512 1315 540 debetis....
1333 511 1420 547 Igitur
1442 513 1578 547 episcopus
1601 512 1672 540 vobis

886 558 1028 592 presideat
1065 563 1191 594 tanquam
1222 557 1273 585 Dei
1305 557 1434 593 dignitate
1463 558 1672 591 condecoratus,

885 605 918 633 ob
938 612 1018 639 quam
1041 603 1111 632 clero
1132 608 1238 638 prteest,
1260 608 1286 631 et
1306 603 1375 638 plebi
1397 604 1526 632 universa
1549 605 1670 639 imperat.

886 648 1020 676 Diaconus
1034 654 1122 677 autem
1136 649 1255 684 episcopo
1271 650 1391 681 assistat,
1408 654 1436 676 ut
1447 649 1570 677 Christus
1581 650 1671 683 Patri,

885 693 985 729 ipsique
1002 694 1031 721 in
1046 694 1167 722 omnibus
1188 694 1320 728 inculpate
1340 694 1482 726 ministret,
1497 695 1670 729 quemadmo-

884 738 947 766 dum
963 739 1098 773 Christus,
1117 739 1185 766 nihil
1204 747 1220 765 a
1238 747 1266 766 se
1281 740 1337 774 ipso
1358 739 1470 773 faciens,
1493 748 1552 775 qua
1573 741 1673 775 placita

884 789 945 812 sunt
959 785 1034 813 Patri
1057 793 1158 820 semper
1182 790 1315 820 operatur.
1340 786 1375 813 At
1389 786 1543 814 diaconissa
1566 796 1583 814 a
1598 788 1670 816 vobis

884 829 912 856 in
934 830 1049 865 ﬁguram
1071 831 1156 858 sancti
1178 830 1293 865 Spiritus
1318 830 1470 864 honoratur,
1493 841 1551 867 qua:
1574 833 1671 869 absque

884 874 995 903 diacono
1009 876 1075 903 nihil
1086 880 1159 912 agat,
1174 882 1221 903 aut
1232 876 1365 913 loquatur,
1377 877 1446 904 sicut
1458 886 1504 906 nec
1512 877 1669 907 Paracletus

44 922 199 950 doctrinam
214 930 242 950 se
257 922 405 955 transtulit,
429 922 544 949 hominis
565 921 598 949 ab
609 921 729 949 Ecclesia
752 922 834 949 alieni
847 923 870 951 B
884 929 902 948 a
921 929 950 948 se
967 921 1111 957 quidquam
1136 921 1253 957 loquitur
1277 926 1324 949 aut
1353 922 1440 956 facit,
1465 923 1511 950 sed
1533 922 1670 951 Christum

44 973 121 995 actus
144 968 299 995 mmineris
324 967 392 996 nihil
413 968 508 995 attinet
528 967 595 1003 (5i).
623 967 723 995 Nostra
749 967 833 1003 igitur

42 1013 198 1047 accusatio,
219 1020 281 1049 quia
308 1016 363 1040 tam
384 1013 516 1048 praeclaro
544 1013 641 1040 nititur
664 1012 831 1044 testimonio,

41 1059 147 1094 alioqui
169 1063 227 1086 tam
250 1059 318 1087 levis
341 1063 384 1087 est
407 1059 432 1086 si
460 1066 523 1086 cum
547 1059 654 1087 caeteris
674 1058 833 1086 conferatur

42 1104 220 1132 Samosateni
241 1104 421 1137 criminibus,
444 1108 475 1132 ut.
499 1104 595 1132 haberi
619 1111 669 1139 pro
692 1104 831 1132 calumnia

42 1157 100 1176 non
115 1150 215 1184 possit.
238 1149 368 1183 Quamvis
383 1153 475 1177 autem
493 1157 549 1177 non
564 1149 632 1177 adeo
646 1149 832 1185 reprehenda-

40 1198 89 1221 tur
103 1198 182 1223 vetus
195 1195 241 1222 illa
255 1195 434 1228 consuetudo,
451 1195 568 1224 illustria
579 1195 703 1231 quasdam
720 1195 831 1223 nomina

41 1241 225 1274 prmmittendi
244 1241 323 1269 novis
343 1241 482 1276 operibus,
502 1248 534 1269 ac
551 1241 690 1269 statuendi
703 1245 829 1269 auctores

40 1285 114 1312 inter
131 1292 163 1312 se
187 1285 392 1320 colloquentes;
418 1284 541 1320 profecto
561 1293 593 1314 ea
612 1285 685 1313 ﬁctio
699 1291 828 1321 perpetua

39 1330 193 1358 inducendi
220 1331 359 1366 apostolos
385 1331 475 1359 adhuc
496 1331 585 1364 vivos,
612 1339 694 1368 quam
714 1332 828 1360 Photius

39 1376 248 1403 κακοπλαστιαν
273 1373 439 1412 appellavit,
462 1376 596 1413 duxitque
620 1379 826 1406 accusationum

37 1428 104 1448 esse
128 1421 306 1455 levissimam,
332 1421 407 1449 illico
429 1421 541 1457 planum
567 1422 704 1451 hominem
723 1423 825 1458 prodit,

37 1474 73 1494 ac
95 1467 313 1502 ineptissimum,
340 1467 388 1502 qui
413 1467 549 1500 absurda,
572 1467 651 1502 plura
675 1471 703 1496 et
731 1475 825 1497 secum

38 1513 193 1547 pugnantia
218 1519 251 1540 eo
275 1512 406 1540 narrandi
435 1512 517 1541 modo
542 1520 572 1541 se
598 1513 742 1542 admittere
769 1522 826 1542 non

37 1558 169 1592 pes-vidit.
186 1556 263 1591 Quod
280 1565 346 1585 sane
357 1557 454 1586 vitium
468 1557 550 1586 facile
564 1559 657 1586 sanari
674 1563 774 1594 potest,
786 1559 822 1593 si,

35 1612 71 1632 ea
88 1604 201 1631 ﬁctione
223 1603 344 1637 sublata,
366 1611 422 1632 non
443 1604 472 1633 in
493 1607 628 1632 conventu
649 1605 741 1640 aliquo
756 1613 824 1641 apo-

888 967 1060 1002 gloriﬁcans,
1081 971 1213 1002 exspectat
1228 967 1300 994 illius
1316 967 1476 995 voluntatem
1496 968 1563 1004 (55).
1591 968 1670 997 Haud

883 1011 987 1040 frustra
1009 1012 1067 1040 haec
1090 1013 1173 1048 impie
1195 1013 1308 1048 scripsit
1324 1011 1532 1047 Samosatenus,
1554 1022 1616 1042 cum
1637 1023 1669 1042 ea

881 1066 943 1093 qua:
969 1058 1060 1086 animo
1088 1057 1230 1086 volutabat
1253 1058 1390 1091 etl'ecerlt,
1419 1062 1502 1094 atque
1531 1059 1668 1088 Anomzcis

880 1111 941 1132 eam
957 1103 1102 1138 paritatem
1126 1103 1289 1139 reliquerit:
1312 1105 1406 1140 Ἡμεῖς
1429 1104 1545 1141 λέγομεν
1559 1105 1669 1141 Πατέρα

880 1147 927 1174 καὶ
940 1147 1004 1175 Υῑὺν
1020 1147 1068 1174 καὶ
1081 1147 1158 1182 ἅγιον
1173 1147 1296 1183 Πνεῦμα,
1310 1148 1348 1181 ὡς
1366 1149 1526 1181 ἐπίσκοπον,
1541 1149 1588 1176 καὶ
1601 1158 1669 1186 πρε-

880 1191 1020 1228 σὸὐτερον,
1041 1192 1089 1220 καὶ
1111 1192 1234 1220 διάκονον
1250 1202 1258 1222 :
1274 1193 1331 1222 Nos
1356 1195 1470 1223 dicimus
1493 1195 1619 1230 Patrem,
1643 1201 1669 1224 et

879 1236 999 1270 Filium,
1022 1241 1048 1264 et
1062 1236 1193 1272 Spiritum
1221 1244 1343 1267 sanctum
1364 1249 1422 1268 esse
1447 1241 1535 1268 instar
1555 1243 1670 1277 episcopi

877 1286 903 1310 et
914 1282 1060 1318 presbyteri
1073 1288 1098 1310 et
1109 1283 1214 1311 diaconi
1226 1283 1292 1320 (54).
1309 1284 1349 1313 Ac
1362 1293 1456 1313 revera
1471 1285 1668 1316 Samosatenus

879 1336 928 1364 pro
948 1329 1076 1364 episcopo
1088 1328 1286 1358 Antichristum
1311 1331 1339 1359 in
1353 1332 1500 1368 semetipso
1523 1333 1659 1366 exhibuit,

876 1373 953 1402 homo
974 1374 1084 1408 peccati.
1107 1375 1179 1411 [ilius
1201 1375 1368 1410 perditionis,
1390 1378 1435 1412 qui
1459 1377 1616 1406 adversatur
1639 1385 1665 1407 et

875 1419 1012 1446 extollitur
1036 1427 1118 1454 supra
1142 1428 1218 1447 omne
1238 1421 1307 1456 quod
1321 1421 1419 1448 dicitur
1434 1421 1515 1455 Deus,
1532 1427 1578 1450 aut
1595 1423 1666 1459 quod

875 1464 988 1497 colitur,
1011 1465 1053 1491 ita
1075 1469 1105 1491 ut
1125 1465 1153 1492 in
1178 1465 1273 1500 templo
1293 1465 1342 1493 Dei
1362 1466 1451 1495 sedeat
1476 1468 1615 1495 ostendens
1638 1478 1666 1498 se

875 1513 1001 1544 tanquam
1012 1510 1048 1537 sit
1059 1509 1129 1537 Deus
1141 1509 1208 1545 (55).
1230 1511 1310 1547 Βῆμα
1326 1511 1375 1547 μὲν
1389 1512 1436 1540 καὶ
1456 1512 1550 1549 θρόνον
1566 1514 1666 1550 ὑψηλὸν

874 1555 963 1591 ἑαυτῷ
977 1556 1287 1591 κατασκευασάμενος...
1311 1558 1368 1589 τοῖς
1382 1557 1409 1584 δὲ
1423 1557 1461 1590 ὡς
1476 1558 1505 1585 ὲν
1519 1559 1585 1594 οἴκῳ
1599 1560 1667 1587 Θεοῦ

875 1601 1071 1638 σεμωπρεπῶς
1084 1601 1133 1628 καὶ
1145 1598 1283 1634 εὐτάκτως
1295 1602 1449 1635 ἀκούουσιν,
1471 1603 1606 1640 ἐπιτιμῶν
1620 1606 1668 1633 καὶ

36 1650 176 1677 ειοΙοι-υω
190 1649 270 1684 quasi
287 1649 438 1677 viventium
452 1650 552 1682 oratio.
566 1653 594 1678 at
615 1649 676 1685 ipsa
691 1649 820 1679 referatur

897 1647 1054 1683 ιυσριζων...
1072 1647 1320 1684 μγαλορρημονῶν
1334 1649 1399 1685 περὶ
1422 1649 1519 1677 ἑαυτοῦ
1541 1650 1667 1688 καθάπερ

36 1694 174 1727 traditio;
203 1692 432 1728 quemadmodum
457 1701 512 1721 non
539 1693 697 1723 dubitamus
724 1695 820 1724 fecisse

897 1693 922 1720 ix
935 1693 1093 1726 ἐπίσκοπος,
1109 1693 1177 1720 ἀλλὰ
1192 1694 1322 1730 σοφιστὴς
1336 1694 1384 1721 καὶ
1397 1694 1473 1731 γόης.
1488 1695 1622 1732 Ψαλμοὺς
1638 1697 1668 1724 δὲ

34 1739 209 1767 Clementem
235 1742 319 1774 atque
338 1738 530 1775 Hippolytum,
553 1740 731 1775 gravissimos
750 1742 820 1770 viros

897 1739 935 1771 δὺς
950 1739 999 1774 μὲν
1013 1740 1054 1771 εις
1065 1739 1111 1766 τὸν
1125 1739 1227 1775 Κύριον
1250 1739 1328 1775 ἡμῶν
1349 1740 1451 1776 Ἰησοῦν
1464 1741 1582 1778 Χριστὸν
1596 1742 1667 1769 παύ-

34 1787 65 1810 et
78 1783 281 1811 sanctissimos.
306 1782 350 1811 An
365 1790 431 1811 vero
451 1782 569 1811 adhibito
586 1784 708 1812 examine
730 1785 820 1812 critica

897 1793 955 1816 ις...
972 1785 1012 1816 εἰς
1026 1785 1121 1812 ἑαυτὸν
1135 1785 1163 1812 δὲ
1177 1786 1206 1811 ὲν
1222 1785 1293 1823 μέσῃ
1307 1787 1340 1822 τῇ
1355 1785 1489 1822 ἐκκλησίᾳ
1509 1789 1543 1823 τῇ
1559 1788 1666 1826 μεγάλῃ

35 1829 253 1860 accuratissima,
268 1828 370 1862 possint
383 1828 553 1862 supposititia
566 1837 583 1856 a
595 1829 715 1864 genuinis
728 1830 820 1858 distin-

897 1829 920 1856 ›ὖ
935 1829 1030 1865 Πάσχα
1050 1830 1142 1866 ἡμέρᾳ
1161 1830 1315 1866 ψαλμῳδεῐν
1337 1833 1469 1865 γυναῖκας
1490 1834 1666 1869 παρασκευά-

33 1876 101 1911 gui,
116 1880 143 1903 et
156 1876 196 1903 sic
212 1875 288 1903 nobis
303 1878 449 1909 appareant
463 1874 548 1902 multa
563 1875 677 1910 genuina
691 1875 820 1910 apostolo-

897 1884 943 1907 nv,
958 1872 995 1902 ὧν
1009 1875 1057 1902 καὶ
1070 1875 1190 1906 ἀκούσας
1204 1876 1235 1903 ἄν
1249 1884 1291 1908 τις
1306 1875 1434 1912 φρίξειεν.
1452 1876 1523 1904 Nam
1536 1883 1561 1905 et
1577 1878 1664 1906 tribu-

34 1929 99 1949 runt
115 1926 295 1953 monumenta,
317 1921 392 1956 quod
415 1921 468 1950 sibi
491 1921 579 1949 suasit
592 1921 645 1948 hoc
668 1922 770 1950 saeculo
783 1922 825 1948 vir
874 1920 1097 1948 naletsublimem
1110 1921 1232 1948 thronum
1241 1921 1290 1949 sibi
1300 1922 1664 1960 ipseconstruzit....eosqui

35 1968 231 2003 antiquitatem
248 1965 476 1995 Constitutionum
501 1967 574 1994 ultra
595 1974 676 2001 quam
697 1974 747 2002 par
766 1970 824 1995 erat
875 1974 934 1993 cum
946 1967 1073 2002 gravitate
1089 1975 1120 1994 ac
1133 1967 1262 1995 modestia
1282 1968 1349 1996 sicut
1363 1969 1391 1996 in
1412 1968 1490 1996 domo
1508 1969 1558 1997 Dei
1576 1970 1663 2004 decet,

34 2013 185 2045 extollens,
205 2013 233 2041 id
250 2012 408 2048 hujusmodi
426 2011 517 2040 critici
531 2012 651 2040 viderint
676 2012 825 2041 accuratis-

33 2059 100 2087 simi
113 2058 183 2094 (52).

71 2104 105 2133 ll.
128 2103 230 2132 Paulus
241 2103 432 2132 Samosatenus
447 2111 499 2131 non
512 2111 565 2131 uno
579 2102 638 2131 loco
651 2111 679 2131 se
691 2103 780 2138 prodit
797 2104 825 2130 in

34 2148 327 2177 Constitutionibus.—-
335 2148 418 2176 Nobis
436 2147 662 2176 Constitutionum
678 2152 824 2183 corrupto-

34 2203 95 2224 rem
109 2198 154 2223 sat
160 2194 356 2226 estindicasse,
363 2201 443 2228 quem
457 2193 539 2220 etiam
549 2193 704 2228 loquentem
719 2193 823 2227 audire,

34 2248 68 2268 ac
77 2247 166 2276 prope
179 2238 267 2267 oculis
279 2238 379 2266 intueri
388 2237 411 2265 si
422 2237 484 2273 quis
505 2238 570 2265 velit
586 2237 614 2264 in
630 2237 687 2265 haec
703 2238 825 2265 animad-

34 2289 139 2314 vertat.
157 2285 186 2311 '0
201 2284 407 2315 ὲπίσκοπος.....
418 2278 496 2315 οὗτος
508 2283 601 2319 ἄρχων
614 2283 662 2310 καὶ
675 2283 824 2319 ἡγούμενος

32 2331 125 2368 ὑμῶν.
148 2325 233 2361 Οὗτος
255 2328 332 2365 ὑμῶν
353 2327 479 2364 βασιλεὺς
501 2328 548 2356 καὶ
571 2328 714 2365 δυνάστης.
741 2326 825 2362 051w

32 2377 114 2413 ὑμῶν
135 2375 256 2410 ἐπίγειος
268 2374 335 2406 Θεὸς
355 2373 424 2410 μετὰ
436 2373 512 2406 Θεὸν,
528 2373 557 2406 ὃς
571 2374 672 2409 ὀφείλει
689 2375 739 2410 τῆς
759 2377 823 2411 παρ’

30 2423 113 2460 ὺμῶν
134 2423 217 2458 τιμῆς
238 2421 439 2449 ἁπολαύειν.....
453 2422 468 2448 ό
482 2419 538 2457 γὰρ
557 2420 705 2452 ἐπίσκοπος
717 2429 823 2457 προκα-

31 2469 158 2502 θεζέσθω
171 2468 258 2504 ὑμῶν,
273 2468 310 2500 ὡς
323 2467 390 2494 Θεοῦ
408 2466 473 2503 ἀξίᾳ
490 2466 681 2503 τετιμημένος,
729 2468 825 2502 κρατεῖ

29 2516 80 2544 τοῦ
102 2515 218 2552 κλήρου,
233 2515 280 2542 καὶ
297 2514 345 2541 τοῦ
359 2513 424 2541 λαοῦ
444 2513 652 2549 παντὸς,ἄρχει.
674 2513 702 2540 '0
720 2512 749 2539 δὲ
766 2512 824 2540 διά-

30 2570 115 2594 κονος
135 2561 226 2597 τούτῳ
242 2553 426 2597 παριστάσθώ
441 2560 480 2591 ὡς
499 2560 514 2586 6
527 2558 644 2594 Χριστὸς
664 2558 704 2594 τῷ
724 2559 821 2595 Πατρὶ,

30 2608 81 2636 καὶ
99 2607 294 2643 λειτουργείτω
315 2605 390 2642 αὐτῷ
412 2605 442 2632 ὲν
465 2605 548 2632 πᾶσιν
570 2604 733 2640 ἀμέμπτως,
756 2604 822 2637 ὠςὸ

30 2651 154 2690 Χριστδς
167 2653 215 2688 ἀφ’
228 2651 326 2680 ἑαυτοῦ
340 2651 425 2679 ποιῶν
437 2651 523 2683 οὐδὲν,
534 2649 569 2677 τὰ
581 2650 685 2686 ἀρεστὰ
697 2651 772 2678 ποιεῖ
782 2650 822 2687 τῷ

29 2699 126 2735 Πατρὶ
137 2697 264 2726 ﬁmus.
284 2699 318 2725 ’Π
334 2697 363 2725 δὲ
379 2697 502 2729 διάκονος
523 2697 563 2728 εἰς
583 2695 668 2723 τύπον
681 2694 729 2723 τοῦ
742 2696 821 2731 ἁγίου

149 2766 244 2798 Pbot.,
256 2767 318 2794 cod.
329 2773 409 2794 exui.

80 2801 132 2834 50)
150 2801 265 2830 Constit.
281 2810 342 2834 vus,
358 2801 404 2829 55.

149 2766 244 2798 Pbot.,
256 2767 318 2794 cod.
329 2773 409 2794 exui.

67 2766 132 2902 ἓξὲξ
439 2845 489 2867 vlt.
502 2836 546 2863 50.

79 2871 120 2900 52
149 2871 294 2904 Baratter.,
312 2871 351 2900 De
364 2869 456 2900 Const.
475 2875 558 2905 apost.
576 2870 687 2900 dissert.
709 2871 736 2898 2.
756 2877 816 2906 pag.

30 2892 130 2935 me.-.
150 2892 294 2904 .,..

875 2012 1006 2046 audirent,
1022 2013 1174 2048 increpabat
1188 2017 1212 2040 et
1229 2013 1393 2041 contumeliis
1415 2014 1575 2050 afﬁciebat...
1587 2015 1620 2043 de
1636 2025 1664 2044 se

875 2062 962 2084 autem
979 2059 1035 2092 ipso
1055 2059 1195 2094 magniﬁce
1213 2059 1368 2094 loquebatur
1387 2069 1439 2087 non
1464 2065 1493 2087 ut
1515 2062 1662 2097 episcopus,

875 2104 919 2132 sed
933 2111 962 2132 ut
976 2105 1093 2140 sophista
1109 2111 1134 2134 et
1149 2107 1287 2142 imponar.
1309 2107 1379 2140 Quin
1400 2108 1480 2135 etiam
1501 2109 1618 2143 psalmos
1633 2110 1661 2136 in

874 2151 998 2180 honorem
1009 2151 1117 2181 Domini
1137 2154 1221 2180 nostri
1232 2152 1296 2180 Jesu
1308 2152 1411 2180 Christi
1430 2154 1589 2183 abolevit...
1603 2163 1662 2182 mu-

875 2198 951 2226 lieres
971 2206 1031 2226 nero
1055 2199 1083 2226 in
1104 2198 1189 2225 medio
1215 2185 1334 2226 ecclesiae
1364 2207 1460 2234 magno
1481 2199 1593 2228 Pascha:
1619 2201 1663 2229 die

874 2243 991 2277 psalmos
1010 2243 1142 2278 quosdam
1167 2252 1260 2271 canere
1279 2244 1314 2271 ad
1328 2245 1370 2271 sui
1390 2245 1473 2280 ipsius
1490 2246 1595 2274 laudem
1619 2248 1662 2274 in-

875 2288 980 2322 stituit,
1005 2288 1075 2324 quod
1097 2289 1202 2324 quidem
1223 2289 1390 2317 audientibus
1413 2290 1547 2318 horrorem
1569 2293 1662 2320 merito

874 2334 1024 2362 incusserit.
1060 2334 1124 2364 Haec
1150 2335 1244 2365 Patres
1269 2337 1308 2364 illi
1335 2337 1491 2373 gravissimi
1517 2343 1662 2373 postremae

873 2379 1047 2408 Antiochense
1065 2380 1162 2416 synodi
1176 2381 1307 2409 damnare
1322 2386 1438 2418 pergunt
1464 2383 1492 2410 in
1508 2382 1594 2410 Paulo
1610 2383 1661 2411 Sa-

873 2425 1093 2462 mosatenoj(56),
1114 2433 1176 2461 quae
1200 2426 1264 2454 licet
1280 2427 1406 2462 protrita,
1432 2435 1522 2462 operm
1539 2429 1659 2464 pretium

873 2469 918 2498 hic
931 2470 985 2498 fuit
995 2470 1115 2505 referre;
1131 2475 1161 2499 ut
1174 2479 1207 2499 eo
1221 2472 1308 2507 magis
1325 2479 1389 2500 vera
1406 2472 1657 2508 deprehendantur,

872 2515 1018 2551 lucemque
1053 2516 1191 2552 accipiant
1221 2525 1253 2545 ex
1276 2518 1462 2552 praemeditato
1487 2518 1659 2547 Samosateni

871 2561 988 2589 consilio
996 2580 1004 2594 ,
1028 2569 1084 2597 quo
1099 2561 1126 2589 in
1137 2562 1377 2590 Constitutianibus
1387 2563 1568 2598 apostolorum
1579 2571 1659 2592 suum

871 2606 947 2634 virus
977 2607 1146 2636 occuluerat.
1178 2607 1272 2644 Neque
1297 2608 1370 2636 enim
1395 2608 1547 2637 Ecclesiam
1583 2610 1658 2637 illam

872 2651 1102 2680 florentissimam
1144 2657 1206 2688 post
1245 2652 1446 2681 Demetrianum
1484 2661 1659 2690 corrumpere

870 2697 938 2725 adeo
951 2697 1097 2732 potuisset,
1117 2702 1148 2726 ut
1161 2699 1254 2734 plures
1274 2699 1388 2728 haberet
1408 2699 1491 2727 etiam
1510 2700 1656 2736 episcopos

916 2763 961 2798 53)
980 2763 1092 2792 Constit.
1116 2773 1158 2798 ap.
1175 2773 1213 2798 ll,
1226 2765 1270 2793 26.

916 2799 1101 2836 §A)A110Inaa.
1127 2801 1219 2836 Arion.
1237 2800 1305 2829 Dial.
1330 2801 1350 2830 l.
1378 2801 1414 2829 De
1428 2801 1501 2828 Trin.
1532 2802 1582 2829 int.
1607 2809 1654 2836 op.

870 2832 898 2861 S.
910 2832 1073 2870 Μαι-λορηῇ
1096 2839 1117 2863 t.
1135 2835 1167 2867 ll',
1184 2843 1210 2870 p.
1224 2835 1287 2863 406.

916 2868 961 2901 55)
981 2868 1003 2894 11
1019 2868 1115 2901 Thess.
1128 2877 1158 2901 II,
1174 2868 1200 2897 ξ.
1417 2885 1432 2899 ’.

904 2871 962 2938 ἓξὲξ
981 2871 1200 2940 ἳρΤΈιῗξέιέῗίἳ·
1216 2904 1249 2932 E.
1267 2911 1314 2937 vn,
1327 2905 1372 2932 50.
