1884 3104
202 166 254 195 831

640 164 668 193 S.
686 162 884 192 CLEMENTIS
899 163 909 191 l
925 161 1007 191 ROM.
1025 161 1125 191 ΡΟΝΤ.
1143 161 1258 191 OPERA
1275 161 1388 190 DUBlA.

1781 161 1829 189 552

200 223 332 260 nequitia
349 227 406 251 suta
423 222 556 256 fautores,
571 222 625 250 nisi
641 222 806 258 quibusdam
821 221 905 249 veluti
921 228 987 256 pra-
1003 224 1026 252 Α
1040 220 1140 248 Christi
1155 220 1204 248 Dei
1217 221 1312 253 nostri.
1333 227 1358 248 et
1369 219 1487 254 Spiritus
1508 219 1606 252 sancti,
1623 219 1653 247 in
1672 226 1758 255 quam
1779 219 1827 246 ial-

200 268 291 304 stigiis
305 275 352 296 eos
366 268 544 304 depravasset
561 277 567 295 :
584 275 617 296 eo
631 275 697 296 sane
711 275 779 296 usus
794 267 921 300 artiﬁcio,
936 274 990 302 quo

203 314 322 342 maxime
336 314 426 342 solent
441 314 616 349 impostores,
631 317 662 341 ut
681 321 696 340 a
709 313 831 341 falsitate
853 313 905 341 sibi
920 320 990 348 pris»

201 360 299 388 sidium
329 359 483 395 acquirant.
507 366 571 387 cum
595 366 612 386 a
636 359 751 387 veritate
785 367 841 386 non
873 358 989 394 possint.

204 405 390 438 Quamobrem
415 411 496 432 nemo
528 411 584 432 non
607 403 683 432 videt
704 411 785 439 quam
819 403 992 439 impudenter

203 451 334 483 Saudius,
350 450 524 483 Whistonus,
540 450 641 485 aliique
652 450 717 477 novi
731 449 826 476 Ariani
843 453 991 484 provocent

200 497 235 524 ad
247 496 457 524 Constitutiones
487 495 677 532 apostolorum,
692 495 726 522 ad
746 496 806 523 loca
824 495 928 523 scilicet
949 495 992 522 in-

200 543 348 578 terpolata,
366 546 396 569 ut
408 549 486 570 suam
501 546 626 570 asseram
643 541 819 577 impietatem.
833 540 902 568 Dum
916 540 990 568 enim

201 589 236 616 ad
250 589 398 623 pessimum
418 593 608 623 corruptorem
625 590 785 622 provocant,
800 594 857 614 non
868 585 991 622 profecto

203 633 334 661 Ecclesiae
361 632 533 667 doctrinam,
559 632 608 660 sed
637 631 753 660 Paulum
783 631 990 660 Samosatenum

201 679 298 707 ducem
326 682 491 714 sequuntur,
519 685 574 713 quo
593 680 708 705 auctore
732 684 783 704 nec
810 676 862 711 ipsi
886 679 992 704 veteres

199 725 297 752 Ariani
311 724 420 760 gloriati
440 728 515 752 sunt.

237 781 283 809 lll.
305 781 338 809 Ρ.
352 781 543 810 Samosatenus
566 789 598 809 etc
622 781 688 816 ipsis
710 780 786 812 locis,
807 786 866 814 qua:
887 779 990 805 intacta

200 828 317 862 reliquit,
340 827 695 862 refellitur.-—Qu:ecunque
710 831 799 853 autem
815 826 842 853 in
855 824 991 853 Constitu-

202 873 318 900 tionibus
331 873 466 901 violentas
481 881 580 901 manus
594 877 751 904 evaserunt,
771 871 909 899 contraria
926 874 990 898 sunt

201 926 318 954 prorsus
333 919 388 946 illis
403 927 464 954 quae
479 919 659 954 interpolator
689 918 816 946 inseruit.
832 917 894 952 Ipso
913 917 991 944 initio

201 965 438 997 Constitutionum,
451 964 553 993 Christi
565 965 706 997 divinitas,
718 968 799 1000 atque
808 964 890 992 etiam
906 962 993 999 Spiri-

201 1015 247 1039 tus
271 1011 359 1038 sancti
384 1011 564 1046 prtedicatur;
594 1009 668 1045 quod
695 1009 804 1037 initium
833 1009 896 1044 quia
925 1008 993 1035 nulli

200 1057 290 1092 magis
323 1057 453 1084 convenit
484 1063 568 1091 quam
601 1055 769 1091 Hippolyto,
798 1055 990 1082 ascribemus:

200 1103 268 1130 Θεοῦ
284 1102 381 1138 φυτεία
394 1103 411 1138 ἡ
426 1101 556 1138 καθολικὴ
571 1101 728 1137 Ἐκκλησία,
742 1101 789 1128 καὶ
803 1098 932 1136 ἀμπελὼν
946 1099 993 1126 αὺ-

199 1148 248 1175 τοῦ
268 1148 397 1179 ἐκλεκτὸς
408 1167 416 1180 ,
431 1148 456 1174 οἱ
471 1147 683 1178 πεπιστευκότες
697 1147 737 1178 είς
750 1146 799 1182 τὴν
814 1145 920 1182 ἀπλανῆ
935 1145 994 1171 θεο-

201 1194 309 1220 σέσειαν
323 1193 405 1221 αὑτοῦ
415 1213 423 1226 ,
447 1194 473 1220 οἱ
493 1193 542 1229 τὴν
557 1192 665 1220 αἰώνιον
688 1192 872 1228 καρπούμενοι
891 1190 935 1217 διὰ
947 1191 993 1217 πί-

201 1248 285 1271 στεως
301 1239 438 1274 βασιλείαν
452 1239 551 1272 αὑτοῦ,
573 1240 598 1266 οι
619 1238 732 1274 δύναμιν
752 1237 834 1265 αὐτοῦ
855 1237 995 1273 εἰληφότες

200 1286 248 1312 καὶ
264 1285 408 1320 μετουσίαν
421 1285 468 1312 τοῦ
484 1285 562 1320 ἁγίου
577 1284 736 1320 Πνεύματος
749 1304 756 1317 ,
771 1283 937 1319 ὠπλισμένοι
951 1283 995 1309 διὰ

207 1331 295 1367 Ἰησοῦ
305 1351 312 1363 ,
328 1332 375 1358 καὶ
389 1331 607 1367 ὲνπερνισμένοι
627 1330 673 1357 τὸν
689 1329 769 1365 φόϐον
788 1329 870 1356 αὑτοῦ
881 1349 888 1362 ,
906 1328 996 1365 ῥαντίο

201 1386 306 1413 σματος
326 1378 434 1413 μέτοχοι
455 1377 503 1404 τοῦ
526 1376 618 1413 τιμίου
638 1376 685 1403 καὶ
703 1375 792 1402 at)de
811 1375 926 1410 αἵματος
947 1374 994 1400 τοῦ

200 1423 319 1460 Χριστοῦ
329 1444 337 1456 ,
354 1424 379 1450 οἱ
395 1423 552 1460 παρρησίαν
570 1422 710 1459 εἰληφότες
728 1422 772 1448 τὸν
788 1420 995 1456 παντοκράτορα

200 1469 278 1501 Θεὸν,
294 1470 405 1504 Παεέρσ.
417 1469 523 1501 καλεῖν,
539 1468 754 1504 συγκληρονόμοι
768 1468 816 1494 καὶ
830 1466 995 1502 συμμέτοχοι

199 1515 249 1542 τοῦ
263 1515 543 1551 ἡγαπημένουῐίαιδὸς
553 1515 635 1542 αὑτοῦ
645 1514 711 1551 (57)-
722 1513 856 1541 ἀκούσατε
870 1512 996 1540 διδασκα-

200 1560 261 1588 λίαν
277 1561 363 1597 ἱερὰν,
379 1562 403 1588 οί
419 1562 591 1597 ἀντεχόμενοι
605 1561 654 1596 τῆς
669 1559 833 1595 ἐπαγγελίας
855 1559 938 1586 αὑτοῦ
962 1560 995 1586 ὲκ
1008 1568 1030 1599 c

202 1607 413 1643 προστάγματος
436 1606 483 1633 τοῦ
503 1606 643 1642 Σωτῆρος,
665 1606 822 1641 ὀμόστοιχον
843 1607 904 1637 ταῖς
924 1604 995 1632 ἐνδό-

204 1653 260 1686 ξοις
269 1652 401 1688 φθογγατς
411 1652 504 1679 αὐτοῦ.
513 1652 684 1679 Φυλάσσεσῡε
699 1652 724 1679 οἱ
738 1651 806 1679 Θεοῦ
821 1651 875 1678 υἱοὶ
888 1651 994 1678 ἅπαντα

203 1700 242 1731 είς
259 1699 382 1735 ὑπακοὴν
396 1698 463 1726 Θεοῦ
479 1699 621 1735 πράσσειν.
637 1699 692 1725 Καὶ
705 1697 816 1733 γένεσθε
835 1697 946 1733 ἀρεστοὶ
965 1696 994 1724 ὲν

202 1745 271 1771 πᾶσι
284 1744 393 1781 Χριστῷ
407 1745 446 1781 τῷ
460 1744 520 1781 Θεῷ
534 1744 621 1780 ἡμῶν.
639 1743 759 1772 Ecclesia
774 1743 905 1771 catholica
917 1742 994 1778 plan-

204 1791 272 1817 tatio
281 1791 341 1822 Dei,
361 1798 393 1817 ac
408 1791 483 1818 vinea
501 1790 558 1825 ejus
579 1790 661 1817 electa
681 1795 754 1822 sunt,
771 1789 815 1824 qui
831 1789 858 1815 in
875 1787 993 1815 certissi-

207 1846 280 1865 mam
291 1837 339 1864 Dei
354 1837 505 1872 religionem
522 1835 664 1868 credidere,
679 1836 725 1871 qui
738 1835 922 1869 sempiternum
936 1834 993 1868 ejus

202 1891 310 1920 regnum
322 1891 367 1918 per
378 1882 456 1918 fidem
476 1886 674 1916 compararunt,
693 1881 739 1916 qui
757 1880 814 1916 ejus
831 1880 953 1907 virtutem
968 1883 994 1906 et

205 1930 325 1965 Spiritus
338 1928 423 1956 sancti
433 1927 660 1963 participationem
670 1930 834 1961 acceperunt,
846 1933 892 1960 per
902 1924 921 1951 J
921 1933 994 1952 esum

203 1975 314 2006 armati,
326 1981 357 2000 ac
368 1974 490 1999 timorem
499 1972 556 2007 ejus
573 1975 626 1998 toto
640 1976 742 2006 pectore
756 1970 869 2005 amplexi
876 1978 887 2002 ι
903 1977 994 2004 asper-

205 2021 306 2048 sionem
321 2018 430 2054 pretiosi
446 2022 470 2044 et
485 2017 630 2044 innocentis
652 2017 790 2051 sanguinis
807 2015 906 2044 Christi
921 2023 994 2042 com-

203 2066 379 2096 municantes,
390 2064 435 2099 qui
450 2063 577 2098 fiduciam
594 2066 758 2096 acceperunt,
774 2067 804 2088 ut
819 2062 923 2089 nomine
938 2061 993 2088 Pa-

205 2115 255 2139 tris
276 2111 358 2138 Deum
383 2110 583 2143 omnipotentem
606 2107 785 2143 appellarent,
806 2106 952 2134 coltwredes
966 2112 992 2134 et

205 2162 339 2186 consortes
354 2156 445 2184 dilecti
457 2155 524 2183 Filii
541 2156 598 2190 ejus
612 2163 622 2184 ε
635 2154 724 2181 audite
746 2154 792 2188 qui
811 2161 844 2180 es:
865 2157 992 2188 praecepto

205 2203 354 2232 Saluatoris
376 2202 578 2237 promissionem
600 2201 658 2235 ejus
677 2200 804 2232 retinetis,
820 2206 926 2226 sacram
943 2198 992 2225 do-

1041 267 1132 294 sarius
1145 274 1200 294 non
1215 266 1327 300 invasit,
1347 274 1381 294 ne
1402 266 1494 294 statim
1512 266 1591 293 initio
1610 265 1829 301 deprehendere-

1042 318 1096 340 tur.
1111 311 1234 341 Ecclesia
1249 320 1314 340 vero
1328 312 1430 339 dicitur
1449 311 1579 347 ἀμπελὼν
1603 311 1734 343 ἐκλεκτός
1758 312 1830 339 vinea

1041 361 1125 386 electa
1139 358 1187 386 Dei
1205 366 1239 386 ex
1254 357 1324 386 lsaia
1339 358 1419 393 juxta
1432 357 1588 394 Symmachi
1607 358 1778 386 versionem.

1076 403 1121 432 ιν.
1141 404 1297 440 Symmachi
1312 404 1395 431 oersio
1409 403 1442 430 ab
1457 403 1601 440 Hippolyto
1614 403 1737 430 adhibita
1763 403 1830 431 Con-

1039 451 1206 478 stitutionum
1226 451 1312 478 initio.
1332 449 1590 484 ’Λπονηστίζεσθαι
1606 458 1658 486 quo
1670 459 1752 478 sensu
1761 451 1830 477 acci-

1039 498 1140 532 piatur.
1166 512 1191 518 -
1200 496 1308 532 Reliqui
1318 497 1390 524 enim
1403 497 1576 532 interpretes,
1588 501 1644 524 tam
1652 496 1830 532 Septuaginta

1039 551 1121 580 quam
1127 543 1224 580 Aquila
1232 551 1264 572 ac
1270 543 1431 577 Theodotio,
1440 543 1582 571 Hebraeum
1589 548 1657 580 βπ
1664 543 1767 571 litteris
1775 548 1833 570 tan-

1040 592 1098 616 tum
1110 588 1212 617 Graecis
1226 591 1422 624 expresserunt
1436 588 1544 624 Σωρήκ.
1560 586 1639 615 Solus
1654 587 1831 623 Symmachus

1040 635 1155 662 electam
1187 635 1373 669 interpretatus
1405 639 1460 666 est,
1489 634 1529 661 ait
1554 633 1742 669 Hieronymus
1764 633 1830 668 (58).

1040 679 1174 713 Quoniam
1198 687 1264 707 vero
1286 684 1349 708 ante
1370 679 1545 715 Hippolytum
1566 686 1648 707 nemo
1669 678 1831 715 Symmachi

1040 726 1206 753 mentionem
1230 725 1304 758 fecit,
1325 733 1406 754 nemo
1431 725 1614 760 scriptorum,
1636 725 1685 760 qui
1710 729 1832 757 exstant,

1040 771 1127 806 ipsius
1150 771 1376 806 interpretatione
1390 775 1433 799 est
1450 779 1535 804 usus,
1552 778 1642 806 neque
1656 771 1751 805 potuit
1771 775 1832 798 ante

1040 816 1227 853 Hippolytum,
1241 817 1351 852 quando
1364 817 1447 851 hujus
1461 824 1519 845 aevo
1531 815 1717 853 Symmachus
1730 817 1830 849 ﬂoruit;

1040 861 1075 888 ad
1089 865 1202 889 caeteras
1222 861 1470 890 demonstrationes
1485 861 1543 889 haec
1558 862 1642 889 etiam
1664 862 1785 894 accedit,
1803 865 1831 888 ut

1041 906 1185 943 Hippolyto
1216 907 1385 935 vindicamus
1416 907 1625 935 Constitution“
1656 908 1830 942 apostolicos.

1041 951 1177 980 Praeterea
1200 956 1258 980 toto
1282 953 1384 981 sarculo
1408 961 1456 985 tu,
1481 953 1598 989 Origene
1623 961 1680 981 uno
1705 957 1829 987 excepto,

1042 998 1147 1026 nullum
1166 999 1302 1031 novimus,
1317 999 1363 1034 qui
1377 998 1535 1034 Symmachi
1553 1000 1712 1027 versionem
1730 1000 1831 1035 produ-

1041 1043 1125 1077 xerit;
1140 1051 1201 1078 quae
1215 1044 1415 1073 animadversio
1429 1045 1463 1073 ad
1478 1045 1698 1081 investigandum
1726 1050 1830 1081 tempus

1041 1097 1097 1124 quo
1120 1090 1200 1118 editae
1223 1090 1334 1118 fuerunt
1346 1090 1552 1119 Constitutiones
1566 1092 1639 1119 haud
1661 1092 1777 1120 levioris
1792 1096 1831 1120 est

1042 1136 1183 1171 ponderis.
1197 1136 1357 1173 Hippolytus
1371 1141 1461 1165 autent
1483 1139 1740 1174 interpretationem
1752 1138 1831 1174 Sym-

1043 1181 1133 1209 machi
1158 1181 1231 1209 haud
1252 1182 1337 1210 semel
1358 1182 1462 1217 profert
1485 1183 1513 1210 in
1535 1184 1631 1219 paucis
1651 1191 1714 1219 qua:
1739 1192 1832 1219 super-

1043 1231 1108 1254 sunt
1124 1227 1191 1263 (59).
1216 1227 1353 1264 Hippolyti
1371 1232 1414 1257 est
1434 1230 1517 1257 etiam
1532 1230 1563 1257 τὸ
1586 1230 1830 1266 ἀπονηστίζεσθαι,

1039 1274 1171 1309 jejunium
1186 1274 1294 1306 solvere,
1308 1275 1535 1309 quemadmodum
1554 1275 1581 1302 in
1596 1275 1662 1303 sede
1676 1283 1831 1303 marmorea

1044 1319 1131 1354 ipsius
1156 1319 1294 1355 Hippolyti
1321 1320 1418 1355 legitur
1445 1320 1675 1356 ἀπονηστίζεσθαι
1696 1322 1727 1348 δὲ
1740 1322 1780 1348 δεῖ
1802 1317 1832 1347 οὗ

1045 1364 1078 1392 ἂν
1093 1364 1201 1401 ἐμπέσῃ
1215 1365 1348 1401 Κυριακή.
1364 1365 1469 1392 Solvere
1484 1371 1571 1393 autem
1586 1371 1689 1401 oportet
1699 1366 1832 1401 jejunium

1044 1410 1090 1437 ubi
1104 1410 1241 1438 Dominica
1258 1411 1390 1438 inciderit.
1409 1412 1509 1440 Eadem
1536 1412 1738 1448 signiﬁcatione
1763 1414 1832 1441 idem

1044 1456 1158 1483 verbum
1183 1456 1285 1491 sapius
1309 1458 1430 1484 occurrit
1454 1458 1481 1484 in
1505 1457 1748 1486 Constitutionibus
1764 1459 1832 1494 (60).

1046 1502 1170 1536 quamvis
1182 1501 1316 1530 llervetus
1328 1503 1466 1531 contrario
1482 1511 1564 1531 sensu
1575 1505 1690 1532 verterit
1695 1505 1832 1539 jejuna",

1046 1547 1274 1582 quemadmodum
1298 1552 1326 1576 et
1351 1548 1386 1576 cl.
1399 1554 1506 1582 auctor,
1531 1550 1578 1585 qui
1603 1550 1769 1585 hospitalem
1792 1555 1834 1578 ta-

1046 1593 1136 1621 bulam
1161 1593 1336 1622 Cluniensem
1352 1596 1497 1623 illustravit
1518 1596 1584 1632 (6i).
1615 1595 1719 1631 Ioseph
1742 1602 1833 1625 autem

1046 1638 1166 1674 Scaliger
1180 1640 1287 1668 diverse
1299 1640 1326 1668 in
1339 1641 1576 1669 Constitutionibus
1589 1642 1783 1677 accipiendum
1793 1643 1835 1670 di-

1045 1685 1095 1716 xit,
1102 1690 1183 1719 atque
1196 1685 1223 1712 in
1231 1685 1366 1721 Hippolyti
1381 1686 1445 1714 sede
1459 1687 1673 1721 interpretanda,
1688 1695 1833 1722 perperam

1041 1730 1172 1765 jejunium
1181 1730 1325 1764 transferre
1340 1731 1433 1764 vertit,
1442 1738 1522 1766 quem
1533 1732 1580 1758 alii
1591 1732 1679 1759 secuti
1692 1733 1832 1768 sunt(62).

1043 1775 1113 1803 Ante
1128 1775 1300 1812 Hippolytum
1323 1784 1404 1803 nemo
1419 1777 1445 1804 id
1460 1777 1573 1804 verbum
1588 1779 1744 1813 usurpavit,
1759 1779 1834 1806 ideo-

1043 1826 1097 1853 que
1114 1826 1129 1845 a
1146 1819 1345 1855 lexicographis
1359 1820 1515 1859 ignoratur
1539 1830 1546 1848 :
1568 1826 1630 1856 post
1654 1821 1834 1859 Hippolytum

1043 1863 1188 1900 Dionysius
1218 1865 1419 1894 Alexandrinus
1448 1867 1582 1899 adhibuit,
1609 1869 1657 1895 sed
1686 1869 1725 1895 ita
1748 1875 1779 1896 ut
1802 1870 1835 1896 ab

1043 1910 1188 1946 Hippolyto
1212 1912 1353 1946 accepisse
1372 1913 1569 1948 propemodum
1596 1914 1751 1948 signiﬁcet;
1770 1923 1833 1942 nam

1043 1956 1126 1984 relert
1143 1955 1271 1985 Ecclesiae
1286 1957 1416 1986 Romanis
1439 1959 1466 1986 in
1487 1959 1618 1987 solvendo
1635 1959 1748 1995 jejunio
1767 1968 1835 1988 con-

1044 2002 1217 2031 suetudinem
1229 2003 1285 2039 (63)
1309 2011 1369 2038 quas
1391 2004 1419 2031 in
1434 2003 1674 2032 Constitutiasibus
1690 2008 1778 2033 etiam
1793 2014 1834 2034 re-

1043 2050 1139 2084 currit,
1154 2054 1185 2076 ut
1195 2057 1243 2078 eas
1254 2049 1347 2078 Roma
1361 2050 1504 2079 conﬁrmet
1519 2051 1604 2080 fuisse
1616 2054 1799 2088 compositas.

1079 2105 1112 2134 V.
1134 2105 1271 2142 Hippolyti
1284 2107 1406 2134 doctrina
1420 2111 1445 2134 et
1457 2107 1589 2143 ingenium
1611 2109 1638 2135 in
1653 2108 1833 2138 Constitutio-

1043 2152 1120 2178 m'bus
1136 2152 1222 2179 adhuc
1231 2152 1438 2180 elucent.—Non
1454 2153 1536 2181 verba
1554 2153 1646 2187 modo,
1664 2155 1713 2183 sed
1735 2161 1763 2184 et
1782 2157 1832 2184 alia

1044 2197 1183 2234 Hippolyti
1206 2198 1422 2226 animadvertere
1447 2199 1511 2226 licet
1535 2200 1563 2226 in
1579 2199 1831 2233 Constitutionilnts.

206 2251 334 2283 ctrinam,
356 2249 478 2285 gloriosis
495 2248 552 2283 ejus
565 2247 668 2274 vocibus
684 2254 836 2273 consonam.
851 2244 992 2275 Attendite.
1009 2242 1034 2270 D
1047 2244 1130 2271 veluti
1167 2251 1229 2271 cum
1257 2245 1374 2280 appellat
1405 2243 1498 2273 Jesum
1529 2245 1670 2274 Christum
1698 2248 1832 2284 ἀρχιερέα

206 2295 260 2331 filii
272 2295 331 2327 Dei,
350 2299 379 2321 ut
395 2294 485 2321 omnia
509 2293 536 2319 in
555 2290 702 2318 obedientia
717 2289 766 2316 Dei
787 2289 912 2324 faciatis;
932 2288 995 2314 etin

207 2341 328 2369 omnibus
339 2344 420 2368 estote
435 2339 540 2366 Christo
555 2337 610 2364 Deo
625 2341 714 2363 nostro
733 2335 840 2369 accepti.
854 2333 994 2361 Sinceram

206 2387 253 2415 hic
265 2387 399 2414 habemus
415 2385 616 2413 confessionem
627 2382 676 2410 Dei
687 2382 780 2409 Patris
799 2380 993 2415 omnipotentis,

243 2529 387 2570 (5'1)_Hinc
400 2530 487 2570 sumit
502 2530 609 2557 initium
630 2528 814 2570 interpolatio.
831 2528 994 2570 quaeinepte

207 2564 346 2601 apestolos
362 2566 466 2592 inducit
480 2566 635 2607 loqueptes;
652 2568 679 2590 at
698 2564 776 2607 facile
797 2564 904 2607 restitui
926 2572 994 2607 pos-

207 2599 272 2629 sunt
293 2608 354 2636 quae
375 2605 527 2635 sequuntur
547 2600 570 2628 si
587 2600 723 2640 legamus:
740 2599 903 2631 anatis-avre;
924 2599 994 2639 ansa:

208 2635 323 2674 ᾳκαλίαν
345 2635 418 2674 ἱερὰν
434 2636 460 2662 οί
474 2635 645 2674 ἀηεχρμενοι
661 2634 890 2674 τηςιὲτεαγγελίας
911 2635 993 2674 ausos

207 2672 251 2707 sic
257 2669 468 2707 προστᾴγματος
482 2670 530 2707 τοῦ
539 2669 672 2707 gms-i199:
682 2689 689 2700 ,
706 2669 871 2707 optimotxov‘
878 2671 937 2707 ταῖς
950 2669 994 2707 ev-

207 2704 293 2738 δόξοιξ
321 2704 454 2741 φθογγαῐς
477 2704 571 2741 αὑτοῦ.
590 2704 772 2741 φυλάσσοντες
795 2705 832 2741 ὡς
853 2704 921 2741 eam";
942 2705 995 2731 υἱοὶ

208 2741 315 2768 ἃπαντα
329 2739 378 2772 ἐἰς
401 2740 523 2775 ὑπακοὴν
542 2739 611 2776 @5ng
630 2740 772 2776 Δζτρᾴετετειν,
789 2740 835 2776 xa‘t
857 2739 994 2776 γενόμενοι

208 2776 318 2816 (ipsum.
333 2776 362 2816 ξν
376 2776 442 2816 mist
457 2774 566 2811 Χρίστῷ
578 2774 618 2810 τῷ
630 2774 688 2816 Θεῷ
698 2775 788 2816 ἡμῶν.
811 2774 853 2816 lia:
866 2774 993 2815 precepto

209 2810 357 2837 Saluatoris
376 2810 510 2838 audientes
526 2819 629 2838 sacram
644 2810 790 2837 doctrinam
803 2810 925 2845 gloriosis
936 2810 994 2844 ejus

210 2845 315 2881 uocibus
330 2853 482 2881 consonam,
493 2847 640 2881 quicunque
652 2846 734 2881 ipsius
746 2845 935 2881 promissionis,
945 2845 995 2871 ad-

212 2880 320 2909 hamnt.
347 2880 511 2909 obseruantes
528 2886 652 2918 tanquam
664 2880 711 2909 Dei
725 2881 790 2915 lilii,
807 2886 838 2908 ut
865 2880 993 2908 omniain

1044 2288 1152 2315 πάντων
1165 2289 1219 2315 τῶν
1231 2289 1346 2323 λογικῶν
1360 2290 1518 2325 ταγμάτων,
1529 2290 1684 2326 Ponti/item
1695 2295 1832 2321 universo-

1044 2343 1103 2361 rum
1124 2335 1296 2362 rationalium
1318 2335 1450 2368 ordinum,
1472 2344 1554 2371 quam
1576 2339 1744 2366 sententiam
1766 2339 1831 2375 Hip-

1045 2381 1129 2416 polyti
1153 2385 1249 2409 contra
1275 2381 1399 2410 haeresim
1423 2381 1537 2410 Beronis
1566 2385 1728 2418 repetitam,
1761 2385 1831 2412 haud

1044 2526 1216 2567 oltedientiam
1231 2527 1278 2567 Dei
1301 2527 1412 2562 faciant,
1436 2534 1515 2565 utque
1536 2538 1565 2556 tn
1585 2530 1706 2558 omnibus
1733 2535 1830 2567 accepti

1043 2563 1097 2590 sint
1111 2563 1217 2590 Christo
1229 2563 1281 2590 Deo
1296 2569 1397 2592 nostro.

1080 2598 1135 2632 (58)
1155 2597 1183 2625 S.
1197 2597 1307 2626 Hieron.
1325 2598 1427 2627 Comm.
1453 2600 1482 2627 in
1502 2599 1604 2631 lsa.'v.
1619 2600 1654 2634 2;
1668 2601 1790 2632 Coteler.
1805 2605 1828 2630 in

1044 2632 1244 2673 Constit.~ap:_t_,
1260 2638 1318 2673 no_t.
1332 2634 1366 2673 :2;
1378 2634 1544 2673 ‘lliontl‘aticq
1562 2632 1679 2673 Hegopl.
1696 2645 1731 2673 il,
1747 2646 1774 2673 p.
1787 2639 1826 2666 96.

1080 2668 1136 2707 ($9)
1157 2668 1187 2696 S.
1203 2668 1311 2704 Hippol.
1332 2670 1360 2696 in
1373 2669 1546 2707 (ξενικὴ-09ἒ
1562 2674 1584 2698 t.
1599 2668 1676 2707 ll.'p.
1691 2668 1788 2706 ἰδίει
1805 2682 1828 2699 ιιι

1043 2705 1139 2742 ρεᾳίτῃ.
1153 2711 1256 2742 asxvu.
1267 2712 1300 2732 ex
1316 2712 1384 2742 mss.
1398 2705 1460 2733 cod.
1476 2705 1508 2734 Β.
1521 2705 1611 2742 M.ap.
1622 2705 1740 2735 Bandin.
1756 2707 1825 2740 L56.

1089 2739 1136 2774 60)
1154 2739 1267 2774 Constit.
1283 2747 1311 2772 v,
1325 2739 1369 2767 l5.

1089 2774 1136 2812 (ii)
1155 2773 1308 2812 Dichiaraa.
1320 2774 1356 2812 Di
1367 2783 1421 2802 una
1436 2779 1487 2812 tas.
1499 2777 1592 2812 ospit.,
1605 2785 1632 2812 p.
1642 2777 1686 2806 ιο.

1044 2808 1569 2872 πᾯῖωὲἁνξίθὲζὲμὲἕὲἔηστήσασθαι
1586 2808 1647 2840 εἱσι.
1657 2814 1762 2842 Albert.
1772 2821 1823 2842 nou

1080 2879 1137 2915 (63)
1155 2879 1235 2908 Dion.
1252 2879 1340 2915 Alex.,
1358 2879 1407 2916 Ep.
1424 2880 1458 2909 ad
1471 2881 1604 2917 Basilid.,
1617 2883 1634 2911 l.
