1884 3104
63 188 106 215 533

444 183 742 214 CONSTITUTIONES
758 182 994 211 APOSTOLICIE-
1006 199 1038 204 —
1052 182 1223 211 ΡΙὶΟαΞΜΙΛ

1607 182 1657 209 Ξιῒιι

64 245 161 273 omnino
184 244 280 279 probat
299 242 427 272 Petavius
448 242 624 280 (64);]urene
648 249 683 268 an
705 240 825 275 injuria,
839 243 863 271 Α
877 239 1163 273 collectt.-Quoniam
1180 247 1246 267 vero
1254 242 1418 274 postremum
1435 237 1657 266 Constitutionum

65 299 107 320 suo
127 291 183 318 looo
206 290 405 325 inspiciendum
428 289 491 317 erit.
519 289 590 321 Quin
616 289 697 316 etiam
717 286 826 322 liturgia

65 344 134 372 quam
157 335 286 363 exhibent
311 333 661 366 Constitutiones,Romana
685 336 738 364 est,
766 339 827 367 quae

66 383 141 411 adhuc
163 382 190 410 in
209 381 352 417 pervigilio
369 380 513 408 Paschalis
535 379 669 414 Praecipua
688 378 731 406 sui
751 381 827 412 parte

66 434 181 458 senatur.
197 428 266 456 Nam
288 432 316 456 et
335 427 460 455 Justinus
482 427 583 462 Martyr
604 425 726 454 eamdem
749 425 826 452 litur-

65 477 124 512 giam
137 475 269 510 designat.
284 481 317 501 ac
328 473 420 501 Romae
444 473 567 501 scribens
588 479 641 499 non
656 471 735 498 aliam
756 470 827 498 indi-

65 524 148 549 casset.
169 520 300 553 Quamvis
326 522 416 547 autem
434 519 462 546 in
477 526 510 546 eo
525 517 696 546 consentiant
715 515 825 548 eruditi,

64 566 122 603 quod
138 565 234 593 lustini
258 570 285 593 et
307 565 529 592 Constitutionum
550 571 604 591 una
625 563 661 591 sit
678 562 828 596 eademque

65 611 163 646 liturgia,
188 610 367 638 nihilominus
387 610 538 637 Romanam
557 608 641 636 fuisse
659 611 770 643 negant,
787 610 828 633 at-

64 657 149 693 queab
166 655 275 684 Oriente
297 659 433 691 repetunt.
459 654 537 687 Quod
562 661 675 681 necesse
699 660 752 679 non
773 656 826 684 est,

64 710 114 730 cum
136 702 162 729 in
176 701 324 730 Occidente
348 701 440 736 potius
461 701 488 727 in
510 707 562 728 usu
584 698 682 730 fixerit,
707 698 828 732 adeoque

63 747 135 775 Graeci
146 754 201 774 eam
215 747 378 782 plerumque
390 745 541 774 omiserunt
560 745 587 772 in
601 744 659 772 suis
675 743 826 771 codicibus.

62 793 156 820 Accedit
180 792 208 820 S.
218 792 309 820 Procli
324 791 619 826 Constantinopolitaui
642 789 828 817 testimonium

63 839 162 874 insigne,
176 838 220 874 qui
236 838 361 866 omnium
375 838 490 873 primam
505 844 564 865 eam
579 836 716 871 liturgiam
734 842 829 863 recen-

62 889 111 912 set:
123 885 152 911 '0
165 893 193 911 τε
214 884 351 920 μακάριος
370 883 485 919 Κλήμης
495 902 503 913 ,
525 883 540 909 ὁ
553 881 600 908 τοῦ
613 881 762 916 κορυφαίου
775 880 829 907 τῶν

61 931 196 957 ἀποστόλων
216 930 343 966 μαθητὴς
360 929 408 956 κα)¹
434 929 565 963 διάδοχος,
581 927 655 963 αὐτῷ
673 927 727 954 τῶν
748 926 828 962 ιερῶν

61 976 196 1003 ἀποστόλων
219 974 470 1011 ὕπαγορευσάντων
485 981 493 1000 :
516 973 613 1001 Beatus
630 973 755 1000 nimirum
769 971 829 999 Cle-

62 1029 120 1048 mens
133 1022 224 1048 summi
244 1021 320 1048 illius
338 1020 517 1055 apostolorum
538 1019 663 1054 principis
683 1018 828 1053 discipulus

60 1072 81 1094 et
92 1075 223 1100 successor,
235 1068 282 1103 qui
296 1067 380 1093 sacris
394 1066 521 1100 apostolis
541 1066 564 1093 ei
578 1065 738 1092 distantibus
754 1065 829 1092 illam

61 1113 129 1139 didit
141 1111 204 1149 (65).
226 1113 287 1141 Hoc
299 1112 459 1141 testimonio
473 1119 536 1139 cum
550 1115 710 1147 premantur
724 1110 771 1146 qui
786 1111 829 1138 ni-

63 1159 131 1186 mium
145 1167 173 1187 se
187 1159 284 1187 faciles
302 1159 336 1187 ad
347 1158 508 1194 ejurandam
531 1157 674 1186 veritatem
698 1157 828 1192 praebent,

62 1209 147 1239 negant
176 1204 203 1233 S.
215 1204 309 1233 Procli
334 1212 412 1238 esse;
438 1204 540 1238 quique
563 1203 631 1230 adeo
658 1203 765 1230 ratione
788 1202 828 1230 uti

63 1249 179 1283 nolentes,
195 1250 353 1278 dimittendi
369 1252 443 1277 sunt.
468 1245 602 1281 Quoniam
620 1254 686 1275 vero
705 1247 829 1275 animad-

63 1297 186 1329 vertimus,
202 1296 382 1332 Hippolytum
405 1294 623 1331 παρονομασιαις
645 1294 687 1322 vel
708 1294 829 1322 annomi-

62 1343 369 1370 nationibusdeiectatum
383 1348 455 1372 esse,
468 1339 624 1375 hujusmodi
643 1339 781 1375 ingenium
800 1339 829 1366 in

63 1388 281 1416 Constitutionibus
303 1394 412 1422 quoque
434 1393 464 1413 se
484 1385 586 1420 prodit,
601 1385 647 1413 ubi
662 1391 828 1420 paganorum

62 1433 213 1461 sacriﬁculos
228 1440 286 1460 non
302 1431 461 1462 sacerdotes,
475 1430 576 1466 ιερέας,
592 1430 708 1465 appellat
721 1433 827 1462 auctor,

62 1479 100 1506 sed
114 1479 235 1514 μηιερέας
247 1477 387 1512 profanos,
403 1475 601 1511 immundosque
619 1475 676 1510 (66)
698 1473 829 1510 quemad-

62 1522 155 1550 modum
172 1527 198 1550 et
214 1522 349 1558 Sibyllam
365 1521 497 1548 ’Δϐυλλαν
512 1520 580 1548 dixit
594 1520 671 1555 quasi
699 1519 827 1555 ἀϐούλην,

62 1569 217 1596 inconsultam
234 1576 268 1596 ac
280 1568 435 1595 dementem.
451 1565 505 1594 Sed
519 1570 546 1594 et
557 1565 692 1601 Hippolyti
704 1565 828 1592 doctrina
841 1575 864 1606 ο

62 1615 140 1644 eadem
155 1615 203 1643 fuit
224 1616 251 1643 in
265 1613 505 1643 Constitutionibus
521 1612 638 1648 aliisque
659 1612 718 1640 suis
737 1612 828 1646 operi-

62 1660 112 1693 bus,
125 1662 248 1689 nimirum
265 1660 401 1688 catholica
415 1668 422 1685 :
440 1658 609 1694 Epiphanius
623 1661 697 1686 certe
711 1657 744 1685 de
759 1657 828 1685 Con-

61 1707 210 1734 uitutionum
223 1707 321 1735 codice
331 1706 413 1734 verba
435 1704 548 1736 faciens,
560 1704 588 1731 in
599 1711 679 1739 quem
692 1710 746 1730 non
761 1703 829 1730 adeo

62 1753 218 1788 depravatum
236 1751 384 1784 inciderat,
398 1751 451 1778 hoc
465 1750 599 1785 judicium
610 1749 737 1784 protulit:
750 1749 828 1776 Πᾶσα

62 1798 106 1834 γὰρ
117 1799 144 1825 ὲν
156 1799 227 1834 αὐτῷ
241 1797 372 1834 κανονικὴ
386 1797 461 1829 τάξις
475 1796 633 1831 ἐμφέρεται,
648 1795 695 1822 καὶ
708 1794 767 1821 οὐδὲ
780 1794 829 1829 τῆς

61 1844 272 1880 ὲκκλησιαστικῆς
304 1843 477 1878 διοικήσεως,
494 1842 549 1874 ,καὶ
572 1840 682 1872 κανόνος
709 1840 756 1867 καὶ
784 1839 830 1866 πίε

62 1897 141 1922 πως.
156 1890 246 1918 Omnis
258 1890 352 1926 quippe
365 1888 507 1916 canonicus
521 1887 586 1915 ordo
601 1887 629 1914 in
642 1887 698 1921 ipso
713 1887 829 1914 contine-

62 1938 105 1967 tur,
120 1940 142 1962 et
157 1934 221 1962 nihil
235 1943 252 1962 α
266 1933 319 1969 fide
336 1933 467 1964 alienum,
493 1931 730 1966 adulteratumque,
749 1937 829 1965 neque

61 1987 74 2005 α
84 1980 242 2014 confessione,
257 1987 338 2014 neque
353 1978 385 2005 ab
398 1976 576 2005 ecclesiastica
588 1975 828 2006 administratione,

61 2030 80 2051 et
91 2034 188 2059 canone,
209 2033 240 2052 ac
259 2024 322 2059 ﬁde.
341 2023 413 2056 Quin
437 2022 519 2050 etiam
535 2021 649 2048 ulterius
668 2026 830 2055 progressus

61 2075 104 2103 est,
117 2071 278 2106 easdemque
291 2068 501 2097 Constitutiones
520 2066 590 2093 θεῖον
604 2065 692 2100 λόγον,
712 2064 829 2091 divinum

61 2124 188 2144 sermonem
199 2114 347 2152 appellavit
357 2113 425 2150 (67).
437 2112 508 2146 Quid
519 2111 544 2139 si
557 2110 585 2138 S.
595 2110 762 2146 Epiphanius
774 2109 829 2146 (68)

62 2162 230 2198 incorruptam
244 2161 362 2189 vidisset
386 2167 418 2187 ac
441 2159 576 2187 sinceram
587 2156 724 2192 Hippolyti
749 2155 831 2183 colle-

62 2208 181 2236 ctionem?
197 2207 275 2234 Hanc
297 2206 371 2234 enim
396 2207 527 2240 perpetuo
549 2202 669 2235 διάταξιν
683 2202 726 2229 vel
739 2201 830 2228 διατά-

877 287 987 318 Iibrum,
1010 287 1056 321 qui
1082 290 1196 313 octavus
1210 289 1262 317 est,
1291 285 1450 312 nominatim
1476 285 1503 311 in
1518 284 1660 312 codicibus

877 332 1019 367 Hippolyto
1031 332 1164 359 tributum
1176 331 1295 359 Canones
1307 331 1485 366 apostolorum
1497 335 1659 365 sequuntur,

875 377 910 405 de
933 377 1002 412 ipsis
1027 377 1129 412 aliquid
1149 381 1191 404 est
1212 376 1421 411 subjiciendum.
1444 375 1519 403 Hanc
1534 375 1660 410 equidem

876 422 1063 450 collectionem
1076 425 1260 457 pervetuslam
1280 429 1341 449 esse
1356 425 1419 449 ante
1435 421 1544 448 concilii
1558 421 1660 448 Νίσιωηί

876 471 1016 502 tempora,
1042 476 1104 495 cum
1126 468 1272 503 rigidiores
1299 468 1389 495 critici
1413 468 1559 500 fateantur,
1592 468 1660 494 nihil

876 520 942 540 sane
968 513 996 540 in
1019 513 1113 541 eadem
1136 513 1256 541 occurrit
1279 513 1350 548 quod
1367 513 1502 549 Hippolyti
1527 521 1585 541 aevo
1606 521 1660 541 non

876 559 1021 586 conveniat
1037 568 1044 586 :
1060 559 1147 594 ipsius
1161 559 1284 594 quinimo
1314 560 1452 594 ingenium
1465 559 1556 594 prodit
1571 568 1661 588 canon

877 603 910 631 de
920 603 1065 636 Paschate,
1082 612 1116 632 ne
1131 605 1285 633 celebretur
1306 606 1359 641 πρὸ
1372 606 1420 641 τῆς
1435 606 1546 641 ἐαρινῆς
1567 607 1662 642 ἰσημε-

878 649 939 684 ρίας
954 649 1023 685 μετὰ
1040 650 1184 681 Ἰουδαίων,
1204 654 1264 677 ante
1281 659 1387 678 vernum
1398 651 1582 685 wqut'noctium
1602 659 1662 678 cum

877 693 997 726 luditis;
1011 695 1058 730 qui
1073 696 1167 730 utique
1180 695 1294 724 debetur
1309 697 1421 732 synodis
1437 697 1488 724 hac
1501 697 1535 724 de
1550 705 1579 724 re
1594 704 1660 724 coa-

878 739 929 767 ctis
950 740 1077 774 pontiﬁce
1100 739 1230 771 Victore.
1258 740 1330 768 unde
1355 745 1545 776 argumentum
1567 741 1663 770 habuit

878 782 1041 820 Hippolytus
1064 785 1209 820 evulgandi
1232 785 1330 812 librum
1344 785 1382 812 De
1394 785 1535 819 Paschate,
1559 794 1591 814 ac
1614 787 1662 814 de-

878 829 941 857 inde
957 829 1116 857 Pasclialem
1131 829 1278 859 Cauonem.
1303 829 1439 859 Plurimos
1460 839 1495 858 ex
1520 832 1595 860 hisce
1616 840 1662 860 ca-

878 874 996 902 nonihus
1009 875 1045 902 ab
1057 875 1178 903 Ecclesia
1191 875 1314 902 Romana
1334 875 1417 903 fuisse
1432 879 1555 911 receptos
1569 877 1663 911 explo-

879 923 967 946 ratum
983 923 1036 951 est,
1057 920 1129 955 quod
1151 920 1264 948 minime
1285 920 1387 948 factum
1405 925 1488 954 esset,
1502 922 1526 950 si
1543 930 1663 951 canones

879 965 948 993 alios
968 965 999 993 E.
1012 964 1046 994 Β.
1062 971 1200 994 servasset
1224 967 1259 994 ab
1281 967 1324 995 his
1344 967 1477 995 diversos.
1505 967 1582 995 Unde
1597 975 1661 996 vero

879 1008 1000 1037 Ecclesia
1010 1008 1132 1037 Romana
1148 1018 1268 1040 canones
1281 1012 1442 1047 accepisset,
1458 1013 1512 1040 nisi
1526 1020 1542 1038 a
1556 1013 1662 1049 seipsa?

879 1053 962 1090 quue
982 1055 1050 1083 adeo
1065 1064 1158 1083 verum
1174 1061 1226 1090 est,
1243 1061 1273 1085 ut
1289 1058 1435 1094 Zephyrini
1455 1059 1591 1094 pontiﬁcis
1613 1068 1663 1088 Io-

878 1107 940 1128 men
964 1101 1060 1129 iisdem
1082 1103 1233 1130 canonibus
1250 1104 1439 1138 praeminatur,
1461 1106 1507 1142 qui
1531 1105 1565 1132 ab
1580 1105 1610 1133 E.
1626 1105 1659 1133 Β.

878 1146 987 1182 probati
1003 1151 1066 1174 sunt
1081 1147 1148 1183 (69).
1173 1148 1286 1177 Temcre
1307 1153 1398 1177 autem
1414 1155 1584 1186 assumptum
1601 1159 1662 1179 esse

878 1200 978 1220 nomen
1000 1192 1162 1229 Zephyrini,
1192 1202 1254 1221 cum
1276 1203 1371 1222 revera
1393 1196 1445 1223 sub
1468 1197 1528 1231 ipso
1552 1197 1661 1229 vixerit,

879 1239 1073 1275 scripseritque
1104 1239 1283 1276 Hippolytus,
1321 1249 1402 1269 nemo
1436 1242 1488 1270 sibi
1525 1244 1662 1277 suaserit,

878 1285 1003 1320 quamvis
1022 1286 1137 1320 cpistola
1160 1286 1233 1314 illius
1254 1287 1364 1315 nomine
1379 1288 1494 1316 conﬁcta
1510 1290 1554 1317 sit.
1570 1289 1663 1325 Neque

878 1338 942 1358 vero
950 1330 1113 1368 Hippolytus
1127 1333 1213 1360 inscio
1220 1333 1263 1360 vel
1274 1334 1383 1362 nolente
1396 1335 1524 1369 pontiﬁce
1545 1335 1572 1363 in
1584 1337 1664 1364 tabu-

879 1377 947 1404 laria
961 1381 1114 1413 penetrare,
1124 1385 1156 1405 ac
1171 1378 1327 1407 reconditos
1338 1387 1457 1408 canones
1466 1381 1493 1408 in
1504 1381 1591 1409 lucem
1604 1383 1662 1417 pri-

879 1430 939 1450 mus
948 1423 1028 1451 edere
1039 1424 1251 1459 potuisset;utsi
1267 1424 1412 1460 Zephyrini
1423 1427 1572 1455 auctoritas
1582 1427 1666 1455 inter-

878 1470 1004 1502 cesserit,
1021 1469 1108 1505 ipsius
1131 1477 1230 1498 nomen
1254 1471 1354 1499 alicubi
1378 1472 1406 1499 in
1430 1480 1480 1501 sua
1502 1473 1664 1502 collectione

879 1515 1087 1543 commendasse
1111 1515 1307 1552 Hippolytum,
1332 1521 1379 1545 aut
1405 1521 1480 1546 certe
1504 1519 1546 1546 sui
1572 1520 1663 1555 operis

879 1564 986 1596 tempus
1009 1561 1167 1597 designasse
1190 1562 1295 1596 cpinari
1317 1562 1406 1590 liceat.
1431 1563 1460 1591 in
1474 1563 1586 1593 Oriente
1602 1566 1664 1600 qui—

879 1606 940 1634 dem
961 1614 993 1634 ea
1015 1607 1134 1635 obtinuit
1157 1608 1308 1640 sententia,
1333 1616 1452 1638 canones
1478 1611 1663 1644 apostolorum

879 1651 964 1680 fuisse
983 1652 1018 1680 ab
1033 1652 1177 1689 Hippolyto
1202 1653 1343 1686 collectos,
1363 1654 1435 1682 unde
1455 1659 1482 1683 et
1501 1655 1534 1683 ad
1551 1664 1664 1684 canones

879 1699 1057 1732 apostolorum
1074 1707 1123 1735 per
1138 1699 1310 1735 Hippolytum
1331 1700 1466 1736 allegant,
1488 1702 1665 1736 quemadmo-

879 1744 944 1772 dum
957 1744 1077 1772 Joannes
1089 1744 1217 1773 Darensis
1227 1765 1235 1778 ,
1250 1745 1297 1780 qui
1311 1753 1360 1773 vni
1375 1750 1401 1773 et
1420 1754 1448 1774 ιι
1465 1748 1566 1775 samulo
1584 1747 1665 1782 vixit,

880 1791 999 1819 ostendit
1018 1791 1153 1819 neminem
1175 1798 1226 1819 suo
1243 1798 1302 1819 aevo
1316 1791 1468 1823 dubitasse,
1481 1792 1548 1828 quin
1562 1792 1665 1829 Hippo-

879 1837 952 1874 lytus
965 1836 1046 1865 fuerit
1063 1836 1221 1864 eorumdem
1236 1844 1371 1864 canonum
1387 1837 1474 1865 editor

883 1918 981 1961 μ.»
999 1895 1206 1954 μέλι
1233 1898 1400 1951 ιδεμ-ο
1420 1899 1476 1950 .9!
1502 1901 1664 1968 “iam

1228 1993 1372 2043 vr”
1391 1975 1661 2045 δυο-δεδι(

881 2055 957 2089 Quod
971 2055 1075 2091 quidem
1093 2060 1118 2083 et
1137 2063 1249 2083 canones
1269 2057 1462 2090 apostolorum,
1476 2057 1521 2092 qui
1533 2064 1579 2091 per
1595 2057 1664 2092 Hip-

879 2103 1008 2138 polytum.
1038 2101 1193 2136 principium
1219 2100 1285 2136 (70).
1308 2100 1404 2128 Sermo
1431 2105 1490 2129 erat
1516 2102 1550 2130 de
1577 2103 1664 2137 primo

880 2148 1066 2183 apostolorum
1088 2154 1194 2174 canone
1213 2156 1218 2173 :
1240 2146 1385 2182 Episcopus
1397 2150 1424 2174 'a
1438 2147 1539 2175 duobus
1553 2154 1600 2175 aut
1616 2150 1666 2176 tri-

882 2196 929 2224 bus
954 2196 1081 2232 episcopis
1111 2195 1256 2223 ordinetur.
1279 2194 1401 2230 Denique
1428 2196 1486 2230 ipse
1500 2195 1665 2232 Hippolytus

63 2253 116 2288 ξεις,
135 2253 355 2282 Constitutionem
372 2255 400 2279 et
415 2249 619 2278 Constitutiones
646 2247 830 2283 apostolorum
845 2249 868 2277 ι)
882 2243 952 2270 hanc
967 2242 1128 2271 sententiam
1148 2242 1293 2270 conﬁrmat
1310 2242 1410 2269 alio'in
1430 2249 1512 2276 opere
1525 2242 1598 2277 quod
1616 2250 1666 2277 po--

62 2301 127 2334 dicit,
139 2305 281 2338 propterea
296 2299 369 2335 quod
379 2299 436 2334 jam
450 2298 562 2334 proprio
576 2297 686 2324 nomine
708 2295 738 2322 in
761 2294 828 2330 ipsis

63 2347 153 2375 inducti
175 2352 254 2376 erant
278 2345 414 2381 apostoli,
451 2347 581 2379 tanquam
605 2341 773 2378 legislatures
797 2347 829 2368 ac

62 2394 170 2429 magistri
190 2393 343 2422 doctrinam
362 2395 388 2419 et
402 2392 536 2426 praecepta
558 2387 736 2424 proierentes.
761 2385 828 2420 Hip-

64 2439 158 2474 polytus
171 2443 261 2466 autem
280 2436 390 2464 nonnisi
410 2434 557 2471 παράδοσιν
567 2432 757 2467 ἀποστολικήν,
774 2435 829 2457 tra-

64 2484 174 2512 ditionem
193 2483 562 2520 apostolicam,exposuerat,
585 2486 646 2514 quae
663 2478 709 2505 illa
723 2477 830 2504 ﬁctione

64 2528 217 2565 loquentium
232 2528 417 2565 apostolorum
427 2533 482 2554 non
493 2524 638 2560 indigebat.
651 2522 721 2550 Hinc
735 2529 830 2556 suspe-

65 2579 108 2604 cia
127 2576 241 2612 primum
266 2573 494 2604 Constitutiones,
522 2570 621 2599 deinde
652 2569 733 2597 etiam
761 2568 831 2596 inter

66 2622 206 2659 apocrypha
220 2621 324 2652 relatae,
334 2618 419 2648 veluti
431 2618 466 2645 ab
478 2616 606 2645 hwrelicis
621 2618 760 2649 corruptae.

96 2667 136 2696 Vl.
154 2667 192 2696 De
209 2666 362 2696 Canonibus
382 2664 544 2700 apostolicis.
571 2662 612 2689 Αη
633 2661 665 2688 ab
688 2659 831 2695 Hippolyto

96 2725 147 2760 (ω
163 2725 269 2759 Petam,
291 2724 381 2752 Theol.
405 2723 512 2759 Dogm,
528 2729 578 2752 xu.
591 2719 642 2754 i0;
657 2717 769 2747 Constit.
792 2725 829 2749 Vl,

67 2761 193 2866 “ﬁs.
205 2795 313 2826 Procl.,
330 2794 380 2829 Ep.
398 2793 430 2835 de
446 2792 538 2820 tradit.
549 2791 602 2832 diu.
617 2790 690 2817 miss.

108 2830 140 2859 ω
167 2831 294 2862 Iairan.,
309 2829 392 2864 Prw].
407 2837 436 2856 tn
455 2827 607 2860 S.Justtn.,
622 2833 647 2861 p.
666 2833 686 2852 ll

108 2823 150 2864 θδ)
167 2823 294 2862 inim,
307 2823 392 2864 Prae].
407 2829 436 2856 in
455 2827 607 2860 S.Justin.,
622 2833 647 2861 p.
666 2824 754 2856 ιι,10,
771 2823 788 2850 2
806 2826 832 2851 ct

68 2872 149 2932 alii)
166 2900 278 2930 Constit.
295 2909 325 2934 ιι,
340 2899 386 2935 28,
403 2903 470 2932 etv,
487 2898 510 2926 τ.

880 2288 1043 2316 sterioribus
1076 2287 1156 2315 annis
1188 2287 1358 2315 elucubravit
1385 2295 1391 2312 :
1418 2285 1499 2314 Οἶκον
1521 2288 1588 2314 Θεοῦ
1614 2289 1666 2325 τὴν

885 2335 1056 2371 Ἐκκλησίαν,
1084 2334 1246 2361 ἐπιστέλλων
1263 2335 1277 2361 ὁ
1296 2333 1400 2365 Παῦλος
1423 2333 1548 2370 Τιμοθέῳ
1570 2334 1663 2361 καλεῖς

878 2383 949 2410 Ἐὰν
966 2381 1000 2408 δὲ
1011 2381 1162 2416 βραδύνω,
1171 2381 1222 2408 ἵνα
1235 2380 1318 2415 ειἘῇς
1328 2380 1390 2414 πῶς
1403 2379 1451 2407 δεῖ
1460 2380 1495 2407 ἐν
1506 2381 1577 2413 οἴκῳ
1591 2381 1665 2408 Θεοῦ

879 2428 1131 2462 ἀναστρέφεσθαι,
1147 2427 1214 2461 ἥτις
1234 2427 1321 2454 ἐστὶν
1341 2427 1505 2460 Ἐκκλησία
1523 2427 1576 2454 τοῦ
1591 2427 1665 2454 Θεοῦ

879 2473 994 2507 ζῶντος.
1011 2473 1112 2500 Τούτου
1134 2473 1180 2500 τοῦ
1200 2473 1275 2500 οῐκου
1295 2472 1386 2506 ἀγαθὰ
1399 2471 1434 2499 τὰ
1447 2472 1493 2499 τοῦ
1509 2472 1666 2508 Πνεὺματος

880 2520 1044 2556 χαρίσματα,
1058 2519 1093 2546 τά
1105 2527 1135 2546 τε
1149 2519 1213 2554 περὶ
1226 2518 1348 2554 Τριὰδος,
1367 2518 1414 2546 καὶ
1426 2517 1461 2544 τὰ
1474 2517 1554 2544 λοιπὰ
1565 2518 1666 2554 δόγμα-

880 2575 928 2598 τα,
943 2566 998 2592 οἵτε
1021 2564 1213 2602 παραδοθέντες
1235 2565 1287 2592 ὑπὸ
1308 2564 1362 2591 τῶν
1394 2564 1548 2593 ἀποστόλων
1571 2564 1665 2600 Θεσμοὶ

881 2613 927 2640 καὶ
940 2612 1058 2644 κανόνες.
1090 2612 1133 2638 Ἐν
1148 2611 1176 2638 δὲ
1189 2611 1277 2646 τούτῳ
1297 2610 1462 2646 θαυμαστῶς
1474 2611 1491 2646 ὴ
1506 2611 1590 2646 ἀρετὴ
1605 2611 1666 2637 ἐπι-

881 2659 1006 2691 τελεῖται,
1026 2658 1179 2694 καλουμένη
1200 2657 1364 2692 δικαιοσύνη.
1390 2656 1503 2684 Domum
1519 2657 1565 2684 Dei
1590 2662 1669 2684 vocat

917 2716 974 2752 (68)
994 2715 1023 2752 ξι.
1036 2715 1182 2750 Epiphan..
1201 2714 1269 2752 inter.
1281 2713 1444 2752 Lxx,_10;et
1459 2714 1524 2741 haer.
1539 2720 1623 2746 Lxxs,
1637 2713 1661 2740 τ.

918 2748 976 2786 (69)
995 2748 1119 2786 Distinet.
1135 2758 1191 2781 xvr,
1208 2749 1236 2782 2,
1253 2748 1330 2786 Decr.
1341 2748 1422 2786 _Gra_t.

918 2782 975 2822 (70)
995 2787 1032 2814 lo.
1044 2785 1160 2822 parcns
1183 2792 1227 2819 ap.
1251 2784 1319 2822 ébr;
1340 2783 1458 2822 Ecgbell.
1471 2783 1515 2822 _l_)e
1530 2782 1601 2822 Eni:
1619 2783 1664 2810 Al.-

883 2816 972 2856 0rig.,
984 2830 1011 2857 p.
1022 2816 1239 2857 l92.V7.7Aisse'm.
1253 2819 1285 2846 Β.
1299 2818 1331 2846 0.
1347 2821 1368 2845 t.
1380 2817 1413 2848 ll.
1430 2819 1527 2852 p.1l8.
1542 2823 1566 2843 (ιι
1580 2816 1662 2851 Cave,

884 2858 919 2885 ιι.
935 2857 964 2885 L.
984 2856 1003 2884 ί.
1017 2856 1048 2887 ιι,
1070 2856 1166 2890 p.131.
