1884 3104
186 155 240 186 ΰΰῦ

186 216 290 246 Paulus
303 213 462 247 Ecclesium,
478 213 513 240 ad
530 213 697 241 Timotheum
717 213 854 241 scribens:
869 211 898 239 Si
922 220 971 239 au-
986 215 1009 244 Α

185 267 240 291 tem
263 260 426 293 tardavero,
448 263 478 287 ut
497 260 571 288 scias
592 259 732 294 quomodo
752 262 877 294 oporteat
897 262 924 286 te
946 257 975 285 in

184 309 267 335 domo
277 306 325 334 Dei
340 305 510 337 conversari,
523 313 584 340 quae
599 309 642 333 est
651 304 773 332 Ecclesia
782 304 829 332 Dei
843 304 898 332 vivi
906 303 973 339 (7i).

189 353 276 387 Hujus
293 352 389 379 domus
408 351 478 378 bona
499 355 560 378 sunt
573 351 692 386 Spiritus
711 350 884 382 charismata,
906 348 976 377 etde

186 399 327 431 Trinitate,
344 403 492 432 ceteraque
510 397 652 433 dogmata,
676 402 702 425 et
719 397 887 429 traditiones,
903 396 975 424 Con-

184 447 396 481 stitutionesque,
411 452 437 472 et
447 445 568 473 Canoncs
584 445 774 479 apostolorum.
788 443 822 471 In
832 444 872 471 his
888 448 976 471 autem

184 491 344 518 mirabiliter
366 491 450 517 virtus
473 490 621 525 perﬁcitur,
643 497 702 524 quae
715 489 826 524 justitia
844 496 977 523 nuncupa-

186 541 229 563 tur
252 536 322 571 (7‘2).
344 536 480 563 Provocat
503 535 706 570 quodammodo
730 535 766 563 ad
792 535 882 571 ipsum
906 543 976 570 opus

184 590 240 618 quo
255 583 289 610 de
304 583 421 618 agimus,
436 586 463 610 et
481 582 639 617 singulatim
660 584 786 609 recenset
807 588 863 608 non
893 581 976 609 modo

184 629 358 662 charismata,
373 634 398 656 et
411 629 592 664 apostolorum
608 627 774 668 traditiones,
788 634 881 655 verum
893 626 976 654 etiam

185 675 322 707 Canones,
347 675 469 710 adeoque
484 675 535 702 hos
556 675 659 710 pariter
682 674 711 701 in
733 673 894 701 collectione
910 672 978 708 Hip-

185 721 270 757 polyti
291 720 377 748 fuisse
396 719 569 748 manifestius
592 724 717 755 apparet.
734 719 773 747 De
787 726 904 747 numero
924 718 977 745 ita-

184 773 239 802 que
260 773 397 794 canonum
425 772 496 801 quas
517 765 682 801 Hippolytus
709 764 849 792 recensuit
876 763 976 791 incerti

184 820 296 845 sumus,
318 812 352 840 de
371 812 533 839 collectione
556 819 611 839 non
635 811 711 840 item.
740 810 976 844 Quemadmodum

183 866 249 886 vero
264 857 391 893 superius
411 857 598 884 testimonium
613 855 760 892 Hippolyto
773 856 912 889 convenit,
927 855 976 891 qui

605 155 634 184 S.
650 155 850 184 CLEMENTIS
866 155 877 182 ι
893 154 976 183 “OM.
996 153 1097 183 PONT.
1117 155 1232 183 OPERA
1249 152 1364 184 ΒΗΜΛ.

1767 155 1822 183 556

1024 220 1095 240 στων
1118 213 1333 248 συγκατάθεσιν,
1361 214 1405 241 ῐνα
1429 213 1478 247 οὓς
1497 215 1548 242 οὐκ
1571 214 1682 241 ἔπεισεν
1702 213 1825 246 om.

1024 258 1136 291 τούτους
1151 260 1168 294 ἡ
1182 260 1236 287 τῶν
1251 259 1373 295 σημείων
1392 260 1541 298 δυσιιητήσῃ
1563 260 1690 296 δύναμις.
1711 259 1757 286 Τὰ
1769 260 1825 295 γὰρ

1025 306 1126 340 σημεῖα
1147 305 1179 332 οὐ
1198 308 1255 338 τοῖς
1279 307 1384 339 πιστοῖς
1410 307 1487 342 ἡμῖν,
1508 306 1577 334 ἀλλὰ
1596 307 1656 338 τοῖς
1683 306 1826 337 ἀπίστοις,

1032 351 1164 379 Ἰουδαίων
1177 361 1208 379 τε
1221 353 1269 379 καὶ
1296 353 1438 388 Ἑλλήνων.
1467 353 1535 380 οὗτε
1559 352 1615 388 γὰρ
1639 352 1672 379 τδ
1691 352 1827 388 δαίμονας

1025 398 1166 425 ἐκϐάλλειν
1187 399 1319 435 ἡμέτερον
1339 399 1451 436 κέρδος,
1473 399 1541 426 ἀλλὰ
1553 399 1608 426 τῶν
1622 399 1755 435 ἐνεργείᾳ
1769 400 1827 426 Κυ-

1027 445 1085 480 ρίου
1099 444 1313 481 καθαιρομένων.
1322 444 1383 473 Non
1394 446 1429 472 ad
1439 446 1581 473 utilitatem
1593 453 1626 473 ea
1639 446 1823 480 operantium,

1026 490 1071 518 sed
1098 490 1133 518 ad
1161 491 1308 525 inﬁdelium
1335 493 1514 520 assensionem
1539 492 1646 520 concedi
1660 499 1671 519 :
1684 496 1715 519 ut
1728 491 1824 527 quibus

1027 544 1078 562 non
1096 537 1229 571 persuasit
1248 545 1349 569 sermo,
1369 537 1416 564 hoe
1430 537 1514 564 virtus
1530 537 1669 572 signorum
1685 536 1780 570 ﬂectat
1794 544 1826 562 ac

1026 581 1126 617 pudore
1157 582 1264 617 aﬂiciat.
1297 581 1381 618 Signa
1410 583 1483 610 enim
1507 590 1562 610 non
1591 582 1669 609 nobis
1695 581 1826 609 ﬁdelibus

1026 628 1155 662 eduntur,
1175 628 1223 656 sed
1245 627 1410 661 inﬁdelibus,
1422 636 1481 655 cum
1496 627 1654 656 Iudaeorum
1678 632 1736 655 tum
1750 627 1826 655 Grc-

1026 680 1127 700 corum.
1145 671 1236 708 Neque
1249 673 1318 700 enim
1331 673 1463 700 damones
1478 673 1582 708 ejicere,
1603 678 1730 700 nostrum
1751 681 1824 700 etno-

1027 718 1170 746 lumentum
1180 724 1230 751 est,
1247 718 1292 746 sed
1303 727 1394 746 eorum
1405 717 1449 754 qui
1462 726 1508 754 per
1520 719 1627 746 Domini
1639 720 1822 753 operationem

1025 769 1182 800 purgantur.
1199 764 1237 792 Ac
1252 764 1438 792 'l'ertullianus
1454 765 1563 801 quidem
1580 765 1692 793 somnia
1710 765 1823 792 mulier-

1026 811 1151 838 cularum
1162 811 1310 839 insolenter
1321 812 1404 839 nimis
1414 811 1577 839 charismata
1586 811 1719 843 vocabat,
1732 818 1825 846 quem-

1027 857 1174 885 admodum
1192 857 1221 884 iu
1241 857 1347 885 visione
1370 857 1416 884 illa
1433 857 1468 884 de
1490 857 1581 884 anima
1603 857 1748 892 corporali
1771 857 1821 884 ait:

182 887 307 931 titulum.
317 903 407 938 ipsum
430 901 474 929 sui
496 901 588 937 operis
611 901 640 928 in
649 887 748 936 'eoque
777 887 910 928 contenta
932 887 978 928 ἐι·
992 887 1134 931 BEtDeus
1154 904 1227 930 testis
1241 908 1266 931 et
1278 903 1432 938 Apostolus,
1447 902 1645 930 charismatum
1655 887 1692 929 in
1705 901 1823 929 Ecclesia

183 949 295 984 pressit,
319 949 355 976 ita
376 955 458 976 nemo
479 948 659 982 imposterum
685 947 762 982 loqui
776 953 811 974 eo
824 945 907 974 modo
919 946 977 981 {po-

182 996 293 1024 tuisset.
306 995 374 1023 Nam
388 994 472 1030 paulo
484 997 557 1030 post,
572 994 667 1022 eodem
681 1001 712 1020 Ill
727 993 829 1022 saecqu
842 996 975 1025 vertente,

183 1050 245 1070 cum
259 1041 397 1078 Hippolyti
409 1048 478 1076 opus
496 1043 658 1076 corruptum
677 1040 928 1076 interpolatumque
948 1040 978 1067 in

183 1088 295 1116 Oriente
312 1088 405 1120 fuerit,
427 1091 509 1122 atque
525 1085 605 1120 adeo,
625 1086 708 1114 sicuti
723 1093 798 1114 nunc
812 1090 913 1118 exstat,
933 1085 977 1113 in-

183 1138 226 1162 ter
240 1133 396 1170 apocrypha
419 1133 535 1161 relatum
547 1142 556 1159 :
571 1132 700 1168 quisnam
730 1132 847 1160 subinde
863 1133 892 1160 in
907 1139 976 1167 prae-

183 1181 264 1216 cipua
290 1180 421 1207 Ecclesiae
445 1179 526 1206 laude
547 1178 698 1214 posuisset.
722 1185 784 1206 eam
809 1179 976 1214 apocryphis

183 1227 310 1255 dubiisve
331 1225 584 1254 Constitutionibus
613 1224 823 1252 administrari?
842 1223 975 1259 Equidem

184 1274 218 1302 ad
232 1272 372 1308 Hippolyti
394 1271 502 1299 laudem
516 1271 643 1306 pertinet,
659 1269 734 1306 quod
757 1269 817 1297 alia:
831 1269 974 1297 collectio-

183 1328 234 1348 nes
258 1322 423 1355 pervetustaa
446 1317 480 1344 ab
501 1316 641 1344 haereticis
662 1316 706 1343 vel
732 1315 802 1342 fictae
826 1315 870 1342 vel
891 1315 976 1343 inter-

184 1366 292 1402 polatae,
315 1372 347 1392 ac
365 1363 473 1396 magnis
500 1363 614 1390 Patrum
645 1361 804 1389 nominibus
826 1360 974 1396 insignitae,

184 1420 247 1440 cum
264 1410 413 1446 repudiatae
430 1409 549 1442 iuerint;
565 1415 620 1434 una
632 1407 720 1442 ipsius
737 1406 865 1434 collectio
878 1413 975 1441 quam-

184 1458 227 1485 vis
251 1456 415 1491 interpolata
439 1455 554 1482 multum
580 1454 642 1481 aliis
665 1456 774 1488 praestet
809 1451 876 1479 Nam
903 1451 975 1479 sicut

184 1501 341 1530 διδασκαλία
360 1500 408 1528 τοῦ
424 1500 555 1536 Ποιμένος
569 1499 722 1535 improbata
739 1497 799 1529 fuit.
815 1497 855 1525 ita
865 1504 976 1533 quoque

191 1547 323 1583 Ίγνατίου
331 1546 500 1578 διδασκαλία,
510 1545 690 1581 Πολυκάρπου
695 1543 856 1593 διδασκαλία
861 1543 975 1593 olimque
988 1564 1011 1593 ϐ

185 1593 355 1630 huiusmodi,
373 1592 408 1621 de
425 1592 527 1628 quibus
547 1595 622 1620 recte
636 1590 825 1626 pronuntiavit
846 1588 882 1617 Μ.
894 1589 976 1616 Atha-

185 1641 282 1669 nasius
302 1650 310 1668 :
331 1638 482 1675 ,Αῐρετικῶν
501 1639 575 1664 ἐστιν
596 1637 718 1668 ἐπίνοια,
740 1635 899 1671 γραφόντων
927 1634 976 1671 μὲν

184 1688 226 1715 δτι
240 1687 362 1714 θέλουσιν
376 1685 457 1718 αὐτὰ,
471 1682 659 1720 χαριζομένων
672 1682 701 1709 δὲ
714 1681 762 1708 καὶ
778 1679 976 1717 προστιθέντων

185 1735 277 1766 αὐτοῖς
296 1732 420 1769 χρόνους,
442 1731 486 1758 ἵνα
504 1730 543 1762 ὡς
562 1728 666 1757 παλαιὰ
687 1727 886 1764 προφέροντες,
908 1726 976 1762 πρό-

185 1788 266 1816 φασιν
293 1779 391 1814 ἔχωσιν
418 1778 526 1813 ἀπατᾷν
548 1777 582 1803 ὲκ
606 1775 702 1802 τούτου
729 1775 793 1806 τοὺς
819 1773 974 1810 ἀκεραίους.

186 1826 382 1853 Ηωτειίεοηιπι
410 1827 472 1851 sunt
490 1826 694 1854 commentum,
723 1821 768 1856 qui
796 1828 828 1848 ea
857 1819 976 1847 scribunt

185 1870 293 1908 quando
316 1870 424 1902 volunt;
443 1868 499 1896 illis
521 1872 610 1895 autem
631 1868 790 1903 largiuntur,
807 1870 832 1893 et
846 1865 976 1901 adjiciunt

187 1923 315 1952 tempora,
338 1924 388 1951 quo
415 1920 540 1950 tanquam
567 1915 676 1949 antiqua
697 1913 869 1948 proferentes,
891 1920 924 1939 ex
944 1919 976 1938 ea

186 1972 214 1991 re
238 1963 404 1990 occasionem
427 1960 540 1987 habeant
563 1959 709 1993 decipiendi
728 1958 845 1986 homines
872 1957 976 1992 simpli-

187 2017 228 2037 res
239 2008 308 2044 (75).

494 2059 609 2088 CAPUT
629 2059 672 2087 Ill.

189 2121 319 2154 Quwnam
333 2126 415 2146 causa
427 2117 597 2154 Hippolytum
616 2115 650 2143 ad
660 2116 712 2154 hoc
734 2123 798 2154 opus
815 2116 974 2154 incitauerit.

225 2154 434 2182 Constitutiones
463 2150 632 2187 p‘otiSsimum
659 2150 823 2178 Tertulliano
847 2156 872 2178 et
902 2151 977 2179 Mon-

227 2189 334 2217 tanislis
351 2189 488 2223 oppositte.

1027 949 1178 984 futurorum
1200 948 1309 976 idoneus
1327 956 1440 983 sponsor
1461 955 1470 974 .'
1495 947 1596 977 Timaeo
1616 948 1643 975 si
1660 955 1707 974 res
1721 948 1781 982 ipsa
1794 947 1824 974 de

1026 996 1137 1029 singulis
1144 994 1407 1030 persuaserit,credas
1419 994 1487 1029 (Π).
1502 993 1678 1021 liontanistaa
1685 1001 1754 1021 vero
1769 994 1823 1022 suis

1027 1041 1143 1070 fallaciis
1164 1042 1271 1069 lucrum
1293 1041 1414 1076 undique
1434 1040 1628 1072 eorradebant,
1644 1040 1699 1067 etsi
1715 1043 1824 1075 propter

1025 1088 1149 1116 celestis
1170 1088 1242 1116 dona
1258 1095 1288 1116 se
1298 1088 1336 1115 'ab
1351 1087 1473 1115 Ecclesia
1496 1087 1650 1114 descivisse
1673 1094 1822 1114 causaren-

1026 1138 1082 1162 tur.
1101 1133 1173 1167 Quid
1197 1141 1263 1170 ergo
1279 1135 1315 1161 sit
1326 1133 1462 1160 charisma
1483 1140 1532 1160 eos
1545 1133 1627 1160 docet
1640 1132 1822 1168 Hippolytus:

1025 1180 1083 1207 Οὐχ
1096 1180 1168 1207 ἔστιν
1181 1179 1324 1216 ἄνθρωπος
1338 1179 1487 1211 πιστεύσας
1505 1178 1550 1206 διὰ
1570 1178 1694 1214 Χριστοῦ
1717 1180 1760 1210 εις
1781 1179 1823 1205 τὸν

1024 1225 1105 1259 Θεὸν,
1120 1225 1150 1258 ὃς
1163 1226 1213 1253 οὐκ
1230 1226 1324 1262 εἴληφε
1343 1226 1468 1262 χάρισμα
1487 1224 1686 1260 πνευματικόν.
1710 1225 1782 1251 Δὸτό
1796 1233 1823 1251 τε

1024 1272 1079 1309 γὰρ
1093 1272 1124 1300 τδ
1143 1273 1333 1308 ἀπαλλαγῆναι
1361 1272 1494 1299 πολυθέου
1506 1271 1635 1303 ἀσεϐείας
1648 1272 1698 1298 καὶ
1713 1271 1822 1298 πιστεῦ-

1025 1326 1070 1346 σαι
1084 1319 1145 1355 Θεῷ
1158 1319 1247 1355 Πατρὶ
1266 1319 1310 1346 διὰ
1323 1317 1453 1354 Χριστοῦ,
1475 1317 1599 1354 χάρισμά
1612 1317 1672 1344 ἐστι
1694 1317 1764 1344 Θεοῦ
1774 1326 1780 1332 ³
1795 1318 1823 1344 τό

1024 1374 1054 1393 τε
1067 1365 1218 1402 ἀπορρῖψαι
1237 1365 1268 1392 τὸ
1288 1364 1434 1392 Ἰουδαϊκὸν
1447 1364 1580 1400 κάλυμμα
1591 1384 1598 1396 ,
1613 1364 1663 1390 καὶ
1679 1363 1822 1391 πιστεῦσαι

1024 1413 1065 1440 ou
1079 1412 1186 1448 εὐδοκία
1198 1411 1266 1438 θεοῦ
1279 1412 1294 1439 ὀ
1309 1412 1362 1447 πρὸ
1376 1411 1483 1438 αἰώνων
1489 1410 1656 1445 Μονογενὴς,
1674 1411 1706 1436 ὲν
1720 1411 1822 1445 ὑστέρῳ

1025 1459 1113 1496 καιρῷ
1136 1460 1168 1487 ἐκ
1182 1459 1322 1494 Παρθένου
1342 1459 1488 1494 γεγένηται
1509 1458 1569 1493 δίχα
1588 1457 1701 1493 ὁμιλίας
1715 1458 1820 1493 ἀνδρὸς·

1026 1506 1074 1533 καὶ
1093 1507 1134 1533 ὅτι
1155 1504 1345 1532 ἐπολιτεύσατο
1363 1504 1401 1536 ὡς
1432 1503 1575 1540 ἄνθρωπος
1596 1503 1661 1531 ἄνευ
1689 1503 1823 1540 ἁμαρτιας
1868 1514 1869 1517 π

1026 1551 1173 1588 πληρώσας
1191 1552 1281 1578 πᾶσαν
1295 1550 1467 1585 δικαιοσύνην
1481 1550 1532 1585 τὴν
1544 1548 1592 1576 τοῦ
1607 1549 1693 1585 νόμου
1703 1558 1710 1564 ·
1725 1551 1773 1576 καὶ
1784 1551 1822 1576 ὃτι

1027 1599 1200 1634 συγχωρήσει
1213 1597 1282 1624 Θεοῦ
1296 1597 1413 1633 σταυρὸν
1427 1596 1585 1632 ὑπέμεινεν,
1593 1595 1729 1632 αἰσχύνης
1741 1605 1821 1623 κατα-

1026 1646 1164 1682 φρονήσας
1177 1646 1191 1671 6
1204 1644 1271 1676 θεὸς
1285 1643 1387 1678 Λόγος·
1402 1643 1450 1670 καλ
1466 1643 1508 1670 ὅτι
1524 1642 1661 1674 ἀπέθανε,
1676 1644 1726 1669 καὶ
1739 1644 1819 1678 eum

1026 1692 1074 1719 καὶ
1087 1691 1188 1726 ἀνέστη
1200 1690 1245 1717 διὰ
1257 1690 1341 1726 τριῶν
1355 1689 1477 1726 ἡμερῶν,
1492 1689 1539 1716 καὶ
1555 1688 1627 1724 μετὰ
1640 1689 1694 1724 τὴν
1708 1689 1821 1716 ἀνάστα-

1027 1746 1070 1765 σιν
1082 1737 1286 1773 τεσσαράκοντα
1305 1736 1413 1772 ἡμέρας
1434 1735 1611 1771 παραμείνας
1634 1737 1694 1767 τοῖς
1712 1736 1821 1762 ἀποστιᾶ⁶

1025 1783 1097 1816 λοις,
1122 1784 1170 1810 καὶ
1192 1782 1340 1819 πληρώσας
1361 1783 1453 1809 πᾶσαν
1473 1781 1596 1814 διάταξιν
1617 1781 1761 1818 ἀνελήφθη
1783 1783 1821 1808 ἐπ’

1026 1831 1119 1866 ὕψεσιν
1132 1830 1221 1857 αὐτῶν
1236 1829 1306 1866 πρὸς
1320 1829 1366 1856 τὸν
1389 1828 1589 1855 ἀποστείλαντα
1603 1828 1690 1855 αὐτὸν
1704 1829 1771 1855 Θεδν
1780 1830 1821 1855 καὶ

1026 1877 1145 1913 Πατέρα.
1160 1877 1189 1904 '0
1201 1876 1289 1904 ταῦτα
1302 1875 1460 1907 πιστεύσας,
1471 1876 1520 1911 οὐχ
1535 1875 1629 1908 ἁπλῶς
1639 1875 1702 1903 οὐδὲ
1713 1876 1819 1910 ἀλόγως,

1025 1924 1094 1951 ἀλλὰ
1119 1923 1208 1960 κρίσει
1235 1923 1282 1950 καὶ
1305 1922 1493 1958 πληροφορίᾳ,
1516 1922 1642 1958 χάρισμα
1662 1923 1774 1958 εῐληφεν
1792 1924 1820 1948 ἐκ

1026 1971 1103 1999 Θεοῦ.
1116 1970 1253 2002 Ὡσαύτως
1266 1970 1295 1996 δὲ
1303 1970 1349 1997 καὶ
1362 1971 1376 1996 ὁ
1390 1969 1482 2005 πάσης
1496 1969 1633 2006 αἱρέσεως
1645 1969 1818 2004 ἀπαλλαγείς.

1028 2017 1113 2046 Nemo
1130 2025 1176 2052 per
1185 2016 1321 2044 Christum
1337 2017 1364 2043 in
1379 2016 1463 2043 Deum
1484 2015 1603 2048 credens,
1619 2017 1667 2052 qui
1683 2026 1737 2044 non
1756 2026 1819 2044 acccc

1026 2065 1091 2100 perit
1106 2064 1240 2091 charisma
1254 2062 1403 2098 spirituale.
1421 2061 1514 2096 Ipsum
1534 2063 1631 2089 etenim
1649 2063 1712 2095 hoc,
1731 2064 1820 2090 libern-

1027 2115 1082 2137 tum
1092 2118 1149 2137 esse
1161 2109 1180 2135 i2
1191 2109 1243 2143 .pio
1256 2107 1401 2134 multari."
1422 2107 1531 2134 deorum
1545 2107 1631 2141 cultu,
1643 2113 1668 2134 et
1683 2108 1820 2135 credidisse

1027 2156 1082 2183 Deo
1098 2155 1175 2182 Patri
1199 2162 1245 2189 per
1262 2153 1416 2185 Christum,
1438 2153 1573 2180 charisma
1592 2153 1644 2181 Dei
1669 2159 1711 2181 est
1729 2163 1738 2181 :
1754 2158 1780 2180 at
1797 2158 1818 2180 et

1027 2201 1154 2236 abjecisse
1165 2199 1308 2227 Iudaicum
1334 2199 1466 2230 velamen,
1484 2207 1515 2226 ac
1531 2198 1681 2226 credidisse
1696 2199 1767 2235 quod
1778 2199 1818 2226 Dei

226 2257 248 2284 l.
268 2255 464 2286 Tertullianus,
482 2253 710 2281 Montanistarum
725 2253 869 2288 praestigiis
895 2252 970 2279 fasci-

1074 2245 1191 2280 :eplacito
1204 2245 1357 2280 Unigenitus
1373 2245 1418 2280 qui
1437 2249 1498 2272 ante
1519 2245 1620 2272 sttcula
1640 2245 1784 2277 existebat,
1797 2245 1818 2270 in

191 2306 285 2334 natus,
301 2301 431 2336 paulatim
449 2300 478 2327 in
494 2306 589 2327 eorum
606 2303 708 2326 sectam
730 2299 862 2326 inclinare
881 2298 974 2333 ccepit,

192 2357 207 2376 a
219 2355 274 2383 qua
289 2347 399 2375 demum
413 2347 542 2381 abreptus
557 2348 608 2372 est.
634 2344 713 2378 Quod
726 2345 772 2372 ubi
787 2345 977 2372 animadvertit

191 2393 366 2429 Hippolytus,
383 2393 463 2420 binos
477 2391 605 2426 opposuit
626 2390 715 2417 cidem
731 2394 811 2418 sectae
831 2394 975 2422 tractatus,

192 2446 310 2474 quorum
332 2438 447 2464 alterum
463 2436 501 2463 De
517 2435 721 2462 charismatibus
742 2435 893 2470 inscripsit,
908 2435 977 2469 Περὶ

193 2481 403 2518 χαρισμάτων;
429 2479 508 2507 alteri
535 2479 643 2506 titulum
668 2478 820 2513 Apostolica
851 2477 975 2508 traditio,

201 2526 375 2561 Ἀποστολικὴ
388 2524 534 2560 παράδοσις
551 2523 624 2551 fecit.
653 2523 832 2550 Montanistas
847 2523 918 2550 enim
935 2522 977 2548 in-

193 2572 314 2600 valuisse
336 2571 403 2598 falsa
424 2569 555 2598 miracula
584 2569 714 2604 jactando
733 2569 902 2603 exploratum
924 2571 976 2602 est,

193 2624 282 2652 eaque
303 2617 415 2643 ﬁnxisse
436 2623 492 2643 non
512 2619 542 2642 ut
558 2622 678 2650 paganos
691 2614 834 2642 Judmosve
848 2614 881 2642 ad
897 2614 977 2642 ﬁdem

195 2661 396 2698 pertraherent,
425 2660 472 2688 sed
487 2664 515 2687 ut
531 2663 716 2694 perverterent
739 2659 917 2688 orthodoxos.
932 2660 978 2687 Ait

196 2710 287 2733 autem
311 2705 472 2741 Hippolytus
494 2705 660 2733 charismata
680 2705 811 2733 divinitus
834 2705 911 2739 dari,
929 2706 979 2732 οὐκ

196 2752 237 2782 εἰς
249 2750 298 2786 τὴν
312 2751 490 2786 ἐνεργούντων
503 2750 645 2785 ὠφέλειαν,
659 2750 715 2777 ἀλλ’
730 2751 770 2782 εἰς
784 2750 832 2787 τὴν
847 2750 901 2777 τῶν
915 2751 979 2778 ἀπί-

310 2837 321 2853 ¹¹
334 2838 404 2872 Tim.
422 2847 463 2871 Ill,
479 2839 519 2866 l5.

353 2873 459 2910 Hippol.
476 2875 500 2902 in
513 2875 608 2909 psalm.
624 2883 697 2910 inv,
711 2875 737 2908 5,
752 2883 784 2902 ex
797 2874 855 2902 Cati
866 2874 978 2902 Corder.

1025 2297 1142 2320 extremo
1166 2297 1279 2326 tempore
1292 2299 1324 2319 ex
1341 2291 1446 2327 Virgine
1464 2295 1543 2318 natus
1564 2296 1605 2318 est
1619 2291 1680 2318 sine
1695 2292 1749 2318 uiri
1763 2300 1819 2319 con-

1026 2339 1114 2366 cubitu
1129 2347 1138 2366 :
1152 2338 1259 2372 etquod
1278 2338 1305 2364 in
1323 2338 1379 2364 vita
1397 2342 1522 2371 tanquam
1539 2336 1618 2364 homo
1645 2343 1769 2365 versatus
1786 2343 1819 2365 est

1027 2385 1122 2420 absque
1137 2388 1253 2419 peccato,
1271 2383 1377 2418 impleta
1397 2383 1468 2409 omni
1479 2382 1590 2417 justitia
1606 2383 1672 2418 legis
1685 2391 1695 2409 .'
1711 2385 1820 2419 quodque
1864 2387 1865 2419 ξ

1025 2429 1196 2463 permissione
1216 2428 1265 2455 Dei
1287 2427 1358 2454 Deus
1382 2427 1496 2454 Verbum
1535 2427 1671 2455 sustinuit
1706 2437 1810 2457 crucem

1027 2475 1189 2503 confusione
1213 2477 1369 2510 contempta
1390 2482 1397 2501 :
1417 2479 1442 2501 et
1454 2474 1524 2510 quod
1535 2480 1660 2502 mortuus
1673 2481 1727 2508 est,
1743 2484 1773 2503 ac
1789 2484 1820 2502 se-

1026 2521 1114 2556 pultus
1127 2526 1152 2548 et
1167 2520 1312 2548 resurrexit
1327 2521 1355 2547 in
1369 2519 1470 2553 triduo,
1484 2525 1563 2555 atque
1573 2525 1635 2555 post
1651 2523 1820 2550 resurrectio-

1030 2576 1090 2596 nem
1113 2576 1171 2594 cum
1195 2567 1324 2602 apostolis
1348 2566 1440 2594 diebus
1461 2566 1644 2601 quadraginta
1669 2567 1817 2602 permansit.

1028 2613 1203 2648 completaque
1225 2613 1297 2639 omni
1320 2612 1529 2644 constitutione,
1560 2618 1720 2647 assumptus
1743 2617 1780 2640 est
1796 2612 1817 2637 in

1027 2667 1117 2686 eorum
1145 2663 1284 2693 conspectu
1312 2657 1346 2685 ad
1365 2658 1451 2685 Deum
1465 2662 1490 2685 et
1510 2657 1624 2685 Patrem
1639 2659 1687 2693 qui
1700 2667 1761 2685 eum
1773 2657 1815 2684 nli-

1028 2709 1108 2733 serat.
1128 2705 1181 2738 Qui
1196 2704 1251 2732 hac
1273 2704 1395 2737 credidit,
1413 2712 1465 2732 non
1486 2703 1583 2731 stolide
1604 2712 1637 2731 ac
1655 2705 1726 2731 citra
1744 2703 1814 2730 ratio-

1029 2759 1097 2783 nem,
1123 2750 1169 2778 sed
1195 2759 1255 2778 cum
1272 2750 1377 2786 judicio
1399 2757 1432 2778 ac
1452 2750 1623 2784 certitudinc,
1648 2751 1672 2778 is
1692 2750 1811 2778 charis"

1065 2840 1121 2911 ξπ»)
1141 2839 1170 2867 S.
1184 2839 1287 2867 Athan.
1298 2860 1305 2871 ,
1321 2848 1364 2876 ep.
1378 2839 1492 2871 FestaL.
1509 2844 1530 2867 ι.
1549 2839 1646 2877 ΙΙηω.

1079 2875 1121 2911 7d)
1138 2874 1266 2908 Tcrtull.,
1281 2875 1316 2903 De
1333 2884 1377 2903 an.
1397 2884 1437 2904 ιιι.
1455 2884 1481 2905 n.
1496 2876 1551 2903 270
1590 2879 1591 2882 ‘

1079 2875 1121 2911 τά)
1138 2874 1266 2908 Tcrtull.,
1281 2875 1316 2903 De
1333 2874 1377 2903 an.
1397 2884 1437 2904 ιιι.
1455 2884 1481 2905 n.
1496 2876 1551 2903 270
1585 2875 1591 2882 ⁷
