1884 3104
65 188 107 218 537

450 183 748 213 CONSTITUTIONES
762 183 997 212 APOSTOLICE.
1016 199 1051 207 ’-
1069 184 1247 214 ΡΒΟἝΜΙΛ.

1605 185 1656 213 538

66 253 79 271 s
91 244 134 270 De»
149 246 293 269 conm-atus
313 245 351 269 ut
362 248 372 267 :
390 241 513 268 similiter
531 245 556 269 et
570 242 616 277 qui
634 241 666 268 ab
683 241 753 268 omni
767 240 817 268 Iw-
836 241 858 270 Δ
874 240 972 274 fabulis
986 241 1013 268 in
1026 249 1142 269 errorem
1154 241 1248 268 abduci
1261 241 1381 276 patiatur
1395 240 1461 277 (7'1).
1477 241 1562 268 Lubet
1574 242 1656 268 etiam

66 290 106 317 mi
128 292 236 316 unctus
261 287 322 322 fuit.
349 286 426 314 Dona
454 294 519 314 vero
547 294 609 322 qua;
631 286 712 322 vulgo
737 286 823 321 gratis

66 337 116 364 data
132 336 261 366 dicuntur,
279 334 306 361 in
320 332 442 361 Ecclesia
465 332 612 368 quaerenda
632 339 707 364 esse,
723 339 754 359 ac
771 339 823 359 suo

66 388 167 416 tempore
179 387 231 408 non
247 379 367 407 defuisse
381 382 499 406 testatur
521 378 683 413 Hippolytus
702 387 709 406 :
730 377 822 404 Ταῦτα

66 427 87 453 δέ
98 434 174 461 φαμεν
184 445 191 457 ,
204 425 234 451 οὺ
247 424 296 456 τὰς
309 423 419 460 ἀληθεῖς
432 423 600 460 προφητείας
611 423 821 455 ὲξουθενοῦντες.

68 473 142 506 Ἰσιιιν
153 470 204 507 γὰρ
216 470 300 501 αὐτὰς
313 470 374 497 κατ’
383 469 525 496 ἐπίπνοιαν
538 469 605 496 Θεοῦ
619 469 648 496 ἐν
668 471 723 501 τοῖς
740 469 823 501 ὁσίοις

65 517 219 553 ἐνεργεῖσθαι,
233 516 300 544 ἀλλὰ
312 515 343 543 τὺ
356 515 455 551 θράσος
464 515 518 542 τῶν
531 514 764 550 ἀλαζονευομινων
774 523 823 542 κα-

65 563 237 594 ταστέλλοντες.
255 561 320 590 Haec
331 567 418 589 autem
441 561 564 593 dicimus.
589 569 641 588 non
659 560 728 596 quod
748 569 821 588 ueras

65 609 190 644 propheticis
212 612 419 639 contemnamus,
438 615 505 642 quas
519 607 617 634 scimus
629 606 677 633 Dei
691 607 780 642 aﬁlatu
794 607 822 634 in

65 654 147 682 sanctis
161 654 226 689 ﬁeri,
241 653 287 681 sed
308 657 338 680 ut
352 653 534 687 arrogantium
549 652 733 686 conﬁdentiam
750 652 822 679 coiti-

66 700 163 727 icasnts.
184 698 271 733 Atque
283 698 338 726 hoc
351 697 435 725 veluti
448 697 612 733 prooemium
637 696 688 724 fuit
710 697 822 731 majoris

65 745 156 780 operis.
180 744 250 780 quod
275 743 311 771 ad
337 747 439 771 sartam
474 747 628 778 sectamque
661 742 822 771 servandam

66 791 172 818 Ecclesiae
192 789 366 825 disciplinam
391 789 554 825 Hippolytus
577 789 684 824 primus
711 787 823 823 excogi-

65 835 126 862 tavit.

91 881 118 909 ll.
135 881 310 909 Tertullianus
326 880 499 908 traditionum
525 880 629 913 vindex,
649 879 719 906 hisce
739 879 820 906 armis

65 928 90 955 ab
100 927 227 963 Hippolyto
237 932 416 964 expugnatur.
425 942 460 948 --
475 927 543 954 Nam
555 927 578 955 si
593 934 653 961 qua:
664 926 818 960 respublica
837 916 857 943 Β

65 981 116 1001 suas
127 973 216 1000 habuit
239 974 314 1008 leges
329 974 430 1008 quibus
452 976 575 1000 uteretur
591 977 673 1007 atque
687 972 816 1000 consiste

65 1023 105 1051 ret.
121 1027 150 1046 ea
170 1019 290 1054 proiecto
315 1018 367 1046 fuit
380 1018 546 1050 Christiana,
561 1026 622 1053 qua:
640 1017 822 1046 sanctissimis

64 1065 149 1100 legibus
162 1070 240 1100 atque
254 1064 388 1092 institutis
410 1072 460 1092 usa
481 1064 516 1091 ab
537 1064 626 1096 initio,
641 1063 742 1098 ubique
766 1068 820 1090 ter-

64 1118 139 1137 rarum
165 1114 311 1146 propagata
338 1113 389 1138 est.
414 1109 469 1138 Has
491 1110 564 1145 legas
592 1113 674 1144 atque
698 1109 823 1136 instituta

63 1164 111 1190 quae
127 1155 245 1184 Clemens
269 1155 428 1190 collegerat,
454 1154 615 1190 Hippolytus
637 1153 732 1186 edidit.
759 1161 822 1182 curn

63 1201 135 1229 adhuc
148 1201 270 1236 religiose
296 1201 325 1228 in
340 1201 461 1228 Ecclesia
474 1204 670 1228 servarentur:
688 1207 823 1235 nemoque

62 1255 87 1275 ex
103 1247 227 1276 hareticis
251 1251 308 1275 tam
332 1251 406 1275 esset
429 1246 588 1282 impudens,
615 1246 662 1281 qui
678 1253 771 1274 mores
795 1246 823 1273 in

62 1292 166 1321 Ecclesia
185 1297 310 1329 receptos
334 1300 434 1329 negare
457 1296 560 1328 posset.
582 1292 622 1319 Ac
637 1291 824 1320 Tertullianus

62 1339 165 1374 proiecto
186 1346 240 1374 quo
256 1339 373 1367 doctior-
385 1346 420 1367 eo
434 1338 613 1374 pervicacior,
626 1337 705 1365 facile
714 1344 823 1365 omnem

62 1386 255 1414 cohomtionem
271 1393 327 1421 qua
341 1385 375 1413 ad
390 1385 535 1412 sanitatem
557 1387 743 1415 revocaretur,
763 1390 824 1410 om-

61 1439 160 1468 nemque
172 1432 386 1460 conl'utationem
398 1431 501 1458 insanae
512 1431 648 1459 haereseos
661 1437 756 1466 quam,
776 1437 823 1457 ve-

61 1479 128 1506 ritate
154 1479 295 1515 ahnegata,
323 1478 558 1514 amplectebatur,
602 1476 822 1510 contempsisset.

63 1523 136 1552 Unum
145 1529 282 1560 supererat
294 1527 483 1560 argumentum
496 1531 529 1551 es
545 1522 690 1550 traditione
697 1523 823 1557 petitum;

872 286 955 313 unius
969 294 1001 313 ex
1017 285 1217 314 recentioribus
1228 285 1364 320 judicium
1377 286 1412 314 de
1423 286 1476 313 hoc
1494 293 1576 320 opere
1590 293 1656 320 pro-

872 330 953 358 ferre.
968 330 1037 358 Sunt
1052 331 1094 358 illi
1108 338 1232 362 canones,
1256 330 1514 365 Constitutioncsqu
1527 331 1658 366 antiquis-

872 376 956 407 simos,
972 376 1057 403 multa
1080 377 1108 403 in
1123 376 1178 404 illis
1196 376 1415 404 excellentissima
1435 381 1461 403 et
1480 377 1570 412 magni
1591 385 1658 411 pon-

871 421 941 448 deris
953 423 1116 450 continentur
1132 422 1200 457 (78).

908 467 952 496 ΙΙΙ.
982 468 1037 496 Cur
1055 469 1088 495 ab
1112 470 1224 496 auaritia
1249 469 1402 496 damnanda
1424 469 1531 495 initium
1556 469 1657 503 faciant

872 512 1076 541 Constitutiones
1084 515 1272 548 apostolorum.
1281 529 1314 535 —
1322 515 1502 548 Quamobrem
1511 523 1590 542 nerito
1596 523 1657 542 am-

873 560 945 595 plius
962 560 1106 587 mirabitur
1117 560 1141 588 si
1163 561 1197 588 ab
1213 561 1326 588 avaritia
1347 560 1502 588 damnanda
1524 561 1658 596 incipiunt

872 605 1077 632 Constitutiones
1108 606 1259 640 apostolica
1283 615 1293 634 :
1323 606 1467 642 Ἀπέχεσθε
1492 604 1539 633 οὖν
1567 606 1658 641 πάσης

871 650 1036 683 πλεονεξίας,
1057 651 1191 679 Abstinete
1209 652 1290 687 igitur
1313 652 1346 679 ab
1366 652 1439 679 omni
1461 653 1575 679 avaritia
1588 652 1657 687 (79).

871 695 992 732 Namque
1006 697 1058 725 hoc
1071 698 1166 724 vitium
1179 698 1352 725 vehementer
1365 698 1513 733 exprobrat
1530 698 1659 726 Montano

872 742 984 777 suisque
998 743 1167 771 mulierculis
1187 751 1294 772 coaevus
1307 743 1452 780 Hippolyto
1476 748 1571 772 auctor
1593 754 1599 771 :
1630 745 1659 771 ’θ

871 788 1033 824 πρακτῆρας
1055 789 1204 824 χρημάτων
1226 791 1418 826 καταστήσας,
1441 791 1456 817 ὁ
1479 791 1522 816 ἐπ’
1547 790 1659 825 ὀνόματι

872 835 1032 870 προσφορῶν
1043 835 1093 870 τὴν
1106 835 1273 871 δωροληψίαν
1288 836 1512 872 ἐπιτεχνώμενος.
1536 837 1573 863 Οὐ
1586 835 1659 862 δοκεῖ

873 889 912 908 σοι
927 882 1002 908 πᾶσα
1016 882 1109 917 Γραφὴ
1125 881 1238 909 κωλύειν
1252 883 1393 918 προφήτην
1413 881 1561 917 λαμϐάνειν
1574 881 1657 917 δῶρα,

874 928 922 954 καὶ
934 928 1080 963 χρήματα;
1095 928 1158 954 ὅταν
1172 927 1218 954 οὖν
1233 928 1279 954 ῖδω
1298 928 1348 964 τὴν
1363 928 1497 963 προφῆτιν
1520 927 1660 962 εἰληφυῖαν

872 975 920 1001 καὶ
943 974 1043 1010 χρυσὸν
1067 975 1114 1000 καὶ
1136 975 1257 1010 ἄργυρον
1279 974 1325 1001 καὶ
1348 974 1502 1005 πολυτελεῖς
1526 973 1659 1008 ἐσθῆτας,

872 1019 930 1052 πῶς
943 1020 1029 1056 αὐτὴν
1044 1020 1081 1056 μὴ
1095 1021 1299 1056 παραιτήσομαι
1312 1029 1320 1053 ;
1343 1021 1396 1053 Qui
1412 1021 1581 1054 pecuniarum
1595 1027 1661 1047 exa-

872 1071 955 1093 ctores
969 1066 1314 1102 constituit:quisordidum
1323 1075 1458 1093 munerum
1473 1067 1659 1101 captationem,

873 1112 1036 1139 oblationum
1048 1112 1151 1139 nomine
1165 1112 1263 1139 callide
1272 1112 1409 1140 obt‘elavit.
1420 1111 1481 1138 Non
1497 1111 1544 1138 tibi
1559 1111 1661 1138 videtur

873 1155 1013 1191 Scriptura
1036 1157 1158 1183 universa
1186 1157 1340 1191 prohibere.
1365 1165 1396 1184 ne
1409 1156 1535 1190 propheta
1550 1164 1661 1183 munera

872 1207 897 1229 et
905 1203 1028 1237 pecunias
1043 1202 1247 1236 accipiat2Cum
1261 1203 1343 1237 igitur
1355 1202 1456 1229 videant
1470 1201 1662 1236 prophetissam

874 1257 971 1276 aurum
993 1254 1018 1277 et
1039 1255 1189 1285 argentum,
1214 1254 1345 1284 vestesque
1369 1249 1498 1283 pretiosas
1521 1248 1661 1282 accepisse,

872 1295 1002 1331 quomodo
1026 1303 1084 1322 eam
1108 1303 1160 1322 non
1188 1294 1352 1329 repudiubo?
1376 1293 1433 1329 (80)
1463 1293 1563 1321 Vetant
1587 1293 1662 1320 inse-

874 1340 970 1375 quenti
992 1341 1081 1376 capite
1093 1340 1311 1372 Constitutiones,
1335 1339 1489 1367 maledictis
1503 1339 1660 1374 quempiam

873 1386 1029 1414 incessere:
1055 1386 1134 1413 Ἀλλὰ
1157 1385 1309 1422 καταρᾶται
1332 1386 1363 1412 σέ
1381 1394 1441 1418 τις;
1459 1386 1490 1412 σὺ
1516 1385 1664 1421 εὐλόγησον

873 1433 974 1460 αὐτόνε
993 1432 1044 1460 Sed
1065 1433 1161 1468 aliquis
1176 1432 1222 1459 tibi
1237 1431 1394 1460 maledicit?
1407 1437 1436 1459 tu
1447 1432 1552 1459 benedic
1570 1432 1594 1459 ei
1606 1432 1663 1467 (8i)

873 1483 1016 1514 propterea
1035 1478 1110 1513 quod
1136 1478 1304 1506 bacchantes
1336 1477 1528 1509 Montanistze.
1557 1477 1664 1505 nullum

875 1525 954 1552 linem
979 1524 1157 1552 maledicendi
1184 1524 1325 1551 facerent:
1341 1524 1396 1559 Τὴν
1425 1523 1453 1550 δὲ
1477 1523 1590 1550 καθόλου
1617 1523 1666 1550 καὶ

62 1570 115 1598 illud
131 1571 215 1606 ipsum
229 1570 348 1602 scilicet,
362 1576 417 1605 quo
432 1569 456 1597 is
467 1576 517 1604 pro
530 1568 653 1596 Ecclesia
676 1567 824 1595 fortissime

908 1571 965 1597 ισαν
985 1570 1035 1606 τὴν
1054 1570 1107 1597 ὑπὸ
1121 1570 1167 1597 τὸν
1186 1569 1299 1605 οὐρανὸν
1320 1569 1481 1604 Ἐκκλησίαν
1496 1569 1665 1604 βλασφημεῖν

61 1626 228 1654 dimicaverat.
253 1625 322 1653 Nam
347 1633 410 1654 vere
434 1633 490 1660 prae
509 1624 616 1652 caeteris
632 1623 826 1651 animadvertit

61 1671 86 1699 Ε.
98 1672 211 1700 Norisius
225 1683 232 1700 :
252 1672 350 1700 Nullus
362 1676 476 1699 veterum
490 1675 537 1698 aut
552 1675 605 1697 tam
620 1678 698 1705 stepe,
714 1674 761 1696 aut
772 1674 826 1696 tam

61 1718 136 1745 calide
153 1719 318 1746 traditionem
333 1718 484 1751 inculcavit,
508 1722 547 1744 uti
565 1716 746 1744 Tertullianus
758 1715 824 1752 (75).

61 1762 108 1791 Hoc
120 1764 207 1800 itaque
231 1765 291 1794 telo.
308 1764 392 1792 veluti
410 1764 444 1792 de
467 1763 554 1798 ipsius
572 1763 700 1790 manibus
721 1766 825 1797 erepto.

61 1807 205 1845 Hippolytus
229 1809 356 1838 furentes
378 1809 500 1836 Montani
518 1808 637 1836 asseclas
659 1807 828 1842 compescuit

61 1862 87 1881 ac
98 1863 173 1890 prope
185 1856 295 1884 delevit.
315 1855 369 1883 Sed
391 1855 438 1891 qui
450 1854 578 1882 Ecclesiae
599 1853 705 1889 legibus
720 1853 754 1880 ab
769 1852 827 1880 ori-

62 1901 113 1935 gine
129 1903 247 1937 repetitis
272 1909 354 1930 unam
378 1908 478 1930 sectam
505 1908 651 1936 aggressus
665 1905 718 1932 est,
734 1900 827 1934 plures

62 1947 118 1975 alias
131 1948 305 1983 imposterum
324 1951 471 1976 cxorturas
483 1947 578 1975 eodem
590 1946 683 1974 labore
697 1945 825 1974 coniecit.

62 1991 181 2029 llippolyti
196 1998 272 2022 certe
283 2001 418 2021 canonum
439 1993 565 2021 collectio
580 1992 648 2020 adeo
659 1992 772 2027 probata
786 1995 829 2019 est

62 2039 104 2065 sub
121 2039 210 2067 eodem
234 2039 325 2073 titulo,
355 2046 409 2074 quo
430 2039 457 2065 in
473 2039 560 2073 ipsius
584 2044 737 2065 marmorea
763 2037 828 2065 sede

62 2083 104 2110 iuit
125 2085 252 2120 inscripta
279 2084 430 2120 Παράδοσις
456 2083 631 2118 ama-soluti].
657 2086 686 2110 ut
704 2082 828 2110 eamdem

62 2130 243 2158 Constantinus
265 2130 302 2158 M.
313 2130 384 2157 haud
401 2129 486 2158 semel
499 2129 638 2165 episcopis
657 2128 830 2156 commenda-

61 2176 119 2202 verit
140 2176 205 2211 (76)
231 2181 312 2211 atque
342 2183 357 2202 a
377 2175 429 2203 PP.
454 2175 525 2202 inter
544 2175 679 2209 praecipua
702 2173 829 2201 Ecclesiae

61 2223 247 2257 propugnacula
271 2221 404 2249 adversus
419 2221 561 2248 haereticos
578 2220 659 2247 fuerit
674 2219 827 2252 recensita;

61 2268 100 2293 ml.
125 2269 179 2304 ὅροι
202 2268 257 2304 γὰρ
279 2267 410 2304 ἐτέθησαν
438 2268 520 2302 ἡμῖν,
543 2266 590 2292 καὶ
618 2265 754 2300 Θεμιλιοι,
783 2265 830 2291 καὶ

61 2315 171 2351 οἰκοδομὴ
191 2315 242 2351 τῆς
260 2315 387 2346 πίστεως,
405 2314 451 2340 καὶ
472 2312 636 2339 Ἀποστόλων
651 2310 831 2347 παραδόσεις,

61 2361 100 2386 καὶ
111 2362 209 2396 γραφαὶ
226 2361 313 2396 ἃγιαι,
329 2361 376 2387 καὶ
396 2359 517 2395 διαδοχαὶ
535 2356 718 2389 διδασκαλίας,
739 2357 787 2383 ιια)¹
801 2356 833 2382 ὲκ

61 2406 212 2442 πανταχόθεν
236 2407 255 2442 ἡ
279 2406 390 2442 ἀλήθεια
414 2405 462 2432 τοῦ
486 2404 553 2431 Θεοῦ
577 2403 757 2440 ἡσφάλισται,
785 2403 833 2430 καὶ

63 2452 143 2487 μηδεὶς
161 2453 310 2480 ἀπατάσθω
330 2454 386 2484 τοῖς
407 2452 508 2483 καινοῖς
530 2450 634 2486 μύθοις,
652 2449 723 2477 Nam
743 2454 768 2476 et
784 2453 834 2476 ter-

62 2498 117 2525 mini
137 2500 282 2534 prtrscripti
306 2499 379 2526 nobis
401 2503 472 2530 sunt,
499 2502 524 2525 et
547 2496 718 2532 fundamenta
745 2496 833 2531 posita

61 2549 82 2570 et
105 2545 162 2579 ﬁdei
189 2551 345 2578 structura,
373 2549 402 2573 et
433 2545 618 2580 apostolorum
651 2544 830 2575 traditiones,

61 2594 82 2616 et
94 2599 171 2619 sacra
181 2592 285 2624 littera,
299 2597 324 2619 et
336 2591 446 2619 cwlestis
462 2592 593 2619 doctrinae
608 2594 754 2626 propagata
768 2598 832 2618 suc-

62 2636 150 2670 cessio,
163 2646 193 2665 ac
209 2638 318 2674 denique
330 2637 419 2665 divina
438 2638 533 2665 veritas
549 2645 581 2664 ea:
596 2638 666 2664 omni
682 2641 755 2671 parta
771 2644 830 2662 mu-

62 2680 112 2708 nita
127 2687 175 2711 cst.
200 2687 226 2711 et
247 2684 398 2711 constituta.
427 2681 542 2710 Proinde
564 2690 639 2710 nemo
661 2690 689 2710 se
708 2680 831 2709 inanibus

161 2770 241 2808 Eoris
257 2771 343 2808 ομ).
358 2771 403 2808 lli,
419 2772 473 2808 col.
491 2771 567 2800 10m.

104 2806 144 2878 ῖς)
160 2806 210 2842 Ap.
227 2806 292 2848 Eus'.
304 2806 343 2834 De
362 2807 414 2834 Vit.
433 2806 524 2835 Const.
537 2815 578 2839 ιιι,
591 2806 635 2834 67.

104 2840 131 2878 '_l_
163 2840 302 2878 _SA.AEpiph.
315 2843 382 2878 hair.
398 2850 441 2874 LV,
455 2842 482 2869 ὅ.

118 2806 133 2832 ti

161 2770 241 2800 Noris
257 2771 306 2808 0p.
321 2775 343 2800 ι.
358 2771 403 2803 Ill,
419 2772 473 2799 col.
491 2771 517 2799 lC

118 2806 133 2832 ti
160 2806 210 2842 Ap.
227 2807 292 2848 Eus.
304 2806 343 2834 De
362 2807 414 2834 Vit.
433 2806 513 2834 Const

103 2840 134 2903 is
162 2840 302 2918 Emittit
314 2842 517 2910 ῧῗξέτξῗίῗλδ.

93 2909 136 2945 (79
166 2908 278 2940 Constit.
295 2921 337 2947 ap.
354 2915 397 2945 1,1

93 2908 147 2947 (79)
166 2908 278 2940 Constit.
295 2921 337 2948 ap.
354 2915 397 2945 1,1

875 1616 1044 1648 διδάσκοντος
1057 1616 1104 1643 τοῦ
1117 1616 1354 1652 ἀπηυθαδισμένου
1375 1616 1539 1651 πνεύματος.
1556 1615 1666 1642 Univer-

876 1672 934 1691 sam
949 1671 1019 1695 vero,
1032 1671 1092 1698 qua:
1101 1671 1146 1697 per
1160 1662 1247 1690 orbem
1259 1667 1390 1689 terrarum
1405 1670 1499 1696 sparsa
1513 1666 1563 1693 est,
1576 1661 1666 1688 Eccle-

877 1710 958 1742 sium,
974 1709 1042 1736 idem
1063 1709 1108 1736 illa
1132 1709 1366 1743 arrogantissimus
1387 1709 1496 1742 spiritus
1516 1708 1664 1735 maledictis

877 1761 998 1792 appetere
1011 1764 1054 1783 eos
1066 1755 1175 1782 docebat
1187 1755 1254 1792 (εἳ).
1270 1755 1338 1782 Illud
1363 1755 1449 1789 magis
1464 1755 1574 1785 mirum,
1591 1754 1665 1788 quod

877 1801 1101 1830 Constitutionum
1118 1801 1281 1836 compilator
1297 1800 1349 1828 sub
1368 1800 1475 1826 initium
1490 1803 1544 1826 tam
1561 1799 1666 1826 multus

877 1849 914 1876 sit
929 1849 957 1876 in
972 1849 1093 1875 virorum
1119 1851 1245 1875 ornatum
1267 1855 1273 1873 :
1299 1846 1378 1882 quasi
1401 1853 1466 1872 vero
1478 1845 1664 1880 apostolorum

876 1902 934 1923 arvo
958 1895 985 1922 id
1008 1894 1137 1929 probrum
1161 1893 1318 1920 inolevissct
1335 1900 1340 1918 :
1360 1892 1405 1928 Μὴ
1432 1890 1667 1926 καλλωπιζόμενος

877 1943 917 1974 εις
929 1941 961 1968 τὸ
974 1939 1141 1977 ἀγρευθῆναι
1154 1948 1249 1966 τινα...
1261 1938 1353 1974 Πιστῷ
1367 1938 1423 1974 γάρ
1437 1946 1479 1964 σοι
1492 1937 1550 1964 δντι
1563 1937 1611 1963 καὶ
1620 1937 1668 1963 ἀν-

878 1988 979 2025 θρώπῳ
992 1987 1039 2015 τοῦ
1049 1987 1128 2018 Θεοῦ,
1143 1987 1193 2013 οὒκ
1214 1985 1302 2018 ἔξεστι
1315 1985 1425 2021 τρέφειν
1439 1983 1488 2016 τὰς
1508 1983 1604 2019 τρίχας
1617 1983 1668 2018 τῆς

878 2035 1015 2071 κεφαλῆς,
1035 2035 1083 2061 καὶ
1106 2034 1192 2060 ποιεῖν
1219 2033 1259 2064 εἰς
1283 2032 1323 2063 ἐν,
1350 2031 1364 2058 ὅ
1387 2031 1445 2058 ἐστι
1470 2029 1626 2056 σπατάλιον·
1649 2029 1668 2065 ἢ

877 2081 1019 2117 ἀπόχυμα,
1039 2081 1056 2116 ἢ
1079 2079 1283 2116 μεμερισμένην
1303 2079 1407 2114 τηρεῖν·
1429 2077 1489 2104 οὐδὲ
1515 2077 1563 2112 μὲν
1588 2076 1668 2110 όγκο-

879 2129 976 2159 ποιεῖν,
989 2127 1007 2162 ἢ
1021 2126 1191 2159 διαξαίνοντά
1203 2134 1233 2152 τε
1248 2125 1295 2152 καὶ
1309 2123 1462 2150 πλάσσοντα
1483 2122 1564 2158 οὔλην
1583 2121 1669 2148 διατι-

879 2174 950 2206 οεῖν,
966 2173 983 2209 ἢ
998 2173 1164 2206 ξανθοποιεῖν
1179 2172 1272 2207 αὑτήν.
1294 2170 1336 2197 Ne
1352 2178 1427 2197 ornes
1444 2173 1478 2202 te,
1494 2173 1522 2195 ut
1536 2168 1668 2204 quapiam

880 2218 1100 2254 capiatur...Tibi
1114 2219 1183 2246 enim
1197 2218 1242 2253 qui
1255 2217 1342 2252 ﬁdelis
1360 2221 1385 2243 et
1400 2215 1477 2242 homo
1494 2215 1541 2242 Dei
1561 2223 1599 2245 cs,
1616 2222 1668 2241 non

884 2267 943 2295 licet
958 2265 1058 2292 nutrire
1071 2272 1184 2295 comam,
1200 2268 1225 2290 et
1242 2263 1268 2290 in
1282 2270 1363 2289 unum
1377 2261 1509 2296 colligere,
1526 2259 1595 2295 quod
1610 2267 1670 2294 spa-

884 2314 979 2340 talium
991 2316 1030 2339 est
1044 2320 1052 2339 :
1064 2311 1102 2338 vel
1117 2309 1260 2345 effundere.
1269 2314 1314 2336 aut
1325 2307 1536 2335 discriminatam
1546 2314 1650 2333 servare
1658 2315 1668 2331 :

883 2366 964 2393 neque
978 2358 1057 2385 etiam
1072 2355 1238 2391 tumej‘acere,
1251 2362 1331 2389 neque
1345 2352 1474 2387 carpendo
1487 2360 1517 2378 ac
1529 2350 1669 2386 formando

883 2405 998 2438 crispum
1022 2402 1140 2434 reddere,
1170 2409 1250 2436 neque
1274 2408 1333 2427 eant
1361 2399 1458 2433 ﬂavam
1487 2397 1573 2432 facere
1598 2395 1667 2432 (85).

882 2449 971 2484 Atque
992 2449 1016 2476 is
1030 2447 1139 2483 quidem
1162 2447 1253 2474 cultus
1282 2445 1361 2472 facile
1382 2444 1409 2471 in
1423 2443 1611 2478 Cataphrygns
1625 2442 1669 2469 vel

883 2494 1063 2521 Montanistas
1077 2492 1198 2520 Asiatico
1214 2493 1278 2519 luxu
1291 2491 1445 2519 dillluentes
1460 2489 1560 2517 invasit
1577 2497 1583 2514 :
1596 2488 1670 2524 quod

882 2543 909 2568 et
924 2540 1084 2575 Apollonius
1105 2539 1172 2574 ipsis
1197 2538 1310 2573 objicit:
1334 2536 1499 2572 Προφήτης,
1524 2534 1585 2562 εἰπέ
1612 2543 1669 2569 μοι,

882 2585 1034 2621 primaut;
1056 2585 1198 2621 προφήτης
1222 2583 1389 2615 πιῦίζεταις
1405 2582 1547 2618 προφήτης
1561 2580 1670 2614 φιλοκο-

882 2633 965 2668 (ipsi;
988 2632 1037 2659 Dic
1057 2632 1136 2663 mihi,
1161 2631 1270 2666 tingitne
1295 2629 1406 2664 capillos
1430 2627 1579 2663 propheta!
1606 2634 1668 2654 num

880 2677 1006 2712 propheta
1025 2676 1104 2705 stibio
1119 2676 1208 2704 oculos
1226 2675 1308 2703 linit?
1330 2684 1365 2702 an
1384 2674 1473 2702 studet
1495 2681 1585 2702 ornari
1606 2680 1664 2707 ργοσ

917 2769 974 2805 (80)
993 2768 1118 2804 Apollon.
1135 2776 1178 2803 ap.
1193 2765 1293 2805 Eusebi
1311 2766 1346 2794 Η.
1363 2766 1394 2794 Ε.
1408 2774 1432 2796 v.
1447 2765 1489 2793 18.

916 2803 973 2839 (81)
993 2803 1106 2832 Οὸηειὶι.
1120 2811 1163 2838 ap.
1178 2812 1196 2835 1,
1206 2803 1235 2830 2.

915 2838 972 2875 (82)
992 2839 1042 2875 Ap.
1056 2839 1168 2870 Euseb,
1183 2847 1210 2871 v,
1221 2838 1264 2875 i6.

915 2873 972 2912 (85)
992 2873 1104 2903 οὸηειὶι.
1125 2882 1168 2910 ap.
1185 2882 1205 2907 ι,
1221 2873 1247 2902 3.
