1884 3104
197 184 249 212 53"

631 183 651 211 S
677 182 874 212 CLEMENTIS
890 183 900 210 I
917 181 1001 210 ROM.
1018 180 1118 209 PONT.
1136 179 1251 209 OPERA
1266 178 1379 208 DUBIA.

196 242 295 276 pheta?
307 240 364 275 (ει)
391 239 493 267 Deinde
507 239 541 267 ad
556 239 737 267 coercendam
753 238 976 266 muliercularum
991 242 1015 269 Α
1028 236 1145 264 maxime
1168 236 1326 263 nitebantur
1343 235 1514 263 Montanistat
1527 243 1534 262 :
1550 239 1578 261 at
1600 237 1678 262 certa
1699 233 1812 269 jejunia,

197 287 346 318 licentiam.
360 294 421 322 qua:
435 286 519 313 nimia
534 290 595 313 em
608 286 681 315 apud
695 285 885 316 Montanistas,
903 284 980 319 plura

195 337 381 369 congeruntur
395 333 422 360 in
436 333 524 367 primo
536 332 762 359 Constitutionum
777 332 857 364 libro.
872 330 982 358 eadem-

196 388 250 415 que
263 383 321 406 toto
334 387 415 414 opere
427 379 528 414 saepius
540 378 722 405 inculcantur.
746 377 893 404 Maximilla
909 381 982 404 certe

197 424 424 452 Montanistarum
448 423 631 458 prophetissa.
647 422 753 449 nullum
774 421 869 448 habuit
892 419 981 447 infen-

199 470 301 498 siorem
320 469 483 505 Hippolyto,
499 468 545 503 qui
571 475 670 495 novam
689 466 840 494 Jesabelem
864 465 892 492 in
906 465 981 500 Apo—

196 514 300 550 calypsi
327 518 523 545 memoratam,
558 512 645 547 ipsam
674 511 759 539 fuisse
787 511 980 546 interpretatus

196 564 238 588 est
253 559 320 594 (85).

232 605 276 632 Ν.
298 604 409 632 Errare:
420 604 647 632 Montanistarum
665 604 821 638 singillatim
836 604 868 630 ab
882 602 981 637 Hippo-

196 652 251 687 lgto
259 651 358 685 reiecti.
366 665 399 671 -—
406 650 459 679 Sed
466 659 554 686 tneque
567 652 639 678 ullus
648 658 727 678 error
740 650 866 685 proprius
877 649 982 677 Μοιιιοο

195 698 330 724 nistarum
356 695 417 729 fuit.
433 696 480 732 qui
502 705 556 724 non
574 696 713 724 refellatur
733 696 761 723 in
778 695 981 723 Constitutioni-

196 742 256 770 bus.
278 742 318 769 llli
342 742 478 775 negabant
492 741 621 769 Ecclesiae
645 745 808 776 potestatem
827 740 980 768 dimittendi

195 788 320 822 graviora
340 787 467 819 crimina,
490 787 696 814 Constitutiones
716 787 816 822 ubique
835 789 979 814 asserunt:

195 833 250 860 Καὶ
268 835 322 865 τοῖς
338 833 510 869 μετανοοῦσιν
530 833 626 868 ἄφεσιν
645 832 742 859 διδόναι
755 832 841 868 χρή...
862 830 981 867 Γνώριζε

193 877 251 912 οὖν,
265 877 288 906 ὦ
301 879 444 911 ἐπίσκοπε,
455 879 485 906 τὸ
504 879 614 914 ἀξίωμά
632 887 679 905 σου
690 898 697 910 ,
709 879 750 905 ὃτι
761 878 798 909 ὡς
812 876 859 904 τοῦ
872 877 980 912 δεσμεῖν

193 924 341 960 ὲκληρώσω
354 925 403 960 τὴν
418 924 556 957 ἐξουσίαν,
577 913 648 951 οὕτω
663 925 709 951 καὶ
727 923 775 950 τοῦ
789 923 872 950 λύειν.
894 923 979 950 Ρωηί-
995 913 1016 940 Β

194 969 307 997 tentibtu
323 975 410 997 autem
432 970 508 997 venia
525 969 690 997 concedenda
707 973 780 997 est...
793 969 910 1004 Agnosce
929 969 980 1003 igi-

193 1019 247 1047 tur.
266 1015 395 1049 episcope.
416 1014 572 1050 dignitatem
594 1019 678 1046 tuam,
699 1013 768 1050 quod
782 1015 850 1041 sicut
869 1014 978 1041 sortitus

191 1068 219 1087 es
234 1064 388 1094 potestatem
407 1060 518 1096 ligandi,
540 1061 580 1087 ita
602 1065 627 1087 et
646 1059 772 1087 solvendi.
799 1059 979 1087 Montanistas

192 1112 283 1134 autem
308 1107 394 1142 digito
418 1110 553 1134 monstrat
575 1110 682 1139 auctor,
708 1106 753 1133 ubi
770 1106 824 1132 ait:
840 1105 919 1138 Δέξαι
933 1103 979 1132 οὖν

191 1152 236 1178 τὸν
253 1151 432 1187 μετανοοῦντα
448 1153 486 1188 μὴ
504 1151 637 1183 διστάζων
650 1151 728 1183 ὅλως,
746 1151 813 1187 μηδὲ
834 1160 979 1187 nuptum-

190 1197 328 1233 διζόμενος
339 1197 392 1224 ὑπὸ
405 1197 459 1224 τῶν
472 1197 593 1232 ἀνηλεῶς
603 1197 736 1231 λεγόντων
748 1216 755 1228 ,
772 1197 809 1233 μὴ
824 1196 878 1223 δεῖν
891 1196 979 1223 τοιού-

191 1252 247 1275 τοις
272 1243 502 1279 συμμολύνεσθαι,
526 1244 594 1279 μήτε
614 1243 694 1277 λόγου
718 1244 866 1270 κοινωνεῖν.
892 1242 979 1279 Igitur

191 1289 355 1323 pwnitentem
370 1289 471 1324 recipe;
488 1297 533 1316 nec
547 1295 571 1316 te
587 1289 720 1316 ullatenus
732 1288 854 1316 dubitare
864 1288 977 1323 faciant,

191 1341 238 1362 aut
258 1344 274 1362 a
287 1336 421 1370 proposito
444 1335 591 1366 retrahunt.
608 1336 652 1370 qui
677 1335 922 1362 immisericorditer
937 1335 979 1363 di-

191 1385 264 1411 cunt,
276 1389 326 1407 non
343 1385 461 1414 oportere
474 1388 535 1407 cum
546 1380 698 1415 hujusmodi
708 1380 883 1414 coinquinari,
899 1387 979 1414 neque

191 1426 231 1453 uel
245 1434 363 1453 sermone
381 1426 575 1454 communicare
586 1425 655 1461 (86).
677 1425 740 1453 Hac
755 1426 886 1453 adversus
902 1425 980 1452 Mon-

190 1473 306 1500 tanistas
329 1472 403 1499 dicta
424 1479 486 1500 esse
505 1472 645 1499 adnotavit
659 1471 825 1503 Cotelerius,
840 1475 888 1499 aut
901 1475 979 1499 vetu-

190 1519 292 1545 stiores
317 1518 399 1545 etiam
426 1517 585 1550 haereticos,
607 1518 732 1552 quamvis
756 1517 923 1545 Mosbemius
943 1517 978 1544 ad

189 1563 357 1590 Novatianos
379 1571 520 1598 perperam
544 1563 682 1590 distulerit
706 1563 772 1599 (87),
796 1563 869 1591 Neve
892 1563 977 1590 ullum
991 1578 1012 1607 ο

189 1609 292 1636 crimen
307 1617 348 1636 est
358 1609 394 1644 ipi
408 1612 511 1644 posset,
527 1610 649 1644 exempla
665 1609 842 1644 proferuntur
853 1609 973 1641 Davidis,

189 1659 216 1682 et
230 1653 378 1687 Manassis,
397 1662 514 1690 quorum
530 1663 602 1682 unus
618 1655 743 1682 mmchiae
765 1659 847 1690 atque
860 1655 977 1682 homici-

188 1700 238 1733 dii,
255 1700 324 1728 alter
343 1700 504 1728 idololatriae
526 1708 589 1728 reus
615 1700 726 1728 fuerat:
745 1701 803 1728 haec
819 1701 892 1728 enim
911 1708 975 1735 pec-

189 1751 251 1774 cata
265 1746 439 1782 excipiebant
451 1746 634 1779 Montanistae,
646 1754 715 1782 quos
730 1747 814 1774 veluti
827 1747 975 1782 alloquitur

189 1791 413 1819 Constitutionum
429 1797 525 1820 auctor
539 1800 602 1820 cum
618 1793 657 1820 ait
673 1800 680 1817 :
700 1791 808 1824 Μείζων
834 1792 976 1818 εἰδωλολα-

187 1838 280 1873 τρείας
293 1838 343 1880 οὐκ
356 1838 429 1865 ἐστιν
444 1838 576 1874 ἁμαρτία.
599 1839 647 1870 Εἰς
661 1838 726 1865 Θεὸν
740 1838 794 1874 γάρ
807 1839 865 1866 ὲστι
879 1839 974 1866 δυσσέ-

187 1883 257 1911 6εια.
285 1884 353 1910 Ἀλλ’
374 1884 449 1920 ὅμως
471 1884 518 1911 καὶ
540 1884 610 1920 αὑτὴ
631 1884 675 1911 διὰ
695 1885 809 1920 γνησίας
832 1885 975 1920 μετανοίας

188 1929 405 1966 συγκεχώρηται.
427 1929 539 1958 Gravius
558 1929 684 1957 delictum
703 1929 862 1957 idololatria
880 1939 932 1958 non
946 1939 974 1958 re

187 1977 288 2010 peritur
302 1984 311 2003 :
325 1981 364 2004 est
383 1977 454 2004 enim
477 1977 506 2004 in
517 1977 601 2004 Deum
625 1977 748 2011 impietas
770 1984 780 2003 :
802 1977 972 2004 nihilominus

188 2027 276 2049 tamen
289 2027 313 2049 et
325 2022 392 2049 illud
405 2030 451 2057 per
464 2023 593 2050 sinceram
607 2022 786 2057 paenitentiam
797 2023 973 2050 condonatum

186 2073 226 2096 est
237 2069 306 2104 (88).
324 2068 363 2096 llli
389 2069 524 2097 secundas
549 2069 658 2104 nuptias
679 2068 855 2102 damnabant,
870 2077 930 2105 quae
944 2070 973 2097 in

187 2114 427 2142 Constitutionibus
443 2115 480 2141 ita
494 2121 550 2142 non
571 2114 772 2150 improbantur,
785 2119 815 2142 ut
829 2115 973 2144 manifeste

187 2163 319 2194 arguatur
340 2159 495 2187 contrarius
519 2167 617 2186 error:
635 2159 720 2193 Λόγον
735 2159 828 2194 ὑφέξει
847 2161 885 2196 τῷ
897 2161 971 2196 Θεῷ,

185 2205 235 2240 οὐχ
249 2205 290 2231 ὅτι
302 2204 419 2241 δευτέρῳ
432 2205 513 2240 γάμῳ
529 2204 650 2240 συνήφοη
663 2224 670 2236 ,
685 2204 742 2231 ἀλλ’
756 2205 798 2232 ὅτι
809 2206 859 2241 τὴν
873 2206 972 2242 ἑαυτῆς

1031 287 1113 318 atque
1131 290 1213 309 unam
1228 281 1470 317 Quadragesimam
1486 281 1578 316 prisco
1603 288 1683 308 more
1701 288 1812 308 servan-

1030 327 1094 355 dam
1109 327 1317 355 Constitutiones
1333 330 1486 354 memorant
1503 334 1509 352 :
1538 326 1618 362 Ὑμῖν
1639 325 1780 360 φυλακτέα
1798 327 1813 362 ἡ

1030 372 1195 409 νηστείατῆς
1207 372 1441 410 Τεσσαρακοστῆς,
1460 373 1568 408 μνήμην
1589 372 1756 408 περιέχουσα
1768 373 1814 408 τῆς

1030 419 1078 446 τοῦ
1093 420 1195 456 Κυρίου
1209 420 1345 452 πολιτείας
1359 428 1389 447 τε
1402 420 1449 446 καὶ
1463 418 1631 455 νομοθεσίας.
1651 418 1813 447 Seruandum

1031 466 1102 493 vobis
1124 471 1164 494 est
1180 466 1312 501 jejunium
1323 464 1551 501 Quadragesimte,
1570 465 1709 493 continens
1732 473 1814 492 recor-

1030 511 1162 539 dationem
1175 512 1380 539 conversationis
1391 511 1546 545 Dominicte,
1562 517 1586 539 et
1599 512 1664 546 legis
1676 512 1741 539 laus
1749 511 1812 547 (90).

1031 557 1153 593 Denique
1165 557 1335 585 Montanistte
1350 552 1436 585 'nefas
1456 565 1519 585 esse
1535 557 1645 585 aiebant
1656 557 1814 585 Christiano

1032 603 1250 639 persecutionem
1282 603 1390 638 fugere;
1410 601 1619 630 Constitutiones
1643 605 1761 632 contra.
1782 609 1813 628 ex

1031 649 1074 676 his
1088 656 1149 684 qua:
1166 647 1302 684 Hippolyti
1324 655 1423 675 nomen
1445 647 1636 683 praeseferunt,
1653 655 1710 674 non
1732 647 1809 675 modo

1030 701 1063 721 ex
1086 693 1226 729 Evangelii
1251 693 1413 728 praescripto
1438 693 1572 728 fugientes
1596 692 1813 727 persecutionem

1031 742 1154 770 tuentur,
1173 739 1221 766 sed
1242 737 1356 766 laudant
1377 738 1460 765 etiam
1479 744 1512 764 ac
1533 736 1666 764 fratribus
1681 743 1813 763 commen-

1030 783 1116 811 dant:
1134 783 1204 815 Τοὺς
1225 783 1406 818 διωκομένους
1423 782 1467 809 διὰ
1487 782 1589 813 πίστιν.
1611 781 1660 808 καὶ
1677 782 1720 812 είς
1743 781 1813 808 πόλιν

1030 831 1063 857 ὲκ
1076 830 1180 862 πόλεως
1199 829 1357 864 φεύγοντας,
1378 828 1422 855 διὰ
1439 828 1470 855 τὸ
1484 827 1636 867 μεμνῆσθαι
1656 827 1712 854 τῶν
1733 827 1813 862 λόγων

1029 876 1077 903 τοῦ
1094 876 1218 912 Κυρίου,
1246 873 1495 911 προσλαμϐάνεσθε.
1532 873 1726 908 Ἐπιστάμενοι
1749 873 1813 908 γὰρ,

1030 923 1071 950 ὅτι
1095 922 1126 949 τὸ
1151 922 1199 957 μὲν
1220 921 1328 956 πνεῦμα
1351 919 1501 956 πρόθυμον,
1517 919 1534 954 ἡ
1548 919 1576 945 δὲ
1600 919 1670 955 σὰρξ
1691 919 1813 954 ἀσθενὴς,

1029 968 1265 1004 ἀποδιδράσκουσι,
1285 967 1333 993 καὶ
1355 966 1405 1002 τὴν
1428 965 1555 1001 ἁρπαγὴν
1570 964 1624 991 τῶν
1639 965 1814 1000 ὑπαρχόντων

1029 1015 1177 1051 προΐενται,
1195 1014 1238 1040 ἵνα
1258 1013 1438 1048 ἁνεξάρνητον
1457 1012 1485 1038 ὲν
1499 1011 1605 1042 ἑαυτοῖς
1622 1011 1655 1037 τὸ
1671 1011 1759 1046 ὕνομα
1771 1010 1814 1038 τοῦ

1028 1061 1145 1097 Χριστοῦ
1169 1060 1378 1096 διατηρήσωσιν.
1409 1059 1593 1093 Ἐπικουρεῖτε
1613 1055 1660 1084 οὖν
1678 1057 1770 1088 αὐτοῖς
1785 1057 1815 1083 τὰ

1029 1109 1097 1145 πρὸς
1110 1108 1215 1144 χρείαν,
1229 1107 1338 1143 ἐντολὴν
1353 1105 1495 1142 Κυριακὴν
1510 1105 1687 1141 πληροῦντες.
1707 1104 1761 1132 Eos
1775 1106 1815 1140 qui

1028 1155 1234 1189 persecutionem
1257 1155 1398 1187 patiuntur
1421 1153 1483 1187 ﬁdei
1507 1160 1600 1183 causa,
1620 1158 1646 1178 et
1666 1152 1700 1179 de
1715 1152 1815 1178 civitate

1029 1201 1056 1227 in
1082 1200 1213 1227 civitatem
1239 1199 1366 1234 fugiunt,
1390 1198 1460 1233 quod
1488 1197 1654 1224 meminerint
1679 1199 1814 1224 uerborum

1029 1246 1138 1273 Domini
1159 1245 1216 1280 (9|)
1242 1245 1377 1279 suscipite.
1400 1243 1468 1271 Cum
1491 1243 1563 1270 enim
1581 1243 1673 1270 norint
1693 1244 1814 1278 spiritum

1028 1292 1134 1328 quidem
1146 1297 1297 1326 promptum
1311 1299 1377 1321 esse.
1386 1298 1493 1317 carnem
1504 1297 1564 1317 vero
1572 1290 1723 1324 inﬁrmam,
1738 1290 1814 1323 aufu-

1028 1339 1116 1373 giunt,
1131 1342 1156 1365 et
1169 1337 1328 1372 facultatum
1351 1344 1461 1363 suarum
1472 1336 1647 1370 direptionem
1661 1336 1813 1370 permittunt

1029 1392 1061 1411 ac
1075 1384 1218 1419 negligant.
1235 1387 1264 1409 ut
1275 1383 1302 1409 in
1314 1390 1341 1410 se
1354 1383 1421 1416 ipsis
1437 1390 1531 1409 nomen
1545 1381 1644 1409 Christi
1670 1382 1812 1414 illibatum,

1028 1433 1053 1456 et
1072 1429 1209 1464 negatione
1234 1436 1285 1454 non
1307 1426 1440 1461 proditum
1467 1431 1628 1454 conservent.
1646 1425 1813 1461 Suppeditate

1028 1482 1089 1509 ergo
1104 1474 1159 1500 illis
1171 1481 1229 1508 qua:
1244 1478 1306 1500 sunt
1315 1472 1473 1504 necessaria,
1484 1471 1639 1499 mandatum
1648 1472 1812 1501 Dominicunl

1029 1520 1201 1554 adimplentes
1214 1518 1281 1555 (92).

1065 1565 1097 1594 V.
1120 1566 1227 1601 Proprii
1241 1565 1400 1593 Tertulliani
1421 1573 1525 1593 errores
1547 1564 1579 1592 ab
1596 1565 1742 1601 Hippolyto
1756 1574 1813 1594 con-

1026 1614 1117 1650 futari.
1126 1628 1162 1634 ——
1172 1612 1213 1640 Ad
1223 1613 1280 1640 haec
1291 1611 1477 1640 Tertullianus
1488 1611 1670 1644 Montanista,
1691 1620 1727 1639 ex
1743 1620 1813 1640 novat

1028 1664 1110 1689 sectae
1129 1659 1263 1687 institutis
1284 1657 1453 1686 consectaria
1467 1657 1591 1692 quaedam
1608 1657 1733 1692 deduxit,
1746 1659 1812 1686 unde

1025 1709 1053 1734 et
1063 1705 1191 1741 privatim
1205 1711 1315 1732 errores
1330 1703 1399 1730 alios
1415 1703 1522 1730 ascivit.
1535 1702 1700 1737 Cuiusmodi
1716 1704 1762 1731 ille
1774 1707 1812 1731 δι

1024 1759 1105 1787 quem
1123 1751 1197 1779 edito
1212 1751 1282 1777 libro
1302 1749 1339 1776 De
1351 1749 1415 1783 fuga
1431 1749 1457 1775 in
1472 1749 1653 1783 persecutione
1664 1748 1756 1782 docet,
1773 1749 1811 1776 sui

1024 1795 1169 1826 Paracleti,
1190 1792 1312 1821 Montani
1327 1793 1433 1820 scilicet
1447 1795 1611 1821 auctoritate
1626 1793 1726 1827 fretus,
1741 1795 1812 1820 nulla

1025 1842 1162 1870 occasione
1185 1840 1342 1875 martyrium
1368 1838 1495 1866 redimere
1521 1839 1564 1874 fas
1585 1847 1652 1867 esse.
1675 1840 1812 1868 Adversus

1024 1895 1084 1916 eam
1099 1886 1262 1915 sententiam
1274 1885 1331 1913 haec
1343 1885 1447 1920 profert
1457 1883 1686 1912 Constitutionum
1701 1890 1810 1914 auctor:

1024 1933 1056 1960 Ει
1071 1933 1101 1960 δὲ
1114 1933 1161 1960 καὶ
1175 1929 1231 1964 οἷός
1247 1932 1277 1958 τέ
1293 1932 1366 1958 ἐστιν
1382 1931 1489 1958 ἃπαντα
1502 1931 1547 1957 τὸν
1563 1930 1620 1966 βίον
1630 1931 1732 1958 ἑαυτοῦ
1747 1932 1810 1958 ἀπο-

1024 1979 1134 2015 δόμενος
1149 1977 1281 2015 ῥύσασθαι
1295 1978 1394 2009 αὐτοὺς
1408 1977 1440 2003 ἐκ
1453 1976 1500 2003 τοῦ
1513 1977 1716 2013 δεσμωτηρίου,
1728 1978 1811 2013 μακά-

1024 2034 1081 2061 ριος
1095 2025 1171 2052 ἔσται
1185 2025 1232 2052 καὶ
1246 2024 1322 2059 φίλος
1335 2023 1383 2050 τοῦ
1398 2022 1525 2059 Χριστοῦ.
1537 2023 1569 2050 Et
1582 2023 1639 2060 γὰρ
1653 2025 1668 2051 ό
1682 2025 1718 2051 τὰ
1733 2025 1812 2061 ὑπάρ-

1023 2079 1104 2106 χοντα
1127 2072 1244 2106 πτωχοῖς
1265 2069 1344 2102 δοὺς,
1368 2069 1488 2101 τέλειος,
1513 2069 1582 2105 μετά
1599 2070 1650 2106 τὴν
1675 2071 1742 2107 περὶ
1761 2071 1810 2098 τῶν

1023 2116 1102 2143 θείων
1129 2116 1246 2150 γνῶσιν,
1276 2115 1366 2151 πολλῷ
1394 2115 1492 2151 μᾶλλον
1513 2116 1527 2142 ό
1553 2115 1624 2151 ὑπὲρ
1655 2116 1808 2153 μαρτύρων.

1021 2161 1085 2189 Jam
1104 2170 1162 2189 vero
1180 2162 1205 2189 si
1222 2162 1280 2197 quis
1295 2166 1380 2196 potest
1401 2161 1502 2188 tradita
1516 2161 1587 2188 omni
1601 2162 1754 2189 substantia
1765 2171 1809 2189 sua

1021 2215 1065 2234 eos
1091 2205 1249 2242 [martyres]
1261 2213 1294 2233 ea:
1317 2213 1421 2232 carcere
1435 2204 1559 2237 liberare,
1581 2204 1677 2233 beatus
1705 2207 1756 2233 erit
1781 2213 1809 2231 ac

185 2250 350 2285 ἐπαγγελίαν
363 2251 413 2278 οὑκ
427 2251 552 2285 ἐφύλαξε.
577 2250 713 2277 Ratmucm
730 2250 784 2278 Deo
800 2251 906 2284 reddet,
920 2260 972 2279 non
988 2248 1010 2276 Ι)
1024 2253 1123 2281 Christi
1136 2261 1179 2279 am

1036 2253 1123 2280 Ihristi
1136 2253 1249 2280 amicus.
1265 2251 1339 2279 Nam
1349 2260 1408 2279 cum
1420 2252 1444 2278 is
1453 2252 1498 2286 qui
1509 2254 1576 2278 bona
1589 2260 1641 2279 sua
1654 2253 1807 2287 pauperibus

184 2296 255 2331 quod
277 2296 398 2324 secundis
421 2297 520 2331 nuptiis
543 2296 667 2331 copulata
691 2296 737 2328 sit,
757 2295 802 2323 sed
817 2296 886 2331 quod
908 2305 971 2331 prov

184 2342 325 2376 fessionem
346 2350 422 2369 suam
442 2350 495 2369 non
520 2341 630 2369 servarit
645 2341 701 2376 (89)
720 2350 726 2368 :
742 2349 832 2368 sermo
856 2346 915 2369 erat
938 2342 972 2370 de

184 2387 286 2419 viduis,
300 2395 361 2422 qua:
379 2388 534 2415 castitatem
556 2386 665 2414 fuerant
680 2385 820 2422 professae.
836 2386 971 2420 Quoniam

184 2440 251 2460 vero
264 2432 409 2461 Montanus
424 2432 614 2461 dissolvendas
629 2440 690 2461 esse
702 2433 813 2469 nuptias
827 2433 969 2466 docuerat,

184 2479 212 2507 id
232 2487 343 2514 quoque
367 2479 395 2506 in
419 2478 660 2507 Constitutionibus
685 2484 729 2507 est
754 2479 879 2513 vetitum,
903 2479 971 2515 μήτε

184 2525 239 2561 μὴν
261 2524 330 2560 μετά
354 2524 442 2561 γάμον
461 2524 602 2552 ὲκὸάλλειν
630 2525 839 2559 ἀκατάγνωστον
859 2524 969 2557 ἐξέστω.

184 2570 246 2598 Non
269 2579 330 2606 ergo
351 2575 410 2605 post
432 2571 538 2605 nuptias
565 2571 644 2598 liceat
672 2571 768 2604 ejicere
793 2571 969 2605 inculpatum.

182 2615 371 2651 Multiplicalis
395 2615 518 2652 ieiuniis,
541 2616 608 2652 quin
628 2617 711 2645 etiam
734 2615 968 2653 Quadragesimis,

216 2720 273 2756 (δι)
292 2721 342 2756 Ap.
353 2720 453 2749 Euseb.
469 2729 496 2752 v,
509 2720 552 2749 l8.

228 2757 273 2790 85)
293 2755 344 2791 Ap.
361 2756 390 2783 S.
403 2756 534 2791 Epiphan.
551 2757 614 2783 haer.
630 2763 668 2787 LI,
681 2755 726 2783 35.

227 2791 273 2825 86)
291 2791 405 2819 Constit.
423 2799 454 2826 It.
467 2791 510 2822 ll.
523 2791 556 2818 l8
568 2795 596 2819 et
610 2799 667 2826 seq.

227 2827 272 2862 8'1)
295 2827 426 2862 Moshcm.
441 2825 531 2854 Instit.
545 2827 606 2854 mai.
621 2825 725 2862 p.72l9.

217 2861 273 2930 ἱὸὃ)
293 2861 405 2902 canuit.
424 2870 466 2892 Ill,
479 2861 504 2889 l.

230 2896 275 2930 89)
294 2896 360 2924 Ibid.
378 2905 415 2930 νι,
429 2897 470 2924 Η.

230 2896 275 2932 δυ)
294 2896 360 2924 Ibid.
378 2905 415 2930 γι,
429 2897 470 2924 it.

1023 2299 1081 2332 dat,
1095 2298 1226 2333 perfectus
1242 2298 1277 2325 sit
1288 2302 1348 2332 post
1361 2297 1536 2333 cognitionem
1549 2305 1637 2324 rerum
1649 2298 1806 2329 diuinarum,

1023 2345 1106 2372 multo
1124 2345 1174 2372 erit
1191 2344 1333 2379 perfectior
1348 2344 1393 2379 qui
1406 2352 1454 2378 pro
1467 2343 1631 2379 martyribus
1649 2349 1745 2372 cuncta
1760 2345 1807 2371 lar-

1022 2391 1107 2425 gietur
1122 2389 1189 2426 (95).
1217 2389 1403 2418 Christianum
1427 2389 1502 2417 salva
1534 2389 1586 2416 lide
1611 2389 1733 2417 militare
1756 2397 1805 2417 non

1022 2444 1103 2472 posse
1120 2435 1305 2464 Tertullianus
1328 2435 1517 2470 pronuntiavit
1544 2435 1613 2471 (οι),
1647 2435 1804 2472 Hippolytus

1021 2485 1116 2510 contra
1124 2482 1151 2509 in
1163 2482 1205 2509 his
1211 2489 1271 2517 qua:
1279 2489 1294 2508 a
1302 2485 1462 2517 corruptore
1473 2485 1579 2509 servata
1588 2485 1655 2510 sunt
1664 2490 1670 2508 :
1679 2482 1806 2519 Στρατώ-

1020 2537 1071 2565 της
1091 2529 1210 2565 προσιὼν
1232 2528 1396 2555 διδασκέσθω
1422 2527 1459 2564 μὴ
1479 2527 1592 2559 ἀδικεῖν,
1617 2528 1656 2564 μὴ
1678 2536 1805 2562 συκοφαν-

1020 2577 1076 2602 τεῖν
1087 2595 1095 2608 ,
1109 2574 1253 2611 ἀρκεῖσθαι
1266 2575 1295 2602 δὲ
1313 2575 1370 2606 τοῖς
1392 2573 1538 2609 διδομένοις
1557 2573 1684 2609 ὀψωνίοις
1696 2582 1703 2590 ·
1718 2574 1803 2601 πειθό-

1021 2630 1101 2657 μενος
1134 2620 1342 2656 προσδεχέσθω,
1374 2619 1521 2654 ἀντιλέγων
1548 2619 1577 2647 δὲ
1604 2619 1801 2648 ἀποδαλλέσθυ,

1056 2721 1113 2755 (9η)
1133 2721 1202 2748 Ibid.
1217 2729 1244 2753 ν,
1256 2721 1300 2748 ιδ.

1055 2757 1112 2792 (91)
1131 2755 1226 2792 Matth.
1242 2763 1316 2787 xxvt.
1329 2755 1374 2792 ll.

1056 2761 1097 2792 (9|
1131 2761 1226 2783 Matth.
1242 2763 1316 2787 xxvt.
1329 2761 1374 2783 Η.

1056 2761 1114 2826 (92)
1133 2790 1248 2819 Constit.
1267 2798 1328 2823 vni.
1340 2791 1385 2818 45.

1057 2827 1113 2872 ίὲξὶ
1133 2826 1286 2872 Eli-"H.-

1057 2860 1115 2897 (94)
1135 2861 1296 2890 Tertullian.
1313 2861 1351 2889 De
1365 2869 1419 2889 cor.
1437 2860 1504 2894 mil.,
1518 2868 1557 2889 ιι.
