1884 3104
68 183 107 212 ιιι
467 179 765 209 CONS’I'ITUTIONES
780 179 1018 210 APOSTOLICE.
1034 196 1069 201 —
1083 181 1264 211 PROCEMIA.

1605 180 1656 209 542

69 241 132 268 lites
142 239 258 267 accedens
268 238 392 266 doceatur
402 240 499 266 nemini
512 239 638 274 injuriam
650 240 757 274 inferre.
773 247 824 266 non
839 241 862 269 Α
875 239 944 266 cium
958 240 1120 274 complexum
1145 240 1233 274 magni
1251 240 1382 275 pontiﬁcis
1396 239 1460 267 Jesu
1471 239 1570 268 Christi
1579 240 1656 275 Regis

68 286 215 317 calumniari,
228 289 362 313 contentus
386 293 443 312 esse
457 285 508 312 sibi
521 286 592 312 datis
612 285 750 319 stipendiis
762 293 772 312 :
783 285 826 312 σὺν

69 338 194 366 temperans
203 331 242 358 his
257 331 424 363 admittatur,
440 338 589 366 repugnans
605 331 744 365 rejiciatur
757 330 824 365 (95).

70 379 99 405 llo
115 378 212 406 tandem
234 378 353 405 vesaniae
371 376 557 405 Tertullianus
577 378 721 412 prolapsus
740 380 826 404 estut

69 432 80 450 a
94 424 214 452 levissima
233 423 363 458 deceptus
384 423 511 454 muliere.
537 425 688 457 nuntioque
710 423 826 450 remisso

68 469 149 498 nedum
166 473 242 497 recta:
256 469 328 501 ﬁdei,
343 469 390 497 sed
403 469 485 496 etiam
500 469 600 496 rationi
615 476 621 494 :
637 468 754 495 animam
772 476 827 495 cor-

70 517 177 551 poraliter
196 521 326 544 ostensam
342 524 398 543 esse
413 515 538 547 crederet,
555 523 612 550 qua
629 515 738 549 spiritus
756 514 826 542 vide«

68 563 139 595 batur,
153 562 195 590 sed
207 571 258 589 non
272 562 370 593 inanis,
395 565 419 589 et
430 569 518 588 vacute
531 560 668 595 qualitatis
680 568 688 587 .'
703 561 754 587 imo
768 569 827 596 quit

66 611 131 637 etiam
148 610 224 637 teneri
244 609 434 644 repromitteret
449 607 516 643 (96).
540 606 593 634 Sed
608 614 639 634 ea
652 615 762 642 quoque
786 607 826 634 l'a-

67 657 116 684 bula
136 657 160 684 in
178 654 415 684 Constitutionibus
443 653 606 681 convellitur
619 662 626 680 :
638 653 735 689 Ψυχὴν
755 652 827 679 ἀσώ-

68 712 136 738 ματον
153 703 180 729 ὲν
201 703 266 737 ἡμῖν
283 702 332 728 καὶ
354 699 486 727 ἀθάνατον
506 698 699 734 ὁμολογοῦμεν,
723 698 780 725 ἀλλ’
794 699 825 726 οὐ

67 749 168 785 φθαρτὴν
180 748 216 780 ὡς
229 747 264 774 τὰ
278 747 391 783 σώματα
403 766 411 778 ,
433 745 489 772 ἀλλ’
503 745 636 772 ἀθάνατον
647 765 655 777 ,
669 745 707 777 ὡς
716 745 827 782 λογικὴν

67 797 102 822 καὶ
118 793 289 826 αὐτεξούσιον.
318 793 441 820 Animam
466 796 584 819 nostram
602 792 783 826 incorporeum
801 795 826 818 et

66 841 217 868 immortalem
239 840 406 872 conﬁtemur,
428 847 480 866 non
496 842 582 865 autem
605 838 724 864 interitui
745 837 826 864 obno-

875 285 962 312 nostri
985 285 1158 312 imitationem
1177 291 1224 318 pro
1245 284 1306 311 ludo
1326 284 1439 317 habent;
1459 284 1515 311 ideo
1537 285 1656 319 inquam,

875 339 978 359 necesse
996 331 1048 366 fuit
1061 331 1092 358 de
1106 340 1135 358 eo
1151 339 1250 366 quoque
1265 331 1406 358 admonere
1421 339 1430 358 :
1443 331 1502 365 jam
1516 331 1584 358 enim
1599 332 1659 365 qui-

875 377 937 404 dam
958 378 1074 404 conversi
1088 381 1150 404 sunt
1172 382 1241 404 retro
1256 381 1315 412 post
1335 378 1476 404 vanitatem
1497 384 1573 403 suam
1588 376 1656 412 (98).

876 422 940 450 Haec
954 423 1047 457 utique
1062 423 1090 450 in
1102 422 1245 450 codicibus
1261 422 1407 458 Hippolyto
1433 422 1533 449 tributa
1553 421 1659 448 Monta-

877 469 965 496 nistas
979 468 1089 499 feriunt,
1105 467 1175 504 apud
1191 477 1255 504 quos
1269 469 1308 495 vel
1321 469 1442 495 mulieres
1455 469 1569 503 episcopi
1582 473 1659 495 erant

875 518 901 540 et
920 513 1083 548 presbyteri,
1103 519 1127 541 et
1151 513 1186 540 ad
1211 518 1320 541 cwteros
1343 515 1442 549 gradus
1469 515 1657 550 allegebantur,

877 560 978 587 nullum
993 565 1022 587 ut
1037 568 1114 587 sexus
1125 560 1266 587 discrimen
1280 565 1438 588 seruaretur.
1460 562 1616 588 'Erriauoml
1629 570 1659 588 τε

877 607 1053 642 τιαράὐτοτς
1074 608 1216 642 γυναῖκες,
1240 608 1286 634 καὶ
1313 607 1491 643 πρεσὸύτεροι
1522 609 1659 641 γυναῖκες,

876 654 924 679 καὶ
943 653 977 680 τὰ
1005 653 1082 686 ἄλλα,
1104 654 1142 685 ὡς
1166 654 1248 689 μηδὲν
1267 654 1404 689 διαφέρειν
1431 654 1497 689 (99).
1520 654 1661 681 Postrema

876 705 967 728 autem
985 701 1065 729 verba
1081 701 1108 728 in
1121 700 1318 728 Tertullianum
1340 700 1412 728 dicta
1435 704 1499 728 sunt
1513 708 1583 728 vano
1598 708 1662 736 pro.

876 747 974 782 phetite
989 747 1100 774 nomine
1114 746 1274 782 deceptum;
1295 754 1375 781 quem
1391 747 1472 782 paulo
1487 750 1550 774 ante
1562 747 1619 774 suis
1634 747 1662 774 in

878 792 1015 820 Danielem
1036 792 1250 820 Commentariis
1273 793 1376 828 pariter
1397 792 1557 829 Hippolytus
1581 797 1661 820 nota-

876 843 969 866 verat:
981 838 1085 870 Πάντες
1099 838 1153 875 γὰρ
1167 840 1284 874 σήμερον
1298 840 1322 867 οἱ
1332 840 1371 871 εἰς
1385 839 1464 866 αὐτὸν
1479 839 1661 874 πιστεύοντες,

66 888 123 914 riam
136 892 162 913 ut
174 894 294 921 corpora,
314 886 367 912 imo
383 885 474 911 mortis
489 888 629 918 caspertem,
642 888 730 918 utpote
744 883 826 910 ratio-

879 886 910 912 τὰ
923 886 999 920 λόγια
1008 885 1125 922 Χριστοῦ
1140 885 1321 921 φθεγγόμεθα,
1331 886 1369 918 ὡς
1378 886 1421 912 διὰ
1436 886 1567 921 στόματος
1580 886 1662 913 αὐτοῦ

65 934 134 961 nalem
147 942 175 960 ac
187 933 274 960 liberte
284 932 421 967 potestatis
434 931 501 966 (97).

879 931 1018 964 λαλοῦντες
1043 931 1077 959 τὰ
1105 932 1150 958 ὑπ’
1177 932 1258 959 αὑτοῦ
1284 932 1499 968 προτεταγμένα·
1526 934 1583 964 τοῖς
1608 933 1663 968 γὰρ

93 979 129 1007 Vl.
140 978 314 1007 Tertullianus
329 986 360 1004 ac
376 976 548 1004 Montanium
563 976 743 1004 nominetenus
756 983 825 1010 pra:-

879 978 964 1012 ἁγίοις
981 979 1028 1005 καὶ
1047 978 1221 1013 φοϐουμένοις
1238 978 1328 1010 αὑτὸν,
1348 979 1440 1010 αὐτοῖς
1461 979 1549 1014 μόνοις
1568 979 1663 1006 ἑαυτὸν

66 1025 131 1056 (criti,
139 1024 179 1051 sed
186 1024 298 1059 undique
304 1023 333 1050 in
339 1022 576 1050 Constitutionibus
588 1021 826 1057 erplosi.—Atque

879 1026 1070 1054 ἀποκαλύπτει.
1090 1027 1121 1053 El
1136 1026 1191 1062 γάρ
1203 1035 1245 1058 τις
1260 1027 1333 1054 δοκεῖ
1345 1027 1392 1053 καὶ
1406 1028 1434 1054 ὲν
1456 1027 1601 1063 Ἐκκλησία
1614 1027 1663 1054 νῦν

65 1072 110 1098 ιιιιδο
131 1070 281 1098 necessario
303 1068 479 1110 edisserenda
502 1067 630 1100 fuerunt,
653 1075 688 1096 ne
709 1067 826 1103 amplius

879 1073 1076 1107 πολιτεύεσθαι,
1097 1073 1178 1108 φόὸον
1196 1073 1224 1100 δὲ
1248 1074 1315 1100 Θεοῦ
1336 1074 1372 1110 μὴ
1391 1074 1462 1110 ἔχει,
1485 1075 1546 1102 οὐδὲ
1569 1074 1664 1102 τοῦτον

64 1116 142 1143 lateret
152 1119 294 1149 utrumque
302 1113 440 1149 Hippolyti
453 1120 532 1148 opus,
544 1112 614 1148 Περὶ
625 1112 826 1147 χαρισμάτων,

879 1120 1002 1156 ὠφελεῖὴ
1019 1121 1086 1156 πρὸς
1099 1122 1162 1153 τοὺς
1177 1121 1270 1156 ἁγίους
1292 1121 1407 1154 σύνοδος.
1430 1123 1582 1158 Quicunque
1595 1123 1664 1150 enim

64 1166 85 1188 et
101 1159 310 1193 Ἀποστολικὴν
329 1158 516 1192 ⁴ςγιοιράδοοίν,
536 1158 709 1185 Montanistis
742 1165 828 1192 oppoo

879 1165 954 1192 hodie
968 1166 995 1192 in
1010 1167 1094 1200 ipsum
1114 1166 1244 1193 credimus
1254 1187 1261 1197 ,
1278 1167 1388 1194 oracula
1400 1167 1500 1195 Christi
1521 1167 1662 1203 loquimur,

65 1206 132 1232 situm
147 1204 236 1235 fuisse.
249 1205 423 1238 maximeque
430 1202 598 1230 Tertulliano
613 1203 639 1229 in
653 1210 712 1230 eam
725 1207 826 1230 sectam

879 1216 1004 1247 tanquam
1028 1212 1110 1246 ipsius
1135 1221 1180 1239 ore
1198 1212 1372 1246 praedicantes
1392 1221 1450 1248 quis
1470 1219 1530 1241 sunt
1553 1214 1586 1240 ab
1607 1215 1664 1248 ipso

64 1251 166 1287 vergenli
179 1261 186 1279 ε
201 1250 254 1278 (“Si
268 1257 370 1277 nomen
384 1249 481 1284 ίρδίυῧν
497 1256 550 1283 quo
563 1248 669 1275 “cuius
683 1248 717 1274 ab
731 1247 828 1275 1³⁵⁸ηῇ
877 1258 1031 1285 constituta.
1050 1257 1155 1286 Sanctis
1173 1260 1265 1294 quippe
1281 1267 1312 1286 ac
1330 1267 1357 1287 se
1374 1260 1525 1287 timentibus
1547 1265 1664 1287 tantum-

65 1298 143 1332 pedem
163 1296 294 1328 referret,
324 1295 393 1322 bene
417 1294 453 1321 ab
477 1294 622 1339 Hippolyto
650 1301 827 1328 suppressum

879 1303 956 1331 modo
973 1312 1000 1331 se
1015 1304 1101 1338 ipsum
1121 1305 1227 1332 revelat.
1251 1304 1323 1332 Nam
1343 1305 1368 1332 si
1385 1305 1443 1339 quis
1464 1305 1565 1332 videtur
1582 1306 1621 1333 vel
1637 1306 1663 1333 in

64 1343 141 1371 Ῐυθτίῑ-
165 1342 256 1378 neque
270 1341 346 1369 enim
367 1340 454 1375 ίβείυδ
475 1339 553 1367 fama?
574 1338 760 1367 Tenulliam's
781 1347 829 1374 Ρε·
880 1348 999 1376 Ecclesia
1013 1349 1091 1377 modo
1105 1350 1236 1383 versari,‘
1248 1351 1368 1378 timorem
1387 1338 1474 1378 autem
1486 1351 1535 1378 Dei
1549 1360 1600 1378 non
1615 1352 1663 1378 ha-

64 1390 194 1425 percisset,
217 1390 239 1418 si
264 1389 332 1425 quid
360 1389 387 1416 in
410 1395 441 1416 se
461 1387 622 1415 nominatim
642 1387 828 1422 conscriptum

879 1395 942 1424 bet:
965 1403 1046 1430 neque
1066 1396 1127 1423 huic
1151 1396 1257 1430 prodest
1278 1397 1314 1423 ad
1340 1403 1446 1424 sanctos
1469 1398 1610 1425 accessisse
1638 1399 1665 1425 in

64 1440 133 1464 esset.
151 1435 178 1463 ιιι
192 1433 430 1464 Constitutionibus
445 1433 539 1469 itaque
554 1433 656 1462 frustra
669 1433 829 1461 Tertulliani

880 1446 1004 1468 conventu
1022 1441 1108 1477 (100).
1131 1441 1170 1469 Ac
1188 1442 1322 1477 siquidem
1335 1442 1393 1470 haec
1409 1447 1472 1470 sunt
1492 1443 1666 1471 contumelia

64 1483 150 1510 mentio
170 1485 214 1509 aut
231 1481 355 1509 Montani
376 1483 564 1516 quaereretur;
593 1479 743 1514 Pmser‘im
764 1486 830 1507 νθτο
880 1487 942 1519 illm,
958 1487 1058 1522 quibus
1072 1487 1110 1514 ait
1124 1486 1305 1523 Hieronymus
1317 1487 1513 1516 Tertullianum
1528 1498 1589 1518 esse
1603 1498 1665 1525 per-

64 1536 115 1555 cum
132 1528 206 1563 plura
225 1527 370 1555 sustulerit
391 1529 546 1561 corruptor,
563 1533 624 1560 qua:
643 1525 829 1560 apostolorum

880 1539 982 1561 motum
999 1537 1028 1560 ut
1041 1533 1191 1562 Ecclesiam
1213 1534 1367 1565 desereret.
1391 1540 1502 1570 apparet
1527 1535 1664 1563 hominem

64 1582 111 1601 avo
127 1575 268 1602 convenire
285 1580 344 1601 non
360 1575 497 1608 poterant.
514 1572 595 1606 plura
612 1571 701 1599 adhuc
720 1571 829 1598 incaute

880 1579 922 1607 sui
945 1581 1038 1615 lapsus
1059 1587 1186 1611 causam.
1203 1588 1284 1615 quam
1306 1581 1406 1609 habere
1427 1582 1530 1610 nullam
1547 1586 1664 1617 poterat,

64 1621 200 1656 reliquerit.
222 1628 283 1656 quae
303 1620 337 1647 ad
360 1621 510 1655 posteriora
535 1622 658 1654 tempora
685 1617 830 1645 manifeste

64 1667 187 1694 referenda
205 1670 280 1694 sunt.
301 1665 344 1693 Ad
359 1665 540 1692 Montanistas
557 1671 622 1692 vero
637 1671 670 1691 ac
683 1663 831 1690 Tertullia-

63 1720 117 1740 num
129 1717 222 1740 cuncta
236 1712 295 1740 fere
310 1714 437 1746 spectant
451 1718 512 1746 quae
525 1710 674 1738 universim
689 1710 716 1737 in
725 1709 831 1737 Consti-

63 1759 190 1786 tatioaibus
211 1757 376 1786 aﬁ'eruntur.
399 1755 428 1783 In
447 1756 507 1791 ipso
528 1755 600 1782 enim
620 1755 716 1782 ultimo
742 1755 831 1789 capite

63 1804 118 1832 illud
139 1805 288 1832 inculcatur
303 1811 311 1828 ε
328 1803 461 1829 Ἔκαστον
484 1801 613 1836 ἐμμένειν
634 1800 764 1836 τάξει,τῇ
788 1800 831 1827 δο-

63 1850 127 1887 θείσῃ
138 1850 218 1886 αὐτῷ,
233 1850 282 1877 καὶ
298 1849 335 1885 μὴ
357 1847 532 1883 saepe:th
548 1847 612 1878 τοὺς
631 1847 720 1883 ὄρους.
744 1846 834 1874 Unus-

62 1897 154 1931 quisque
166 1897 193 1924 in
207 1896 301 1924 ordine
316 1896 367 1923 sibi
380 1896 442 1922 dato
455 1898 617 1929 permaneat,
636 1902 716 1929 neque
731 1894 832 1929 regulb

63 1949 111 1968 ram
127 1943 245 1969 terminos
267 1939 447 1968 transcendat.
464 1939 567 1966 Deinde
582 1941 679 1966 auctor
696 1937 828 1965 Montani

62 1991 110 2015 stas
123 1989 230 2023 propius
244 1986 426 2021 designanda,
445 1985 472 2012 in
485 1992 581 2013 eorum
600 1984 739 2012 licentiam
756 1984 833 2011 inve-

61 2033 124 2061 hitur
139 2043 147 2060 :
164 2034 283 2064 Εἰκότως
302 2031 349 2059 τὸν
369 2030 558 2067 ἐπηρτημένον
584 2030 703 2057 κίνδυνον
723 2030 780 2061 τοῖς
797 2029 834 2057 τὰ

60 2079 157 2106 τοιαῦτα
179 2079 331 2116 πράττουσι
355 2076 550 2113 προειδὸμενοι,
574 2076 621 2103 καὶ
644 2076 694 2112 τὴν
721 2077 762 2107 είς
783 2076 833 2109 τὰς

61 2125 141 2158 θυσίας
152 2146 159 2158 ,
172 2126 217 2153 καὶ
232 2123 409 2161 εὐχαριστίας
422 2122 561 2159 ἀμέλειαν,
576 2122 622 2157 ὑφ’
635 2120 673 2149 ὢν
686 2122 736 2150 οὐκ
750 2123 833 2158 ἐχρῆν

60 2172 250 2207 προσαγομένας
267 2169 385 2201 ἀσεϐῶς,
404 2170 529 2204 παίγνιον
547 2168 704 2204 ἡγουμένων
717 2168 767 2204 τὴν
782 2168 830 2205 ἀρ-

60 2219 201 2254 χιερατικὴν
214 2217 298 2253 τιμὴν
313 2217 375 2252 ἣτις
390 2215 504 2251 μίμησιν
518 2214 639 2251 περιέχει
652 2213 699 2241 τοῦ
715 2214 831 2250 μεγάλου

60 2264 192 2299 ἀρχιερέως
211 2262 301 2299 Ἰησοῦ
319 2261 437 2299 Χριστοῦ
456 2260 591 2292 Βασιλέως
605 2260 694 2297 ἡμῶν,
709 2260 831 2297 ἀνάγκην

59 2310 158 2345 ἐπχομεν
179 2311 226 2338 καὶ
244 2309 326 2337 τοῦτο
346 2307 525 2344 παραινέσαι·
540 2306 589 2342 ἤδη
613 2307 666 2342 γάρ
686 2315 758 2338 τινες
775 2307 833 2339 ἑξε-

60 2356 188 2392 τράπησαν
209 2356 298 2382 ὀπίσω
321 2354 371 2389 τῆς
391 2353 494 2380 ἑαυτῶν
519 2353 707 2389 ματαιότητος.
728 2352 832 2380 Idcirco

57 2402 109 2434 jure
125 2403 266 2436 periculum
287 2401 322 2428 iis
340 2401 383 2435 qui
405 2400 459 2426 haec
485 2399 587 2434 faciunt
605 2399 754 2433 impendens
770 2407 832 2434 pro-

60 2448 192 2480 spicientes,
205 2452 231 2475 et
245 2446 432 2482 negligentiam
449 2446 476 2472 in
494 2445 633 2480 sacriﬁciis
648 2450 673 2473 et
683 2447 831 2481 gratiarum

60 2493 190 2521 actionibus
211 2492 429 2530 [Eucharistiis],
453 2501 483 2520 eo
503 2493 573 2529 quod
592 2493 669 2527 impie
683 2493 829 2528 offerantur

60 2539 126 2567 abiis
142 2549 157 2567 a
167 2540 261 2576 quibus
279 2549 332 2568 non
350 2545 461 2576 oportet,
475 2541 569 2577 quique
582 2540 708 2568 honorem
720 2540 827 2576 ponti/i—

88 2620 138 2655 (95)
154 2621 267 2655 Corruit.
284 2630 344 2654 vni,
361 2621 405 2649 52.

88 2652 137 2691 (96)
155 2652 317 2691 Tertullian.
333 2652 371 2684 De
382 2657 464 2685 anim.
479 2665 516 2685 ix.

89 2690 140 2723 (97)
158 2692 271 2720 Constit.
287 2700 325 2723 γι,
337 2693 378 2719 Η.

88 2725 139 2760 l98)
157 2727 270 2755 Constit.
289 2735 351 2760 vin,
366 2727 409 2756 46.

882 1628 908 1654 in
922 1626 1076 1654 Romanum
1091 1627 1194 1655 clerum
1213 1635 1320 1656 summa
1337 1627 1438 1662 injuria
1454 1628 1602 1656 detorsisse
1613 1629 1663 1664 (1).

880 1672 979 1700 Notalu
994 1673 1065 1701 enim
1077 1673 1189 1708 dignum
1203 1678 1256 1705 est,
1271 1673 1344 1708 quod
1366 1674 1424 1709 ipse
1437 1674 1664 1702 cumCatholicos

881 1719 1038 1746 animalium
1059 1719 1170 1750 nomine
1188 1727 1221 1746 ac
1241 1719 1366 1755 pluribus
1387 1721 1520 1748 conviciis
1542 1721 1666 1748 cumula-

882 1769 933 1796 ret,
954 1773 1033 1792 nemo
1055 1769 1112 1792 tum
1135 1765 1267 1800 temporis
1287 1765 1338 1792 fuit
1355 1765 1400 1800 qui
1421 1766 1582 1793 nominatim
1599 1766 1666 1794 τοι·-

881 1812 1024 1838 tullianum
1038 1811 1183 1839 reielleret.
1195 1811 1279 1839 Caius
1293 1812 1376 1844 enim,
1392 1811 1521 1839 Ecclesia:
1536 1812 1665 1840 Romanae

883 1856 1035 1892 presbyter,
1068 1856 1199 1885 adversus
1227 1856 1354 1884 Proclum
1385 1857 1505 1885 Montani
1539 1858 1666 1886 columen

881 1903 980 1930 eximie
1011 1903 1140 1938 scripsit:
1167 1902 1330 1938 Hippolytus
1349 1904 1375 1930 in
1391 1903 1423 1932 E.
1439 1903 1541 1938 R.pari
1567 1903 1663 1939 gradu.

882 1948 1015 1976 adversus
1048 1948 1254 1977 Montanistas:
1281 1952 1397 1984 uterque
1419 1956 1450 1977 ea
1479 1949 1665 1977 moderatione

866 1997 912 2021 »ιιι
937 1995 995 2028 ipse
1015 1993 1200 2021 Tertullianus
1224 1997 1350 2021 neutrum
1376 1994 1412 2021 sit
1440 1994 1606 2025 insectatus.
1633 2003 1666 2022 ac

881 2039 973 2075 potius
988 2039 1162 2074 Apollonium
1183 2039 1372 2075 exagitaverit,
1393 2040 1574 2068 orthodoxum
1592 2040 1664 2068 scri-

883 2090 999 2122 ptorem,
1018 2091 1045 2114 at
1068 2095 1123 2115 non
1146 2095 1178 2114 ex
1197 2087 1320 2114 Romano
1343 2087 1434 2119 clero,
1459 2091 1550 2122 utpote
1571 2089 1616 2123 qui
1637 2089 1665 2116 in

883 2133 994 2162 Oriente
1017 2134 1127 2162 vixerit.
1160 2133 1295 2161 Caeterum
1323 2133 1468 2169 scripsisse
1489 2133 1664 2170 Hippolytum

882 2183 978 2207 contra
999 2179 1188 2211 Montanistas.
1210 2186 1312 2215 eosque
1330 2180 1461 2207 acerrime
1483 2188 1538 2215 pra).
1559 2181 1666 2208 caeteris

883 2227 1068 2262 impugnasse,
1086 2227 1113 2254 in
1128 2226 1240 2254 dubium
1262 2226 1382 2254 revocari
1394 2226 1498 2262 nequit,
1513 2235 1574 2254 cum
1586 2231 1665 2256 vetus

882 2277 979 2300 auctor
994 2273 1088 2301 sedulo
1104 2273 1131 2300 in
1146 2280 1178 2301 ea
1192 2273 1294 2308 scripta
1318 2271 1474 2307 inquisierit
1487 2283 1493 2301 :
1506 2273 1586 2305 Τίνας
1601 2274 1666 2300 ὑπο-

880 2318 977 2355 λήψεῖς
991 2320 1062 2355 εἶχεν
1084 2320 1098 2347 ὁ
1113 2319 1262 2354 ἁγιώτατος
1283 2319 1439 2352 Ἱππόλυτος
1461 2321 1524 2356 περὶ
1545 2320 1595 2356 τῆς
1611 2321 1667 2347 τῶν

880 2366 1070 2393 Μοντανιστῶν
1092 2366 1233 2402 αἱρέσεως,
1257 2367 1305 2394 καὶ
1327 2367 1403 2399 τινας
1424 2367 1439 2394 ὁ
1461 2368 1490 2394 ὲν
1509 2367 1595 2402 ἁγίοις
1615 2368 1666 2403 τῆς

879 2412 990 2448 Nouo-qq
1013 2412 1170 2448 Γρηγόριος.
1190 2413 1322 2446 Quidnam
1347 2414 1457 2441 senserit
1481 2414 1664 2441 sanctissimus

881 2457 1040 2493 Hippolytus
1051 2458 1083 2485 de
1091 2458 1317 2487 Montanistarum
1331 2459 1436 2492 horrui,
1453 2459 1546 2496 quidve
1560 2458 1589 2487 S.
1602 2458 1657 2486 Gre

881 2505 971 2539 qorius
980 2503 1117 2540 Ngssenus
1126 2504 1174 2541 (2).

917 2619 974 2654 (99)
993 2619 1127 2655 Epiphln.
1143 2620 1209 2648 htBr.
1227 2628 1301 2654 χιιι,
1314 2621 1341 2648 2.

917 2655 992 2689 (100)
1012 2656 1118 2690 Hippol.
1136 2655 1168 2682 In
1180 2655 1249 2683 Dan.
1263 2663 1290 2688 κ,
1305 2656 1330 2683 7,

916 2690 955 2725 (l)
976 2690 1086 2719 Hieron.
1105 2691 1131 2717 in
1147 2690 1236 2718 Catal.
1251 2690 1349 2725 Script.
1364 2690 1435 2718 Eccl.
1449 2699 1506 2718 ιλιι.

915 2726 954 2762 (2)
975 2725 1069 2762 Steph.
1084 2725 1184 2754 Gobar.
1200 2734 1245 2762 ap.
1259 2725 1338 2754 Pliot.
1348 2727 1409 2756 cod.
1422 2733 1542 2754 ccum.
