1884 3104
174 181 227 209 53"
608 180 629 208 S
654 179 851 209 CLEMENTIS
868 179 877 207 Ι
895 178 978 207 ROM.
996 177 1096 206 PONT.
1113 176 1228 206 OPEM
1244 176 1356 205 DUBIA.
1747 173 1807 202 διο

173 239 272 273 pheta?
285 237 341 273 (ει)
369 236 470 265 Deinde
485 236 519 265 ad
533 236 715 264 coercendam
730 235 954 263 muliercularum
969 239 993 267 Α
1006 233 1123 261 maxime
1145 233 1303 260 nitebantur
1320 231 1491 260 Montanistae
1504 240 1511 259 :
1528 235 1556 258 at
1577 234 1655 258 certa
1676 230 1805 265 jejunia,

174 284 324 316 licentiam,
338 291 399 319 quae
412 283 497 310 nimia
512 287 572 311 erat
586 283 658 312 apud
673 283 862 313 Montanistas,
880 281 958 316 plura

173 334 359 366 congeruntur
373 331 400 357 in
414 330 502 365 primo
514 329 739 357 Constitutionum
755 329 834 360 libro,
850 327 959 355 eadem-

173 385 227 412 que
241 381 298 404 toto
311 384 393 411 opere
405 376 506 411 saepius
518 376 700 402 inculcantur.
725 374 871 402 Maximilla
886 378 960 401 certe

174 421 402 450 Iontanistarum
426 420 609 455 prophetissa,
625 420 730 446 nullum
752 418 846 445 habuit
869 416 959 444 infen-

177 467 279 495 siorem
298 466 461 502 Hippolyto,
477 465 523 500 qui
549 472 647 492 novam
666 463 818 492 Jesabelem
841 462 870 490 in
883 462 958 497 Apo-

174 512 278 547 calypsi
305 516 501 542 memoratam,
536 509 622 544 ipsam
652 508 737 536 fuisse
765 508 958 544 interpretatus

174 561 216 586 est
231 557 298 591 (85).

210 602 254 630 IV.
277 602 388 630 Errores
398 601 625 629 Hontanistarum
643 601 798 635 singillatim
813 602 846 627 ab
859 599 959 634 Hippo-

174 650 229 685 lyto
236 649 337 682 reiecti.
345 663 377 669 —
385 648 532 684 Sedneque
545 649 617 676 ullus
626 656 706 675 error
718 647 843 682 proprius
854 646 959 674 Monta-

173 695 309 722 nistarum
334 693 395 726 fuit,
411 693 458 729 qui
480 702 534 721 non
552 693 691 721 refellatur
710 693 738 720 in
756 692 960 720 Constitutioni-

174 740 234 768 bus.
256 739 297 766 illi
321 740 456 773 negabant
470 739 599 766 Ecclesiae
623 742 786 773 potestatem
805 737 959 766 dimittendi

173 785 299 820 graviora
318 785 445 816 crimina,
468 784 674 812 Constitutiones
694 784 794 819 ubique
813 787 957 811 asserunt:

173 831 228 857 Kal.
246 833 301 862 τοῖς
316 830 488 866 μετανοοῦσιν
508 831 604 864 ἄφεσιν
622 829 720 856 διδόναι
733 829 820 865 χρή...
840 827 959 864 Γνώριξε

171 875 229 909 οὖν,
244 874 267 903 ὦ
279 877 422 908 ἐπίσκοπε,
433 876 463 903 τὸ
482 875 592 911 ἀξίωμά
610 884 657 902 σου
668 895 675 907 ,
686 875 727 902 δτι
740 875 777 906 ὡς
790 873 837 901 τοῦ
850 874 958 909 δεσμεῖν

171 921 320 958 ὲκληρώσω
332 922 382 958 τὴν
396 922 518 954 ἐξουσίαν
527 941 534 954 ,
555 921 626 948 οὕτω
640 921 687 948 καὶ
706 920 753 947 τοῦ
768 920 850 947 λύειν.
872 919 958 947 Poeni-

172 967 286 994 tentilms
302 972 388 994 autem
410 967 486 994 venia
503 966 668 994 concedenda
685 970 758 994 est...
771 966 888 1001 Agnosce
907 966 958 1000 igi-

171 1016 226 1044 tur,
244 1012 374 1046 episcope.
394 1011 550 1048 dignitatem
572 1016 656 1043 tuam.
677 1010 746 1046 quod
760 1011 828 1038 sicut
847 1011 957 1038 sortitus

169 1065 197 1084 es
212 1061 367 1092 potestatem
385 1057 496 1092 ligandi.
518 1058 559 1084 ita
580 1062 605 1084 et
623 1056 751 1084 solvendi.
777 1056 958 1084 Hontanistas

170 1109 261 1131 autem
286 1104 372 1139 digito
396 1107 531 1131 monstrat
553 1107 660 1136 auctor,
686 1103 731 1130 ubi
748 1103 803 1129 ait:
818 1102 898 1134 Δέξαι
911 1101 957 1128 οὖν

169 1150 215 1175 τὸν
231 1148 410 1185 μετανοοῦντα
427 1150 464 1185 μὴ
483 1148 615 1180 διστάζων
628 1148 705 1180 ὅλως,
725 1149 792 1184 μηδὲ
812 1156 958 1184 παρεμπο-

168 1194 306 1230 διζόμενος
318 1194 370 1221 ὑπὸ
383 1194 437 1221 τῶν
450 1194 571 1229 ἀνηλεῶς
581 1194 714 1228 λεγόντων
726 1213 734 1225 ,
750 1194 787 1230 μὴ
802 1193 856 1220 δεῖν
870 1192 957 1220 τοιού-

168 1249 225 1272 τοις
250 1239 480 1276 συμμολύνεσθαι,
505 1240 572 1276 μήτε
592 1240 672 1274 λόγου
697 1241 845 1267 κοινωνεῖν.
870 1239 957 1275 Igitur

169 1287 333 1320 ptenilentem
348 1286 449 1321 recipe;
466 1294 511 1313 nec
526 1291 549 1313 te
565 1286 698 1313 ullatenus
710 1285 832 1313 dubitare
843 1285 956 1320 faciant,

169 1338 216 1359 aut
237 1341 253 1359 a
265 1333 399 1367 proposito
422 1332 569 1363 "trahant,
585 1333 630 1367 qui
656 1332 900 1359 immisericorditer
915 1332 957 1360 di—

169 1382 242 1409 cunt,
254 1386 305 1404 non
321 1382 439 1412 oportere
452 1385 514 1404 cum
524 1377 676 1412 hujusmodi
686 1377 861 1411 coinquinari,
878 1384 958 1411 neque

169 1423 209 1450 vel
223 1431 341 1450 sermone
359 1423 553 1450 communicare
565 1422 634 1458 (86).
656 1423 718 1450 llaec
733 1422 865 1450 adversus
880 1422 959 1449 Mon-

168 1469 284 1496 lanistas
307 1469 381 1496 dicta
402 1476 464 1496 esse
483 1469 623 1496 adnotavit
637 1468 803 1500 Cotelerius,
819 1472 866 1496 aut
879 1472 958 1496 vetu—

168 1515 270 1543 stiores
295 1515 377 1542 etiam
404 1514 563 1548 haereticos,
585 1515 710 1549 quamvis
734 1514 901 1543 Moshemius
922 1514 957 1542 ad

167 1560 335 1588 Novatianos
358 1568 498 1596 perperam
522 1560 660 1588 distulerit
684 1560 751 1595 (8'7).
774 1560 848 1588 Neve
871 1560 955 1587 ullum
969 1575 991 1603 ο

168 1606 271 1633 crimen
285 1614 326 1633 ευ
336 1606 372 1642 ipi
386 1609 488 1641 posset,
505 1607 627 1641 exempla
644 1606 821 1642 proferuntur
832 1605 952 1638 Davidis,

167 1656 195 1679 et
209 1650 356 1684 Manassis,
376 1659 493 1687 quorum
508 1660 580 1679 unus
596 1652 722 1680 mmehiat
744 1656 826 1688 atque
839 1651 955 1679 homici-

167 1697 217 1730 dii,
233 1697 302 1725 alter
321 1697 482 1725 idololatriae
504 1705 567 1725 reus
593 1697 682 1725 fuerat
697 1707 705 1723 :
723 1698 781 1725 haec
798 1697 870 1725 enim
889 1705 954 1732 pec-

167 1748 230 1770 cata
244 1744 418 1779 excipiebant
430 1743 613 1776 Montanistaa,
625 1752 694 1780 quos
708 1744 792 1771 veluti
806 1744 954 1778 alloquitur

167 1789 391 1816 Constitutionum
408 1794 503 1817 auctor
518 1797 580 1817 cum
597 1790 636 1816 ait
652 1797 658 1814 :
678 1788 787 1820 Μείζων
813 1788 955 1815 εἰδωλολα-

166 1834 259 1870 τρείας
273 1835 321 1877 οὐκ
335 1834 408 1861 ἐστιν
423 1836 555 1870 ἁμαρτία.
578 1836 625 1867 Εἰς
640 1835 705 1862 Θεὸν
718 1835 772 1871 γάρ
786 1836 844 1862 ἐστι
858 1835 953 1863 δυσσέ-

167 1880 236 1908 Gaia.
264 1881 331 1907 Ἀλλ’
353 1881 428 1917 ὅμως
450 1882 497 1908 καὶ
519 1881 588 1917 αὐτὴ
610 1881 654 1908 διὰ
673 1882 788 1917 γνησίας
811 1881 954 1917 μετανοίας

167 1926 384 1963 συγκεχώρηται.
406 1926 517 1954 Grauius
537 1927 663 1954 delictum
682 1927 841 1954 idololatria
859 1935 910 1955 non
925 1935 953 1955 re

166 1974 267 2007 peritur
281 1981 290 2000 :
304 1978 343 2001 est
362 1973 432 2001 enim
456 1974 485 2001 in
497 1973 581 2001 Deum
604 1974 727 2008 impietas
749 1981 758 2000 :
780 1974 952 2002 nihilominus

167 2024 255 2046 tamen
268 2024 292 2046 et
304 2019 371 2046 illud
384 2027 430 2054 per
443 2020 572 2047 sinceram
586 2020 765 2054 pomitentiam
775 2020 952 2047 condonatum

165 2070 205 2093 est
216 2065 285 2102 (88).
302 2065 342 2092 Illi
367 2065 503 2094 secundas
528 2066 638 2101 nuptias
658 2065 834 2098 damnabant,
849 2074 909 2102 qua:
923 2067 951 2094 in

166 2111 406 2139 Constitutionibus
422 2111 459 2138 ita
474 2119 529 2138 non
550 2111 751 2146 improbantur,
765 2116 793 2138 ut
808 2112 951 2140 manifeste

166 2160 298 2190 arguatur
319 2156 474 2184 contrarius
498 2163 596 2183 error:
614 2156 699 2190 Λόγον
715 2156 807 2190 ὑφέξει
825 2157 863 2192 τῷ
876 2157 950 2193 Θεῷ,

165 2202 214 2237 οὐχ
229 2202 269 2228 ὅτι
282 2201 398 2238 δευτέρῳ
412 2202 492 2237 γάμῳ
508 2201 629 2237 συνήφθη
642 2221 649 2233 ,
664 2201 720 2228 ἀλλ’
735 2202 776 2228 ὄτι
788 2202 838 2238 τὴν
852 2203 951 2238 ἑαυτῆς

1009 283 1091 315 atque
1109 287 1191 306 unam
1206 278 1448 314 Quadragesimam
1463 278 1556 313 prisco
1580 285 1660 305 more
1678 285 1806 305 servan-

1007 324 1071 352 dam
1087 324 1294 352 Constitutiones
1310 327 1463 351 memorant
1480 331 1487 348 :
1515 323 1596 358 ’Υμῐν
1617 322 1764 357 φυλακτέα
1786 323 1806 358 ἡ

1007 369 1173 406 νηστείατῆς
1185 369 1419 406 Τεσσαρακοστῆς,
1437 369 1545 405 μνήμην
1567 369 1736 404 περιέχουσα
1751 369 1806 404 τῆς

1008 416 1056 443 τοῦ
1070 417 1174 453 Κυρίου
1187 417 1323 448 πολιτείας
1336 425 1367 444 τε
1380 417 1426 443 καὶ
1440 415 1609 452 νομοθεσίας.
1628 414 1805 443 Servanduns

1008 463 1080 490 vobis
1101 468 1142 491 est
1158 463 1290 498 jejunium
1300 461 1528 498 Quadragesimoe,
1547 462 1686 490 continens
1709 469 1806 489 recor-

1008 508 1140 536 dationem
1153 509 1358 536 conversationis
1369 509 1524 542 Dominicw,
1539 513 1563 536 et
1576 509 1641 542 legis
1653 509 1717 535 lata:
1727 507 1803 543 (90).

1009 554 1131 590 Denique
1142 554 1313 582 Montanistie
1328 548 1413 582 'nefas
1434 562 1496 582 esse
1513 554 1622 582 aiebant
1634 553 1804 582 Christiano

1009 601 1228 636 persecutionem
1260 599 1368 635 fugere;
1388 598 1596 627 Constitutiones
1621 601 1741 628 contra.
1766 605 1803 624 ex

1009 646 1052 673 his
1066 653 1127 681 qua
1143 645 1280 682 Hippolyti
1302 652 1400 672 nomen
1423 644 1613 679 prasel'erunt,
1630 652 1686 671 non
1708 643 1798 671 modo

1008 698 1041 718 ex
1064 690 1204 726 Evangelii
1229 690 1391 725 praescripto
1416 689 1549 725 fugientes
1574 689 1802 724 persecutionem

1009 739 1132 767 tuentur.
1151 735 1199 763 sed
1220 734 1334 762 laudant
1355 734 1437 762 etiam
1457 741 1490 760 ac
1511 733 1643 760 fratribus
1657 740 1802 760 commen-

1008 781 1093 808 dant:
1112 780 1182 812 Τοὺς
1203 780 1384 815 διωκομένους
1401 779 1446 806 διὰ
1465 779 1567 809 πίστιν,
1589 778 1637 804 καὶ
1654 779 1695 808 εἰς
1719 777 1801 804 πόλιν

1008 828 1041 854 ὲκ
1054 827 1157 859 πόλεως
1177 826 1335 861 φεύγοντας,
1356 825 1400 852 διὰ
1417 825 1447 852 τὸ
1462 824 1613 864 μεμνῆσθαι
1632 824 1688 851 τῶν
1710 824 1801 858 λόγων

1008 873 1055 900 τοῦ
1072 873 1196 909 Κυρίου,
1224 870 1473 908 προσλαμϐάνεσθε.
1510 870 1702 905 Ἑπιστάμενοι
1726 870 1800 905 γὰρ,

1008 920 1049 946 ὅτι
1074 919 1104 946 τὸ
1129 919 1177 954 μὲν
1198 918 1306 953 πνεῦμα
1329 916 1479 953 πρόθυμον,
1495 917 1511 951 ἡ
1525 915 1554 942 δὲ
1577 915 1647 952 σὰρξ
1667 915 1800 951 ἀσθενὴς,

1007 965 1243 1001 ἀποδιδράσκουσι,
1264 963 1311 990 καὶ
1333 963 1383 998 τὴν
1406 962 1534 998 ἁρπαγὴν
1548 961 1601 988 τῶν
1616 961 1801 997 ὑπαρχόντων

1008 1012 1156 1048 προΐενται,
1173 1011 1217 1037 ἵνα
1236 1009 1416 1045 ἀνεξάρνητον
1435 1009 1464 1034 ὲν
1478 1008 1583 1039 ἑαυτοῖς
1600 1008 1631 1034 τὸ
1648 1008 1736 1043 όνομα
1751 1007 1800 1034 τοῦ

1007 1057 1124 1094 Χριστοῦ
1147 1057 1356 1092 διατηρήσωσιν.
1388 1055 1570 1090 Ἐπικουρεῖτε
1591 1052 1637 1080 οὖν
1655 1054 1750 1085 αὐτοῖς
1766 1053 1801 1079 τὰ

1008 1105 1076 1141 πρὸς
1089 1105 1194 1141 χρείαν,
1207 1103 1316 1139 ἐντολὴν
1331 1102 1474 1138 Κυριακὴν
1488 1101 1665 1137 πληροῦντες.
1684 1100 1739 1128 Eos
1755 1102 1800 1136 qui

1007 1151 1212 1186 persecutionem
1236 1151 1376 1184 patiuntur
1399 1149 1462 1183 ﬁdei
1485 1157 1577 1179 causa.
1598 1154 1623 1174 et
1644 1147 1676 1174 de
1692 1148 1799 1174 ciuitate

1008 1197 1035 1224 in
1060 1197 1192 1224 civitatem
1218 1195 1344 1230 fugiunt.
1368 1194 1438 1229 quod
1466 1193 1632 1220 meminerint
1657 1195 1798 1220 uerborum

1008 1242 1116 1270 Domini
1137 1241 1194 1277 (9i)
1221 1241 1355 1275 suscipite.
1379 1239 1446 1267 Cum
1469 1239 1541 1267 enim
1559 1239 1650 1266 norint
1671 1239 1798 1273 spiritum

1007 1289 1112 1324 quidem
1124 1294 1275 1323 promptum
1289 1295 1356 1317 esse,
1364 1295 1471 1313 carnem
1482 1294 1541 1313 vero
1550 1285 1699 1320 infirmam,
1715 1285 1797 1319 aufu-

1007 1335 1094 1370 giunt,
1110 1339 1134 1362 et
1148 1333 1306 1369 facultatum
1329 1341 1440 1360 suarum
1451 1332 1624 1367 direptionem
1638 1332 1796 1366 permittunt

1008 1389 1040 1408 ac
1053 1381 1197 1416 negligant,
1214 1383 1243 1406 ut
1254 1379 1281 1406 in
1292 1387 1320 1406 se
1333 1379 1399 1413 ipsis
1415 1386 1509 1406 nomen
1523 1377 1622 1405 Christi
1647 1378 1795 1410 illibatum,

1007 1430 1032 1453 et
1051 1426 1187 1461 negatione
1213 1432 1264 1451 non
1285 1423 1419 1458 proditum
1445 1427 1606 1450 conservent.
1624 1421 1796 1457 Suppeditate

1007 1479 1068 1506 ergo
1082 1471 1138 1498 illis
1149 1478 1208 1505 quae
1222 1475 1284 1497 sunt
1292 1469 1452 1501 necessaria,
1462 1467 1617 1495 mandatum
1625 1469 1794 1497 Dominicuns

1007 1517 1179 1552 adimplentes
1192 1515 1260 1550 (92).

1043 1563 1076 1591 V.
1098 1563 1205 1597 Proprii
1219 1561 1378 1590 Tertulliani
1400 1569 1503 1589 errores
1525 1560 1558 1588 ab
1575 1561 1719 1597 Hippolyto
1733 1570 1794 1590 cou-

1005 1611 1095 1646 {utati.
1105 1625 1140 1630 —
1150 1609 1191 1636 Ad
1201 1609 1257 1636 haec
1270 1608 1455 1636 Tertullianus
1466 1607 1646 1640 Montanista.
1669 1616 1703 1635 ex
1719 1616 1793 1636 novae

1006 1661 1089 1686 sectae
1108 1655 1241 1684 institutis
1262 1654 1432 1682 consectaria
1446 1654 1569 1689 quaedam
1586 1653 1710 1688 deduxit,
1722 1655 1793 1682 unde

1004 1706 1032 1731 et
1042 1702 1169 1738 privatim
1183 1708 1293 1728 errores
1308 1700 1378 1727 alios
1393 1699 1500 1727 ascivit.
1513 1699 1677 1734 Cujusmodi
1693 1700 1739 1727 ille
1752 1704 1792 1727 est

1003 1756 1084 1784 quem
1102 1747 1175 1775 edito
1190 1747 1260 1774 libro
1280 1745 1317 1772 De
1329 1745 1394 1780 fuga
1409 1745 1436 1772 in
1450 1745 1630 1780 persecutione
1641 1745 1733 1778 docet,
1750 1745 1791 1773 sui

1003 1791 1148 1823 Paraclcti,
1169 1789 1290 1818 Montani
1306 1790 1412 1817 scilicet
1426 1791 1589 1817 auctoritate
1604 1790 1702 1823 fretus,
1718 1791 1792 1818 nulla

1004 1839 1140 1867 occasione
1163 1837 1321 1872 martyrium
1346 1835 1474 1863 redimere
1500 1835 1542 1870 {as
1563 1844 1631 1863 esse.
1652 1836 1791 1865 Adversus

1002 1892 1062 1913 eam
1078 1883 1240 1912 sententiam
1253 1882 1310 1910 haec
1322 1881 1426 1916 profert
1435 1880 1663 1909 Constitutionum
1678 1885 1789 1910 auctor:

1002 1931 1034 1957 Εί
1050 1930 1079 1957 δὲ
1092 1930 1139 1956 καλ⁸
1153 1926 1209 1960 οἷός
1225 1928 1256 1955 τέ
1271 1929 1345 1954 ἐστιν
1360 1927 1467 1954 ἅπαντα
1481 1927 1526 1954 τδν
1542 1926 1598 1962 βίον
1609 1927 1708 1954 ἑαυτοῦ
1723 1928 1788 1954 ἀπο-

1002 1975 1112 2012 δόμενος
1127 1974 1260 2012 ῥύσασθαι
1273 1975 1373 2005 αὐτοὺς
1387 1974 1419 2000 ὲκ
1431 1972 1478 2000 τοῦ
1492 1973 1692 2009 δεσμωτηρίου,
1704 1974 1790 2009 μακά-

1003 2030 1060 2058 ριος
1073 2021 1149 2048 ἔσται
1163 2021 1210 2048 καὶ¹
1225 2020 1300 2055 φίλος
1314 2020 1361 2047 τοῦ
1376 2019 1504 2055 Χριστοῦ.
1515 2020 1548 2047 Εἰ
1562 2019 1617 2056 γὰρ
1631 2021 1645 2047 ό
1659 2021 1694 2047 τὰ
1708 2021 1791 2057 ὑπάρ-

1001 2076 1082 2102 χοντα
1105 2068 1222 2102 πτωχοῖς
1243 2066 1323 2098 δοὺς,
1346 2066 1466 2097 τέλειος,
1491 2065 1561 2101 μετά
1577 2066 1628 2102 τὴν
1651 2067 1718 2102 περὶ
1737 2067 1788 2094 τῶν

1001 2113 1081 2139 θείων
1108 2113 1225 2147 γνῶσιν,
1254 2112 1344 2148 πολλῷ
1373 2111 1471 2148 μᾶλλον
1491 2113 1506 2139 ὸ
1533 2112 1602 2148 ὑπὲρ
1632 2112 1787 2149 μαρτύρων.

1000 2157 1063 2185 Jam
1083 2166 1141 2185 vero
1160 2158 1184 2185 si
1201 2159 1259 2194 quis
1274 2162 1358 2193 potest
1380 2158 1480 2184 tradita
1495 2157 1566 2184 omni
1579 2157 1730 2185 substantia
1741 2167 1788 2185 sua

1000 2211 1044 2231 eos
1070 2202 1227 2239 [martyres]
1240 2209 1273 2229 ea:
1296 2210 1399 2229 carcere
1414 2201 1538 2233 liberare,
1560 2201 1652 2228 beatus
1681 2202 1732 2229 erit
1758 2209 1788 2228 ac

164 2247 329 2281 ἐπαγγελίαν
342 2248 392 2274 οὐκ
406 2247 531 2282 ἐφύλαξε.
556 2247 692 2274 Rat.onem
709 2247 763 2275 Deo
779 2247 884 2281 reddet,
899 2257 951 2275 nou

1022 2250 1102 2277 ‘hristi
1115 2249 1228 2276 amicus.
1245 2248 1317 2276 Nam
1328 2256 1387 2275 cum
1399 2249 1422 2275 is
1432 2248 1477 2282 qui
1487 2250 1556 2275 bona
1568 2256 1618 2275 sua
1631 2249 1786 2283 pauperibus

164 2293 234 2328 quod
257 2293 378 2320 secundis
401 2293 499 2328 nuptiis
522 2293 646 2327 copulata
670 2293 716 2325 sit,
736 2292 781 2320 sed
796 2293 864 2328 quod
886 2301 950 2328 pro-

164 2338 305 2373 fessionem
326 2347 402 2366 suam
422 2347 475 2365 non
500 2338 609 2366 servarit
624 2337 680 2373 (89)
699 2346 705 2364 :
721 2345 811 2365 sermo
835 2343 893 2366 erat
916 2339 951 2367 de

163 2383 266 2415 viduis,
280 2391 341 2418 quae
359 2384 514 2412 castitatem
536 2383 644 2410 fuerant
659 2382 799 2418 professae.
815 2383 950 2416 Quoniam

164 2436 231 2456 vero
245 2428 389 2457 Montanus
404 2429 594 2457 dissolvendas
608 2437 670 2457 esse
682 2430 792 2466 nuptias
807 2430 948 2463 docuerat,

164 2475 192 2503 id
213 2483 323 2510 quoque
347 2475 375 2502 in
399 2475 639 2503 Constitutionibus
665 2480 708 2504 est
734 2476 858 2509 vetitum,
882 2476 950 2512 μήτε

164 2521 219 2557 μὴν
241 2520 310 2556 μετά
334 2520 422 2556 γάμον
441 2520 582 2548 ἐκϐάλλειν
610 2521 819 2556 ἀκατάγνωστον
839 2521 948 2553 ἐξέστω.

164 2565 227 2593 Non
249 2575 310 2601 ergo
332 2571 391 2601 post
412 2566 518 2601 nuptias
545 2567 624 2594 liceat
652 2567 747 2600 ejicere
773 2567 948 2602 iuculpatam.

162 2611 351 2647 Multiplicatis
375 2611 498 2647 icjuniis,
521 2612 588 2648 quin
608 2612 691 2640 etiam
714 2611 948 2649 Quadragesimis,

197 2715 254 2751 (84)
272 2716 323 2751 Ap.
334 2716 434 2744 Euseb.
450 2716 532 2748 v.18.

209 2751 255 2785 85)
274 2751 325 2787 Ap.
343 2751 371 2778 S.
383 2751 514 2787 Epiplian,
527 2752 595 2787 liter.
611 2759 648 2783 LI,
661 2751 707 2778 33.

208 2786 254 2822 86)
272 2786 386 2814 Constit.
403 2786 537 2822 "314,18
549 2790 577 2814 et
591 2794 648 2822 seq.

209 2821 253 2857 87)
277 2822 407 2857 Moshem.
423 2821 512 2857 Instit.
526 2822 587 2849 mai.
601 2821 705 2857 p.2l9.

210 2856 254 2892 88)
274 2856 386 2892 Qanstit.
405 2856 484 2888 111,ί.

211 2891 256 2928 89)
274 2891 340 2920 Ibid.
359 2900 395 2925 vr,
410 2892 451 2919 ii.

1001 2295 1059 2329 dat,
1074 2295 1205 2330 perfectus
1221 2295 1256 2322 sit
1267 2298 1327 2329 post
1340 2294 1515 2329 cognitionem
1528 2302 1615 2321 rerum
1627 2294 1785 2327 divinarum,

1001 2341 1085 2369 multo
1103 2342 1153 2369 erit
1171 2340 1311 2376 perfectior
1327 2341 1372 2376 qui
1385 2348 1433 2375 pro
1446 2339 1610 2376 martyribus
1626 2345 1723 2368 cuncta
1738 2342 1787 2368 lar-

1000 2387 1085 2422 gietur
1101 2386 1168 2423 (95).
1196 2385 1382 2414 Christianum
1406 2385 1481 2413 salva
1512 2386 1565 2413 [ide
1589 2386 1710 2413 militare
1734 2394 1785 2414 non

1001 2441 1082 2469 posse
1099 2432 1284 2460 Tertullianus
1307 2431 1495 2467 pronuntiavit
1523 2431 1592 2467 (94),
1625 2431 1784 2469 Hippolytus

1000 2483 1095 2507 contra
1102 2479 1130 2506 in
1142 2479 1184 2506 his
1190 2486 1250 2514 qua
1258 2486 1273 2505 a
1281 2482 1442 2514 corruptore
1451 2482 1558 2506 servata
1567 2481 1633 2506 sunt
1641 2486 1647 2504 :
1655 2479 1785 2515 Στρατιώ-

999 2535 1049 2562 της
1070 2525 1189 2562 προσιὼν
1211 2525 1375 2552 διδασκέσθω
1401 2524 1438 2561 μὴ
1458 2524 1571 2557 ἀδικεῖν,
1595 2524 1633 2560 μὴ
1655 2533 1784 2559 συκοφαν-

999 2574 1055 2599 τετν
1067 2592 1074 2605 ,
1088 2571 1231 2608 ἀρκεῖσθαι
1245 2571 1274 2598 δὲ
1292 2572 1349 2603 τοῖς
1371 2570 1517 2606 διδομένοις
1536 2570 1662 2606 ὀψωνίοις
1673 2579 1681 2586 ·
1697 2571 1782 2598 πειθό-

1001 2626 1080 2654 μενος
1113 2617 1321 2653 προσδεχέσθω,
1353 2617 1500 2651 ἀντιλέγων
1527 2616 1556 2644 δὲ
1582 2616 1780 2644 ἀποδαλλέσθυ.

1035 2718 1092 2752 (9η)
1112 2717 1181 2745 Ibid.
1197 2725 1223 2750 ν,
1236 2717 1279 2745 is.

1035 2753 1091 2788 (9i)
1111 2752 1205 2788 Matth.
1221 2761 1295 2784 xxvr,
1308 2752 1353 2788 41,

1036 2758 1076 2788 (91
1111 2758 1205 2780 Matth.
1221 2761 1295 2784 xxvr,
1308 2758 1353 2780 41,

1036 2758 1093 2822 (θὶς
1113 2787 1227 2815 Constit.
1246 2795 1307 2819 vui,
1319 2787 1364 2815 45.

1036 2823 1092 2859 (95)
1112 2822 1179 2859 l_bid.
1196 2831 1222 2859 ν.
1240 2823 1266 2850 ι.

1036 2857 1094 2894 (94)
1114 2857 1276 2886 Tertullian.
1292 2858 1331 2886 De
1345 2865 1398 2886 cor.
1417 2857 1485 2891 mil.,
1498 2865 1536 2886 Il.
