1884 3104
492 181 790 210 CONSTlTUTIONES
806 180 1043 211 APOSTOLICE.
1059 197 1094 202 --
1108 181 1289 212 ΡΒΟΈΜΙΑ.

1630 180 1682 209 5H

48 239 124 268 lites
136 239 275 267 accedens
288 240 419 268 doceatur
427 241 524 268 nemini
536 241 664 276 injuriam
675 241 782 275 inferre,
799 248 850 266 non
865 242 887 270 Α
900 240 969 267 cium
983 241 1145 275 complexum
1169 241 1258 274 magni
1276 241 1408 275 pontiﬁcis
1421 239 1485 268 Iesu
1497 240 1595 268 Christi
1605 240 1682 275 Regis

47 286 225 318 calumniari.
240 291 388 314 contentus
412 295 468 314 esse
481 287 533 314 sibi
546 287 617 314 datis
638 286 775 321 stipendiis
788 294 797 313 :
808 286 852 313 ob.

50 337 199 367 temperans
210 332 257 359 his
274 332 450 365 admittatur,
466 340 614 367 repugnans
631 332 769 366 rejiciatur
782 331 850 366 (95).

50 379 86 405 Eo
105 378 222 406 tandem
248 379 378 406 vesania:
396 378 583 406 Tertullianus
602 379 747 413 prolapsus
766 381 807 405 est
822 381 851 405 ut

50 432 64 451 a
80 424 225 452 levissima
247 424 388 459 deceptus
410 424 537 456 muliere.
563 426 714 458 nuntioque
735 424 852 451 remisso

50 470 148 498 nedum
168 474 260 498 recta:
275 470 353 503 ﬁdei,
368 471 416 498 sed
429 471 511 498 etiam
525 470 625 497 rationi
641 478 647 495 :
664 469 779 496 animam
797 477 853 496 cor-

52 517 182 552 poraliter
205 522 352 545 ostensam
368 526 423 545 esse
439 516 564 549 crederet,
580 525 638 552 quae
655 516 763 550 spiritus
781 515 852 543 vide-

50 563 138 595 batur,
155 563 204 591 sed
219 571 279 590 non
296 564 396 594 inanis.
420 567 445 590 et
455 571 543 590 vacua!
557 562 714 596 qualitatis:
728 562 780 588 imo
794 570 852 597 qua:

49 611 128 638 etiam
149 611 239 638 teneri
262 610 459 645 repromitterct
474 608 541 644 (96).
566 608 619 635 Sed
634 616 664 635 ea
678 616 787 643 quoque
811 608 852 635 fa-

51 658 112 685 bula
134 658 164 684 in
185 655 440 685 Constitutionibus
468 654 761 690 οοηνοΙΙὶιυι-τΨυχὴν
781 653 852 680 ἀσώ-

53 713 135 740 ματον
156 704 188 729 ὲν
213 704 290 738 ἡμῖν
309 703 357 729 καὶ
379 701 512 728 ἀθάνατον
532 700 725 736 ὁμολογοῦμεν,
749 699 806 726 ἀλλ’
820 700 851 726 οὐ

52 750 175 786 φθαρτὴν
190 749 232 781 ὡς
247 749 288 776 τὰ
304 748 417 784 σώματα
428 767 436 780 ,
459 746 515 773 ἀλλ’
529 746 661 773 ἀθάνατον
673 766 680 778 ,
695 746 733 778 ὡς
742 746 852 782 λογικὴν

53 797 96 823 καὶ
115 795 314 828 αὐτεξούσιον.
344 794 467 821 Animam
491 798 610 820 nostram
628 793 809 827 incorporeum
827 796 852 819 et

54 842 235 870 immortalem
260 841 431 873 conﬁtemur,
454 848 505 867 non
522 844 608 866 autem
630 839 750 866 interitui
771 838 852 865 obno-

53 889 123 915 xiam
139 893 170 914 ut
185 896 320 922 corpora,
340 887 393 913 imo
408 886 500 912 mortis
515 890 654 920 expertem,
668 889 756 919 utpote
770 885 852 912 ratio-

55 935 138 962 nalem
154 944 187 961 ac
201 934 300 961 libera
310 933 447 969 potestatis
460 932 527 968 (97).

90 980 133 1008 Vl.
145 980 340 1007 Tertullianus
355 987 386 1006 ac
402 978 574 1006 Montanistw
589 977 769 1005 nominetenus
782 984 852 1011 prte-

59 1027 136 1058 tcriti,
146 1025 192 1052 sed
200 1025 325 1060 undique
331 1025 358 1051 in
365 1023 602 1052 Constitutionibus
614 1023 852 1058 expiat—Atque

58 1073 112 1099 haec
137 1072 308 1100 necessario
330 1070 505 1098 edisserenda
528 1069 655 1101 luerunt,
679 1077 714 1096 ne
735 1068 852 1104 amplius

57 1117 152 1144 lateret
162 1120 321 1151 utrumque
330 1107 466 1151 Hippolyti
479 1122 558 1150 opus,
570 1113 640 1149 Περὶ
651 1113 851 1148 χαρισμάτων,

59 1167 85 1190 et
104 1160 336 1195 Ἀποστολικὴν
355 1159 542 1194 παράδοσιν,
563 1159 735 1187 Montanistis
768 1166 854 1193 oppo-

62 1207 142 1234 situm
157 1206 261 1237 fuisse.
276 1206 449 1239 maximeque
456 1203 624 1231 Tertulliano
639 1204 665 1230 in
679 1211 739 1231 eam
752 1207 853 1230 sectam

61 1247 205 1288 vei-genti:
222 1252 281 1280 etsi
296 1258 396 1279 nomen
411 1250 507 1285 ipsius,
523 1257 576 1284 quo
589 1249 695 1276 facilius
709 1249 743 1276 ab
757 1248 854 1276 haeresi

62 1299 156 1334 pedem
179 1297 322 1330 referret,
350 1297 419 1324 bene
443 1296 479 1323 ab
503 1295 649 1330 Hippolyto
676 1302 853 1330 suppressum

64 1344 154 1372 fuerit.
182 1344 284 1379 Neque
299 1343 372 1371 enim
393 1341 480 1377 ipsius
501 1340 580 1368 fama!
601 1339 786 1368 Tertullianus
808 1348 855 1375 pc-

64 1391 215 1427 percisset,
241 1391 266 1420 si
292 1391 358 1426 quid
386 1390 414 1417 in
436 1397 467 1417 se
488 1388 648 1416 nominatim
669 1388 855 1423 conscriptum

66 1441 147 1465 esset.
168 1437 198 1464 In
214 1435 457 1465 Constitutionibus
472 1435 565 1470 itaque
581 1435 683 1463 frustra
695 1434 856 1462 Tertulliani

67 1484 166 1511 mentio
189 1487 240 1510 aut
258 1482 381 1510 Montani
402 1485 591 1517 qumreretur;
619 1480 769 1516 praesertim
791 1487 857 1507 vero

70 1537 128 1556 cum
148 1529 231 1564 plura
251 1528 396 1557 sustulerit
417 1530 572 1562 corruptor,
589 1534 651 1561 quae
670 1526 855 1561 apostolorum

901 286 987 313 nostri
1010 286 1183 313 imitationem
1202 292 1249 319 pro
1270 285 1332 312 ludo
1352 285 1464 317 habent;
1484 285 1541 312 ideo
1562 285 1681 320 inquam,

901 341 1004 360 necesse
1022 332 1073 367 fuit
1086 332 1118 359 de
1131 341 1160 359 eo
1176 340 1276 368 quoque
1290 331 1431 359 admonere
1446 340 1456 359 :
1469 332 1527 366 jam
1541 331 1609 358 enim
1625 333 1684 366 qui-

901 378 963 405 dam
983 378 1100 405 conuersi
1114 382 1175 405 sunt
1197 382 1266 404 retro
1281 382 1340 412 post
1360 378 1501 404 vanitatem
1522 385 1598 404 suam
1614 377 1682 412 (98).

902 423 965 451 llaec
980 425 1072 458 utique
1088 423 1115 450 in
1128 423 1271 450 codicibus
1287 423 1432 458 Hippolyto
1458 423 1558 450 tributa
1578 422 1685 449 Monta-

902 470 990 497 nistas
1005 469 1115 500 feriunt,
1131 469 1201 504 apud
1216 477 1280 504 quos
1294 469 1333 495 vel
1346 469 1467 496 mulieres
1481 469 1594 503 episcopi
1607 473 1685 496 erant

900 519 926 541 et
946 514 1108 549 presbyteri,
1128 520 1153 541 et
1177 514 1211 541 ad
1237 519 1345 542 caeteros
1369 515 1468 550 gradus
1494 515 1683 550 allegebantur,

902 561 1003 588 nullum
1019 566 1047 588 ut
1063 569 1140 588 sexus
1151 561 1291 588 discrimen
1306 566 1463 588 servaretur.
1486 562 1641 588 Ἐπίσκοποί
1655 570 1685 588 τε

903 608 973 643 παρ’
986 609 1078 640 αὐτοῖς
1100 609 1242 642 γυναῖκες,
1266 608 1312 634 καὶ
1339 608 1516 643 πρεσϐύτεροι
1547 609 1685 642 γυναῖκες,

902 654 950 681 καὶ
969 654 1003 681 τὰ
1031 654 1107 688 ἄλλα,
1129 654 1167 686 ὡς
1192 655 1273 690 μηδὲν
1293 655 1429 690 διαφέρειν
1457 654 1522 690 (99).
1545 654 1686 682 Postrema

902 706 993 729 autem
1011 702 1091 729 verba
1106 701 1134 728 in
1146 701 1343 729 Tertullianum
1366 701 1438 728 dicta
1461 704 1525 729 sunt
1539 708 1609 728 vano
1624 709 1688 735 pro-

903 748 1000 782 phetia
1015 748 1126 774 nomine
1140 747 1299 782 deceptum;
1321 755 1401 782 quem
1416 748 1498 782 paulo
1512 750 1575 775 ante
1588 748 1644 775 suis
1659 747 1687 774 in

903 794 1040 821 Dauielem
1061 793 1275 821 Commentariis
1299 793 1401 828 pariter
1423 792 1583 829 Hippolytus
1606 797 1686 820 nota-

902 844 979 867 verat
990 850 996 867 :
1007 839 1111 870 Πάντες
1124 839 1179 875 γὰρ
1193 841 1310 875 σήμερον
1324 840 1348 868 οἱ
1358 840 1396 871 είς
1411 840 1490 866 αὑτὸν
1505 840 1686 874 πιστεύοντες,

903 887 936 913 τὰ
949 886 1025 921 λόγια
1034 886 1151 922 Χριστοῦ
1167 886 1347 922 φθεγγόμεθα,
1357 886 1395 918 ὡς
1403 886 1447 913 διὰ
1462 887 1593 922 στόματος
1606 886 1688 914 αὐτοῦ

901 932 1043 964 λαλοῦντες
1069 932 1103 959 τὰ
1131 933 1176 959 ὑπ’
1203 932 1284 959 αὐτοῦ
1310 933 1525 968 προτεταγμένα·
1552 934 1609 964 τοῖς
1634 933 1689 969 γὰρ

902 979 989 1013 ἁγίοις
1007 980 1054 1006 καὶ
1073 979 1247 1014 φοϐουμένοις
1264 979 1354 1010 αὐτὸν,
1374 979 1466 1010 αὐτοῖς
1487 979 1575 1014 μόνοις
1594 979 1689 1006 ἑαυτὸν

901 1027 1096 1055 ἀποκαλύπτει.
1116 1028 1148 1054 El
1162 1027 1216 1063 γάρ
1229 1036 1271 1059 τις
1285 1027 1359 1054 δοκεῖ
1371 1027 1418 1054 καὶ
1432 1029 1460 1054 ὲν
1482 1027 1627 1063 Ἐκκλησία
1641 1027 1689 1054 νῦν

902 1074 1102 1107 πολιτεύεσθαι,
1123 1074 1204 1109 φόϐον
1222 1074 1250 1101 δὲ
1274 1074 1340 1101 Θεοῦ
1362 1075 1398 1110 μὴ
1417 1075 1488 1110 ἔχει,
1512 1075 1572 1102 οὐδὲ
1595 1074 1690 1102 τοῦτον

902 1121 1028 1158 ὠφελεϊὴ
1044 1121 1112 1157 πρὸς
1125 1123 1189 1153 τοὺς
1203 1122 1296 1156 ἁγίους
1318 1122 1432 1155 σύνοδος.
1457 1123 1607 1158 Quicunque
1621 1123 1690 1150 enim

903 1166 980 1194 hodie
994 1167 1021 1193 in
1036 1168 1120 1201 ipsum
1141 1167 1270 1194 credimus
1280 1187 1287 1198 ,
1304 1167 1414 1194 oracula
1426 1167 1526 1195 Christi
1547 1168 1688 1203 loquimur,

905 1217 1030 1248 tanquam
1054 1213 1137 1247 ipsius
1161 1221 1206 1240 ore
1224 1213 1398 1247 pradicantes
1418 1222 1475 1248 quia
1496 1220 1556 1241 sunt
1579 1214 1611 1240 ab
1633 1215 1690 1248 ipso

903 1259 1057 1286 constituta.
1076 1258 1181 1286 Sanctis
1200 1260 1291 1294 quippe
1307 1268 1338 1287 ac
1356 1268 1383 1287 se
1401 1260 1551 1288 timentibus
1573 1265 1690 1288 tantum-

904 1305 982 1332 modo
999 1313 1026 1332 se
1042 1305 1127 1339 ipsum
1147 1305 1253 1333 revelat.
1277 1304 1349 1332 Nam
1369 1306 1393 1332 si
1411 1306 1469 1339 quis
1490 1305 1591 1333 videtur
1608 1306 1647 1333 uel
1663 1306 1690 1333 in

906 1349 1025 1378 Ecclesia
1039 1350 1117 1377 modo
1131 1351 1231 1378 versari
1240 1353 1263 1384 ,'
1274 1352 1394 1379 timorem
1413 1357 1500 1378 autem
1512 1351 1561 1378 Dei
1575 1360 1626 1379 non
1642 1353 1689 1379 Ita-

906 1397 968 1425 bet:
992 1404 1072 1431 neque
1093 1397 1154 1424 huic
1178 1397 1283 1431 prodest
1305 1397 1340 1424 ad
1366 1403 1472 1425 sanctos
1495 1399 1636 1425 accessisse
1664 1399 1691 1425 in

906 1447 1031 1469 conuentu
1048 1442 1134 1477 (100).
1157 1442 1196 1469 Ac
1214 1442 1348 1478 siquidem
1361 1443 1419 1470 haec
1435 1447 1499 1470 sunt
1519 1444 1691 1471 contumelia:

907 1488 969 1520 illaa,
985 1488 1085 1523 quibus
1098 1488 1136 1515 ait
1150 1487 1332 1524 Hieronymus
1344 1488 1540 1517 Tertullianum
1555 1498 1615 1518 esse
1630 1499 1691 1526 per-

906 1539 1009 1562 motum
1025 1538 1055 1561 ut
1068 1534 1218 1562 Ecclesiam
1239 1534 1393 1565 desereret.
1417 1540 1528 1571 apparet
1553 1536 1690 1564 hominem

69 1583 123 1602 (δενο
142 1575 296 1604 conveni”
314 1582 370 1602 n0"
386 1577 523 1609 Ροῑετθηίι
541 1573 621 1608 Plura
638 1572 728 1600 adhuc
747 1572 855 1599 incame
868 1584 889 1613 (ι
906 1581 948 1608 sui
971 1581 1064 1616 lapsus
1086 1588 1212 1612 causam.
1229 1589 1310 1616 quam
1333 1581 1432 1609 habere
1453 1582 1556 1610 nullam
1574 1586 1690 1618 poterat,

71 1622 225 1657 reliquerit.
249 1630 311 1658 quae
331 1622 364 1649 ad
386 1622 536 1656 posteriora
561 1623 685 1655 tempora
712 1618 856 1646 manifeste

908 1629 934 1655 in
949 1627 1102 1655 Romanum
1118 1629 1220 1655 clerum
1240 1636 1346 1656 summa
1364 1628 1464 1662 injuria
1481 1629 1628 1656 detersisse
1640 1629 1690 1664 (l).

72 1667 211 1695 referenda
230 1671 309 1696 sunt.
329 1667 371 1694 Ad
386 1666 566 1694 Montanistas
583 1672 649 1693 vero
664 1672 696 1692 ac
710 1663 857 1692 Tertullia-
907 1673 1006 1701 Nom“
1020 1674 1091 1702 enim
1103 1673 1216 1709 dignum
1230 1679 1282 1706 est,
1298 1673 1371 1708 quod
1393 1675 1450 1710 ipse
1464 1682 1524 1701 cum
1534 1674 1691 1703 Catholicos

73 1721 134 1741 num
147 1718 249 1742 cuncta
265 1714 323 1742 fere
338 1716 463 1747 spectant
478 1719 539 1747 qua:
552 1711 700 1739 universim
715 1711 743 1738 in
751 1709 857 1738 Consti-

908 1720 1065 1747 animalium
1086 1720 1197 1750 nomine
1214 1727 1247 1747 ac
1267 1719 1392 1755 pluribus
1414 1721 1546 1749 conviciis
1568 1722 1692 1748 cumula-

74 1759 215 1788 tutionibus
238 1759 402 1787 atteruntur.
426 1757 455 1784 In
473 1757 533 1792 ipso
555 1757 627 1784 enim
647 1756 743 1784 ultimo
768 1755 858 1790 capite
909 1770 960 1797 rel,
980 1773 1060 1793 nemo
1081 1769 1138 1792 tum
1162 1766 1293 1800 temporis
1314 1765 1365 1792 [υίι
1381 1766 1427 1801 qui
1448 1767 1608 1794 “mimum
1625 1766 1692 1794 τοι.-

75 1805 137 1833 illud
159 1806 316 1833 inculcatur
331 1812 338 1830 :
355 1804 488 1830 Ἕκαστον
511 1802 639 1838 ἐμμένειν
661 1801 737 1834 τάξει
750 1802 791 1836 ,τῇ
814 1801 857 1827 δο-

908 1812 1051 1839 tullianum
1064 1812 1210 1840 refelleret.
1222 1812 1305 1839 Caius
1319 1812 1402 1844 enim,
1419 1812 1547 1840 Ecclesiae
1562 1812 1692 1841 Romanae

75 1850 146 1888 θείσῃ
160 1851 246 1888 αὐτῷ,
262 1851 310 1878 καὶ
326 1850 362 1886 μὴ
384 1849 558 1885 ὑπερϐαίνειν
575 1848 638 1879 τοὺς
657 1848 747 1884 ὅρους.
771 1847 857 1875 Unus-

909 1857 1061 1892 presbyter,
1095 1857 1226 1885 adversus
1253 1857 1381 1884 Proclum
1412 1857 1532 1885 Montani
1565 1859 1692 1886 columen

76 1897 178 1932 quisque
191 1898 220 1925 in
235 1897 329 1925 ordine
343 1897 394 1924 sibi
407 1898 469 1923 dato
482 1899 643 1930 permaneat,
662 1903 745 1939 neque
757 1895 857 1930 regulo-

908 1904 1007 1931 eximie
1039 1904 1167 1938 scripsit;
1193 1903 1357 1939 Hippolytus
1375 1904 1402 1930 in
1418 1903 1449 1932 E.
1465 1903 1498 1931 Β.
1510 1904 1568 1938 pari
1594 1903 1690 1939 gradu.

76 1950 131 1969 πίνη
150 1944 274 1970 ίενηιίηοδ
296 1941 473 1969 ιναηεεεηάηίι
491 1940 593 1968 Deinde
609 1943 706 1966 θυθιοτ
723 1938 855 1966 montani
909 1949 1043 1977 adversus
1075 1949 1254 1977 Montanistas
1274 1938 1423 1984 :Vuterque
1446 1957 1478 1977 ea
1505 1938 1692 1976 moderatione

78 1991 131 2015 stas
144 1990 258 2024 propius
273 1987 453 2023 designando,
472 1987 499 2013 in
512 1993 607 2014 eorum
627 1985 766 2013 licentiam
782 1985 857 2012 inve-

910 1998 939 2022 ut
964 1995 1022 2029 ipse
1042 1994 1228 2022 Tertullianus
1250 1997 1377 2022 neutrum
1402 1995 1438 2022 sit
1466 1995 1632 2026 insectatus.
1660 2003 1693 2023 ac

78 2033 147 2061 hitur
164 2043 172 2061 :
190 2035 311 2065 Εἰκότως
330 2033 376 2060 τὸν
396 2031 584 2068 ἐπηρτημένον
610 2031 730 2058 κίνδυνον
750 2031 806 2062 τοις
824 2030 857 2058 τὰ

908 2040 1000 2076 potius
1015 2039 1188 2076 Apollonium
1209 2040 1399 2075 exagitaverit,
1419 2040 1600 2068 ortliodoxum
1619 2041 1692 2068 scri»

78 2080 183 2107 τοιαῦτα
205 2081 357 2117 πράττουσι
381 2078 577 2115 προειδόμενοι,
601 2077 648 2104 καὶ
671 2077 721 2113 τὴν
748 2078 788 2108 εἰς
810 2077 860 2109 τὰς

79 2124 167 2158 θυσίας
179 2147 186 2159 ,
200 2128 247 2154 καὶ
262 2125 435 2162 εὐχαριστίας
449 2123 588 2160 ἀμέλειαν,
603 2124 648 2158 ὑφ’
662 2121 700 2150 ὧν
714 2123 763 2150 οὐκ
777 2124 860 2159 ἐχρῆν

79 2173 279 2208 προσαγομένας
297 2171 412 2203 ἀσεϐῶς,
432 2171 556 2204 παίγνιον
574 2169 731 2205 ἡγουμένων
744 2169 794 2205 τὴν
809 2169 857 2206 ἁρ-

80 2220 229 2255 χιερατικὴν
243 2218 325 2254 τιμὴν
340 2218 402 2253 ἥτις
417 2217 531 2253 μίμησιν
545 2215 666 2252 περιέχει
679 2214 726 2242 τοῦ
742 2215 858 2251 μεγάλου

80 2264 220 2300 ἀρχιερέως
240 2264 328 2300 Ἰησοῦ
346 2262 464 2300 Χριστοῦ
483 2261 618 2294 Βασιλέως
632 2261 721 2298 ήμῶν,
736 2261 858 2298 ἀνάγκην

81 2309 186 2345 ἔσχομεν
208 2312 256 2339 καὶ
274 2310 352 2338 τοῦτο
373 2309 552 2345 παραινέσαι·
567 2307 616 2344 ἤδη
640 2308 694 2343 γάρ
713 2317 785 2339 τινες
802 2307 860 2340 ἐξε-

82 2355 216 2392 τράπησαν
239 2357 326 2383 ὀπίσω
348 2355 399 2391 τῆς
418 2354 522 2381 ἑαυτῶν
546 2354 734 2390 ματαιότητος.
755 2353 860 2380 Idcirco

81 2400 137 2434 jure
154 2404 295 2437 periculum
315 2403 349 2429 iis
366 2402 410 2437 qui
432 2401 486 2428 haec
512 2401 614 2436 faciunt
632 2401 781 2434 impendens
797 2408 859 2435 pro-

85 2447 221 2482 spicientes,
235 2453 261 2476 et
275 2448 459 2484 negligentiam
476 2447 503 2473 in
521 2446 660 2481 sacriﬁciis
675 2451 700 2475 et
710 2448 858 2482 gratiarum

87 2494 219 2522 actionibus
241 2493 456 2531 [Eucharistiis],
480 2503 510 2521 eo
531 2494 600 2530 quod
619 2494 696 2528 impie
711 2495 856 2529 offerantur

86 2538 114 2565 ab
126 2539 156 2567 iis
172 2550 187 2568 a
197 2542 289 2577 quibus
307 2550 358 2570 non
377 2546 488 2577 oportet,
502 2543 596 2578 quique
610 2541 736 2569 honorem
748 2540 855 2577 pontiﬁ-

118 2619 168 2655 (95)
184 2623 295 2655 Constit.
311 2631 371 2655 νιιι,
388 2623 432 2650 52.

185 2653 343 2694 Ἰξβι-ιυιιὶθη.
360 2653 398 2685 De
409 2658 492 2686 anim.
506 2666 543 2686 ix.

120 2689 170 2725 (97)
189 2690 299 2722 Constit.
314 2702 351 2725 νῐ,
363 2694 406 2721 ιι.

119 2724 170 2760 l98)
188 2728 298 2757 Constit.
316 2724 377 2762 vui,
393 2729 435 2757 46.

909 2091 1026 2123 ptorem.
1045 2092 1072 2115 at
1095 2095 1150 2115 non
1173 2096 1205 2115 ex
1223 2087 1347 2115 Romano
1370 2088 1461 2119 clero,
1485 2092 1577 2123 utpote
1597 2089 1643 2124 qui
1663 2090 1692 2117 in

910 2134 1021 2162 Oriente
1044 2134 1154 2162 vixerit.
1187 2134 1322 2162 Caeterum
1349 2134 1495 2170 scripsisse
1516 2134 1691 2170 Hippolytum

909 2184 1004 2208 contra
1026 2180 1215 2212 Montanistas.
1237 2187 1339 2215 eosque
1357 2181 1488 2207 acerrime
1509 2188 1565 2215 prae
1586 2181 1692 2209 caeteris

910 2227 1095 2262 impugnasse.
1112 2228 1140 2254 in
1155 2227 1266 2254 dubium
1288 2227 1408 2254 revocari
1421 2227 1525 2262 nequit,
1540 2235 1601 2254 cum
1613 2232 1692 2256 vetus

909 2278 1006 2301 auctor
1021 2273 1115 2301 sedulo
1131 2274 1158 2300 in
1173 2280 1205 2301 ea
1219 2273 1322 2308 scripta
1345 2272 1501 2308 inquisierit
1514 2283 1520 2301 :
1533 2273 1613 2306 Τίνας
1627 2274 1692 2301 ὕπο-

907 2319 1004 2356 λὴψεῖς
1018 2321 1089 2355 εἶχεν
1111 2321 1125 2347 ό
1140 2320 1290 2354 ἁγιώτατος
1309 2320 1466 2352 Ἱππόλυτος
1488 2321 1550 2356 περὶ
1572 2321 1622 2356 τῆς
1638 2321 1694 2347 τῶν

907 2367 1096 2394 Μοντανιστῶν
1119 2367 1260 2403 αἱρέσεως,
1285 2367 1332 2394 καὶ
1354 2367 1430 2399 τίνας
1451 2368 1466 2394 ὁ
1488 2368 1517 2394 ὲν
1536 2367 1622 2403 ἁγίοις
1642 2368 1693 2403 τῆς

906 2413 1017 2448 Νύσσης
1039 2413 1197 2449 Γρηγόριος.
1217 2413 1349 2446 Quidnam
1374 2414 1484 2441 senserit
1508 2414 1691 2441 sanctissimus

908 2458 1067 2494 Hippolytus
1078 2459 1109 2486 de
1119 2458 1344 2487 Montanistarum
1358 2459 1463 2492 Itwresi,
1480 2459 1573 2496 quidve
1587 2459 1616 2487 S.
1629 2458 1683 2486 Gre

908 2505 998 2539 qorius
1007 2504 1144 2540 Nyssenus
1153 2505 1201 2542 (2).

945 2620 1001 2655 (99)
1020 2619 1154 2656 Epiphan.
1170 2621 1236 2656 haer.
1254 2629 1328 2654 xmx,
1341 2621 1368 2648 2.

944 2656 1019 2691 (100)
1039 2656 1145 2691 Hippol.
1164 2655 1196 2683 In
1207 2656 1276 2683 Dan.
1289 2664 1317 2689 ι,
1332 2656 1357 2683 7.

944 2691 982 2725 (l)
1003 2690 1113 2720 Hieron.
1132 2692 1158 2718 in
1174 2691 1263 2719 Catal.
1278 2691 1376 2726 Script.
1391 2690 1462 2718 Ecci.
1476 2699 1534 2718 Lm.

943 2726 981 2763 (2)
1003 2726 1096 2762 Steph.
1112 2726 1210 2754 Gohar.
1227 2735 1271 2762 ap.
1286 2725 1365 2755 Phot.
1375 2727 1436 2756 cod.
1449 2734 1569 2754 ccum.
