1884 3104
221 120 273 148 5'25

664 121 691 148 S.
709 119 905 148 CLEMENTIS
922 119 931 147 1
949 119 1030 148 BOM.
1051 120 1151 148 PONT.
1169 120 1282 147 OPERA
1301 119 1415 148 DUMA.

1792 121 1842 149 523

220 177 401 206 recentiorem
417 178 507 213 prodit
522 178 695 206 consuetudo
711 178 756 205 illa
770 177 935 212 templorum
951 177 1004 204 ritu
1020 180 1043 209 Α
1058 177 1108 209 dit,
1128 185 1157 204 se
1179 177 1293 205 deﬁnire
1317 177 1386 204 nihil
1411 184 1553 210 ausurum.
1580 183 1643 204 cum
1670 176 1789 205 Romani
1808 179 1842 206 ad

218 224 384 252 Christianis
408 225 539 260 peculiari
558 225 752 258 excitatorum,
778 224 858 258 cujus
882 224 1005 251 meminit

217 273 314 296 auctor
328 270 374 297 lib.
395 277 425 302 ιι,
442 278 503 306 cap.
523 271 566 298 57.
590 270 703 306 Templa
721 271 793 298 enim
810 278 825 297 a
840 271 1004 298 Christianis

217 316 318 343 saeculo
329 316 439 343 demum
450 317 571 344 secundo
587 317 705 352 primum
721 317 788 352 erigi
804 317 925 352 cmpisse
936 317 1004 344 mihi

216 362 363 389 admodum
379 362 522 397 probatur.
537 362 604 390 Cum
618 364 765 398 episcopos
781 364 814 390 ad
829 364 921 391 varias
929 364 1004 391 orbis

216 409 347 436 ecclesias
362 408 513 437 destinatos
529 414 663 440 recenset.
678 416 726 436 eos
739 414 942 441 commemorat,
956 409 1003 444 qui

215 454 264 482 diu
280 459 342 490 post
351 455 493 491 apostolos
508 455 646 483 vixerunt.
664 454 732 482 Vide
749 455 796 483 lib.
814 464 864 488 vn,
883 463 943 490 cap.
958 456 1002 483 47.

215 500 287 533 Quin
312 505 338 528 et
354 501 498 537 scriptoris
515 501 588 528 illius
605 506 684 528 aetate
708 500 830 529 Ecclesia
845 501 947 529 Christi
963 507 1004 529 to-

214 551 272 574 tum
286 555 333 582 per
348 548 441 575 orbem
455 547 566 581 dill‘nsa,
579 548 720 575 catholicae
733 555 831 575 nomen
844 547 897 575 sibi
906 548 1003 575 merito

214 593 382 624 vindicabat.
396 601 451 628 quo
466 593 539 620 illam
555 593 644 628 elogio
658 594 728 621 idem
745 598 841 620 auctor
852 601 906 620 non
918 593 1002 620 semel

214 643 326 666 mactat.
342 638 371 666 ld
392 647 457 667 vero
472 647 554 674 quam
570 639 706 666 immerito
722 639 896 672 deEcclesia,
913 639 1002 674 qualis

214 690 273 712 erat
286 686 471 721 apostolorum
487 689 565 712 aetate
581 685 771 717 aﬂirmaretur,
790 692 869 712 nemo
889 692 944 711 non
960 685 1003 711 in-

214 732 323 766 telligit.
345 731 384 758 Ex
409 732 453 759 his
472 731 600 759 omnibus
621 732 765 767 probatum
787 731 907 758 arbitror
923 731 1001 758 lucu-

214 777 366 805 brationem
389 778 459 805 hanc
480 779 667 813 apostolorum
686 781 792 805 aetatem
816 785 867 805 nec
888 785 999 812 sapere,

215 832 265 851 nec
280 823 417 859 praeferre.

252 870 283 897 At
302 870 381 904 cujus
396 870 505 897 demum
523 870 611 898 aetatis
625 877 693 905 opus
713 869 780 897 illud
793 869 1000 905 judicaremus?

213 916 265 943 Alii
291 916 370 944 aliter
384 916 505 951 sapiunt.
531 916 587 951 Ego
601 923 667 943 vero
689 923 751 943 cum
777 916 804 943 in
826 916 874 944 lib.
893 924 912 948 ι,
936 924 996 951 cap.

212 961 258 994 23,
275 966 342 993 ctc.,
365 962 432 990 adeo
455 962 549 989 multis
574 962 792 990 commendatam
815 962 925 997 legerim
941 963 999 998 epi-

213 1009 305 1043 scopis
326 1016 392 1044 erga
411 1008 606 1043 resipiscentes
629 1008 722 1036 ﬁdeles
745 1009 951 1044 benignitatem,
972 1013 999 1037 et

212 1054 399 1088 clementiam;
416 1062 477 1082 cum
493 1062 589 1082 omnes
604 1055 794 1090 cujuscunque
817 1055 926 1082 tandem
944 1056 998 1082 cri-

212 1100 296 1128 minis
310 1108 384 1132 reos,
401 1100 554 1128 idololatria
576 1101 685 1136 quidem
705 1106 828 1137 excepta,
854 1102 887 1128 ad
909 1101 999 1136 pinni-

213 1146 327 1172 tentiam
344 1151 371 1173 et
394 1154 488 1181 pacem
499 1167 506 1177 ,
525 1147 659 1181 siquidem
674 1147 780 1174 veniam
806 1148 997 1182 poposcerint,

213 1191 319 1218 admitti
334 1201 340 1219 ε
356 1193 474 1227 scriptor
488 1193 533 1220 ille
547 1193 674 1226 mandet;
691 1193 717 1220 id
738 1200 788 1228 ego
807 1194 917 1229 quidem
932 1202 998 1222 con-

212 1243 253 1266 tra
277 1237 456 1266 Montanistas
477 1238 579 1266 dictum
597 1240 733 1274 suspicor,
751 1248 867 1275 quorum
887 1240 998 1268 haeresis

212 1284 314 1310 smculo
338 1284 447 1312 labente
472 1285 592 1312 secundo
615 1287 737 1313 emersit.
761 1286 800 1313 Ex
824 1294 878 1321 quo
900 1286 997 1314 conﬁci

211 1337 294 1364 posse
320 1337 420 1358 censeo
441 1331 656 1359 lucubrationem
689 1332 760 1359 hanc
792 1332 891 1360 sasculo
919 1333 998 1360 tertio

211 1375 327 1410 procudi
344 1376 423 1403 facile
437 1378 571 1411 potuisse.
594 1376 647 1404 Sed
665 1382 693 1405 et
715 1377 804 1405 medio
817 1378 927 1406 circiter
947 1386 998 1406 sm-

212 1422 275 1449 culo
290 1422 336 1449 illo
351 1422 433 1449 tertio
452 1423 561 1450 evoluto
578 1423 607 1451 S.
631 1423 778 1459 Dionysius
796 1423 997 1452 Alexandrinus

214 1474 229 1494 a
245 1466 364 1495 Basilide
378 1468 508 1503 episcopo
525 1470 668 1496 consultus
682 1475 764 1504 quota
780 1470 869 1498 noctis
885 1470 999 1505 boraje—

1057 223 1121 258 galli
1137 227 1248 250 cantum
1265 223 1331 250 illud
1349 231 1496 258 prorogare
1517 223 1724 258 consueverint,
1742 224 1790 252 alii
1804 226 1844 252 ei—

1056 271 1111 298 tius
1126 270 1267 298 solverint.
1286 269 1314 297 ld
1329 269 1451 305 profecto
1466 269 1638 297 demonstrat
1653 269 1798 306 ignorata:
1809 271 1844 299 ab

1055 317 1102 344 illo
1119 316 1205 344 fuisse
1226 317 1391 351 apostolicas
1405 316 1631 348 constitutiones,
1654 323 1720 343 cum
1746 315 1776 343 in
1790 316 1843 346 illis

1056 363 1102 390 lib.
1120 371 1147 394 v,
1166 370 1227 397 cap.
1246 362 1290 393 18.
1308 362 1342 389 ad
1358 362 1527 397 gallicinium
1548 361 1758 397 prorogandam
1774 361 1843 390 Sab-

1054 409 1110 436 bati
1126 409 1207 443 hujus
1222 408 1355 443 jejunium
1371 407 1506 435 edicatur.
1519 407 1586 435 Cum
1602 411 1708 440 tamen,
1719 411 1752 435 ut
1764 416 1843 444 supra

1054 456 1159 487 monui,
1173 459 1253 483 aetate
1264 456 1308 482 illa
1323 455 1421 482 vixerit
1432 458 1537 487 auctor,
1551 461 1606 489 qua
1620 453 1750 482 Ecclesia
1759 458 1842 484 totum

1054 501 1109 529 late
1130 509 1178 537 per
1200 501 1293 529 orbem
1321 500 1431 528 tandem
1458 500 1648 535 promulgata,
1673 504 1703 528 et
1731 499 1844 541 dilatata

1054 552 1129 581 erat;
1154 547 1235 582 idque
1250 547 1358 574 demum
1381 550 1460 573 aetate
1475 545 1649 574 Constantini
1670 546 1842 576 obtinuerit:

1054 593 1114 621 ideo
1129 592 1304 621 Constantini
1322 596 1402 620 aetate
1418 592 1601 627 antiquiorem
1618 599 1676 619 non
1701 592 1844 620 existima-

1052 639 1146 666 verim.
1161 638 1267 666 Rursus
1279 643 1370 666 autem
1387 638 1489 666 saeculo
1503 642 1604 673 quarto
1618 639 1747 671 ineunte,
1762 645 1842 673 anno,

1052 690 1183 720 quantum
1200 685 1318 712 arbitror
1331 685 1397 718 309,
1415 684 1560 712 concilium
1576 684 1782 712 Eliberitanum
1802 693 1843 713 ce-

1052 731 1185 759 lcbratum
1200 735 1252 763 est,
1269 731 1349 765 cujus
1368 731 1473 766 primus
1487 738 1576 758 canon
1592 730 1702 758 admitti
1716 735 1794 760 vetat
1812 731 1844 759 ad

1052 778 1270 805 communionem
1286 778 1358 810 illos,
1374 778 1421 813 qui
1437 785 1452 805 a
1468 777 1520 806 ﬁde
1531 777 1564 805 ad
1577 777 1770 806 idololatrian)
1781 785 1844 815 apo-

1053 824 1224 856 stataverint,
1241 829 1482 860 quantumcunque
1496 825 1530 852 de
1547 825 1665 853 crimine
1676 825 1745 853 dein
1759 827 1843 861 patui-

1050 871 1163 903 tuerint,
1180 870 1261 905 idque
1275 870 1383 898 demum
1395 878 1548 906 repugnare
1560 871 1670 899 videtur
1685 872 1843 907 apostolica

1050 916 1089 943 illi
1104 917 1304 949 constitutioni,
1326 917 1407 951 cujus
1423 924 1506 952 supra
1521 917 1625 944 mentio
1641 917 1720 945 facta
1735 921 1799 952 est;
1811 926 1843 947 el

1050 971 1102 998 qua
1118 963 1275 998 conjectura
1288 963 1420 990 docemur
1431 964 1657 992 constitutionem
1673 964 1756 991 illam
1776 972 1843 993 non-

1050 1009 1114 1036 dum
1127 1017 1198 1036 anno
1214 1009 1260 1037 illo
1280 1009 1447 1037 innotuisse.
1466 1008 1595 1037 Vicissim
1611 1017 1681 1037 vero
1696 1013 1801 1038 auctor
1812 1011 1843 1039 de

1049 1055 1118 1082 Filio
1133 1055 1179 1083 Dei
1203 1056 1240 1082 ita
1256 1055 1358 1090 passim
1380 1059 1407 1082 et
1423 1055 1579 1091 frequenter
1593 1055 1734 1091 loquitur,
1751 1064 1842 1092 qum-

1049 1102 1194 1130 admodum
1218 1101 1385 1129 Antenicaeni
1413 1101 1510 1129 Patres
1536 1101 1661 1130 scribere
1689 1109 1842 1130 consueve.

1049 1152 1123 1181 runt,
1139 1152 1166 1176 et
1180 1156 1247 1176 voce
1262 1149 1409 1182 omousion,
1429 1155 1587 1183 quanquam
1602 1155 1677 1183 saepe
1693 1156 1744 1176 res
1759 1151 1789 1176 et
1801 1156 1841 1177 0c-

1049 1195 1124 1222 casio
1137 1195 1327 1229 postulaverit,
1343 1202 1483 1229 nunquam
1498 1194 1595 1226 utitur,
1606 1201 1664 1229 quo
1679 1199 1842 1232 argumento

1049 1241 1158 1276 probari
1170 1248 1249 1276 posse
1263 1241 1382 1267 arbitror
1395 1239 1494 1267 Nicami
1504 1240 1841 1274 concilii‘celebrationem

1049 1294 1117 1321 opus
1126 1286 1196 1313 idem
1206 1287 1389 1321 prtecessisse.
1403 1286 1469 1319 Quae
1480 1287 1502 1314 si
1515 1286 1686 1321 conjectura:
1697 1287 1842 1315 admittan—

1048 1336 1104 1365 tur,
1115 1333 1186 1359 intra
1194 1334 1312 1368 spatium
1327 1333 1404 1364 illud.
1413 1333 1484 1367 quod
1495 1340 1567 1360 anno
1574 1333 1627 1360 309
1636 1333 1729 1361 ειὸΞξί
1735 1334 1843 1362 conclu-

1048 1378 1133 1411 ditur,
1141 1379 1311 1414 vulgatarum
1325 1379 1552 1406 constitutionum
1566 1379 1646 1407 sedes
1663 1379 1778 1415 genda
1792 1386 1840 1409 est.

1083 1424 1227 1460 Utcunque
1251 1433 1294 1453 res
1321 1425 1421 1452 habeat
1452 1433 1523 1459 sese,
1550 1426 1620 1453 utile
1644 1429 1691 1454 est
1714 1434 1790 1462 opus
1809 1428 1841 1455 ad

1048 1471 1143 1502 multa,
1156 1475 1182 1498 et
1200 1472 1354 1507 dogmatum
1364 1475 1521 1500 nostrorum
1538 1472 1670 1500 vetustati
1685 1473 1841 1502 astruenda

211 1513 320 1549 junium
338 1515 407 1542 solvi
422 1515 515 1543 liceret
532 1515 652 1543 Sabbato
667 1517 864 1552 antepaschali,
881 1525 996 1553 respon-
1010 1523 1035 1555 ο
1049 1517 1170 1552 apprime
1186 1518 1383 1545 necessarium.

235 1592 1827 1608 Ἣ

471 1659 542 1733 ΒΕ
596 1658 1136 1738 GONSTITUTIONIBUS
1191 1660 1558 1741 APOSTOLIGIS

981 1778 1070 1798 EDITIS

646 1828 697 1857 AB
715 1826 945 1858 HIPPOLYTO
964 1827 1156 1858 EPISCOPO
1178 1829 1414 1866 PORTUENSI,

213 1888 274 1924 ([Ds
290 1888 463 1923 Μωιετκιδλ
479 1891 546 1929 Actu
561 1888 714 1929 Martyrum
729 1889 763 1915 ad
793 1888 869 1929 Quia
882 1887 1072 1929 Iibgriqgsub'
1089 1888 1203 1929 Claudio
1219 1889 1328 1929 (ζοιίιίεο
1341 1890 1456 1925 (Romm,
1476 1892 1556 1929 1795,
1578 1892 1605 1920 in
1621 1892 1714 1929 folio),
1731 1893 1761 1922 in
1776 1893 1839 1922 Dis-

455 1924 602 1951 sertatione

463 2035 577 2064 CAPUT
594 2035 742 2065 PRIMUM.

212 2104 316 2133 Titulus
325 2106 352 2132 in
366 2104 616 2141 Constitutionibus
632 2106 790 2141 apostolicis
804 2110 942 2139 corruptus
955 2114 995 2132 re-

246 2141 374 2168 stituitur.
394 2140 512 2168 Clemens
536 2140 668 2167 Romanus
692 2145 716 2167 et
731 2141 888 2175 Hippolytus
909 2142 935 2167 in
954 2141 994 2167 his

245 2177 399 2211 colligendis
418 2175 574 2211 edendisque
598 2169 802 2203 otllaboraruitl.
828 2169 930 2203 Paulus
943 2176 995 2203 Sa-

246 2217 396 2239 mosatenus
411 2211 645 2239 Constitutionum
658 2216 805 2245 corruptor.

245 2268 268 2299 Ι.
286 2268 359 2298 Inter
368 2269 518 2299 vetustiora
529 2276 614 2297 sacrae
625 2269 794 2305 antiquitatis
808 2273 992 2302 monumenta,

210 2323 291 2352 quem
305 2316 396 2344 locum
410 2315 463 2343 sibi
478 2315 618 2343 vindicent
633 2314 838 2342 Comtitutiones
856 2314 993 2350 apostolo-

210 2370 281 2395 rnm,
309 2369 389 2390 nemo
414 2362 533 2398 ignorat,
559 2361 685 2396 quamvis
710 2365 816 2393 auctor,
844 2367 994 2395 earumque

209 2408 298 2437 editor
321 2408 477 2444 ignoretur;
496 2407 723 2443 quemadmodum
741 2412 767 2436 et
781 2410 924 2443 corruptor
945 2407 991 2443 qui

209 2462 257 2483 eas
274 2454 447 2490 interpolavit
469 2453 602 2481 hactenus
623 2453 739 2481 delituit.
764 2452 858 2488 Neque
879 2453 951 2480 enim
967 2452 991 2481 si

209 2507 309 2527 nomen
323 2499 473 2527 Clementis
488 2498 602 2526 Romani
621 2498 813 2534 prasel‘erunt,
837 2497 888 2533 ipsi
907 2496 992 2525 tribui

210 2548 336 2581 possunt,
349 2545 396 2581 qui
413 2549 476 2572 ante
490 2544 569 2577 vixit,
584 2552 665 2579 quam
679 2544 756 2579 plura
771 2543 798 2571 in
815 2543 991 2571 Constitutio-

215 2591 422 2619 nibusenarrata
431 2590 521 2617 locum
548 2589 689 2616 haberent.
717 2587 748 2615 ln
771 2587 903 2615 editorem
925 2594 992 2615 vero

208 2634 366 2662 earumdem
394 2634 638 2667 Conatitutionum.
666 2634 713 2670 qui
741 2633 884 2661 nisteculo
910 2633 989 2667 vixit,

210 2680 368 2714 huiusmodi
379 2688 496 2710 censura
509 2689 564 2709 non
575 2680 658 2713 cadit,
673 2679 783 2716 quando
799 2679 864 2707 huic
876 2679 990 2715 tempori

207 2726 301 2755 omnia
323 2726 380 2755 fere
403 2728 585 2760 conveniunt,
606 2734 666 2763 quae
688 2727 732 2754 his
753 2725 990 2754 Constitutionibua

207 2773 395 2801 continentur.
430 2772 510 2801 Hunc
544 2773 675 2802 editorem
707 2772 794 2801 fuisse
818 2771 990 2808 Hippolytum

208 2819 299 2854 palam
321 2818 464 2851 faciemus,
488 2819 536 2855 qui
559 2827 615 2847 non
639 2819 726 2847 levem
750 2818 786 2847 ob
804 2826 927 2852 causam,
943 2818 992 2846 sed

209 2863 411 2899 gravissimam,
428 2863 555 2893 Ecclesia:
572 2864 710 2893 Ca'totlttm
730 2864 844 2893 editioni
869 2863 991 2893 omnium

652 1933 665 1950 ε
686 1924 744 1951 Vita
759 1929 784 1950 et
799 1923 911 1959 Scriptis
932 1922 960 1949 S.
975 1922 1112 1958 Hippolyti
1128 1925 1242 1959 episcopi
1259 1922 1427 1961 Portucnsic,
1494 1922 1571 1963 ηιξ)

1009 2036 1031 2063 D
1046 2036 1149 2071 primus
1175 2045 1285 2065 manum
1311 2038 1443 2072 admovit,
1464 2039 1625 2075 ceterisque
1641 2040 1718 2069 viam
1740 2044 1840 2072 stravit

1047 2082 1081 2109 ad
1096 2083 1225 2110 eximium
1248 2091 1316 2118 opus
1336 2085 1413 2112 novis
1435 2085 1639 2114 accessionibus
1659 2087 1839 2124 locupletan—
1883 2117 1884 2120 η

1046 2128 1124 2162 dum;
1139 2137 1193 2164 quo
1213 2130 1240 2157 in
1260 2138 1352 2165 opere,
1375 2131 1475 2166 quibus
1501 2132 1635 2160 institutis
1655 2141 1691 2161 ac
1709 2136 1839 2164 moribus

1045 2175 1080 2201 ab
1101 2174 1178 2201 initio
1201 2175 1322 2203 Ecclesia
1351 2184 1401 2204 usa
1430 2176 1520 2210 fuerit,
1548 2182 1706 2213 appareret.
1739 2179 1840 2208 Adhuc

1044 2220 1140 2246 titulus
1151 2221 1307 2248 earumdem
1315 2221 1537 2250 Constitutionum
1550 2223 1593 2251 sui
1604 2224 1723 2252 editoris
1734 2222 1837 2254 nam

1044 2263 1145 2299 prodit,
1165 2268 1208 2291 est
1229 2265 1301 2291 enim
1322 2265 1477 2300 bujusmodi
1496 2275 1503 2293 :
1524 2268 1654 2302 Διαταγαὶ
1676 2269 1734 2297 τῶν
1751 2272 1838 2305 ἁγίων

1044 2307 1201 2335 ἀποστόλων
1213 2308 1257 2336 διὰ
1272 2309 1429 2345 Κλήμεντος
1450 2311 1497 2338 τοῦ
1518 2313 1661 2348 Ῥωμαίων
1680 2314 1837 2343 ἔπιε-κάτω.)

1043 2361 1073 2380 τε
1087 2354 1134 2381 καὶ
1148 2354 1266 2387 πολίτου,
1277 2355 1432 2393 ἢκαθολικὴ
1442 2357 1598 2385 διδασκαλία
1606 2367 1612 2384 :
1621 2358 1836 2389 Constitution;

1043 2405 1195 2427 sanctorum
1223 2401 1402 2435 apostolorum
1429 2411 1474 2437 per
1492 2403 1650 2431 Clementem
1679 2406 1837 2442 episcopus

1043 2450 1069 2473 et
1087 2446 1166 2474 civem
1183 2446 1341 2480 Romanum.
1357 2457 1403 2475 seu
1418 2447 1555 2476 Catholica
1571 2449 1712 2479 Doctrina.
1738 2451 1835 2480 Mirari

1043 2492 1106 2527 quis
1121 2493 1208 2528 possit
1220 2493 1295 2521 viros
1314 2494 1500 2528 acutissimas,
1521 2496 1638 2524 maxime
1649 2495 1834 2530 Cotelerium.

1042 2537 1229 2573 Beveregium,
1245 2537 1387 2571 Grabium,
1405 2538 1553 2572 Clericum.
1574 2540 1622 2575 qui
1643 2542 1835 2570 minutissima

1041 2592 1156 2620 quaeque
1169 2585 1283 2612 scrutati
1298 2589 1373 2618 sunt,
1387 2593 1443 2613 non
1458 2586 1688 2615 animadvertisse
1703 2587 1835 2617 Clemen-

1041 2635 1096 2659 tem
1111 2631 1166 2659 dici
1180 2639 1235 2659 non
1249 2631 1331 2660 modo
1343 2633 1514 2668 episcopum,
1529 2633 1578 2661 sed
1596 2634 1719 2668 etcioem
1730 2634 1835 2662 Βοιω-

1042 2685 1105 2704 num
1124 2684 1134 2704 :
1150 2677 1232 2713 idque
1253 2678 1408 2713 importune
1431 2678 1577 2706 admodum
1601 2683 1701 2714 praeter
1725 2688 1833 2708 morem

1040 2723 1125 2751 totius
1151 2723 1332 2759 antiquitatis.
1365 2725 1404 2752 Ac
1427 2724 1521 2760 plures
1545 2725 1656 2761 quidem
1677 2726 1832 2755 Clementis

1040 2768 1155 2797 Romani
1170 2778 1233 2798 cum
1245 2766 1325 2799 laude
1339 2771 1532 2805 meminerunt,
1549 2780 1630 2800 nemo
1645 2780 1718 2801 unus
1737 2776 1831 2801 tamen

1040 2817 1121 2844 civem
1142 2815 1296 2845 Romanum
1322 2818 1450 2853 appellat.
1475 2817 1616 2846 Accedunt
1645 2819 1752 2855 scripta
1768 2818 1831 2848 Cle-

1040 2865 1151 2900 mentis,
1173 2865 1272 2901 partim
1289 2872 1364 2899 vera,
1378 2866 1479 2902 partim
1499 2865 1569 2895 falso
1587 2866 1640 2904 ipsi
1664 2867 1782 2902 tributa,
1801 2867 1831 2897 in
