1884 3104
36 156 79 184 5Ξ5

436 154 735 185 CONS'I‘lTUTlONES
750 156 989 187 APOSTOLlCtE.
1005 175 1038 180 —
1052 158 1234 188 PROGIMIA.

1587 162 1640 190 526

35 213 121 249 quibus
134 211 295 247 hujusmodi
308 212 456 248 appellatio
471 221 607 249 nusquam
620 215 743 242 occurrit
758 215 811 243 nisi
826 217 849 246 Δ
862 217 948 244 ctrina
975 225 1022 252 per
1037 217 1224 253 Hippolytum,
1252 217 1280 245 in
1303 224 1357 252 qua
1382 217 1533 253 colligenda
1560 222 1643 254 atque

36 261 59 288 in
67 258 183 286 Homiliis
192 262 220 286 et
231 258 482 291 Constitutionibus,
495 259 578 295 idque
589 265 643 287 tam
657 261 731 288 nulla
744 261 807 294 lide.

36 311 61 334 ut
72 306 212 333 etiamnum
225 305 261 333 de
276 305 422 333 Clementis
438 306 527 341 patria
539 306 679 341 disputent
696 307 807 335 eruditi.

36 350 253 379 Constitutionum
268 350 360 386 itaque
379 351 475 379 titulus
487 352 538 379 hoc
554 353 635 380 modo
650 360 680 380 se
694 352 807 380 habuit:

36 397 150 431 Διαταγαὶ
170 396 224 423 τῶν
247 397 332 431 ἁγίων
354 397 509 424 ἀποστόλων
528 398 571 425 διὰ
585 398 742 434 Κλήμεντος
762 398 808 425 τοῦ

40 443 167 478 Ῥωμαίων
188 442 351 474 ἐπισκόπου,
376 443 424 470 καὶ
453 443 619 476 Ἱππολύτου,
641 446 658 480 ὴ
680 444 809 480 καθολικὴ

36 488 193 517 διδασκαλίαι
212 488 423 517 Constitutiones
450 495 602 517 sanctorum
629 491 809 526 apostolorum

36 541 73 567 per
85 533 239 561 Clementem
249 533 433 561 Romanorum
454 535 615 569 episcopum,
632 539 658 561 et
670 534 809 570 Hippolyti

37 578 157 606 Catholica
177 578 313 606 doctrina.
328 579 415 612 Quam
437 579 517 608 facile
535 587 636 608 nomen
653 580 808 608 Ἱππολύτου

36 625 59 652 in
71 624 137 651 aliud
152 624 197 651 τοῦ
212 624 334 656 πολίτου,
353 624 490 660 Hippolyti
502 625 531 652 in
551 625 614 652 civis
636 625 808 653 immutatum

36 671 74 702 sit,
88 670 198 705 quisque
215 670 304 702 videt,
322 678 431 706 unaque
453 674 566 706 apparet
579 671 676 706 quanti
697 671 733 699 sit
751 671 809 698 haec

36 715 182 743 emendatio.
212 714 286 743 Nam
311 715 413 743 diserte
438 715 505 751 quid
529 716 681 748 Clementi,
709 716 809 752 quidve

37 761 166 797 Hippolyto
193 761 374 789 tribuendum
402 762 431 789 in
459 761 719 793 Constitutionibus.
749 761 809 796 ipso

36 808 103 835 titulo
123 807 317 843 distinguitur;
337 811 365 836 et
383 806 516 836 Clementi
540 807 651 843 quidem
673 807 809 835 Constitu-

38 853 107 879 tiones
117 851 301 886 apostolorum
311 871 319 884 ,
333 851 390 880 sive
401 859 494 879 earum
506 852 633 881 collectio
647 852 806 880 ascribitur:

37 897 164 933 Hippolyto
182 902 277 926 autem
296 896 437 925 Catholica
452 896 591 928 Doctrina.
609 896 743 925 haereticis
758 903 807 932 op-

37 944 121 978 posita.
147 942 231 971 Recte
255 947 349 970 autem
373 941 509 970 Baronius
531 942 632 977 aliique
655 941 808 970 doctissimi

37 990 79 1017 viri
110 991 275 1017 censuerunt
305 996 361 1016 uno
385 988 537 1023 eodemque
563 994 645 1023 opere
671 987 806 1015 contineri

37 1035 199 1070 apostolorum
220 1034 444 1067 Constitutiones,
462 1038 491 1062 et
505 1034 659 1066 Doctrinas,
678 1033 808 1068 διαταγὰς

37 1082 75 1108 καὶ
86 1081 260 1114 διδασκαλίας,
277 1081 351 1116 quod
365 1089 435 1116 opus
455 1080 545 1108 critici
562 1080 664 1115 alioqui
685 1079 808 1108 solertis-

37 1126 88 1154 simi
107 1126 132 1153 in
146 1126 200 1154 duo
213 1126 392 1155 dissecarunt
402 1125 469 1162 (54).
493 1125 586 1160 Neque
600 1126 672 1152 enim
687 1125 722 1152 ab
740 1125 808 1160 ipsis

37 1171 238 1200 animadversum
251 1175 307 1204 est,
322 1179 355 1200 ex
371 1171 448 1199 hisce
460 1170 698 1199 Constitutionibus
713 1178 808 1199 excer-

37 1221 75 1253 pta
94 1218 210 1253 quaedam
239 1221 350 1246 exstare
374 1217 499 1245 breviora
522 1217 565 1244 vel
590 1217 747 1253 prolixiora,
777 1221 808 1244 ut

38 1262 122 1296 cuique
142 1261 317 1289 commodum
334 1261 402 1295 fuit;
421 1268 451 1288 ea
471 1268 536 1289 vero
552 1264 680 1296 excerpta
702 1260 808 1289 criticis

38 1308 219 1343 imposuerunt,
232 1308 315 1343 quasi
334 1307 369 1335 ad
384 1315 453 1342 opus
472 1307 545 1335 aliud
558 1308 737 1343 pertinerent.

67 1354 96 1382 ll.
113 1354 164 1382 Cur
178 1362 273 1382 nomen
290 1353 426 1390 Hippolyti
440 1358 572 1381 servatum
582 1354 617 1381 sit
631 1353 659 1381 in
674 1361 724 1381 vut
739 1353 810 1381 Con—

39 1399 85 1427 stit.
97 1398 311 1427 libro—Mansit
324 1406 390 1427 vero
406 1398 594 1434 incorruptum
608 1397 748 1434 Hippolyti
760 1405 810 1426 no-

40 1452 93 1471 men
113 1449 206 1472 octavo
225 1444 300 1472 libro
322 1444 479 1472 earumdem
495 1442 729 1476 Constitutionum,
753 1445 810 1472 sive

39 1488 92 1523 quia
105 1488 126 1516 is
134 1489 200 1517 liber
215 1489 366 1525 aliquando
380 1489 486 1524 primus
501 1489 568 1523 fuit;
582 1489 639 1517 sive
648 1489 712 1524 quia
728 1496 743 1516 a
757 1496 811 1517 cae-

39 1534 96 1561 teris
110 1535 217 1562 avulsus
224 1534 362 1570 Hippolyti
375 1540 473 1562 nomen
484 1534 672 1562 tantummodo
685 1535 808 1564 retinuit.
823 1551 844 1580 α

40 1578 79 1606 Est
91 1583 174 1608 autem
186 1580 332 1615 inscriptio
350 1580 431 1614 hujus
445 1580 534 1608 octavi
547 1580 704 1617 libri:IIspt
720 1589 810 1616 χειρο-

40 1625 120 1652 τονιῶν
128 1626 169 1653 διὰ
180 1625 339 1653 Ἱππολύτου
347 1635 355 1654 :
363 1625 402 1653 De
414 1625 623 1654 ordinationibus
633 1634 679 1661 per
688 1626 814 1662 Hippoly-

41 1672 155 1707 tum(55),
175 1676 222 1699 aut
245 1672 331 1700 etiam
358 1671 515 1699 Ἱππολύτου
536 1672 648 1704 κανόνες
667 1672 813 1708 ἐκκλησια-

42 1717 114 1744 mon
127 1718 187 1753 περὶ
200 1717 349 1753 ἀπαρχῶνς
368 1717 503 1752 Hippolyti
517 1725 628 1745 canones
641 1717 813 1745 ecclesiastici

40 1762 66 1790 de
82 1763 196 1797 primitiis
214 1763 286 1800 (56),
300 1768 382 1800 prout
407 1764 535 1791 nimirum
557 1763 610 1792 sibi
630 1764 749 1799 quisque
761 1764 812 1792 de-

41 1810 173 1845 scripserat
184 1811 225 1838 vel
238 1814 322 1846 caput
333 1813 459 1845 quartum
478 1809 550 1845 quod
565 1813 607 1837 est
620 1808 652 1836 de
663 1808 812 1836 ordinatio-

42 1853 116 1886 nibus,
128 1855 168 1882 vel
183 1855 354 1883 tricesimum
374 1854 406 1882 de
416 1855 542 1890 primitiis
562 1862 595 1882 ex
609 1854 686 1882 hisce
704 1853 811 1882 Consti-

43 1899 179 1928 tutionibus.
193 1899 219 1928 ls
233 1904 311 1928 certe
324 1900 395 1928 liber
409 1907 459 1927 vtu
474 1900 502 1927 in
514 1900 607 1927 varias
621 1899 736 1927 lacinias
750 1898 810 1926 dis-

42 1948 137 1979 cerptus
157 1950 208 1978 est,
226 1945 346 1980 indeque
366 1945 413 1972 alii
429 1945 548 1973 confecti
568 1944 664 1976 libelli,
679 1944 812 1980 quemad-

42 1991 136 2018 modum
156 1992 260 2028 Πέτρου
282 1991 330 2018 καὶ
343 1991 449 2019 Παύλου
471 1992 525 2018 τῶν
540 1990 624 2026 ἁγίων
643 1990 812 2018 Ἀποστὸλων

42 2034 169 2069 διατάξεις,
182 2038 225 2065 vel
241 2037 354 2069 κανόνες
372 2037 513 2074 διάφοροιε
531 2036 604 2064 Petri
617 2041 642 2064 et
662 2037 742 2063 Pauli
758 2035 810 2064 SS.

42 2080 204 2112 apostolorum
221 2081 421 2109 constitutiones
441 2081 483 2109 vel
503 2089 614 2109 canones
631 2081 727 2108 diuersi
742 2080 809 2117 (57).

42 2122 121 2159 Neque
140 2129 239 2155 temere
260 2130 358 2154 octavo
377 2127 443 2154 huic
461 2126 531 2154 libro
552 2126 688 2162 Hippolyti
711 2133 810 2154 nomen

41 2172 153 2204 praemitti
174 2175 327 2205 consuevit,
344 2173 453 2208 quando
468 2173 576 2200 initium
591 2173 674 2200 sumit
687 2180 720 2200 ex
741 2180 811 2207 opu-

43 2217 108 2244 sculo
131 2218 195 2254 Περὶ
216 2218 404 2255 χαρισμάτων,
429 2218 469 2247 De
496 2218 716 2251 charismatibus,
736 2218 810 2253 quod
826 2223 847 2251 ι)

43 2263 179 2292 certissime
199 2265 346 2301 Hippolyto
365 2265 487 2293 vindicat
511 2265 656 2301 inscriptio
676 2264 813 2292 cathedra:

45 2315 201 2343 marmoreae.
227 2311 257 2338 in
280 2319 334 2347 qua
359 2311 457 2346 legitur
482 2311 562 2338 ΠΕΡΙ
588 2310 812 2338 ΧΑΡΙΟΜΑΤΩΝ

44 2361 71 2380 ac
88 2355 178 2384 deinde
206 2357 333 2393 sequitur
359 2357 582 2385 AIIOCTOAIKH
610 2355 810 2384 HAPAAOCIC.

45 2399 110 2432 Quod
124 2409 186 2430 sane
206 2406 367 2439 argumento
387 2406 439 2436 est,
453 2407 580 2431 octavum
601 2402 701 2430 librum
727 2402 813 2431 fuisse

45 2445 138 2474 initium
152 2448 309 2483 Apostolica:
330 2448 483 2476 traditionis
498 2452 581 2484 atque
595 2448 664 2476 adeo
676 2447 809 2476 Constitu-

47 2490 143 2526 lionsm,
164 2501 232 2528 quas
250 2493 376 2521 Clemens
395 2494 553 2529 collegerat,
570 2492 732 2529 Hippolytus
746 2500 812 2521 vero

46 2534 68 2562 in
80 2537 166 2572 vulgus
176 2538 277 2567 emisit.
293 2538 359 2566 Aliis
370 2542 461 2566 autem
474 2538 553 2566 libris
567 2546 604 2565 vu
621 2538 812 2565 continebatur

46 2579 353 2619 ἡΚιθολικὴδιδασκσ-λια
366 2584 398 2611 δι’
419 2584 575 2612 Ἱππολύτου
587 2592 594 2611 :
607 2583 745 2612 Catholica
756 2583 812 2611 Do-

73 2699 126 2740 .(39)
138 2700 227 2740 lisser.
236 2702 339 2740 Ifroleg.
352 2703 380 2730 in
388 2702 438 2738 Ep.
449 2702 551 2738 lgnat.,
561 2711 621 2739 cap.
632 2704 658 2737 7;
666 2703 808 2737 Pearson..

143 2735 227 2771 lynat.
246 2737 266 2771 1,
281 2739 308 2767 ι.

77 2769 127 2838 ξπ)
144 2769 223 2801 Grab.
240 2769 273 2815 es
286 2773 348 2801 cod.
366 2772 478 2801 Barocc.
499 2779 583 2815 _xxvtu
606 2777 635 2799 et
653 2772 772 2802 Vindob.

87 2804 128 2838 36)
144 2805 246 2838 LLovd.
259 2817 289 2836 ut
297 2807 395 2836 Collat.
407 2807 532 2838 Sunodtc.
545 2809 664 2838 Bcverea.
676 2808 772 2838 τη),Ἣο

49 2804 128 2867 ὠέἕῇ
144 2805 246 2843 LLoyd.
259 2809 289 2836 in
297 2807 395 2836 Collat.
407 2807 532 2844 Synodic.
545 2809 664 2845 Bcvereg.
676 2808 806 2845 ap.Wolf.

126 2862 132 2869 .
146 2840 189 2876 ιν,
204 2850 230 2876 p.
242 2843 302 2872 HG.

80 2843 132 2869 lead.
146 2843 189 2876 1v,
223 2843 302 2872 .ttc.
430 2843 434 2844 '

80 2875 129 2910 437)
144 2876 175 2906 ν.
189 2850 282 2912 διεδ..
297 2878 390 2914 sunt.
407 2878 429 2913 ι,
442 2879 527 2915 p.85.

859 262 1011 290 ordinanda
1026 263 1119 291 nescio
1147 271 1180 290 an
1200 264 1262 299 plus
1281 271 1370 299 opera:
1390 268 1485 292 auctor
1507 266 1641 300 posuerit,

859 315 940 343 quam
963 308 991 335 in
1012 308 1118 336 caeteris
1137 309 1279 344 operibus,
1297 317 1358 345 quae
1372 309 1442 337 bene
1459 309 1543 336 multa
1559 314 1586 337 et
1601 309 1642 336 la-

859 354 970 382 boriosa
984 353 1113 382 confecit.

895 399 939 428 lli.
961 399 994 427 In
1015 399 1121 427 Oriente
1146 400 1200 436 fere
1222 400 1317 437 ubique
1340 402 1485 436 permansit
1506 400 1643 436 Hippolyti

859 445 1183 478 nomen.—Quamobrem
1211 446 1239 474 in
1258 446 1368 474 Oriente
1394 447 1439 474 ubi
1466 447 1555 474 locutn
1587 454 1642 474 non

859 490 954 518 habuit
977 490 1024 518 illa
1039 491 1197 526 depravatio
1223 492 1344 520 nominis
1359 491 1508 528 Hippolyti,
1529 495 1641 519 contra-

859 535 930 563 rium
948 536 1079 571 contigit;
1096 538 1196 564 extrito
1215 537 1344 564 nimirum
1357 537 1505 565 Clementis
1519 536 1641 569 nomine,

859 581 925 609 illud
943 580 1080 618 Hippolyti
1101 583 1171 618 apud
1186 581 1339 610 Orientales
1363 581 1419 610 fere
1433 582 1595 618 permansit,
1614 581 1642 609 in

859 635 939 663 quem
951 629 1034 656 veluti
1056 628 1183 656 Ecclesia:
1206 628 1295 664 legum
1323 628 1493 656 canditorem
1522 627 1643 656 universi

858 674 1020 709 respiciunt.
1043 673 1168 709 Namque
1186 674 1213 701 in
1229 673 1361 710 Syrorum
1376 674 1572 702 vetustissimis
1595 681 1643 701 co-

858 720 965 748 dicibus
979 724 1041 747 ante
1055 720 1184 748 saeculum
1200 727 1250 747 vtu
1264 719 1383 747 exaratis
1396 722 1545 747 occurrunt

906 781 1168 847 at.ng
1193 801 1268 841 ,ρο
1286 779 1453 836 Ls»
1472 779 1646 846 Lanam;

859 847 1065 875 Constitutiones
1091 848 1272 883 apostolorum
1301 855 1346 882 per
1377 847 1549 882 Hippolytum
1575 847 1643 882 (58).

858 893 947 928 Atque
971 893 999 920 in
1017 893 1104 921 sacris
1118 893 1238 920 Arabum
1253 892 1448 924 voluminibus,
1464 892 1506 919 vel
1520 892 1643 927 Coptita-

858 945 918 966 rum
936 938 1028 973 potius
1047 938 1177 966 Ecclesiae
1201 937 1401 969 Alexandrinae.
1428 944 1524 964 eorum
1550 937 1645 972 lingua

857 985 991 1012 utentium

857 1024 1058 1085 ὶγμῐαυι
1077 1024 1202 1076 ita,”
1555 1025 1645 1085 διξεὴ

859 1138 910 1166 Isti
930 1143 991 1166 sunt
1017 1147 1127 1167 canones
1151 1139 1286 1171 Ecclesia,
1307 1139 1434 1166 mandata
1457 1146 1515 1173 quce
1541 1136 1646 1170 scripsit

859 1183 1018 1220 Hippolytus
1033 1204 1040 1217 ,
1069 1193 1114 1220 per
1134 1193 1208 1220 quem
1237 1185 1352 1220 loquitur
1378 1182 1550 1220 [Ecclesia]
1577 1182 1644 1218 ('59).

859 1230 1004 1266 Ethiopes
1025 1235 1115 1259 autem
1139 1238 1153 1258 a
1170 1231 1269 1266 priscis
1292 1231 1458 1266 temporibus
1479 1233 1540 1265 post
1559 1229 1647 1257 Cano-

859 1285 903 1304 nes
926 1277 1105 1311 apostolorum
1122 1286 1185 1312 quos
1207 1285 1297 1304 CXXVII
1312 1281 1460 1310 numerant,
1474 1280 1605 1303 recensent

859 1322 997 1364 ἡιίῗπὴ
1017 1342 1029 1364 ι
1055 1323 1269 1370 ΗὸητΛΧὴ
1298 1342 1309 1364 =
1336 1322 1410 1369 AJP
1434 1342 1445 1363 ε
1474 1315 1645 1362 mihi“:

860 1382 970 1427 ΗΕθΒ
979 1403 990 1424 ι
1004 1385 1087 1421 ιηπ

860 1456 928 1492 (ΔΟ).
942 1455 1062 1484 Canones
1075 1455 1211 1492 Hippolyti
1221 1456 1336 1484 doctoris
1346 1463 1421 1491 papa:
1432 1454 1520 1483 Roma:
1531 1461 1646 1482 xxxvut.

860 1501 989 1536 Quinimo
1015 1501 1153 1538 Hippolyti
1169 1509 1267 1529 nomen
1281 1502 1352 1538 apud
1365 1501 1509 1536 Ethiopes
1525 1500 1592 1529 adeo
1604 1500 1648 1528 in-

861 1549 956 1581 valuit,
972 1552 1004 1575 ut
1019 1555 1071 1583 pro
1085 1555 1152 1576 voce
1164 1546 1280 1575 Canonis
1300 1552 1443 1583 acceptum
1469 1547 1506 1574 sit
1529 1556 1535 1574 :
1558 1554 1648 1582 neque

863 1594 937 1622 enim
959 1594 1071 1622 aliunde
1091 1598 1215 1629 repetere
1237 1594 1301 1621 licet
1317 1593 1453 1621 dictiones
1465 1592 1578 1624 Abtelis,
1591 1593 1648 1619 Ab-

862 1640 948 1672 sellis,
969 1643 997 1668 et
1009 1639 1125 1667 Betelsat
1153 1639 1254 1675 quibus
1282 1638 1431 1667 secundam
1459 1638 1648 1666 collectionem

862 1686 1008 1722 appellant,
1019 1693 1100 1720 quam
1110 1686 1144 1713 ab
1159 1685 1218 1720 ipso
1232 1684 1371 1716 Abulides,
1388 1684 1498 1712 nomine
1513 1691 1567 1719 quo
1581 1683 1649 1719 Hip-

862 1732 984 1767 polytum
1006 1730 1113 1763 dicunt,
1136 1731 1211 1758 varie
1235 1730 1335 1758 inﬂexo
1361 1733 1388 1758 et
1407 1733 1547 1764 corrupto.
1576 1728 1647 1756 Cum

861 1779 935 1806 enim
949 1778 977 1805 in
991 1784 1041 1805 sua
1055 1777 1147 1812 lingua
1164 1784 1218 1803 non
1231 1776 1349 1803 habeant
1365 1775 1472 1802 illarum
1484 1775 1646 1808 dictionum,

862 1824 962 1860 quibus
986 1831 1036 1858 pro
1061 1823 1148 1850 titulis
1170 1826 1297 1855 utuntur,
1324 1821 1472 1857 originem;
1498 1821 1576 1848 aiunt
1597 1820 1647 1848 hos

861 1870 956 1897 titulos
967 1869 1068 1896 Abtelis
1087 1875 1135 1896 seu
1146 1867 1262 1895 Betelsat
1277 1865 1426 1894 etAbseltis
1448 1865 1539 1901 lingua
1555 1865 1648 1893 Graeca

861 1915 1016 1951 signiﬁcare
1030 1913 1162 1942 Cononem
1177 1912 1244 1949 (ΔΙ),
1257 1913 1329 1947 quod
1344 1911 1442 1940 falsum
1456 1919 1520 1940 esse
1534 1919 1566 1939 ac
1579 1912 1648 1939 alie-

861 1970 927 1990 num
942 1969 1023 1989 nemo
1038 1968 1091 1990 non
1106 1959 1189 1988 videt.
1205 1959 1363 1994 Ludolphus
1380 1958 1536 1994 huiusmodi
1551 1966 1648 1986 corru-

862 2007 971 2043 ptiones
994 2005 1077 2033 tribui
1110 2004 1215 2032 mavult
1245 2003 1383 2039 Coptitis;
1414 2003 1469 2031 imo
1493 2011 1558 2031 vero
1584 2011 1648 2031 cum

861 2059 970 2080 omnem
996 2051 1149 2079 doctrinam
1175 2050 1209 2078 ab
1234 2050 1303 2085 ipsis
1327 2049 1483 2085 acceperint
1493 2049 1646 2085 Ethiopes,

861 2105 974 2126 necesse
989 2105 1045 2125 non
1056 2100 1097 2125 est
1113 2096 1211 2124 menda
1224 2096 1306 2123 etiam
1325 2096 1474 2131 accepisse.
1492 2103 1524 2124 ac
1540 2096 1647 2124 facilius

862 2145 897 2173 ab
912 2144 1025 2176 ultimis,
1043 2143 1097 2171 nisi
1111 2144 1146 2171 ab
1159 2143 1292 2178 utrisque,
1304 2142 1330 2170 id
1346 2150 1444 2170 nomen
1455 2143 1578 2170 vitiatum
1594 2148 1646 2171 est.

863 2191 925 2219 Haec
940 2195 1030 2220 autem
1056 2191 1094 2218 ita
1119 2199 1149 2219 se
1168 2191 1270 2219 habere
1299 2190 1397 2218 titulus
1420 2190 1479 2225 ipse
1503 2191 1647 2219 confirmat

864 2238 947 2269 huius
961 2237 1074 2265 alterius
1090 2237 1266 2264 Collectinuis

865 2284 1001 2324 ‘12‘01‘
1035 2304 1045 2324 ε
1085 2277 1294 2326 ωιωεοψ
1330 2302 1341 2324 :
1381 2282 1597 2324 ii'ﬂr‘tA’Pt‘t
1635 2302 1646 2323 ε

865 2343 964 2384 φίῗίῖ
991 2363 1003 2385 ι
1027 2342 1218 2384 illudill.“
1243 2362 1254 2384 ς

864 2403 1069 2438 Βερνωκηιαιίο
1083 2408 1108 2431 et
1120 2402 1255 2430 ordinatio
1263 2402 1380 2430 Absaltis
1396 2401 1532 2430 Canonum
1541 2401 1648 2429 Domini

863 2450 958 2477 nostri.
974 2449 1025 2478 Ubi
1048 2453 1161 2484 apparet
1181 2456 1232 2476 suo
1243 2448 1381 2480 Canones,
1398 2455 1430 2476 ac
1449 2456 1499 2476 suo
1513 2447 1649 2476 Collecto-

863 2502 920 2522 rem
936 2495 1065 2529 appellari
1079 2494 1190 2529 proprio
1208 2493 1329 2525 nomine,
1347 2493 1419 2528 quod
1440 2493 1515 2520 aliud
1536 2500 1590 2520 non
1604 2497 1648 2520 est

863 2539 898 2567 ab
913 2539 959 2566 illo
973 2539 1121 2575 Hippolyti.
1138 2538 1206 2566 Cum
1218 2546 1283 2566 vero
1297 2539 1416 2574 plurium
1434 2545 1549 2566 numero
1563 2539 1646 2566 etiam

863 2590 974 2613 utantur
987 2586 1021 2613 ad
1037 2593 1096 2613 eam
1111 2585 1300 2613 collectionem
1316 2584 1534 2620 signiﬁcandam,
1551 2592 1649 2620 nempe

908 2706 954 2738 38)
975 2706 1041 2734 Mss.
1061 2706 1123 2734 cod.
1137 2705 1214 2738 Vat.,
1231 2714 1259 2734 n.
1277 2706 1339 2734 107.

908 2707 943 2733 38
975 2707 1041 2734 Mss.
1061 2707 1123 2734 cod.
1137 2707 1214 2738 Vat.,
1231 2714 1259 2734 n.
1277 2707 1339 2734 107.

897 2707 955 2776 ξὸθζ
975 2741 1015 2768 Ex
1029 2741 1091 2777 cod.
1107 2749 1174 2777 mss.
1189 2741 1300 2777 Macarii
1314 2740 1485 2777 presb.rYid.
1501 2740 1644 2769 Asseman.

860 2776 893 2805 B.
903 2775 938 2804 ⁷0.
948 2779 1016 2804 tom.
1029 2775 1049 2812 l,
1065 2785 1092 2812 p.
1105 2776 1157 2804 6l9
1172 2782 1200 2805 et
1209 2776 1256 2809 ill,
1271 2775 1338 2812 pLi.
1354 2776 1438 2812 p.152

895 2811 952 2848 (40)
970 2812 1025 2848 5p.
1041 2810 1173 2848 Ludolph.
1195 2810 1451 2848 Ηίςιξᾼιῖιιιίὸρηιι,
1465 2819 1492 2847 p.
1505 2810 1565 2838 304.

894 2846 951 2883 (Η)
971 2846 1118 2883 Ludolph.,
1134 2846 1155 2874 l.
1172 2855 1210 2880 c.,
1226 2855 1252 2882 p.
1267 2847 1329 2875 350.
