1884 3104
211 153 265 181 527

639 153 668 180 S.
685 153 885 182 CLEMENTIS
900 154 911 181 l
927 153 1011 181 ROM.
1029 153 1130 181 PONT.
1149 152 1263 181 OPERA
1280 151 1394 181 DUBIA.

1787 153 1837 181 δίε

212 201 440 254 ἦγέ]φὰἠῷ
453 228 466 249 ι
480 213 619 247 Atreum,
635 215 803 244 οοιιοοιηηεε
816 215 858 243 νει
871 215 999 243 mandata
1013 211 1036 238 Α
1049 207 1182 236 Clementi
1204 208 1384 240 vindicamus,
1403 208 1557 254 communis
1581 212 1676 236 tamen
1698 208 1792 244 aliqua
1804 218 1837 237 ex

215 269 372 305 Hippolyten
386 270 551 305 intelligunt.
567 270 594 298 is
610 270 679 298 liber
691 278 813 299 canones
828 278 910 298 um
926 278 1000 299 com-

212 315 365 350 prehendit,
381 323 452 351 quos
465 319 493 344 et
507 316 695 350 Apostolorum
710 317 815 344 dicunt.

247 372 292 400 IY.
319 373 361 399 An
386 376 454 400 recte
472 371 680 401 Constitutiones
710 373 884 408 prwseferant
907 382 1000 401 nomen

212 418 353 445 Clementis
360 417 667 447 Rom—Verumtamen
673 418 839 447 Clementem
847 419 1000 447 Romanum

212 464 335 491 omnium
364 465 482 499 primum
509 464 574 492 huic
595 465 672 500 operi
696 473 807 492 manum
835 466 1000 498 admovisse,

211 517 266 537 non
279 510 358 537 video
372 518 425 546 qua
440 511 548 538 ratione
564 510 681 538 inliciari
696 511 759 546 quis
776 512 874 546 possit.
897 510 1000 547 Super-

212 560 277 583 sunt
296 555 386 583 adhuc
409 556 437 583 in
449 555 689 584 Constitutionibus
707 561 846 592 utcunque
864 557 1001 592 corruptis

213 601 326 637 vestigia
341 602 391 629 aevi
407 609 462 637 quo
476 601 630 636 compilatus
644 602 761 636 primum
782 601 903 630 fuerunt.
919 601 1002 629 Nam-

211 655 266 682 que
287 647 333 675 ubi
354 648 473 683 plurium
489 647 674 675 Ecclesiarum
700 647 730 674 lit
751 648 864 681 mentio,
885 655 946 684 qute
968 648 1002 676 ab

213 694 346 729 apostOIis
368 694 494 730 proprios
513 694 657 729 episcopos
683 693 825 721 ordinatos
849 693 999 726 habebant,

214 747 270 766 non
295 740 368 767 ultra
395 740 504 767 tertiam
535 739 738 768 successionem
770 739 1000 775 progrediuntur;

212 786 297 814 veluti
314 794 376 814 cum
390 787 492 814 dicitur
505 785 540 815 de
553 785 724 822 Smyrnensi.
744 786 870 823 Σμύρνης
883 787 911 813 δὲ
931 787 1003 822 Ἀρί-

214 841 284 860 στων
295 833 413 869 πρῶτος,
427 833 487 868 μεθ’
501 833 530 860 ὃν
542 833 693 868 Στραταιας
704 835 717 860 ό
730 833 842 866 Δώῐδος,
856 834 903 860 καὶ
913 833 1004 869 τρίτος

220 876 366 912 Ἀρίστωνι
380 877 501 913 Smyrna:
514 877 604 905 Aristo
622 878 735 912 primus,
756 883 815 913 post
835 886 911 913 quem
925 877 1005 906 Stra-

213 928 278 950 twas
297 923 388 951 Loidis
405 923 489 958 ﬁlius,
505 932 536 951 ac
551 924 645 951 tertius
660 924 750 951 Aristo
765 923 832 959 (42).
857 923 937 951 Nulla
960 923 1006 951 hic

212 967 369 1004 Polycarpi,
393 969 507 1004 ejusque
528 969 685 997 decessoris
709 969 821 1002 Bucoli,
840 969 870 996 tit
891 969 1004 1002 mentio,

212 1014 334 1050 adeoque
346 1014 499 1042 Cotelerius
516 1014 655 1042 adnotavit
672 1023 679 1041 :
699 1014 764 1042 Post
782 1014 926 1043 secundum
944 1015 1007 1042 Ario

212 1066 313 1088 stonem
329 1069 467 1089 numerare
482 1061 541 1088 licet
555 1061 694 1095 Bucolum,
709 1061 818 1096 indeque
832 1060 1006 1096 Polyearpum

213 1105 245 1132 ab
267 1106 387 1141 apostolo
400 1105 504 1134 Joanne
516 1105 662 1141 Smyrnteis
681 1106 864 1141 prteposimm,
882 1107 1005 1141 inquiunt

212 1156 319 1184 veteres,
335 1152 429 1188 quique
446 1152 504 1179 ideo
518 1156 622 1187 poterat
635 1151 683 1179 hoc
702 1152 759 1179 loco
781 1154 923 1180 memorari
929 1160 938 1184 :
955 1161 1005 1188 po-

213 1203 285 1227 terat
298 1200 408 1235 quidem
424 1199 458 1227 ab
477 1199 532 1227 alio
544 1206 626 1234 quam
638 1199 777 1227 Clemente
795 1200 952 1232 memorari,
969 1200 1007 1228 si—

213 1244 324 1279 quidem
337 1252 398 1279 qua:
414 1244 526 1279 scripsit
540 1244 693 1272 Cotelerius
709 1244 837 1280 expedita
859 1249 923 1273 sunt
938 1245 1004 1282 (ιδ).

213 1289 341 1318 Clemens
361 1290 454 1325 itaque
471 1297 526 1317 non
545 1290 617 1317 ultra
632 1297 692 1317 eam
709 1290 911 1318 successionem
926 1295 1007 1326 atque

214 1334 388 1363 traditionem
403 1335 531 1371 progredi
551 1336 650 1370 potuit,
663 1344 742 1372 quam
764 1340 825 1364 ante
847 1337 937 1364 oculos
957 1337 1006 1364 ha-

213 1382 282 1413 buit,
308 1386 339 1409 ut
363 1381 454 1409 verbis
477 1385 541 1409 utar
561 1381 665 1409 lremei.
694 1381 761 1408 Nam
787 1381 816 1410 S.
832 1382 929 1410 doctor
942 1390 1005 1411 cum

214 1427 384 1462 argumentis
405 1434 420 1454 a
435 1427 583 1456 traditione
607 1427 700 1463 petitis
728 1431 851 1455 uteretur
874 1428 1005 1457 adversus

214 1472 381 1504 haereticos,
415 1473 551 1508 praecipue
583 1472 617 1499 ad
644 1472 812 1500 Clementem
850 1478 1003 1508 provocat:

213 1518 305 1554 Τρίτῳ
327 1517 403 1553 τόπῳ
428 1518 482 1545 ἀπὺ
510 1518 564 1545 τῶν
589 1518 747 1545 ἀποστόλων
783 1519 833 1555 τὴν
854 1519 1005 1556 ἐπισκοπὴν

214 1562 362 1599 πληροῦται
380 1563 510 1600 Κλήμης,
528 1564 542 1590 ό
555 1564 602 1590 καὶ
626 1563 756 1601 ἑωρακὼς
775 1565 839 1597 τοὺς
856 1565 1007 1601 μακαρίους

213 1609 394 1642 ἀποστόλους,
410 1609 458 1637 καὶ
474 1609 672 1646 συμὸεὸληκὼς
691 1611 798 1643 αὐτοῖς,
814 1611 861 1638 καὶ
875 1610 914 1638 ἔτι
929 1611 1008 1638 ἐναυ-

214 1655 260 1682 λον
273 1656 304 1683 τὺ
318 1656 449 1692 κήρυγμα
468 1655 522 1683 τῶν
537 1656 704 1689 ἀποστόλων,
720 1657 767 1684 καὶ
787 1657 837 1693 τὴν
858 1657 1007 1693 παράδοσιν

214 1702 269 1738 πρὸ
282 1701 429 1738 ὀφθαλμῶν
443 1702 523 1738 ἔχων,
538 1712 565 1730 κ.
576 1712 602 1730 τ.
613 1702 638 1730 λ.
657 1703 746 1731 Tertio
759 1703 816 1731 loco
831 1704 864 1730 ab
879 1703 1006 1738 apostolis

214 1748 395 1783 episcopatum
410 1749 523 1776 sortitur
538 1748 669 1781 Clemens,
680 1749 726 1785 qui
742 1754 767 1776 et
778 1749 842 1776 vidit
861 1750 932 1784 ipsos
943 1757 1007 1784 apo-

216 1793 309 1826 stolos,
326 1798 350 1820 et
365 1794 477 1821 contulit
491 1802 550 1820 cum
565 1794 614 1827 eis,
626 1798 651 1821 et
666 1802 725 1820 eum
739 1793 827 1821 adhuc
841 1793 1006 1821 insonantem

215 1839 432 1874 pradicationem
466 1841 665 1876 apostolorum,
694 1846 719 1869 et
744 1841 913 1869 traditionem
947 1847 1007 1870 ante

216 1885 308 1912 oculos
321 1885 460 1914 haberet...
473 1887 635 1913 annuntians
649 1895 728 1922 quam
743 1886 769 1913 in
782 1887 880 1914 recenti
894 1886 927 1913 ab
943 1895 1007 1922 apo-

216 1929 292 1956 stolis
314 1935 448 1964 acceperat
468 1931 648 1959 traditionem.
674 1931 827 1960 Traditione
849 1933 931 1968 igitur
950 1942 1007 1969 quae

215 1979 256 2003 est
276 1975 309 2002 ab
331 1976 458 2010 apostolis
475 1977 513 2003 sic
527 1985 554 2004 se
571 1977 681 2005 habente
705 1978 733 2006 in
744 1977 875 2011 Ecclesia,
899 1983 926 2006 et
947 1987 1008 2014 per-

216 2026 338 2049 manente
355 2021 426 2056 apud
446 2029 505 2054 nos,
528 2027 690 2050 revertamur
712 2024 747 2050 ad
765 2032 824 2051 eum
841 2032 899 2059 φιτε
922 2029 961 2051 εει
975 2032 1008 2052 e1:

217 2067 362 2102 Scripturis
382 2068 555 2095 ostensionem
568 2068 634 2104 (44).
651 2067 709 2096 Hoc
729 2068 800 2096 idem
818 2074 1006 2104 argumentum

218 2118 234 2138 a
255 2111 403 2140 traditione
434 2112 587 2140 derivatum
618 2113 792 2141 commendat
829 2113 949 2142 [renuens
979 2115 1006 2142 in

217 2157 380 2191 praefatione
398 2157 461 2185 libri
478 2158 551 2185 tertii
575 2158 609 2185 ad
632 2158 762 2191 amicum,
783 2166 863 2194 quem
879 2160 1006 2194 superius

217 2210 274 2230 non
288 2202 370 2230 alium
386 2201 470 2230 fuisse
486 2203 520 2231 ab
535 2203 680 2239 Hippolyto
695 2203 876 2232 indicavimus
889 2214 895 2232 :
909 2204 1004 2232 Evenit

218 2250 307 2285 itaque
323 2258 404 2285 neque
419 2249 563 2284 Seripturis
578 2250 648 2285 jam,
672 2258 754 2286 neque
778 2250 916 2278 traditioni
941 2259 1004 2278 con-

219 2297 316 2323 sentire
330 2304 384 2323 eos.
399 2296 530 2324 Aduersus
547 2296 612 2323 tales
631 2301 763 2323 certamen
777 2296 852 2324 nobis
865 2301 914 2329 est,
934 2306 949 2324 o
965 2297 1006 2324 di-

219 2341 368 2368 lectissime.
377 2341 471 2369 Irentei
481 2349 546 2376 ergo
561 2345 683 2376 tempore
698 2345 759 2376 post
774 2340 931 2376 Scripturas
948 2346 1006 2370 erat

219 2387 248 2414 in
266 2386 389 2414 Ecclesia
413 2390 488 2414 certa
509 2385 632 2421 quaedam
654 2386 778 2418 traditio,
798 2385 832 2413 de
853 2393 907 2420 qua
926 2394 1006 2414 nemo

218 2433 272 2461 nisi
286 2433 430 2461 haereticus
441 2433 586 2460 dubitaret.
604 2431 681 2460 lianc
696 2432 818 2459 eamdem
831 2432 1005 2459 traditionem

218 2479 361 2506 collectam
375 2486 437 2506 esse
459 2485 474 2505 a
491 2477 630 2505 Clemente
654 2477 724 2505 satis
747 2476 851 2504 indicat
876 2476 1005 2509 lrenaaus,

219 2531 301 2559 quam
317 2524 346 2551 in
359 2523 478 2551 Archivo
492 2522 622 2550 Ecclesia!
637 2521 768 2550 Romante
782 2521 944 2558 depositam,
960 2526 1006 2550 aut

219 2574 293 2598 certe
311 2570 411 2597 alicubi
426 2573 562 2598 servatam
578 2568 699 2604 vulgavit
714 2568 889 2604 Hippolytus.
902 2568 1004 2602 Quam-

218 2617 260 2644 vis
283 2616 356 2643 enim
380 2624 435 2644 non
459 2615 486 2643 id
511 2615 594 2643 modo
612 2621 724 2650 agamus
749 2618 779 2642 ut
799 2614 1005 2642 Gonstitutiones

255 2717 311 2752 (ΔΞ)
331 2717 444 2752 Constit.
457 2725 506 2749 vn,
518 2717 553 2744 46

255 2753 311 2787 (45)
331 2751 363 2780 ν.
380 2752 417 2780 Le
431 2752 529 2785 Quian,
547 2752 594 2780 0r.
608 2751 683 2786 Chr.,
699 2751 720 2784 Ι,
737 2752 789 2780 740

255 2787 311 2822 (ιιι)
332 2787 361 2815 s.
377 2787 461 2820 lren.,
475 2787 548 2818 111.5
562 2793 589 2815 et
603 2787 630 2815 5.

255 2821 311 2857 (45)
331 2822 444 2850 Constit.
459 2831 502 2857 ap.
519 2831 548 2856 ιι,
565 2823 610 2856 57,
626 2823 671 2855 48,
687 2827 714 2851 et
729 2830 790 2856 vui,
804 2823 830 2850 5.
849 2822 881 2850 ν.
897 2821 1004 2850 Tertul—

220 2858 285 2885 iian.
303 2857 340 2884 De
352 2866 386 2885 an
403 2878 408 2891 ,
425 2866 462 2891 ix,
481 2859 507 2886 9.

1049 259 1127 290 parte
1147 258 1190 282 est
1208 262 1291 282 causa
1313 255 1403 290 ipsius
1431 257 1459 281 et
1483 253 1633 290 Hippolyti,
1656 261 1722 282 cum
1747 256 1838 290 operis

1049 300 1142 328 eximii
1157 300 1390 328 constructionem
1409 299 1455 328 ille
1469 300 1662 333 delineaverit,
1678 301 1734 328 iste
1749 300 1839 336 perle-

1050 346 1129 373 cerit.
1146 345 1266 381 Uterque
1282 350 1373 374 autem
1390 345 1484 374 Graece
1505 346 1626 380 scripsit,
1643 346 1693 373 sed
1709 347 1840 374 alteruter

1050 391 1175 419 Latinam
1198 392 1317 427 aliquam
1339 391 1488 419 dictionem
1511 391 1636 419 adhibuit
1656 392 1742 427 vulgo
1761 400 1840 420 usur-

1051 443 1152 474 patam,
1166 438 1393 473 quemadmodum
1409 438 1455 465 ubi
1469 437 1507 464 ait
1521 446 1527 464 :
1542 438 1631 464 Ἔστω
1642 437 1672 464 δὲ
1681 437 1739 464 τῶν
1753 438 1839 464 τόπων

1051 484 1173 520 προνοῶν
1195 485 1210 511 ὁ
1229 483 1361 516 διάκονος,
1387 484 1419 511 lv‘
1440 484 1554 516 ἕκαστος
1573 484 1628 510 τῶν
1641 484 1840 519 εἰσερχομένου

1051 530 1091 561 εἰς
1105 530 1150 556 τὸν
1170 529 1236 556 ἴδιον
1248 529 1330 556 τόπον
1344 529 1427 565 ὁρμᾷ,
1445 529 1493 556 καὶ
1507 529 1544 565 μὴ
1558 529 1635 565 παρὰ
1649 529 1840 563 wum

1051 574 1233 607 καθέζωνται.
1252 574 1389 602 Diaeonus
1405 579 1492 602 autem
1512 575 1575 602 locis
1590 575 1740 610 provideat,
1755 580 1786 602 ut
1800 576 1839 602 iu-

1051 620 1226 656 gredientium
1240 621 1349 656 quisque
1371 621 1457 648 locum
1478 629 1556 647 suum
1571 625 1654 655 petat,
1678 625 1706 648 et
1729 622 1841 648 nenoin

1053 665 1166 693 introitu
1181 665 1304 694 resideat.
1320 665 1415 694 Prodit
1425 665 1524 693 ibidem
1538 673 1568 693 se
1577 670 1684 699 auctor,
1701 670 1842 694 mutuatus

1052 711 1083 738 τὺ
1097 712 1244 745 ιντρόττον
1258 712 1291 739 ab
1303 710 1420 742 Latinis,
1436 719 1505 747 quos
1527 712 1599 739 inter
1619 711 1745 744 vivebat,
1773 712 1839 739 alio-

1053 758 1100 794 qui
1121 758 1155 786 ab
1174 758 1284 786 usitatis
1306 758 1378 793 apud
1391 758 1501 786 Graecos
1525 758 1696 785 dictionibus
1720 765 1778 785 non
1799 765 1841 786 re-

1054 804 1193 832 cessisset.
1210 803 1372 839 Hujusmodi
1392 808 1435 832 est
1450 804 1531 832 etiam
1551 804 1707 840 πρόσρησις
1717 824 1726 837 ,
1741 803 1841 831 Latinis

1056 850 1200 882 adlocutio,
1233 855 1260 878 et
1287 850 1464 886 προσλαλεῖν,
1495 850 1606 885 alloqui,
1633 854 1665 877 ut
1691 849 1840 877 Romanam

1056 896 1280 924 consuetudinem
1293 899 1390 923 auctor
1397 895 1561 931 exprimeret
1575 895 1762 930 potiusquam
1776 894 1843 922 GI:-

1056 949 1117 969 cam
1129 942 1196 977 (t5).
1214 942 1269 970 Sed
1288 945 1315 969 et
1333 949 1387 970 non
1399 948 1486 977 pauca
1505 941 1629 969 invenire
1648 941 1728 973 licet,
1744 948 1805 976 quae
1815 945 1842 967 ιιι

1055 987 1187 1016 Romana!
1210 988 1378 1015 conveniunt
1392 987 1531 1020 Ecclesiae,
1545 987 1583 1014 ita
1598 988 1741 1014 incertum
1757 991 1799 1014 est
1811 994 1841 1013 an

1056 1033 1118 1061 aliis
1133 1035 1306 1065 conveniant,
1320 1033 1373 1061 sub
1387 1032 1495 1060 initium
1510 1040 1541 1060 ιιι
1556 1032 1649 1060 saeculi
1667 1032 1741 1068 (46).
1761 1031 1843 1067 Atque

1056 1079 1114 1106 haec
1141 1079 1228 1106 invito
1251 1078 1374 1114 pessimo
1398 1078 1539 1112 haeretico,
1564 1078 1611 1113 qui
1634 1077 1842 1105 Constitution:

1057 1124 1232 1157 adulteravit,
1248 1129 1448 1159 remanserunt,
1464 1124 1499 1152 de
1522 1131 1577 1160 quo
1597 1124 1692 1160 aliqua
1713 1128 1783 1152 sunt
1807 1124 1843 1151 di-

1057 1171 1153 1199 cenda.

1364 1237 1478 1267 CAPUT
1498 1237 1532 1266 ll.

1160 1317 1226 1351 Quis
1239 1317 1340 1352 primus
1352 1315 1576 1344 Constitutionum
1591 1321 1746 1352 corruptor.

1090 1385 1111 1413 Ι.
1132 1385 1211 1413 Hunc
1235 1385 1373 1413 hominem
1399 1386 1429 1413 in
1451 1385 1563 1414 Oriente
1587 1385 1692 1413 vixisse
1722 1385 1842 1413 indicant

1056 1432 1190 1460 mensium
1204 1432 1326 1464 nomina,
1340 1439 1403 1466 quae
1412 1431 1521 1466 propria
1537 1431 1615 1459 fuere
1632 1430 1842 1467 Syro-Macedo-

1055 1485 1132 1510 num,
1147 1477 1274 1504 Xantlu‘ci
1290 1484 1398 1512 nempe,
1414 1477 1517 1512 Dystri,
1532 1477 1658 1511 Gorpici,
1678 1477 1842 1512 Hyperbere—

1057 1523 1103 1550 twt‘
1115 1531 1124 1550 :
1141 1527 1198 1551 tum
1211 1531 1320 1559 quoque
1341 1522 1493 1550 Antiochia:
1515 1523 1556 1551 vel
1581 1523 1610 1550 in
1630 1530 1665 1551 eo
1689 1528 1781 1551 tractu
1802 1523 1844 1551 di—

1058 1575 1195 1599 versatum
1216 1578 1278 1598 esse
1297 1570 1402 1598 indicat
1424 1569 1555 1598 solemnis
1582 1568 1701 1597 formula
1730 1571 1844 1605 publica:
1883 1573 1884 1578 ‘

1056 1616 1224 1652 precationis
1245 1615 1273 1643 in
1287 1623 1341 1651 qua
1355 1615 1501 1651 episcopus
1514 1615 1717 1643 Alexandrinus
1732 1620 1843 1651 praeter-

1056 1662 1194 1689 mittitur:
1217 1661 1302 1697 ¹Υπὲρ
1321 1661 1368 1688 τοῦ
1383 1661 1533 1688 ἐπισκόπου
1556 1661 1634 1697 ἡμῶν
1654 1662 1785 1689 Ἰακώϐου
1798 1662 1845 1689 καὶ
1883 1667 1884 1670 ‘

1055 1706 1110 1733 τῶν
1124 1705 1275 1741 παροικιῶν
1295 1705 1378 1732 αὑτοῦ
1398 1704 1547 1740 δεηθᾶψεν.
1569 1705 1654 1740 ’Υπὲρ
1668 1704 1717 1731 τοῦ
1735 1705 1844 1732 ἐπισκό-
1883 1724 1884 1741 ,

1056 1759 1109 1778 που
1120 1750 1199 1786 ἡμῶν
1212 1750 1371 1786 Κλήμεντος
1384 1749 1431 1777 καὶ
1444 1749 1498 1776 τῶν
1514 1749 1666 1786 nepotatqu
1686 1749 1771 1776 αὑτοῦ
1786 1750 1845 1785 Ger;-
1883 1749 1884 1774 l

1057 1796 1157 1833 θῶμεν.
1179 1796 1264 1832 ’Υπὲρ
1276 1796 1324 1823 τοῦ
1339 1795 1489 1823 ἐπισκόπου
1509 1795 1587 1831 ἡμῶν
1601 1795 1712 1822 Εὐοδιου
1731 1796 1780 1823 καὶ
1793 1796 1845 1822 τῶν
1883 1793 1884 1798 “

1056 1841 1209 1877 παροικῶν
1223 1840 1305 1868 αὐτοῦ
1319 1840 1468 1876 δεηθῶμεν.
1486 1839 1541 1867 Pro
1556 1840 1677 1875 episcopo
1692 1845 1786 1868 nostra
1796 1840 1844 1868 Ja—

1056 1887 1120 1914 cobo
1136 1891 1162 1914 et
1175 1886 1296 1922 parcetis
1316 1886 1373 1921 ejus
1394 1893 1509 1914 oremus.
1533 1884 1588 1912 Pro
1611 1885 1733 1920 episeopo
1755 1891 1845 1913 nostro
1883 1884 1884 1922 ξ

1057 1933 1189 1960 Clemente
1199 1940 1230 1958 ac
1236 1931 1358 1966 porrectis
1368 1931 1424 1965 ejus
1435 1937 1549 1957 oremus.
1558 1929 1612 1957 Pro
1623 1931 1745 1965 episcopo
1756 1937 1845 1958 nostro

1059 1978 1170 2010 Evodio,
1192 1982 1217 2004 et
1233 1977 1353 2012 portet-iis
1370 1976 1426 2011 ejus
1446 1983 1552 2003 oremus
1567 1975 1636 2011 (Η),
1651 1975 1719 2009 Quae
1733 1981 1846 2011 prater-

1057 2022 1154 2049 missio
1168 2021 1202 2049 ad
1215 2025 1335 2049 veterem
1350 2020 1518 2049 simultatem
1529 2019 1846 2049 EcclesiaeAntiochena:

1057 2074 1120 2094 cum
1139 2065 1322 2094 Alexandrina
1344 2065 1488 2093 referenda
1507 2069 1550 2093 est
1571 2065 1640 2100 (£8),
1662 2069 1774 2093 auctam
1801 2074 1844 2093 re-

1057 2113 1129 2140 centi
1144 2112 1208 2140 odio
1222 2112 1354 2140 adversus
1369 2111 1528 2147 Dionysium
1546 2111 1581 2138 M.
1593 2111 1769 2139 Alexandriae
1789 2113 1846 2147 epi—

1057 2166 1180 2194 scopum.
1194 2157 1268 2185 Nihil
1282 2158 1356 2185 enim
1365 2161 1449 2190 vetat,
1474 2157 1528 2184 imo
1549 2157 1629 2191 plura
1645 2157 1767 2184 suadent
1782 2164 1845 2184 cor-

1057 2209 1196 2240 ruptorem
1210 2203 1436 2232 Constitutionum
1456 2202 1541 2230 fuisse
1552 2201 1667 2229 Paulum
1688 2201 1844 2231 Samosata»

1057 2258 1135 2283 num,
1152 2250 1218 2277 dum
1241 2249 1292 2277 sibi
1307 2248 1464 2284 praesidium
1479 2255 1511 2275 ex
1528 2255 1561 2275 eo
1578 2247 1674 2275 codice
1697 2255 1756 2275 non
1780 2256 1843 2276 con-

1056 2296 1208 2324 temnendae
1224 2295 1396 2322 auctoritatis
1415 2294 1600 2330 polliceretur.
1623 2293 1694 2321 Hinc
1718 2294 1766 2322 illa
1785 2302 1844 2330 qua:

1056 2342 1241 2369 Arianismum
1260 2341 1380 2376 sapiunt,
1402 2347 1483 2368 nemo
1506 2340 1599 2375 utique
1619 2339 1654 2367 ad
1676 2339 1844 2368 Clementem

1056 2393 1084 2416 et
1093 2387 1279 2423 Hippolytum,
1296 2394 1419 2415 summos
1435 2385 1588 2414 divinitatis
1604 2384 1708 2413 Christi
1724 2390 1844 2414 asserto»

1056 2442 1112 2466 res,
1131 2434 1268 2470 pertinere
1290 2432 1479 2460 arbitrabitur.
1503 2431 1596 2459 Facile
1614 2434 1705 2459 autent
1719 2431 1844 2459 Samosa-

1057 2483 1120 2507 leno
1144 2479 1240 2513 ejusve
1265 2477 1379 2505 asseclis
1404 2477 1488 2504 tribui
1513 2479 1647 2512 possunt;
1674 2476 1741 2502 dum
1768 2477 1842 2511 plura

1056 2525 1183 2553 inserunt
1213 2531 1227 2551 a
1253 2523 1493 2551 Constitutionibus
1523 2522 1627 2554 aliena,
1654 2525 1682 2549 ct
1707 2522 1842 2549 catholico

1055 2571 1175 2606 dogmati
1195 2577 1309 2606 prorsus
1330 2569 1459 2600 inimica;
1474 2568 1508 2595 de
1521 2567 1623 2603 quibus
1634 2566 1753 2596 Photius
1767 2578 1775 2595 :
1792 2568 1841 2594 Καὶ

1056 2615 1095 2642 ἔτι
1127 2614 1302 2651 Ἀριανισμῷ,
1314 2614 1382 2649 ὅπερ
1401 2613 1434 2641 ἄν
1461 2621 1502 2644 τις
1525 2612 1571 2639 καὶ
1597 2611 1693 2647 βιαίως
1718 2612 1840 2648 διακρού-

1091 2715 1147 2749 (46)
1167 2714 1303 2749 Πυλωροὶ,
1331 2713 1502 2741 ὑποδιόικονοι
1515 2734 1522 2746 ,
1540 2713 1720 2749 κοιμητήρια,
1736 2721 1803 2749 κκτ.

1091 2723 1147 2749 μυ)
1168 2723 1246 2741 uuam

1056 2751 1172 2790 ostiarii,
1185 2723 1279 2777 minii:

1056 2790 1220 2813 stlanorum.

1091 2821 1147 2856 (i7)
1165 2819 1282 2856 ροηλειίι.
1296 2819 1380 2856 ωι,
1392 2819 1425 2847 17
1435 2822 1463 2856 et
1474 2819 1521 2851 20,
1541 2822 1644 2856 et_can.
1656 2818 1701 2856 ὃς),

1091 2853 1147 2890 (48)
1165 2854 1198 2882 γ.
1214 2854 1412 2888 Pctav.,Theol.
1425 2854 1526 2890 dogm,
1538 2859 1557 2882 t.
1571 2853 1616 2888 iV,
1631 2862 1659 2890 p.
1673 2853 1736 2881 112.

1264 2750 1351 2782 aconi,
1369 2749 1526 2781 cmmeteria,
1541 2747 1588 2775 ubi
1596 2747 1751 2775 conventus
1762 2747 1835 2775 Chr}:
1883 2755 1884 2783 ξ
