1884 3104
59 185 103 212 9⁸.)

434 183 735 212 CONSTITUTIONES
753 181 993 210 APOSTOLICE.
1008 197 1042 203 —
1058 181 1238 209 PROCEMIA.

1622 181 1675 210 530

58 243 134 268 ost-ro.
154 239 248 266 Adhuc
273 244 427 275 arguuntur
447 240 596 268 Arianismi
621 240 744 272 crimine,
767 248 830 275 quoa

896 238 1046 273 Πνεύματος
1060 237 1215 274 τετιμήσθω
1230 238 1304 273 ὑμῖν,
1317 237 1398 272 μηδὲν
1412 237 1476 265 ἄνευ
1490 237 1537 264 τοῦ
1552 238 1675 266 διακόνου

58 285 151 313 nonnisi
164 284 292 311 uiolenter
303 285 363 320 quis
373 285 470 319 poterit
481 285 608 320 depellere
620 285 688 320 (i9).
703 284 837 318 Quoniam

58 339 114 359 vero
132 334 242 358 constat
265 330 296 357 in
311 330 426 358 Oriente
440 330 545 359 vixisse
564 334 753 366 corruptorem
767 330 838 358 Con-

58 377 213 404 stitutiouunt
225 394 235 408 ,
261 375 351 407 alium
368 383 384 403 a
397 375 483 404 Paulo
497 375 676 404 Samosateno
698 376 838 411 assignare

59 429 106 451 non
124 428 283 457 possumus.
306 421 379 450 Huic
401 422 493 450 omnia
515 422 693 454 conveniunt,
719 421 838 450 maxime

58 475 109 502 qua:
121 467 229 502 sapiunt
241 466 430 500 Judaismum,
445 468 530 496 veluti
544 471 586 496 est
599 467 752 502 exaequatio
767 466 836 495 Sab-

56 513 105 541 bati
124 520 186 541 eum
207 513 255 540 die
269 513 415 542 Dominico
435 513 493 549 (50)
514 521 577 542 cum
598 514 657 549 ipse
679 514 707 541 in
721 513 837 549 gratiam

56 560 145 595 reginis
156 558 389 595 Palmyrenorum
409 559 537 588 Zenobia:
556 560 585 588 in
601 564 741 595 comperto
756 559 838 587 fuerit

53 606 194 641 judaizans.
233 605 337 634 Patres
370 609 446 634 certe
471 607 518 642 qui
545 606 642 634 ultimo
667 606 837 634 Antiocheno

55 653 160 680 concilio
174 652 315 680 adversus
333 651 543 681 Samosatenum
562 652 755 684 interfuerunt,
781 660 836 679 non

56 704 135 725 mores
159 697 366 728 tantummodo.
381 697 430 725 sed
448 703 476 725 et
492 698 612 732 spuriam
630 697 761 724 damnant
783 696 837 731 fal-

55 749 151 776 samque
164 741 341 769 doctrinam:
361 742 447 770 Ὅπου
468 741 497 768 δὲ
515 740 636 773 ἀποστὰς
658 741 706 767 τοῦ
725 741 836 772 κανόνος

55 786 94 812 ἐπὶ
107 786 217 821 κίϐδηλα
230 787 282 814 καὶ
301 786 367 814 νόθα
389 786 539 822 διδάγματα
559 785 747 822 μετελήλυθεν,
762 785 836 813 οὐδὲν

53 832 88 858 δεῖ
98 831 142 858 τοῦ
155 831 208 864 ιεω
222 832 304 865 bno;
317 832 367 864 τὰς
380 832 494 869 πράξεις
507 832 619 868 κρίνειν.
644 831 696 859 Sed
710 832 836 866 quoniam

54 877 133 911 «ﬁdei
148 877 241 913 regula
261 878 402 910 recedens.
420 878 455 906 ad
476 879 596 913 spuriam
615 882 641 905 et
659 877 836 904 adulterinum

887 284 1062 320 πράττουσα,
1085 284 1102 319 ἢ
1125 283 1308 318 φθεγγομένη,
1328 283 1367 314 ὡς
1387 283 1447 310 οὐδὲ
1469 284 1484 310 ὸ
1499 283 1676 319 Παράκλητος

887 330 932 364 ἀφ’
947 329 1045 357 ἑαυτοῦ
1059 338 1086 356 τι
1100 329 1184 361 λαλεῖ,
1199 329 1216 364 ἢ
1236 331 1317 361 ποιεῖ.
1338 328 1405 356 ἀλλὰ
1418 328 1537 361 δοξάζων
1550 329 1595 356 τὸν
1609 330 1676 365 Χρια

873 375 950 403 -στὺν
971 375 1114 412 περιμένει
1134 375 1165 402 τὸ
1187 374 1292 402 ἐκείνου
1315 374 1431 410 θέλημα,
1461 374 1514 407 Qui
1537 375 1675 409 episcopus

886 426 984 449 est.....
1001 421 1042 448 hic
1056 421 1174 455 princeps
1193 424 1218 448 et
1233 419 1289 446 dua:
1304 424 1387 447 uester
1402 428 1410 446 :
1426 420 1467 447 hic
1488 425 1571 447 uester
1585 428 1632 447 res
1648 425 1674 447 et

886 467 1010 503 dynastes
1021 475 1031 495 :
1043 466 1085 494 hic
1107 466 1181 494 vobis
1200 471 1259 500 post
1277 465 1363 493 Deum
1387 470 1506 493 terrenus
1524 465 1606 498 Deus,
1631 467 1675 493 cui

887 512 1011 540 honorem
1028 517 1157 547 pr¢stars
1171 511 1316 540 debetis....
1334 511 1421 547 Igitur
1443 513 1579 546 episcopus
1602 511 1674 539 vobis

887 558 1030 593 praesideat
1066 563 1192 593 tanquam
1224 557 1274 585 Dei
1306 557 1436 592 dignitate
1464 557 1673 590 condecoratus,

887 605 919 633 ob
939 612 1019 639 quam
1042 603 1112 631 clero
1133 607 1239 638 praeit,
1261 607 1287 630 et
1307 602 1377 637 plebi
1399 603 1527 631 universe
1551 604 1672 638 imperat.

887 648 1021 676 Diaconus
1035 654 1123 676 autem
1137 649 1256 683 episcopo
1272 649 1392 680 assistat,
1409 654 1437 675 ut
1448 648 1571 676 Christus
1582 649 1672 682 Patri,

886 693 986 729 ipsique
1003 694 1032 721 in
1047 693 1168 722 omnibus
1189 693 1321 728 inculpate
1341 693 1483 725 ministret,
1498 694 1672 729 quemadmo-

885 738 949 765 dum
964 738 1099 772 Christus,
1119 739 1186 766 nihil
1205 747 1221 766 a
1239 747 1267 766 se
1283 739 1339 773 ipso
1359 739 1470 772 faciens,
1495 748 1553 774 qua
1574 740 1673 775 placita

885 789 946 812 sunt
960 784 1036 812 Patri
1059 793 1160 820 semper
1184 789 1316 819 operatur.
1341 786 1376 813 At
1391 785 1544 814 diaconissa
1568 795 1584 813 a
1600 788 1672 815 vobis

885 829 913 856 in
936 829 1050 865 ﬁguram
1072 831 1158 858 sancti
1179 829 1294 865 Spiritus
1320 830 1472 864 honoratur,
1494 840 1552 867 qua:
1575 833 1672 868 absque

885 874 996 903 diacono
1011 875 1077 903 nihil
1087 880 1160 911 agat,
1175 881 1222 903 aut
1233 876 1366 912 loquatur,
1379 877 1447 904 sicut
1460 885 1505 904 nec
1513 877 1670 907 Paracletus

54 921 193 949 doctrinm
208 930 237 949 se
253 923 407 955 transtulit,
431 922 546 950 hominis
567 921 600 949 ab
611 921 730 949 Ecclesia
754 921 836 949 alieni
850 922 871 950 B
886 929 903 948 a
923 929 951 948 se
969 921 1112 956 quidquam
1138 921 1254 956 loquitur
1278 925 1326 948 aut
1354 921 1419 956 facit
1432 941 1441 954 ,
1467 922 1513 950 sed
1535 921 1671 950 Christum

54 971 120 994 actus
141 968 300 995 examinare
326 967 394 996 nihil
415 968 510 995 attinet
530 967 596 1002 (51).
624 967 724 995 Nostra
751 967 835 1002 igitur

55 1012 193 1046 accusatio,
214 1021 280 1048 quae
309 1016 365 1040 tam
386 1013 518 1048 praeclaro
546 1013 643 1040 nititur
666 1011 832 1044 testimonio,

53 1057 144 1093 alioqui
165 1062 222 1086 tam
247 1059 319 1087 levis
342 1063 386 1087 est
408 1059 433 1086 si
461 1066 525 1087 cum
549 1060 656 1087 caeteris
675 1058 834 1086 conferatur

55 1102 215 1132 Samosateni
237 1104 422 1137 criminibus,
446 1108 477 1132 ut
501 1104 596 1132 haberi
621 1111 671 1139 pro
694 1103 833 1131 calumnia

55 1155 103 1174 non
117 1149 210 1182 possit.
235 1148 371 1182 Quamvis
385 1153 476 1177 autem
495 1157 551 1177 non
565 1149 634 1177 adeo
648 1149 833 1185 reprehenda-

54 1195 93 1219 tur
105 1197 178 1222 vetus
191 1194 238 1222 illa
253 1195 436 1228 consuetudo,
453 1195 570 1224 illustria
581 1195 705 1231 quasdam
721 1195 832 1223 nomina

55 1239 222 1272 praemittendi
242 1241 325 1268 novis
345 1240 484 1276 operibus,
504 1248 536 1269 ac
553 1241 692 1269 statuendi
705 1245 831 1269 auctores

54 1282 115 1309 inter
131 1291 160 1311 se
183 1284 394 1320 colloquentes;
420 1284 542 1320 profecto
563 1293 595 1313 ea
613 1285 687 1313 ﬁctio
701 1291 830 1322 perpetua

54 1327 190 1357 inducendi
217 1331 361 1366 apostolos
386 1330 477 1359 adhuc
498 1331 587 1364 vivos,
614 1339 696 1367 quam
716 1332 830 1360 Photius

54 1374 247 1403 κακοπλαοτίαν
274 1373 440 1412 appellavit,
464 1376 597 1413 duxitque
622 1378 829 1406 accusationum

54 1424 108 1446 esse
130 1419 309 1455 levissimam,
333 1421 409 1449 illico
432 1422 543 1456 planum
569 1421 706 1451 hominem
725 1423 827 1458 prodit,

54 1470 82 1490 ac
100 1465 314 1500 ineptissimum,
342 1467 390 1502 qui
415 1467 551 1500 absurda,
574 1467 653 1502 plura
677 1471 705 1496 et
733 1475 827 1496 secum

56 1511 191 1544 pugnantia
216 1519 250 1540 eo
277 1512 408 1540 narrandi
437 1512 519 1541 modo
544 1520 575 1541 se
600 1513 744 1542 admittere
771 1521 827 1542 non

55 1555 168 1588 pervidit.
184 1556 264 1590 Quod
282 1565 349 1586 sane
359 1558 456 1586 vitium
470 1556 552 1587 facile
566 1558 659 1586 sanari
676 1562 776 1594 potest,
788 1559 824 1593 si,

56 1608 83 1628 es
96 1602 199 1630 ﬁctione
222 1603 346 1636 sublata,
368 1611 424 1632 non
445 1604 474 1633 in
495 1607 630 1632 conventu
651 1605 743 1640 aliquo
758 1613 825 1641 apo-

890 966 1061 1002 gloriﬁcans,
1083 971 1214 1001 exspectat
1229 967 1302 994 illius
1317 967 1477 996 voluntatem
1498 968 1564 1004 (55).
1592 967 1671 997 Haud

885 1011 989 1040 frustra
1011 1012 1069 1040 haec
1092 1012 1174 1047 impie
1197 1012 1310 1047 scripsit
1325 1011 1533 1047 Samosatenus,
1556 1022 1617 1041 cum
1638 1022 1670 1042 ea

883 1066 945 1093 quae
971 1058 1062 1086 animo
1090 1057 1232 1086 volutabat
1254 1058 1391 1090 eﬂ'ecerlt,
1421 1062 1503 1094 atque
1532 1058 1670 1087 Auommis

882 1111 943 1132 eam
959 1103 1104 1138 paritatem
1127 1103 1291 1138 reliquerit:
1314 1104 1408 1140 Ἡμεῖς
1431 1103 1546 1140 λέγομεν
1561 1105 1670 1141 Πατέρα

882 1147 929 1174 καὶ
942 1146 1006 1174 Υίὸν
1022 1147 1070 1174 καὶ
1083 1146 1160 1182 ἆγιον
1175 1147 1297 1183 Πνεῦμα,
1312 1147 1350 1181 ὡς
1368 1148 1528 1180 ἐπίσκοπον,
1543 1149 1589 1176 καὶ
1603 1157 1671 1185 πρε-

882 1191 1022 1228 σόύτερον,
1043 1192 1091 1219 καὶ
1113 1191 1235 1220 διάκονον
1252 1202 1260 1221 :
1275 1192 1332 1221 Nos
1358 1194 1471 1222 dicimus
1495 1194 1620 1229 Patrem,
1644 1200 1670 1223 et

881 1235 1001 1270 Filium,
1024 1241 1049 1264 et
1064 1235 1194 1272 Spiritum
1223 1243 1345 1266 sanctum
1366 1248 1424 1268 esse
1449 1241 1536 1268 instar
1556 1242 1671 1276 episcopi

879 1286 905 1310 et
916 1282 1062 1318 presbyteri
1075 1288 1100 1310 et
1111 1282 1216 1311 diaconi
1227 1282 1294 1320 (54).
1311 1284 1350 1312 Ac
1363 1292 1457 1314 revera
1473 1285 1669 1314 Samosatenus

881 1336 930 1363 pro
949 1329 1078 1364 episcopo
1090 1328 1288 1358 Antichristum
1313 1330 1340 1358 in
1355 1332 1502 1367 semetipso
1525 1333 1661 1366 exhibuit,

878 1373 955 1402 homo
976 1374 1086 1408 peccati,
1109 1375 1181 1410 ﬁlius
1203 1375 1370 1410 perditionis,
1392 1377 1437 1412 qui
1461 1377 1617 1406 adversatur
1640 1385 1666 1407 et

877 1419 1014 1446 extollitur
1037 1426 1120 1454 supra
1144 1428 1220 1447 omne
1240 1420 1309 1455 quod
1323 1420 1421 1447 dicitur
1436 1421 1516 1455 Deus,
1533 1427 1580 1449 aut
1597 1423 1667 1458 quod

877 1464 990 1497 colitur,
1014 1464 1055 1491 ita
1077 1469 1107 1491 ut
1127 1464 1155 1491 in
1180 1465 1274 1499 templo
1294 1464 1343 1493 Dei
1364 1466 1452 1494 sedeat
1478 1467 1616 1494 ostendens
1639 1477 1668 1497 se

877 1513 1003 1544 tanquam
1015 1509 1050 1536 sit
1061 1509 1131 1537 Deus
1143 1509 1210 1545 (55).
1232 1511 1311 1547 Βῆμα
1327 1511 1376 1546 μὲν
1391 1512 1438 1539 καὶ
1457 1511 1551 1548 θρόνον
1567 1513 1667 1550 ὑψηλὸν

876 1555 965 1591 ἑαυτῷ
979 1556 1288 1591 κατασκευασάμενος...
1313 1557 1369 1588 τοῖς
1383 1556 1411 1584 δὲ
1425 1556 1463 1589 ὡς
1477 1557 1507 1584 ὲν
1520 1558 1586 1594 οἴκῳ
1600 1558 1668 1586 Θεοῦ

877 1601 1073 1638 σεμνοπρεπῶς
1086 1601 1134 1628 καὶ
1147 1598 1284 1633 εὐτάκτως
1297 1601 1451 1634 ἀκούουσιν,
1473 1603 1607 1638 ἐπιτιμῶν
1621 1605 1669 1632 καὶ

56 1647 175 1674 stolarum
189 1649 272 1683 quasi
289 1649 440 1677 viventium
455 1649 554 1682 oratio,
568 1654 596 1677 at
617 1649 677 1685 ipsa
693 1649 826 1679 referatur

896 1646 1057 1683 νυδρίζων...
1074 1647 1322 1684 μεγαλορῤημονῶν
1336 1649 1401 1684 περὶ
1423 1649 1521 1676 ἑαυτοῦ
1543 1649 1669 1688 καθάπερ

57 1691 174 1726 traditio;
202 1690 434 1728 quemadmodum
459 1701 515 1721 non
542 1694 699 1723 dubitamus
727 1695 826 1724 fecisse

896 1692 924 1719 'iu
937 1693 1095 1725 ἐπίσκοπος,
1111 1692 1179 1719 ἀλλὰ
1194 1693 1323 1730 σοφιστὴς
1338 1694 1386 1720 καὶ
1399 1694 1475 1730 γόης.
1490 1695 1624 1731 1ιναλμοίδς
1640 1696 1670 1724 δὲ

56 1734 209 1765 Clementem
235 1742 321 1774 atque
340 1738 513 1775 Hippolytum
524 1759 532 1772 ,
555 1740 733 1775 gravissimos
752 1741 826 1769 viros

896 1739 938 1770 ob;
952 1738 1001 1774 μὲν
1015 1739 1055 1771 εἰς
1068 1739 1113 1766 τὸν
1127 1739 1228 1775 Κύριον
1252 1739 1330 1775 ἡμῶν
1350 1740 1453 1775 Ἰησοῦν
1466 1741 1584 1777 Χριστὸν
1598 1742 1669 1769 παύ-

56 1781 283 1811 «sanctissimos.
308 1782 351 1811 An
367 1790 433 1810 vero
453 1782 571 1811 adhibito
589 1784 710 1812 examine
732 1785 825 1812 critico

896 1793 957 1816 ας...
974 1785 1014 1816 είς
1028 1785 1123 1812 ἑαυτὸν
1137 1785 1165 1811 δὲ
1180 1786 1208 1811 ἐν
1224 1784 1295 1822 μέσῃ
1309 1786 1342 1821 τῇ
1357 1785 1491 1822 ἐκκλησίᾳ
1511 1788 1544 1822 τῇ
1561 1787 1668 1825 μεγάλῃ

57 1827 255 1860 accuratissima,
270 1828 372 1862 possint
385 1828 555 1863 supposititia
568 1837 585 1856 a
598 1829 717 1864 genuinis
731 1829 826 1857 distin-

896 1829 922 1856 οὗ
937 1829 1032 1865 Πάσχα
1052 1830 1144 1866 ἡμέρᾳ
1163 1829 1317 1866 ψαλμῳδεῖν
1339 1832 1471 1865 γυναῖκας
1492 1834 1668 1868 παρασκευά-

57 1872 109 1905 qui,
123 1877 146 1900 et
158 1874 196 1901 sic
212 1875 290 1903 nobis
306 1878 451 1910 appareant
465 1874 551 1902 multa
566 1876 679 1910 genuina
693 1875 827 1910 apostolo-

896 1883 945 1907 ων,
960 1872 997 1902 ὦν
1011 1875 1058 1902 καὶ
1072 1875 1191 1906 ἀκούσας
1205 1876 1238 1902 ἄν
1251 1884 1293 1907 τις
1308 1874 1436 1911 φρίεειεν.
1454 1875 1526 1904 Nam
1537 1883 1563 1904 et
1578 1878 1666 1905 tribu-

58 1925 108 1944 ηιπι
123 1925 298 1954 monumenta,
319 1921 395 1956 quod
417 1921 470 1950 sibi
494 1921 581 1949 suasit
594 1921 647 1948 hoc
670 1922 772 1949 sieculo
785 1921 827 1948 vir
876 1920 1099 1948 naletsublimem
1113 1920 1234 1948 thronum
1243 1921 1292 1948 sibi
1302 1921 1611 1956 ipseconstruzit....eos
1620 1925 1666 1959 qui

58 1964 232 1999 antiquitatem
250 1966 479 1995 Constitutionum
503 1966 576 1994 ultra
597 1973 678 2001 quam
699 1974 750 2001 par
768 1970 826 1994 erat
878 1974 936 1993 cum
948 1967 1076 2001 gravitate
1091 1975 1123 1994 ac
1135 1967 1263 1994 modestia
1283 1968 1351 1995 sicut
1365 1968 1393 1995 in
1414 1967 1492 1995 doma
1510 1968 1560 1996 Dei
1578 1969 1664 2003 decet,

58 2010 186 2044 extollens,
206 2013 234 2041 id
253 2011 410 2048 huiusmodi
429 2011 519 2040 critici
533 2011 652 2040 viderint
678 2012 827 2041 accuratis-

57 2054 110 2082 simi
121 2056 184 2093 (δε).

87 2099 115 2129 ll.
134 2101 232 2131 Paulus
244 2103 434 2132 Samosatenus
449 2111 501 2130 non
515 2111 568 2130 uno
582 2102 639 2130 loco
653 2111 681 2130 se
694 2103 782 2138 prodit
799 2104 827 2130 in

59 2143 328 2176 Constitutionibus.-—
336 2148 420 2176 Nobis
438 2147 664 2176 Constitutionum
680 2151 827 2183 corrupto-

61 2197 108 2217 rem
120 2194 357 2227 satestindicasse,
365 2201 445 2228 quem
459 2194 541 2221 etiam
551 2193 706 2228 loquentem
721 2193 826 2228 audire,

59 2241 86 2262 ac
93 2243 169 2272 prope
182 2239 270 2267 oculis
281 2238 381 2266 intueri
390 2237 413 2265 si
424 2238 486 2273 quis
507 2238 572 2265 velit
589 2238 617 2264 in
632 2237 690 2264 haec
706 2238 827 2265 animad-

62 2285 144 2310 vertat.
161 2283 188 2310 '0
203 2284 409 2315 ὲπίσκοπος,....
420 2279 498 2315 οὗτος
510 2282 603 2318 ἄρχων
616 2283 664 2310 καὶ
677 2283 827 2319 ἡγούμενος

60 2325 133 2360 ὖμῶν.
153 2325 236 2362 Οὗτος
257 2328 334 2365 ὑμῶν
355 2328 481 2365 βασιλεὺς
503 2329 551 2356 καὶ
573 2328 717 2365 δυνάστης.
743 2326 828 2362 Οὗτος

61 2370 125 2406 ὑμῶν
142 2373 258 2410 ἐπίγειος
271 2374 336 2407 Θεὸς
357 2373 427 2410 μετὰ
438 2373 515 2407 Θεὸν,
530 2373 560 2406 ὃς
573 2374 674 2409 ὀφείλει
692 2375 741 2411 τῆς
761 2377 826 2411 παρ’

60 2417 124 2452 ὑμῶν
141 2423 219 2458 τιμῆς
240 2421 441 2450 ἀπολαύειν.....
455 2422 470 2448 ὁ
485 2420 540 2457 γὰρ
559 2420 708 2452 ἐπίσκοπος
720 2429 826 2457 προκα-

61 2462 162 2496 istem
175 2468 260 2505 ὑμῶν,
275 2468 313 2500 ὡς
325 2467 392 2495 Θεοῦ
411 2467 475 2503 ἀξίᾳ
493 2466 684 2503 τετιμημένος,
698 2463 716 2504 ᾖ
732 2468 828 2502 κρατεῖ

61 2510 99 2537 τοῦ
117 2513 220 2550 κλήρου,
235 2515 283 2542 καὶ
299 2514 346 2541 τοῦ
361 2514 427 2541 λαοῦ
447 2513 654 2549 παντὺςαρχει.
677 2513 705 2540 '0
722 2512 751 2539 δὲ
768 2512 827 2539 διά-

61 2563 126 2589 κονος
144 2561 228 2597 τούτῳ
245 2552 429 2597 παριστάσθώ
443 2560 482 2592 ὡς
502 2560 516 2586 b
530 2558 647 2595 Χριστὸς
667 2558 706 2594 τῷ
726 2559 824 2595 Πατρὶ,

63 2602 101 2629 καὶ
116 2603 296 2643 λειτουργιίτω
317 2605 392 2642 αὑτῷ
415 2605 444 2632 ἐν
467 2606 550 2633 πᾶσιν
573 2604 736 2640 ἀμέμπτως,
759 2604 825 2637 ὡςὸ

63 2646 160 2683 Χριστὸς
172 2653 218 2688 ἀφ’
231 2652 327 2680 ἑαυτοῦ
342 2651 427 2679 ποιῶν
440 2650 525 2683 οὐδὲν,
536 2649 571 2677 τὰ
584 2650 687 2686 ἀρεστὰ
700 2651 774 2677 ποιεῖ
785 2650 825 2686 τῷ

64 2690 136 2730 Πατρὶ
147 2698 267 2726 πάντοτε.
287 2699 320 2725 Ἡ
337 2698 366 2725 δὲ
381 2697 504 2730 διάκονος
525 2697 566 2728 εἰς
585 2696 670 2723 τύπον
683 2695 731 2724 τοῦ
745 2696 823 2730 ἁγίου

102 2762 141 2799 ἕθ)
156 2765 246 2799 Phot.,
259 2767 320 2795 cod.
333 2774 412 2794 cxnt.

103 2797 141 2833 5°)
157 2797 267 2830 Constit.
284 2810 345 2833 vui.
361 2801 406 2829 55.

155 2837 204 2874 ῥυ.
220 2835 423 2874 Euseb._H..E.
440 2845 492 2867 vn,
505 2836 549 2863 50-

66 2866 140 2928 ἳὸἱδῖῖ
155 2866 297 2904 Baratter.,
316 2871 354 2899 De
367 2869 458 2899 Const.
477 2866 560 2905 (ipost.
578 2871 689 2900 dissert.
712 2871 738 2899 2.
759 2877 819 2905 pug.

93 2761 102 2894 Ξ

131 2763 141 2894 ἱ

877 2011 1009 2045 audirent,
1024 2012 1176 2048 increpabat
1190 2017 1214 2040 et
1231 2013 1395 2040 contumeliis
1416 2014 1578 2049 afﬁciebat...
1589 2015 1622 2042 de
1638 2025 1666 2044 se

878 2062 965 2084 autem
981 2058 1037 2092 ipso
1057 2059 1197 2094 magni/ica
1215 2058 1369 2094 loquebatur
1389 2068 1441 2087 non
1466 2064 1495 2086 ut
1517 2061 1664 2096 episcopus,

876 2104 922 2132 sed
935 2110 965 2132 ut
978 2105 1095 2140 sophista
1112 2110 1136 2134 et
1151 2106 1289 2141 impostor.
1311 2106 1381 2140 Quin
1402 2107 1482 2134 etiam
1503 2108 1620 2142 psalmos
1634 2110 1663 2136 in

877 2151 1000 2179 honorem
1011 2151 1119 2180 Domini
1139 2153 1222 2180 nostri
1234 2152 1298 2179 Iesu
1310 2152 1413 2180 Christi
1432 2153 1591 2182 abolevit....
1605 2163 1664 2181 mu-

877 2197 954 2225 lieres
973 2205 1033 2225 oero
1057 2198 1085 2225 in
1106 2197 1191 2225 medio
1217 2184 1335 2226 ecclesiis
1366 2207 1461 2234 magno
1483 2199 1596 2227 Pascha:
1621 2200 1664 2228 die

876 2243 993 2277 psalmos
1012 2242 1144 2278 quosdam
1169 2251 1262 2271 canere
1281 2244 1316 2270 ad
1330 2244 1372 2270 sui
1392 2244 1475 2279 ipsius
1492 2245 1598 2273 laudem
1621 2247 1664 2274 in-

877 2288 983 2321 stituit,
1008 2288 1077 2324 quod
1099 2288 1204 2324 quidem
1225 2288 1392 2316 audientibus
1415 2289 1550 2318 horrorem
1571 2292 1664 2319 merito

876 2334 1027 2362 incusserit.
1063 2334 1127 2364 Haec
1152 2335 1246 2364 Patres
1271 2336 1310 2363 illi
1337 2337 1493 2372 gravissimi
1519 2342 1664 2372 postremae

875 2379 1050 2408 Antiochenaa
1067 2380 1164 2416 synodi
1178 2380 1309 2409 damnare
1324 2386 1440 2417 pergunt
1466 2382 1494 2409 in
1510 2381 1596 2410 Paulo
1612 2382 1663 2410 Sa-

876 2425 1095 2462 mosatenoj(56),
1117 2433 1178 2461 quae
1202 2426 1265 2454 licet
1282 2426 1408 2461 protrita,
1435 2434 1524 2462 opera:
1541 2429 1660 2463 pretium

875 2470 921 2498 hic
934 2470 987 2498 fuit
997 2470 1118 2505 referre;
1132 2474 1163 2498 ut
1176 2479 1209 2499 eo
1223 2471 1310 2506 magis
1327 2479 1391 2499 vera
1408 2471 1659 2508 deprehendantur,

875 2515 1020 2551 lucemque
1056 2516 1194 2551 accipiant
1223 2524 1255 2545 ex
1279 2517 1465 2551 praemeditato
1489 2517 1661 2546 Samosateni

874 2560 990 2589 consilio
999 2580 1007 2594 ,
1030 2568 1086 2597 quo
1101 2562 1128 2588 in
1140 2561 1379 2589 Constitutionibus
1390 2563 1571 2597 apostolorum
1581 2570 1661 2592 suum

874 2605 949 2634 virus
979 2607 1148 2635 occuluerat.
1180 2606 1274 2643 Neque
1299 2607 1372 2635 enim
1397 2607 1549 2637 Ecclesiam
1584 2609 1660 2636 illam

874 2650 1104 2680 ﬂorentissimam
1146 2656 1208 2688 post
1248 2652 1449 2680 Demetrianum
1485 2661 1661 2689 corrumpere

873 2696 941 2725 adeo
954 2697 1100 2732 potuisset,
1120 2702 1150 2725 ut
1163 2698 1256 2733 plures
1276 2699 1390 2727 haberet
1410 2698 1492 2727 etiam
1513 2699 1658 2734 episcopos

919 2763 963 2797 55)
983 2763 1095 2792 Constit.
1118 2773 1160 2797 ap.
1177 2773 1216 2797 il,
1228 2765 1273 2792 26.

919 2799 964 2836 ξι)
983 2800 1104 2836 Ananiae.
1129 2800 1221 2836 hrian.
1235 2800 1307 2836 Dial.
1332 2800 1352 2831 Ι,
1380 2801 1416 2828 Dc
1431 2801 1503 2828 Trin.
1535 2801 1585 2828 int.
1610 2808 1656 2836 op.

873 2832 901 2860 S.
913 2832 1076 2870 Max.__cgnf.
1099 2838 1120 2862 t.
1138 2834 1170 2867 ll’,
1186 2843 1212 2870 p.
1227 2835 1290 2863 406.

918 2868 964 2901 55)
984 2867 1005 2894 ll
1022 2868 1119 2901 Thess.
1131 2877 1161 2901 II,
1176 2867 1203 2896 5.
1420 2884 1434 2899 ·.

984 2870 1203 2939 Ηρῄὲῗιῗὲἐῦἕ
1219 2904 1252 2932 Ε.
1269 2911 1316 2937 vn,
1330 2905 1375 2932 50.
