1884 3104
201 182 254 212 551

639 181 668 210 S.
685 180 883 210 CLEMENTIS
899 181 908 209 l
925 179 1006 209 ROM.
1024 179 1124 209 PONT.
1143 179 1257 209 OPERA
1275 180 1387 209 DUBIA.

1779 180 1837 208 533

199 240 331 276 nequitiae
348 244 406 268 sua)
422 238 555 273 fautores,
570 239 625 267 nisi
641 239 805 275 quihusdam
821 239 904 267 veluti
920 246 986 274 prat-
1002 242 1025 270 Α
1039 238 1138 266 Christi
1153 239 1203 266 Dei
1216 239 1311 271 nostri,
1332 245 1358 266 et
1368 238 1486 273 Spiritus
1507 239 1605 272 sancti,
1623 238 1653 266 in
1672 245 1758 274 quam
1778 239 1833 266 lai-

199 285 289 320 stigiis
304 292 351 313 eos
365 284 544 320 depravasset
560 295 566 312 :
583 292 616 313 eo
631 292 697 313 sane
711 293 778 313 usus
793 285 920 318 artiﬁcio,
935 292 990 320 quo

202 330 321 358 maxime
335 330 425 358 solent
440 331 615 365 impostores,
631 334 661 358 ut
680 339 695 357 a
709 330 830 358 falsitate
852 331 904 358 sibi
919 337 989 366 prae--

199 376 298 404 sidium
328 375 482 411 acquirunt,
507 383 570 403 cum
595 383 611 403 a
636 376 750 404 veritate
784 384 840 404 non
872 376 988 412 possint.

203 421 389 454 Quamobrem
413 428 495 448 nemo
527 428 583 449 non
606 421 682 449 videt
703 429 784 456 quam
818 421 990 456 impudenter

202 467 333 500 Sandius.
349 467 522 500 Whistonus,
539 467 641 503 aliique
651 467 716 495 novi
730 466 825 494 Ariani
841 471 990 502 provocent

199 513 234 540 ad
246 513 456 541 Constitutiones
485 513 675 548 apostolorum,
691 513 725 540 ad
744 513 804 541 loca
823 513 926 540 scilicet
947 513 990 540 in-

199 559 346 594 terpolata,
365 563 394 586 ut
407 567 485 587 suam
500 563 626 587 asserant
642 559 818 594 impietatem.
831 557 900 585 Dum
915 558 988 586 enim

200 605 234 632 ad
248 605 396 640 pessimum
417 610 608 640 corruptorem
623 608 783 640 provocant,
799 611 856 632 non
866 603 990 639 proiecto

201 649 332 678 Ecclesiae
359 650 532 684 doctrinam,
558 650 607 678 sed
635 649 751 677 Paulum
781 649 989 677 Samosatenurn

199 695 297 723 ducem
325 699 489 731 sequuntur,
517 703 572 730 quo
592 697 707 722 auctore
730 701 781 722 nec
808 694 860 729 ipsi
885 697 990 722 veteres

198 741 295 769 Ariani
309 741 417 777 gloriati
439 745 513 769 sunt.

235 798 281 825 ill.
304 798 336 826 P.
350 797 541 826 Samosatenus
564 806 597 826 ea:
621 798 686 833 ipsis
709 797 784 829 locis,
805 804 864 832 quae
886 797 988 823 intacta

199 844 316 879 reliquit,
339 845 693 880 refellunt—Quaecunque
708 848 797 871 autem
813 843 840 870 in
853 842 989 871 Constitu-

201 890 316 917 tionibtu
329 890 464 918 violentas
479 898 578 918 manus
592 895 749 922 evaserunt,
769 889 908 917 contraria
924 892 988 916 sunt

199 943 316 971 prorsus
331 936 386 964 illis
401 944 462 971 quas
477 936 657 971 interpolator
687 936 813 964 inseruit.
830 935 892 970 Ipso
910 935 988 962 initio

200 981 436 1014 Constitutionum,
449 981 551 1010 Christi
563 982 704 1015 divinitas,
716 986 797 1017 atque
806 982 888 1009 etiam
904 980 990 1017 Spiri-

199 1031 245 1055 tus
269 1028 356 1055 sancti
382 1027 562 1063 praidicatur;
593 1027 666 1063 quod
693 1027 802 1054 initium
830 1027 894 1062 quia
923 1026 990 1054 nulli

198 1073 288 1108 magis
321 1074 451 1101 convenit
481 1081 566 1108 quam
599 1073 766 1109 Hippolyto,
795 1072 988 1100 ascribemus:

198 1119 266 1146 Θεοῦ
282 1119 379 1154 φυτεία
392 1120 409 1156 ἡ
424 1118 553 1156 καθολικὴ
569 1118 725 1155 Ἐκκλησία,
739 1118 786 1145 καὶ
800 1116 930 1153 ἀμπελὼν
943 1117 991 1144 αὐ-

197 1164 245 1191 τοῦ
266 1164 394 1196 ἐκλεκτὸς
406 1185 413 1197 ,
429 1165 453 1191 οἱ
468 1164 680 1196 πεπιστευκότες
694 1165 734 1196 εἰς
747 1164 796 1200 τὴν
811 1163 917 1200 ἀπλανῆ
933 1163 991 1190 Θεο-

198 1211 307 1237 σέὸειαν
321 1210 403 1237 αὑτοῦ
413 1231 421 1243 ,
445 1211 470 1237 οι
491 1211 540 1247 τὴν
555 1209 663 1237 αἰώνιον
685 1209 870 1246 καρπούμενοι
887 1208 931 1235 διὰ
945 1208 990 1235 πί-

198 1264 283 1288 στεως
299 1256 436 1291 βασιλείαν
450 1256 548 1289 αὐτοῦ,
570 1257 596 1283 ot
616 1256 729 1292 δύναμιν
749 1255 831 1282 αὐτοῦ
853 1255 991 1291 εἰληφότες

197 1302 246 1328 καὶ
261 1302 406 1337 μετουσίαν
419 1302 466 1329 τοῦ
481 1302 560 1336 ἁγίου
575 1302 644 1328 Πνεύ
650 1310 733 1338 ματος
746 1321 753 1334 ,
768 1301 934 1336 ὠπλισμένοι
948 1301 992 1327 διὰ

204 1347 292 1383 Ἰησοῦ
303 1368 310 1380 ,
326 1349 373 1375 καὶ
386 1347 604 1384 ὲνα-τερνισμένοι
625 1347 670 1375 τὸν
686 1347 766 1382 φόϐον
785 1347 868 1374 αὐτοῦ
878 1367 885 1380 ,
903 1346 992 1382 ῥαντί-

199 1402 303 1430 σματος
324 1395 432 1430 μέτοχοι
452 1394 500 1421 τοῦ
523 1393 615 1430 τιμίου
635 1393 682 1420 καὶ
699 1392 789 1419 ἀθώου
807 1392 922 1428 αἵματος
944 1392 991 1419 τοῦ

198 1440 316 1476 Χριστοῦ
327 1460 334 1472 ,
351 1441 376 1467 οἱ
392 1440 549 1477 παρρησίαν
567 1439 707 1476 εἰληφότες
724 1439 769 1466 τὸν
785 1438 991 1474 παντοκράτορσ.

198 1486 275 1518 Θεὸν,
292 1486 402 1521 Πατέρα
414 1486 520 1518 καλεῖν,
537 1485 750 1522 συγκληρονόμοι
765 1486 812 1512 καὶ
827 1484 992 1520 συμμέτοχοι

197 1531 246 1558 τοῦ
260 1533 353 1568 ὴγαπη
359 1532 540 1568 μένουΠαιδὸς
550 1532 632 1559 αὑτοῦ
642 1531 707 1568 (57)·
719 1531 853 1559 ἀλούσατε
866 1530 992 1558 διδασκα-

198 1577 259 1604 λίαν
275 1577 360 1614 ἱερὰν,
376 1579 401 1605 οἱ
415 1578 588 1614 ἀντεχόμενοι
602 1578 650 1613 τῆς
666 1577 830 1612 ἐπαγγελίας
852 1576 934 1604 αὐτοῦ
958 1577 991 1604 ἐκ
1004 1586 1026 1617 c

199 1623 410 1659 προστάγματος
433 1623 480 1650 τοῦ
500 1623 640 1659 Σωτῆρος,
661 1624 818 1659 ὁμόστοιχον
840 1624 900 1655 ταῖς
920 1622 992 1649 ἐνδό-

201 1668 257 1702 ξοις
266 1669 398 1704 φθογγατς
408 1668 501 1695 αὐτοῦ.
510 1669 680 1696 Φυλάσσεσθε
695 1670 720 1696 οι
734 1668 802 1696 Θεοῦ
818 1669 872 1696 υἱοὶ
884 1669 990 1696 ἅπαντα

201 1715 239 1747 εις
257 1715 379 1751 ὑπακοὴν
393 1715 460 1742 Θεοῦ
476 1715 618 1751 πράσσειν.
633 1716 688 1742 Καὶ
702 1714 812 1750 γένεσθε
831 1715 941 1750 ἀρεατοὶ
961 1714 990 1741 ἐν

200 1762 268 1787 πᾶσι
281 1760 390 1797 Χριστῷ
404 1761 443 1797 τῷ
457 1761 516 1798 Θεῷ
530 1761 618 1797 ἡμῶν.
635 1760 756 1789 Ecclesia
770 1760 901 1788 catholica
913 1760 990 1795 plan-

202 1807 269 1833 tatia
278 1806 338 1838 Dei,
358 1815 390 1833 ac
405 1807 480 1834 uinea
498 1807 554 1842 ejus
576 1807 658 1834 electa
678 1812 750 1840 sunt,
767 1807 811 1841 qui
827 1806 854 1833 in
872 1805 988 1833 certissi-

204 1862 277 1881 mam
288 1853 336 1880 Dei
351 1853 502 1888 religionem
519 1852 661 1885 credidere,
676 1853 721 1888 qui
734 1853 918 1886 sempiternum
932 1851 989 1886 ejus

199 1908 308 1936 regnum
319 1907 364 1934 per
375 1898 453 1934 fidem
473 1902 670 1933 compararunt,
690 1898 735 1933 qui
753 1898 810 1933 ejus
827 1898 949 1925 uirtutem
964 1901 989 1924 et

203 1945 322 1981 Spiritus
335 1945 419 1972 sancti
429 1944 656 1979 participationem
666 1947 831 1977 acceperunt,
842 1950 888 1978 per
898 1942 989 1969 Jesum

200 1991 311 2022 armati,
323 1997 354 2016 ac
365 1990 486 2016 timorem
496 1989 552 2024 ejus
569 1992 622 2015 toto
636 1993 738 2023 pectore
752 1987 865 2022 amplexi
873 1995 883 2020 ;
899 1995 990 2022 asper-

201 2037 302 2064 sionem
317 2035 427 2070 pretiosi
442 2038 466 2061 et
481 2034 626 2060 innocentis
648 2033 786 2068 sanguinis
803 2032 902 2061 Christi
917 2041 989 2060 com-

199 2082 375 2113 municantes,
387 2081 432 2116 qui
446 2079 574 2114 fiduciam
590 2083 754 2113 acceperunt,
770 2084 800 2106 ut
815 2080 919 2106 nomine
934 2078 989 2106 Pa-

201 2130 251 2155 tris
271 2127 355 2154 Deum
379 2126 579 2160 omnipotentem
601 2125 781 2160 appellarent,
802 2124 948 2152 coheredes
962 2130 987 2152 et

201 2179 336 2202 consortes
351 2173 441 2200 dilecti
453 2172 520 2199 Filii
537 2173 594 2207 ejus
608 2180 617 2200 ς
631 2171 720 2198 audite
742 2171 787 2206 qui
807 2179 839 2198 ea:
861 2175 988 2205 praecepto

201 2219 350 2248 Saluatoris
372 2219 573 2254 promissionem
596 2218 653 2252 ejus
673 2217 799 2250 retinetis,
816 2224 921 2243 sacram
939 2215 988 2243 do-

1040 284 1131 312 sarius
1144 292 1199 312 non
1214 285 1326 318 invasit,
1345 293 1380 313 ne
1400 285 1493 312 statim
1511 285 1590 312 initio
1609 285 1835 320 deprehendere-

1041 336 1096 358 tur.
1110 330 1233 359 Ecclesia
1248 338 1313 359 vero
1327 330 1429 358 dicitur
1449 330 1578 366 ἀμπελὼν
1602 331 1734 363 ἐκλεκτός
1758 332 1835 358 uinea

1039 378 1123 404 electa
1137 376 1186 404 Dei
1204 384 1238 404 ex
1252 376 1323 405 Isaia
1338 377 1418 412 juxta
1431 376 1587 413 Symmachi
1606 377 1777 406 versionem.

1075 421 1120 450 IV.
1140 422 1296 458 Symmachi
1310 423 1394 450 venio
1408 423 1441 449 ab
1457 422 1599 459 Hippolyto
1612 422 1737 450 adhibita
1762 422 1833 450 Cou-

1038 470 1204 496 stitutionum
1225 469 1311 497 initio.
1330 468 1589 502 Ἀπονηστίζεσθαι
1604 478 1657 505 quo
1669 478 1751 497 sensu
1760 471 1832 496 acci-

1038 516 1138 550 piatur.
1165 530 1189 536 -
1199 515 1307 551 Reliqui
1317 516 1388 544 enim
1401 516 1574 551 interpretes,
1586 520 1644 543 tam
1652 515 1831 551 Septuaginta

1038 569 1119 598 quam
1125 561 1222 598 Aquila
1230 570 1262 590 ac
1269 561 1429 596 Theodotio,
1438 562 1580 590 Hebraeum
1588 567 1656 605 ρ-πυ
1663 563 1766 590 litteris
1774 567 1834 589 tan-

1039 610 1096 634 tum
1108 606 1211 635 Graecis
1224 610 1421 642 expresserunt
1435 607 1542 643 Σωρήκ.
1559 606 1638 634 Solus
1653 606 1832 642 Symmachus

1039 653 1153 680 electam
1186 653 1372 688 interpretatus
1404 657 1458 685 est,
1488 653 1528 680 ait
1552 651 1740 688 Hieronymus
1763 652 1829 688 (58).

1039 697 1173 731 Quoniam
1196 706 1262 726 vero
1284 703 1348 726 ante
1369 698 1543 734 Hippolytum
1564 706 1647 726 nemo
1667 697 1830 734 Symmachi

1038 744 1204 771 mentionem
1228 743 1303 776 fecit,
1324 752 1404 772 nemo
1429 744 1612 780 scriptorum.
1635 745 1683 779 qui
1709 748 1830 777 exstant,

1038 789 1126 824 ipsius
1148 790 1374 825 interpretatione
1389 794 1431 818 est
1448 798 1534 823 usus,
1550 798 1640 825 neque
1654 790 1749 825 potuit
1770 795 1831 818 ante

1038 834 1224 870 Hippolytum,
1239 835 1349 870 quando
1362 835 1445 870 hujus
1459 843 1518 864 aevo
1529 834 1715 872 Symmachus
1729 836 1828 869 ﬂoruit;

1039 879 1074 906 ad
1087 883 1199 907 caeteras
1220 879 1468 908 demonstrationes
1483 880 1541 908 ham
1556 881 1640 908 etiam
1661 881 1783 913 accedit,
1802 885 1829 908 ut

1039 924 1184 961 Hippolyto
1214 925 1383 954 vindicemus
1414 925 1622 954 Coustittttiones
1654 928 1827 962 apostolicus.

1039 969 1174 999 Praeterea
1197 974 1256 999 toto
1280 971 1382 1000 saeculo
1406 980 1454 1004 in,
1478 972 1596 1008 Origene
1620 980 1677 1000 uno
1703 977 1827 1008 excepto,

1039 1016 1144 1043 nullum
1164 1017 1300 1049 novimus,
1314 1018 1361 1052 qui
1375 1017 1532 1053 Symmachi
1549 1019 1710 1046 versionem
1727 1019 1829 1054 produ-

1039 1062 1123 1096 xerit;
1137 1070 1198 1097 qua:
1212 1063 1413 1092 animadversio
1427 1064 1461 1091 ad
1476 1064 1696 1100 investigandum
1724 1070 1828 1100 tempus

1039 1115 1094 1142 quo
1118 1108 1198 1136 editae
1221 1108 1331 1136 fuerunt
1343 1109 1549 1138 Constitutiones
1563 1111 1637 1138 haud
1658 1111 1774 1139 levioris
1789 1116 1829 1140 est

1039 1154 1180 1189 ponderis.
1194 1154 1355 1191 Hippolytus
1369 1159 1459 1184 autem
1481 1157 1736 1193 interpretationem
1750 1158 1828 1194 Sym-

1040 1199 1130 1227 machi
1155 1199 1228 1227 haud
1249 1201 1335 1228 semel
1355 1201 1460 1236 profert
1483 1202 1510 1229 in
1533 1203 1628 1237 paucis
1648 1211 1712 1238 quae
1736 1210 1829 1238 super-

1040 1249 1105 1272 sunt
1121 1245 1188 1281 (59).
1213 1245 1350 1283 Hippolyti
1369 1251 1411 1276 est
1432 1248 1514 1275 etiam
1529 1249 1560 1276 τὺ
1584 1250 1827 1285 ἀπονηεηζεσθαι,

1035 1292 1168 1327 jejunium
1183 1292 1291 1325 solvere,
1305 1293 1532 1328 quemadmodum
1551 1294 1578 1321 in
1594 1294 1659 1322 sede
1674 1302 1827 1322 marmorea

1040 1337 1128 1372 ipsius
1153 1337 1291 1373 Hippolyti
1318 1339 1416 1374 legitur
1442 1339 1672 1375 ἁπονηστίςεσθαι
1693 1341 1724 1367 δὲ
1736 1341 1778 1367 δεῖ
1798 1337 1828 1366 οὗ

1041 1382 1075 1410 ἄν
1089 1382 1198 1419 ἐμπέσῃ
1212 1384 1346 1420 Κυριακή.
1362 1384 1466 1411 Solvere
1482 1390 1569 1412 autem
1583 1390 1686 1420 oportet
1696 1385 1827 1420 jejunium

1041 1428 1086 1455 ubi
1101 1429 1237 1456 Dominica
1255 1430 1387 1458 inciderit.
1406 1431 1506 1459 Eadem
1532 1432 1734 1466 signiﬁcatione
1759 1433 1826 1460 idem

1041 1474 1154 1501 verbum
1180 1475 1282 1510 saepius
1305 1477 1427 1503 occurrit
1451 1477 1478 1503 in
1502 1476 1743 1505 Caustitutionibus
1760 1478 1826 1513 (60),

1043 1521 1166 1554 quamvis
1178 1520 1312 1550 Hervetus
1325 1523 1462 1550 contrario
1479 1530 1560 1551 sensu
1572 1525 1686 1551 verterit
1692 1524 1825 1558 jejunarc,

1042 1566 1271 1600 quemadmodum
1295 1571 1322 1594 et
1348 1567 1383 1596 cl.
1396 1573 1502 1600 auctor,
1528 1569 1574 1603 qui
1599 1569 1764 1604 hospitalem
1788 1574 1827 1597 ta-

1041 1612 1131 1639 bulam
1157 1612 1332 1641 Cluniensem
1348 1614 1494 1642 illustravit
1514 1614 1581 1651 (61).
1612 1614 1715 1651 Joseph
1738 1621 1826 1644 autem

1042 1656 1162 1692 Scaliger
1176 1659 1284 1686 diverse
1295 1659 1323 1686 in
1335 1660 1573 1688 Constitutionibus
1585 1661 1778 1696 accipiendum
1788 1662 1828 1689 di-

1040 1703 1091 1734 sit,
1099 1708 1180 1737 atque
1192 1703 1220 1730 in
1227 1703 1364 1740 Hippolyti
1377 1705 1441 1732 sede
1455 1705 1669 1740 interpretanda,
1685 1714 1826 1742 perperam

1036 1748 1168 1783 jejunium
1177 1749 1321 1783 transferre
1337 1749 1429 1783 vertit,
1439 1757 1518 1785 quem
1530 1750 1576 1778 alii
1587 1751 1675 1778 secuti
1689 1751 1824 1788 sunt(62).

1039 1793 1109 1821 Ante
1123 1793 1296 1830 Hippolytum
1318 1803 1400 1822 nemo
1415 1795 1441 1823 id
1456 1796 1569 1823 verbum
1584 1798 1739 1832 usurpavit,
1755 1798 1826 1826 ideo-

1039 1844 1094 1871 que
1110 1844 1125 1863 a
1142 1837 1341 1873 lexicographis
1355 1839 1511 1878 ignoratur
1535 1849 1542 1868 :
1564 1845 1626 1876 post
1649 1841 1826 1878 Hippolytum

1039 1881 1185 1918 Dionysius
1215 1883 1415 1913 Alexandrinus
1444 1885 1578 1919 adhibuit,
1604 1888 1652 1915 sed
1682 1888 1720 1915 ita
1743 1894 1773 1916 ut
1794 1889 1827 1915 ab

1039 1928 1185 1965 Hippolyto
1208 1931 1348 1964 accepisse
1368 1932 1565 1966 propemodum
1592 1933 1746 1968 signiﬁcet;
1765 1942 1824 1961 nam

1039 1975 1122 2002 relert
1139 1974 1267 2004 Ecclesiae
1281 1976 1412 2004 Romana:
1435 1977 1463 2005 in
1482 1978 1614 2006 solvendo
1631 1979 1742 2014 jejunio
1761 1987 1826 2007 con-

1040 2021 1213 2049 suetudinem
1225 2021 1281 2057 (65)
1304 2030 1365 2057 quas
1386 2023 1415 2050 in
1430 2022 1671 2052 Constitutionibus
1687 2027 1771 2052 etiam
1784 2033 1826 2053 re-

1038 2068 1135 2102 currit,
1150 2072 1180 2095 ιιι
1191 2075 1238 2096 eas
1250 2067 1343 2096 Romae
1357 2069 1500 2098 conﬁrmet
1514 2070 1600 2099 fuisse
1611 2073 1790 2107 compositas.

1075 2123 1108 2152 ν.
1130 2124 1267 2161 Hippolyti
1279 2125 1402 2153 doctrina
1416 2130 1441 2153 et
1453 2127 1584 2162 ingenium
1605 2128 1634 2154 in
1648 2128 1825 2157 Constitutio-

1039 2170 1116 2197 nibus
1132 2170 1217 2197 adhuc
1226 2170 1434 2199 elucent.—Non
1449 2173 1533 2200 verba
1550 2173 1641 2206 modo,
1658 2175 1708 2202 sed
1729 2179 1757 2203 et
1775 2176 1825 2203 alia

1039 2215 1178 2252 Hippolyti
1201 2217 1418 2245 animadvertere
1442 2218 1506 2246 licet
1531 2219 1559 2246 in
1574 2218 1824 2253 Constitutionibus,

202 2267 330 2300 ctrinam,
351 2265 474 2302 gloriosis
491 2265 547 2300 ejus
560 2263 664 2292 vocibus
680 2271 832 2291 consonam.
847 2261 988 2293 Attendite,
1005 2260 1030 2288 D
1042 2263 1126 2289 veluti
1162 2269 1224 2289 cum
1252 2263 1369 2298 appellat
1400 2262 1494 2291 Jesum
1524 2264 1663 2293 Christum
1695 2267 1826 2304 ἀρχιερέα

202 2312 255 2347 ﬁlii
267 2311 327 2343 Dei,
346 2316 374 2338 ut
391 2311 480 2338 omnia
504 2310 531 2336 in
550 2308 697 2336 obedientia
712 2307 761 2334 Dei
782 2307 908 2341 faciatis;
927 2305 990 2332 etin

202 2357 323 2385 omnibus
335 2361 415 2384 estote
430 2356 535 2384 Christo
550 2355 605 2382 Deo
620 2359 708 2381 nostra
728 2353 835 2387 accepti.
849 2351 989 2379 Sinceram

201 2403 248 2431 hic
260 2403 394 2431 habemus
410 2402 611 2430 confessionem
622 2400 671 2428 Dei
682 2400 774 2427 Patris
794 2398 988 2432 omnipotentis,

238 2547 382 2588 (57)_Hir_tc
395 2547 481 2588 sumit
496 2547 604 2575 initium
625 2547 809 2588 interpolatio.
825 2546 989 2588 qttas_inepte

202 2582 341 2618 apostolos
357 2583 460 2610 inducit
474 2584 630 2618 loquentes;
647 2586 674 2609 at
692 2582 770 2610 facile
791 2582 898 2618 restitui
922 2590 989 2618 pos-

202 2617 267 2654 sunt
288 2625 348 2654 quae
370 2623 521 2653 sequuntur
541 2619 565 2646 si
581 2618 717 2654 legamus:
733 2617 897 2654 ἀκούσαντες
918 2617 989 2654 orba:

203 2652 317 2680 σκαλίαξν
339 2652 417 2689 ἱερὰν
429 2653 454 2680 οι
468 2654 639 2689 ἀντεχόμενοι
655 2653 705 2688 τῆς
719 2652 884 2689 ἐπαγγελίας
906 2652 988 2689 αὐτοῦ

201 2689 245 2724 tu,
251 2687 462 2724 προστάγματος
477 2688 524 2715 τοῦ
533 2687 666 2724 νΣὼτῆρος
675 2687 688 2719 ,⁷
700 2688 863 2724 ὀμόστογιχον
872 2689 931 2724 cui;
945 2687 989 2724 ὲν-

201 2722 287 2755 δύξοις
315 2722 449 2759 φθογγαῖς
471 2724 565 2750 αὑτοῦ.
584 2722 766 2759 φυλάσσοντες
789 2723 826 2754 ὡς
847 2722 915 2759 Θεοῦ
936 2723 990 2750 υἱοὶ

202 2758 309 2786 ἅπαντα
322 2757 372 2790 ἐἰς
395 2759 517 2794 ὑπακοὴν
536 2758 604 2795 ρεοῇ
624 2758 766 2795 ῃρᾲσσειν,
851 2757 989 2795 γενόμενοι

201 2794 311 2834 {ipsum
327 2795 356 2834 tv
370 2795 436 2834 ndqt
451 2793 560 2830 Χρίστῷ
572 2793 611 2829 τῷ
623 2793 682 2834 Θεῷ
694 2793 782 2834 ἡμῶν.
860 2793 988 2834 γνῳὶεριο

203 2828 351 2856 Saluatoris
369 2828 503 2857 audientes
519 2828 622 2856 sacram
637 2828 784 2855 doctrinam
797 2829 920 2864 gloriosis
931 2829 988 2864 ejus

203 2864 308 2900 uocibus
324 2872 475 2900 consonam,
486 2866 632 2900 quicunque
645 2865 727 2900 ipsius
740 2863 930 2900 promissionis
939 2863 989 2900 ad-

204 2898 314 2928 hwrent.
340 2898 504 2928 obseruantes
521 2898 645 2936 tanquam
657 2899 704 2928 Dei
719 2899 784 2934 ﬁlii,
801 2905 832 2926 at
860 2899 948 2926 omnia
961 2899 987 2926 in

1039 2307 1147 2334 πάντων
1160 2307 1214 2334 τῶν
1226 2307 1342 2342 λογικῶν
1355 2309 1513 2344 ταγμάτων,
1523 2309 1679 2345 Ponti/item
1691 2314 1826 2341 uniuerso-

1039 2361 1098 2379 rum
1119 2353 1291 2380 rationalium
1313 2355 1445 2387 ordinum,
1468 2363 1549 2390 quam
1570 2358 1738 2385 sententiam
1760 2359 1824 2394 Hip-

1039 2399 1124 2434 polyti
1148 2403 1244 2427 contra
1270 2400 1394 2428 hazresim
1418 2401 1532 2429 Beronis
1561 2404 1722 2437 repetitam,
1755 2405 1825 2432 haud

1039 2545 1211 2587 ohedientiam
1226 2546 1273 2587 Dei
1297 2547 1407 2582 faciant,
1431 2553 1510 2584 atque
1530 2557 1558 2576 ιη
1579 2549 1701 2578 omnibus
1727 2554 1824 2587 accepti

1038 2582 1092 2608 sint
1106 2581 1212 2609 Christo
1223 2582 1276 2609 Deo
1291 2588 1392 2611 nostra.

1074 2617 1130 2652 (58)
1150 2616 1178 2645 S.
1192 2617 1302 2645 Hieron.
1319 2617 1422 2646 Comm.
1448 2620 1477 2646 in
1497 2619 1597 2651 lsa.'v,
1612 2619 1646 2652 2;
1661 2620 1784 2651 Cotelet'.
1798 2624 1822 2650 in

1039 2650 1238 2694 Constitzophr,
1255 2657 1313 2694 no_t.
1326 2653 1538 2694 :2;‘hiontiau_c.,
1556 2650 1672 2694 Hefapl.
1687 2665 1724 2694 tt.
1740 2650 1819 2692 p.796.

1075 2687 1131 2726 (59)
1152 2687 1181 2715 S.
1197 2687 1306 2724 Hippol.
1327 2689 1355 2716 in
1368 2689 1539 2726 (ἔενιηιηοι)ἱ
1555 2693 1576 2717 t.
1592 2687 1669 2726 ιιςρ.
1685 2687 1781 2725 25ςέι
1796 2701 1820 2719 tn

1038 2724 1134 2761 μαίνῃ.
1147 2730 1250 2761 ῃινιξ,
1263 2731 1295 2752 ex
1310 2732 1378 2761 mss.
1393 2725 1454 2752 cod.
1471 2725 1501 2754 Β.
1510 2724 1551 2753 Μ.
1560 2733 1603 2761 ap.
1613 2724 1736 2755 Bandin;
1748 2726 1769 2760 I,
1777 2728 1816 2755 56.

1084 2758 1131 2793 60)
1148 2758 1262 2793 (lonstit.
1278 2767 1306 2792 v,
1320 2759 1364 2787 15.

1084 2793 1130 2831 (it)
1149 2792 1302 2831 Qichiaraa.
1315 2794 1351 2831 Di
1362 2803 1414 2821 una
1430 2799 1481 2822 tau.
1493 2796 1584 2831 ospit.,
1597 2804 1624 2831 p.
1634 2797 1679 2826 40,

1039 2827 1562 2892 πᾮῖωἷὰἐίεὲζὲρὲἓὲἔῖιστήσασθαι
1579 2827 1639 2859 eiJ.
1650 2833 1754 2862 Albert.
1763 2841 1813 2862 not.

1074 2899 1131 2934 (65)
1150 2898 1230 2928 Dion.
1246 2899 1334 2934 Alex.,
1351 2899 1401 2936 Ep.
1418 2899 1452 2928 ad
1464 2900 1597 2936 Βοιωτίη
1609 2902 1626 2930 l.
