1884 3104
52 195 97 222 535

453 190 752 221 CONSTITUTlONES
768 188 1003 217 Αροδτοιδιοίε-
1015 205 1047 209 -
1062 188 1233 217 ιδιιοοΕΜιΑ

1616 186 1667 214 55$

54 251 157 280 omnino
182 250 288 286 probat
309 250 437 280 Petavius
458 249 634 286 (64);]urene
658 255 692 275 an
714 246 835 282 injuria,
849 249 873 278 Α
886 245 1173 279 collecta—Quoniam
1190 252 1255 273 vero
1263 248 1428 280 postremum
1445 242 1667 270 Constitutionum

54 305 98 326 suo
120 298 181 324 looo
206 297 415 332 inspiciendum
437 296 500 324 erit.
528 295 600 328 Quin
625 295 706 323 etiam
727 293 835 328 liturgia

55 350 128 380 quam
153 342 295 370 exhibent
322 341 537 374 Constitutiones,
549 340 671 367 Romana
694 343 748 371 est,
776 345 836 374 quae

56 391 136 418 adhuc
160 390 189 417 in
210 389 361 424 pervigilio
379 388 522 415 Paschalis
545 386 679 421 praecipua
697 385 741 412 sui
760 388 837 419 parte

56 440 180 466 servatur.
197 435 271 463 Nam
297 439 326 464 et
345 435 470 463 Justinus
491 434 594 470 Martyr
614 432 736 460 eamdem
759 432 835 458 litur-

55 484 118 519 giam
132 483 276 517 designat,
293 489 327 509 ac
338 481 430 509 Romae
454 480 577 508 scribens
598 486 652 506 non
666 478 745 505 aliam
765 477 837 504 indi-

55 531 144 557 casset.
168 527 311 560 Quamvis
336 530 426 554 autem
445 526 473 553 in
488 533 520 553 eo
535 524 706 552 consentiant
725 523 835 554 eruditi,

54 574 118 610 quod
134 573 239 601 Justini
264 578 295 600 et
317 572 540 600 Constitutionum
561 578 614 598 una
635 569 672 597 sit
688 569 838 603 eademque

55 619 162 654 liturgia,
188 618 378 645 nihilominus
399 617 548 644 Romanam
566 615 651 643 fuisse
670 618 780 650 negant,
797 617 838 640 at-

55 673 101 700 que
113 665 147 692 ab
165 663 283 691 Oriente
307 666 444 698 repetunt.
470 661 548 695 Quod
573 667 685 688 necesse
709 667 763 686 non
784 663 837 691 est,

55 717 109 738 cum
133 710 162 737 in
176 709 334 737 Occidente
359 709 450 743 potius
471 707 498 734 in
521 714 573 735 usu
595 706 693 737 fuerit,
718 705 839 739 adeoque

55 754 132 782 Graeci
145 762 205 782 eam
220 754 389 789 plerumque
401 753 552 781 omiserunt
571 752 598 778 in
612 751 670 779 suis
686 750 837 778 codicibus.

54 800 156 828 Accedit
182 799 212 828 S.
222 799 319 827 Procli
335 797 630 833 Constantinopolitani
653 795 839 824 testimonium

56 846 164 881 insigne,
178 846 227 881 qui
243 845 371 873 omnium
386 845 500 880 primam
516 851 575 872 eam
589 843 727 878 liturgiam
745 849 840 869 recen-

55 897 90 920 set
101 902 108 919 :
121 892 153 919 '0
167 900 198 918 τε
220 891 361 927 μακάριος
381 890 496 926 Κλήμης
506 909 514 921 ,
536 890 550 916 ὸ
563 888 611 915 τοῦ
624 887 772 924 κορυφαίου
786 887 839 913 τῶν

55 938 202 964 ἀποστόλων
223 937 354 973 μαθητὴς
371 937 419 964 καὶ
445 936 576 970 διάδοχος,
592 934 665 969 αὐτῷ
684 933 738 960 τῶν
759 932 839 968 ιερῶν

55 983 202 1010 ἀποστόλων
227 982 481 1019 ὑπαγορευσᾶντων
496 989 504 1007 :
527 981 624 1009 Beatus
642 980 766 1007 nimirum
780 978 840 1006 Cle-

57 1037 120 1056 mens
134 1029 232 1056 summi
253 1029 332 1056 illius
349 1028 528 1063 apostolorum
549 1026 675 1060 principis
694 1024 840 1059 discipulus

55 1079 77 1101 ct
90 1082 232 1107 successor,
244 1076 294 1110 qui
308 1075 392 1102 sacris
405 1073 533 1108 apostolis
552 1073 576 1100 ei
589 1072 750 1099 distantibus
765 1071 840 1099 illam

57 1120 130 1147 edidit
143 1118 212 1157 (65).
236 1121 299 1148 Hoc
311 1120 470 1148 testimonio
485 1126 547 1146 cum
562 1121 721 1154 premantur
736 1117 782 1152 qui
797 1118 840 1145 ni-

59 1167 134 1193 mium
148 1174 178 1194 se
194 1166 296 1194 faciles
313 1166 347 1194 ad
359 1165 520 1201 ejurandam
543 1164 686 1193 veritatem
709 1164 839 1199 praebent,

60 1216 151 1246 negant
182 1212 320 1241 S.Proe|i
346 1219 423 1245 esse;
450 1211 551 1246 quique
574 1210 643 1237 adeo
670 1210 776 1237 ratione
800 1209 840 1236 uti

60 1256 187 1290 nolentes,
203 1257 365 1285 dimittendi
380 1259 454 1284 sunt.
479 1252 614 1288 Quoniam
632 1261 697 1282 vero
717 1253 841 1282 animad-

60 1305 194 1336 vertimus,
211 1303 394 1339 Hippolytum
417 1300 635 1338 παρονομασίαις
657 1301 698 1329 vel
720 1300 841 1328 annomi-

61 1350 380 1378 nationibusdelectatum
395 1355 467 1380 esse,
480 1346 636 1382 hujusmodi
655 1346 794 1381 ingenium
813 1346 841 1373 in

62 1394 293 1423 Constitutianibus
315 1401 424 1429 quoque
446 1400 476 1421 se
496 1392 597 1428 prodit,
613 1391 659 1419 ubi
674 1398 840 1427 paganorum

63 1440 224 1468 sacriﬁculos
240 1448 298 1467 non
313 1439 472 1470 sacerdotes,
487 1437 588 1473 ἱερέας,
605 1437 720 1472 appellat
733 1439 839 1468 auctor,

63 1486 104 1513 sed
119 1486 247 1521 μηιερέας
260 1484 399 1520 profanos,
415 1482 613 1518 immundosque
632 1481 688 1517 (66)
710 1480 841 1516 quemad-

64 1529 163 1557 modum
181 1534 209 1557 et
226 1529 362 1565 Sibyllam
377 1528 509 1555 Ἀσυλλαν
524 1527 593 1555 dixit
606 1526 684 1562 quasi
712 1525 839 1561 ἀᾶούλην,

886 293 997 324 librum,
1020 293 1066 327 qui
1092 296 1206 319 octavus
1219 294 1272 323 est,
1300 290 1460 317 nominatim
1486 290 1513 316 in
1528 289 1669 317 codicibus

887 338 1029 373 Hippolyto
1041 338 1174 366 tributum
1186 337 1304 365 Canones
1317 336 1494 371 apostolorum
1507 339 1668 370 sequuntur,

885 383 920 411 de
943 383 1012 418 ipsis
1037 382 1139 418 aliquid
1159 386 1201 410 est
1222 381 1431 416 subjiciendum.
1454 379 1530 408 Hanc
1543 379 1670 414 equidem

886 428 1073 456 collectionem
1086 431 1269 463 pervetuslam
1290 434 1351 454 esse
1366 431 1428 454 ante
1445 426 1554 453 concilii
1568 425 1669 452 Nicteni

886 477 1026 508 tempora,
1052 481 1114 501 cum
1137 473 1282 510 rigidiores
1309 473 1399 500 critici
1423 473 1569 505 fateantur,
1602 472 1670 499 nihil

886 527 953 546 sane
978 519 1006 546 in
1029 519 1124 547 eadem
1146 519 1266 547 occurrit
1289 519 1361 554 quod
1377 518 1512 554 Hippolyti
1537 525 1595 545 aevo
1616 526 1670 546 non

887 565 1031 592 conveniat
1047 575 1054 592 :
1070 565 1157 600 ipsius
1171 565 1294 600 quinimo
1324 565 1461 599 ingenium
1475 565 1566 600 prodit
1581 572 1671 592 canon

887 610 921 638 de
931 609 1075 643 Paschate,
1091 618 1127 638 ne
1141 611 1294 639 celebretur
1316 611 1369 646 πρὸ
1382 611 1431 646 τῆς
1445 611 1555 646 ἐαρινῆς
1577 612 1672 646 ισημε-

889 655 950 690 plac
964 655 1034 691 μετὰ
1051 655 1194 688 Ἰουδαίων,
1214 661 1274 683 ante
1291 664 1397 683 uernum
1408 656 1592 690 wquinoctium
1612 664 1672 683 cum

887 699 1007 732 Judteis,‘
1021 701 1068 736 qui
1084 702 1178 736 utique
1191 701 1305 730 debetur
1320 702 1432 737 synodis
1447 702 1498 728 hac
1511 702 1545 729 de
1561 709 1590 729 re
1604 709 1671 729 coa-

888 745 940 773 ctis
960 746 1088 781 pontiﬁce
1111 745 1241 777 Victore.
1269 745 1341 773 unde
1366 750 1555 781 argumentum
1578 746 1673 774 habuit

889 788 1051 826 Hippolytus
1075 790 1220 826 evulgandi
1243 790 1341 818 librum
1354 790 1392 818 De
1405 790 1546 824 Paschate,
1569 799 1602 819 ac
1625 791 1673 819 de-

889 835 952 864 inde
967 835 1127 864 Paschalem
1141 835 1289 864 Cononem.
1314 835 1450 864 Plurimos
1471 844 1505 863 ex
1530 837 1606 864 hisce
1627 845 1674 864 ca-

889 880 1007 908 nonibus
1020 881 1056 909 ab
1068 881 1189 908 Ecclesia
1201 880 1325 908 Romana
1345 880 1428 909 fuisse
1442 884 1566 916 receptos
1580 881 1674 916 explo-

890 929 978 952 ratum
994 929 1047 957 est,
1068 926 1140 961 quod
1162 926 1275 953 minime
1297 926 1398 954 factum
1416 931 1499 959 esset,
1513 927 1536 955 si
1554 934 1673 955 canones

890 971 959 999 alios
979 971 1009 998 E.
1023 971 1057 1000 Ii.
1074 977 1211 1000 servasset
1235 973 1269 1000 ab
1292 973 1335 1001 his
1355 973 1488 1000 diversos.
1516 972 1593 1000 Unde
1609 980 1673 1001 vero

890 1014 1012 1043 Ecclesia
1022 1014 1143 1043 Romana
1159 1024 1279 1045 canones
1293 1018 1453 1052 accepisset,
1469 1018 1523 1045 nisi
1537 1025 1552 1044 a
1567 1018 1673 1054 seipse?

890 1059 973 1096 ldque
993 1061 1062 1089 adeo
1076 1070 1169 1089 verum
1185 1066 1238 1096 est,
1255 1067 1284 1090 ut
1300 1063 1446 1099 Zephyrini
1467 1064 1602 1099 pontiﬁcis
1623 1073 1674 1092 ιο-

889 1114 952 1134 men
976 1106 1072 1134 iisdem
1093 1108 1245 1136 canonibus
1261 1110 1451 1143 prtemittatur,
1472 1111 1518 1147 qui
1542 1110 1576 1138 ab
1591 1110 1622 1138 E.
1637 1110 1670 1137 Β.

889 1153 998 1188 probati
1014 1156 1078 1180 sunt
1092 1153 1160 1189 (69).
1185 1154 1298 1182 Temere
1319 1159 1410 1183 autem
1425 1159 1596 1191 assumptum
1612 1164 1674 1184 esse

890 1206 990 1226 nomen
1011 1198 1174 1235 Zephyrini,
1204 1207 1266 1227 cum
1288 1208 1383 1228 revera
1405 1201 1456 1228 sub
1479 1201 1539 1236 ipso
1563 1202 1672 1234 vixerit,

890 1245 1085 1281 scripseritque
1115 1245 1295 1282 Hippolytus.
1332 1255 1413 1274 nemo
1448 1248 1499 1275 sibi
1536 1249 1673 1281 suaserit,

890 1291 1016 1326 quamvis
1033 1292 1149 1326 epistola
1172 1292 1244 1320 illius
1265 1292 1376 1320 nomine
1390 1293 1506 1321 conﬁcta
1522 1295 1566 1322 sit.
1581 1294 1675 1330 Neque

890 1345 954 1365 vero
962 1337 1125 1373 Hippolytus
1138 1338 1225 1366 inscio
1232 1339 1274 1366 vel
1285 1339 1394 1367 nolente
1408 1340 1536 1374 pontiﬁce
1556 1340 1583 1368 in
1595 1341 1676 1369 tabu-

891 1383 959 1410 laria
973 1387 1126 1419 penetrare,
1136 1390 1168 1410 ac
1183 1384 1339 1412 reconditos
1350 1392 1469 1413 canones
1478 1386 1504 1413 in
1516 1386 1603 1413 lucem
1616 1387 1674 1422 pri-

891 1436 951 1457 mus
961 1429 1040 1458 edere
1051 1430 1263 1465 potuisset;utsi
1278 1429 1425 1465 Zephyrini
1435 1432 1584 1460 auctoritas
1595 1432 1677 1460 inter-

891 1476 1016 1509 cesserit,
1033 1475 1120 1511 ipsius
1143 1483 1243 1503 nomen
1265 1476 1365 1504 alicubi
1390 1477 1418 1504 in
1442 1485 1492 1506 sua
1514 1478 1676 1507 collectione

891 1521 1100 1549 commendasse
1123 1521 1319 1557 Hippolytum,
1344 1526 1392 1550 aut
1417 1527 1491 1551 certe
1516 1524 1559 1551 sui
1584 1525 1675 1560 operis

64 1575 228 1603 inconsultam
247 1583 283 1603 ac
293 1575 447 1603 dementem.
463 1573 518 1601 Sed
531 1577 559 1601 et
569 1571 705 1607 Hippolyti
717 1571 840 1599 doctrina
854 1582 877 1612 ο
891 1570 999 1602 ιθῐηριιε
1021 1567 1179 1603 designasse
1202 1567 1308 1602 opinari
1329 1567 1419 1596 liceat.
1444 1567 1473 1596 In
1487 1568 1598 1598 Oriente
1614 1571 1677 1605 qui-

66 1622 149 1650 eadem
164 1622 215 1650 fuit
236 1623 266 1650 in
281 1619 518 1650 Constitutionibus
533 1619 650 1654 aliisque
672 1619 730 1646 suis
750 1618 841 1653 operi-

65 1666 119 1700 bus,
132 1668 262 1696 nimirum
281 1668 414 1696 catholica
428 1675 435 1692 :
453 1665 622 1702 Epiphanius
636 1667 710 1692 certe
723 1664 757 1692 de
771 1663 842 1691 Con-

67 1714 222 1742 stitutionum
236 1714 334 1742 codice
343 1713 426 1741 verba
448 1711 561 1742 faciens,
573 1711 601 1738 in
612 1717 692 1746 quem
705 1716 759 1737 non
773 1709 841 1737 adeo

67 1758 231 1794 depravatum
251 1759 397 1791 inciderat,
411 1758 464 1786 hoc
478 1757 612 1792 judicium
623 1755 750 1791 protulit:
763 1755 841 1782 Πᾶσα

68 1804 114 1840 γὰρ
127 1806 154 1832 ἐν
167 1806 241 1842 αὐτῷ
255 1805 385 1841 κανονικὴ
399 1803 474 1836 τάξις
488 1803 646 1838 ἐμφέρεται,
660 1802 708 1829 καὶ
721 1801 780 1827 οὐδὲ
793 1800 842 1836 τῆς

68 1849 287 1887 ἑκκλησιαστικῆς
317 1850 490 1886 διοικήσεως,
507 1848 562 1881 Δκαὶ.
585 1847 696 1878 κανόνος
722 1846 769 1873 καὶ
797 1845 843 1872 πι-

69 1903 153 1928 στεως.
168 1897 261 1925 Omnis
273 1897 365 1933 quippe
378 1895 521 1923 canonicus
534 1894 599 1921 ordo
615 1894 642 1920 in
655 1894 712 1928 ipso
726 1893 842 1920 contine-

70 1944 115 1973 tur,
131 1946 155 1968 et
170 1941 236 1969 nihil
250 1951 269 1969 a
281 1941 332 1976 ﬁde
349 1941 481 1971 alienum,
506 1937 744 1972 adulteratumque,
763 1943 843 1972 neque

69 1993 84 2012 a
93 1986 257 2021 confessione,
273 1994 351 2022 neque
366 1985 398 2012 ab
412 1983 590 2013 ecclesiastica
602 1981 842 2013 administratione,

70 2035 91 2057 et
102 2039 202 2066 canone,
224 2041 256 2060 ac
275 2031 336 2067 ﬁde.
354 2030 427 2063 Quin
450 2029 533 2057 etiam
548 2027 662 2056 ulterius
682 2033 843 2061 progressus

69 2080 116 2109 est,
129 2078 292 2114 easdemque
304 2075 514 2104 Constitutiones
534 2073 603 2100 θεῖον
618 2072 706 2107 λόγον,
726 2070 843 2098 divinum

71 2129 203 2150 temonem
214 2121 360 2159 appellavit
370 2120 439 2157 (67).
451 2119 522 2153 Quid
533 2118 557 2146 si
570 2117 600 2146 S.
609 2117 776 2153 Epiphanius
788 2115 842 2152 (68)

72 2167 245 2204 incorruptam
260 2168 375 2196 vidisset
400 2174 432 2193 ac
455 2166 590 2193 sinceram
601 2162 738 2199 Hippolyti
762 2162 845 2190 colle-

73 2213 196 2242 ctionem?
212 2215 289 2242 Hanc
311 2213 385 2242 enim
410 2214 540 2248 perpetuo
563 2209 683 2242 διάταξιν
698 2208 739 2236 vel
753 2207 844 2234 διατά-

891 1612 952 1640 dem
974 1620 1006 1640 ea
1028 1613 1146 1641 obtinuit
1169 1613 1320 1646 sententia,
1346 1621 1465 1642 canones
1490 1616 1675 1650 apostolorum

891 1657 977 1686 fuisse
996 1658 1030 1686 ab
1045 1658 1189 1695 Hippolyto
1215 1659 1355 1691 collectos,
1376 1660 1448 1687 unde
1467 1664 1494 1688 et
1513 1661 1546 1688 ad
1563 1669 1676 1689 canones

892 1706 1071 1739 apostolorum
1087 1713 1135 1741 per
1150 1705 1323 1740 Hippolytum
1345 1705 1478 1741 allegant,
1500 1707 1678 1741 quemadmo—

892 1751 956 1778 dum
970 1750 1089 1778 Joannes
1101 1750 1247 1783 Darensis,
1263 1750 1309 1786 qui
1323 1758 1372 1778 vin
1388 1755 1414 1778 et
1432 1758 1461 1778 ix
1478 1753 1578 1780 saeculo
1597 1751 1678 1786 vixit,

893 1797 1013 1825 ostendit
1031 1797 1166 1825 neminem
1188 1804 1240 1824 suo
1256 1804 1316 1824 aevo
1329 1796 1480 1828 dubitasse,
1493 1797 1560 1833 quin
1575 1796 1678 1834 Hippo-

892 1843 965 1880 lytus
977 1842 1060 1871 fuerit
1076 1842 1233 1870 eorumdem
1249 1849 1384 1870 canonum
1400 1842 1488 1870 editor

896 1924 994 1967 ,δέ
1012 1901 1220 1960 Laida
1246 1903 1414 1957 Lua—La
1433 1904 1489 1955 al
1515 1905 1677 1973 “ius

1242 1999 1385 2048 ποτε
1404 1979 1674 2050 anst

895 2061 970 2096 Quod
985 2061 1088 2097 quidem
1107 2065 1132 2089 et
1151 2069 1263 2088 canones
1283 2062 1475 2095 apostolorum,
1490 2061 1534 2096 qui
1547 2069 1593 2095 per
1609 2061 1677 2097 Hip-

893 2109 1022 2144 polytum,
1051 2107 1206 2142 prwcipiunt
1232 2106 1299 2141 (70).
1321 2103 1417 2133 Sermo
1444 2110 1503 2134 erat
1530 2107 1564 2134 de
1590 2107 1678 2142 primo

894 2154 1079 2189 apostolorum
1102 2160 1208 2180 canone
1226 2161 1232 2179 :
1253 2151 1398 2187 Episcopus
1410 2155 1438 2179 ‘a
1452 2152 1553 2180 duobus
1567 2158 1613 2180 aut
1630 2154 1679 2180 tri—

895 2202 943 2230 bus
968 2202 1095 2237 episcopis
1125 2201 1270 2229 ordinetur.
1293 2199 1415 2235 Denique
1441 2201 1499 2235 ipse
1514 2200 1678 2237 Hippolytus

74 2257 131 2294 ξεν-ς,
151 2259 369 2288 Constitutionem
386 2246 634 2286 etConstitutiones
660 2253 844 2289 apostolorum
860 2256 882 2284 ι)
895 2249 966 2276 hanc
981 2249 1142 2277 sententiam
1162 2247 1307 2275 conﬁrmat
1323 2247 1424 2274 alio'in
1444 2254 1526 2294 opere
1539 2246 1611 2281 quod
1630 2255 1680 2282 po--

75 2305 142 2340 dicit,
155 2313 295 2344 propterea
311 2307 383 2343 quod
394 2306 449 2342 jam
465 2304 576 2341 proprio
590 2303 700 2331 nomine
722 2301 752 2329 in
774 2300 842 2336 ipsis

76 2352 169 2381 inducti
191 2359 270 2383 erant
292 2352 428 2389 apostoli,
465 2354 595 2386 tanquam
618 2348 788 2384 legislatores
811 2354 844 2374 ac

77 2400 188 2434 magistri
205 2400 357 2429 doctrinam
376 2402 402 2426 et
416 2399 551 2433 praecepta
572 2393 751 2431 proferentes.
776 2391 842 2427 Hip-

79 2443 174 2479 POlyl-us
188 2451 276 2474 autem
294 2443 404 2472 nonnisi
424 2441 572 2478 παράδοσιν
582 2438 771 2474 ἁποστολικήν,
789 2441 843 2463 tra-

81 2489 191 2518 ditionem
210 2490 577 2527 apostolicam,exposuerat,
600 2493 661 2520 quae
678 2484 723 2511 illa
737 2483 845 2510 ﬁctione

81 2532 233 2569 loquentium
248 2536 432 2572 apostolorum
441 2540 496 2561 non
507 2530 654 2567 indigebat.
666 2529 735 2556 Hinc
749 2535 845 2563 suspe-

83 2584 127 2608 ﬂa‘.
145 2583 257 2618 primum
281 2580 508 2611 Constitutiones,
537 2577 636 2606 deinde
667 2576 748 2604 etiam
776 2574 845 2601 inter

84 2629 221 2664 aDOCI'ypha
236 2629 338 2659 relata,
349 2625 434 2655 veluti
446 2625 480 2653 ab
492 2623 621 2652 haereticis
636 2625 775 2656 corrupta.

115 2672 155 2702 Vl.
173 2674 208 2703 De
225 2674 376 2704 Canonibus
397 2670 559 2707 apostolicis.
585 2669 626 2696 An
648 2667 680 2695 ab
703 2665 846 2701 Hippolyto

116 2731 282 2796 :Mgol’euvu
305 2731 396 2760 Theol.
420 2730 528 2766 Dogm,
543 2736 593 2760 xu,
606 2726 657 2760 10;
671 2724 784 2754 Constit.
807 2731 845 2755 vi,

87 2772 208 2872 "(6%.
220 2804 328 2834 Procl.,
345 2801 394 2836 Ep.
413 2800 446 2828 de
461 2799 553 2827 tradit.
564 2797 616 2839 diu.
632 2797 706 2824 ηοω.

128 2836 158 2865 θθ
184 2839 307 2870 Hairan.,
323 2837 406 2872 Praef.
422 2837 452 2863 in
471 2834 622 2867 S.Justm.,
637 2840 662 2868 p.
681 2839 706 2859 ιιη

128 2830 168 2872 66)
322 2830 406 2872 Ρηὲῄ
422 2837 452 2863 in
471 2834 622 2867 S.Justin.,
637 2840 662 2868 p.
681 2839 712 2863 ιι,
726 2831 769 2863 l0,
786 2830 804 2856 ‘2
821 2833 847 2858 et

183 2908 290 2939 Constit.
309 2917 340 2941 ιι,
356 2907 400 2942 Ξὸ,
418 2910 445 2935 et
459 2914 485 2939 v,
501 2905 526 2932 '1.

894 2294 1057 2322 sterioribus
1090 2293 1170 2321 almis
1202 2292 1371 2321 elucubravit
1398 2300 1405 2317 ί
1432 2289 1512 2319 Οἶκον
1535 2292 1602 2319 Θεοῦ
1628 2293 1680 2330 τὴν

899 2341 1070 2377 Ἐκκλησίαν,
1097 2340 1260 2367 ἐπιστέλλων
1277 2340 1291 2366 ὁ
1310 2338 1415 2370 Παῦλος
1437 2338 1561 2374 Τιμοθέῳ
1584 2338 1677 2366 καλεῖς

892 2389 963 2416 Ἐὰν
980 2387 1014 2414 δὲ
1025 2387 1176 2421 βραδύνω,
1185 2387 1236 2414 ἵνα
1249 2385 1331 2420 εἰδῇς
1341 2385 1404 2418 πῶς
1417 2384 1464 2412 δεῖ
1474 2385 1509 2412 ἐν
1520 2385 1591 2417 οἴκῳ
1605 2385 1679 2412 Θεοῦ

893 2434 1145 2468 ἀναστρέφεσθαι,
1161 2433 1228 2467 ἣτις
1248 2432 1335 2459 ἐστὶν
1356 2431 1519 2464 Ἐκκλησία
1537 2431 1590 2458 τοῦ
1605 2431 1680 2458 Θεοῦ

894 2479 1009 2513 ζῶντος.
1025 2479 1126 2506 Τούτου
1148 2478 1194 2505 τοῦ
1215 2478 1289 2505 οἴκου
1308 2477 1400 2511 ἀγαθὰ
1413 2477 1448 2504 τὰ
1461 2477 1507 2504 τοῦ
1523 2477 1680 2512 Πνεύματος

894 2526 1058 2562 χαρίσματα,
1072 2525 1107 2552 τά
1119 2533 1149 2551 τε
1163 2524 1227 2560 περὶ
1240 2523 1362 2560 Τριάδος,
1381 2523 1428 2550 καὶ
1441 2522 1476 2549 τὰ
1488 2522 1568 2549 λοιπὰ
1580 2522 1680 2558 δόγμα-

894 2581 943 2604 τα,
958 2572 1012 2598 οἰτε
1035 2570 1228 2607 παραδοθέντες
1250 2570 1302 2597 ὑπὸ
1323 2569 1376 2596 τῶν
1408 2569 1563 2598 ἀποστόλων
1585 2568 1680 2604 θεσμοὶ

896 2619 942 2646 καὶ
955 2618 1073 2649 κανόνες.
1105 2617 1148 2644 Ἑν
1162 2617 1191 2644 δὲ
1204 2616 1291 2651 τούτῳ
1312 2615 1475 2651 θαυμαστῶς
1489 2616 1506 2650 ἡ
1520 2615 1604 2651 ἁρετὴ
1619 2615 1680 2641 ὲπι-

895 2665 1021 2697 τελεῖται,
1041 2664 1194 2700 καλουμένη
1214 2662 1379 2698 δικαιοσύνη.
1405 2661 1517 2689 Domum
1531 2662 1580 2688 Dei
1604 2667 1685 2688 vocab

933 2722 989 2758 (68)
1009 2721 1038 2758 ξ.
1050 2720 1197 2756 Epiphan..
1216 2720 1284 2758 Ιιαξιζι
1296 2718 1406 2758 ιυέο
1416 2728 1423 2751 ;
1433 2722 1459 2746 et
1474 2719 1538 2745 haer.
1553 2725 1638 2750 uxr,
1652 2718 1676 2744 7.

934 2752 991 2792 (69)
1009 2752 1134 2792 Distinet.
1149 2763 1206 2787 xvi.
1223 2755 1250 2788 2,
1268 2754 1345 2792 Decr.
1355 2752 1436 2792 “Crat.

933 2787 990 2835 (⁷ο)
1011 2791 1175 2835 “altera
1198 2798 1242 2824 τίν·
1266 2789 1336 2835 et";
1355 2787 1472 2835 ’3°?.he‘_‘-
1484 2788 1531 2835 .13:
1545 2787 1616 2835 Ef‘L-
1633 2787 1679 2835 ’θέε

900 2821 988 2862 Orig“,
1000 2827 1097 2862 p.192.
1107 2821 1254 2862 “essent.
1268 2824 1300 2852 B.
1314 2824 1346 2851 0.
1362 2827 1382 2850 t.
1395 2822 1427 2853 ll.
1445 2831 1472 2857 ι).
1483 2824 1493 2850 l
1503 2824 1543 2853 I8,
1557 2827 1582 2849 ct
1595 2821 1677 2855 Cave,

900 2864 935 2891 Η.
950 2861 979 2890 L.
1000 2861 1018 2890 i.
1033 2862 1063 2894 ιι,
1085 2861 1181 2896 p.131.
