1884 3104
55 194 101 223 ΜΤ

464 191 761 220 CONSTlTUTIONES
775 190 1011 220 APOSTOLICE.
1029 207 1064 215 ——
1083 191 1260 221 PROIEMIA.

1619 193 1670 220 538

56 259 70 277 α
83 249 130 276 Deo
147 253 307 275 consecutus
327 252 365 276 est
376 255 386 274 .”
404 248 527 275 similiter
544 253 569 276 et
583 249 630 284 qui
648 247 680 274 ab
696 248 767 275 omni
781 247 830 275 hce-
849 249 872 277 Δ
887 247 986 281 fabulis
1000 249 1027 275 in
1039 256 1155 276 errorem
1168 248 1262 275 abduci
1275 249 1394 283 patiatur
1409 247 1474 284 (77).
1491 248 1576 276 Lubet
1587 249 1669 276 etiam

56 296 101 322 mi
125 299 243 321 senatus
271 294 336 329 fuit.
364 293 440 320 Dona
467 301 533 321 vero
561 301 622 328 qua:
645 293 726 328 vulgo
751 293 836 328 gratis

56 342 112 369 data
129 341 271 373 dicuntur,
291 340 320 368 in
334 339 456 368 Ecclesia
479 339 626 375 quaerenda
645 347 721 371 esse,
737 346 768 366 ac
785 347 837 367 suo

57 394 168 422 tempore
181 394 238 414 non
256 385 381 414 defuisse
395 389 512 413 testatur
535 384 696 420 Hippolytus
716 395 723 412 :
744 385 836 412 Ταῦτα

57 433 80 459 δέ
92 440 176 467 φαμεν
187 451 195 463 ,
209 431 241 458 οὺ
256 431 311 463 τὰς
323 431 433 467 ἀληθεῖς
446 430 613 466 προφητείας
625 430 835 462 ὲξουθενοῦντες.

60 479 141 512 Ἴσμεν
154 477 209 513 γὰρ
222 476 314 509 αὑτὰς
326 477 387 503 κατ’
397 476 538 503 ἐπίπνοιαν
552 476 619 503 Θεοῦ
633 477 662 503 ιν
682 478 737 508 τοῖς
753 476 836 509 ὁσίοις

57 523 226 559 ἐνεργεῖσθαι,
241 522 314 550 ἀλλὰ
326 522 357 550 τὸ
370 522 469 558 θράσος
477 522 532 549 τῶν
545 521 778 557 ἀλαζονευομένων
788 530 837 549 κα-

57 569 246 601 ταστίλλοντις.
266 568 334 596 Hac
345 573 432 596 autem
454 568 578 600 dicimus,
603 576 654 595 non
673 567 741 603 quod
762 575 835 595 ueras

57 616 194 650 prophetiae
219 619 433 646 contemnamus,
452 622 519 649 quas
532 614 631 641 scimus
643 613 691 640 Dei
706 613 793 648 afﬂatu
808 614 836 641 in

59 661 148 688 sanctis
164 659 234 695 fieri,
251 660 301 688 sed
322 664 352 687 ut
365 659 548 694 arrogantium
562 659 747 693 conﬁdentiam
764 659 836 686 cohi-

59 707 166 733 bcatnus.
189 705 284 740 Atque
297 705 351 732 hoc
364 705 449 732 veluti
462 704 626 740 prommium
651 703 702 731 fuit
723 704 836 738 majoris

59 751 160 786 operis,
185 750 262 787 quod
289 750 325 778 ad
351 754 453 778 sartam
488 754 642 785 lectamque
675 749 836 777 servandam

60 797 176 825 Ecclesia!
199 796 379 832 disciplinam
405 795 567 832 Hippolytus
591 795 697 831 primus
725 794 836 830 excogi-

60 842 127 869 lavit.

89 887 118 916 ll.
137 887 324 916 Tertullianus
340 887 513 915 traditionum
538 886 643 920 vindex,
663 885 732 913 hisce
753 885 834 912 armis

886 293 968 321 unius
982 301 1014 320 ex
1031 293 1230 321 recentioribus
1242 292 1377 328 judicium
1391 293 1425 321 de
1437 293 1489 321 hoc
1507 300 1590 328 opere
1603 301 1669 328 pro-

886 337 966 366 ferre.
981 337 1051 366 Sunt
1066 338 1107 365 illi
1122 346 1246 369 canones,
1270 337 1527 373 Constitutianesque
1541 339 1671 373 antiquis-

885 383 970 415 sime,
986 383 1070 410 multa
1093 384 1122 410 in
1136 384 1192 411 illis
1209 383 1429 411 excellentissima
1449 389 1474 411 et
1494 385 1583 419 magni
1604 392 1671 419 pon-

885 429 955 456 deris
966 430 1130 457 continentur
1146 430 1213 465 (78).

921 474 966 503 Ill.
995 475 1050 503 Cur
1069 476 1102 502 ab
1125 477 1238 503 auaritia
1262 476 1415 503 damnanda
1437 476 1544 502 initium
1569 477 1670 510 faciant

886 519 1090 549 Constitution;
1097 522 1286 556 apostolorum.
1295 537 1327 543 —
1335 521 1515 555 Quamobrem
1523 530 1603 549 nemo
1609 530 1669 549 am-

887 567 959 602 plius
976 567 1119 594 mirabitur
1131 568 1154 595 si
1177 568 1211 595 ab
1226 568 1340 594 avaritia
1361 567 1515 594 damnanda
1538 568 1671 602 incipiunt

886 612 1091 639 Constitutiones
1121 613 1273 647 apostolici:
1297 622 1307 641 :
1336 613 1480 649 Ἀπέχεσθε
1506 611 1552 640 οὖν
1580 613 1671 648 πάσης

885 657 1049 690 πλεονεξίας,
1070 658 1204 686 Abttincte
1222 659 1304 694 igitur
1326 659 1359 686 ab
1380 659 1452 686 omni
1474 659 1588 686 avaritia
1602 659 1670 694 (79).

884 702 1006 738 Namque
1020 704 1071 732 hoc
1085 705 1180 731 vitium
1193 705 1365 732 vehementer
1378 705 1526 740 exprobrat
1543 705 1672 732 Montano

885 749 998 784 suisque
1012 750 1180 778 mulierculis
1201 758 1308 778 coaevus
1319 750 1465 787 Hippolyto
1489 755 1584 779 auctor
1606 761 1612 778 :
1643 752 1672 778 '0

885 795 1047 831 πρακτῆρας
1069 796 1217 832 χρημάτων
1239 798 1430 833 καταστήσας,
1455 798 1469 824 ὁ
1492 798 1536 824 ἐπ’
1560 797 1672 832 ὀνόματι

885 842 1046 877 προσφορῶν
1057 843 1106 878 τὴν
1119 842 1287 878 δωροληψίαν
1301 843 1525 879 ἐπιτεχνώμενος.
1549 843 1586 870 Οὐ
1599 843 1672 870 δοκεί

886 897 926 915 σοι
941 889 1015 915 πᾶσα
1029 889 1123 924 Γραφὴ
1138 888 1251 916 κωλύειν
1266 890 1406 925 προφήτην
1426 888 1574 924 λαμσάνειν
1587 888 1671 924 δῶρα,

60 934 87 962 ab
99 934 237 970 Hippolyto
247 938 429 970 expugnatur.
439 949 473 955 —-—
489 934 556 961 Nam
569 934 592 961 si
607 941 667 968 quae
678 933 832 968 respublica

921 935 935 961 τὶ
947 922 1093 970 χρήματα;
1109 922 1171 962 όταν
1185 933 1232 962 οὖν
1376 922 1511 970 προφῆτιν
1534 922 1673 969 είληφυίαν

61 988 117 1008 suas
130 980 226 1007 habuit
250 981 328 1015 leges
342 980 443 1016 quibus
466 983 589 1007 uteretur
604 983 686 1014 atque
700 979 830 1006 consiste-

61 1029 105 1058 ret,
122 1033 154 1054 ea
176 1025 305 1061 profecto
329 1025 380 1053 fuit
394 1025 560 1057 Christiana,
575 1033 636 1060 quae
653 1024 836 1053 sanctissimis

61 1071 154 1106 legibus
168 1076 252 1106 atque
267 1071 402 1099 institutis
423 1079 473 1098 usa
494 1071 529 1098 ab
550 1070 639 1102 initio.
654 1070 756 1105 ubique
779 1075 833 1098 ter-

60 1124 143 1144 rarum
171 1121 326 1153 propagata
351 1120 403 1145 est.
428 1116 483 1144 Has
505 1117 578 1152 leges
605 1119 688 1151 atque
712 1115 837 1143 instituta

62 1170 114 1197 qua:
131 1162 258 1190 Clemens
285 1162 442 1197 collegerat,
468 1161 629 1197 Hippolytus
651 1160 746 1193 edidit,
773 1168 835 1188 cum

61 1208 140 1235 aditum
154 1208 285 1244 religiose
310 1208 338 1235 in
353 1207 475 1235 Ecclesia
487 1211 663 1235 servarentur
676 1216 684 1234 :
701 1214 836 1242 nemoque

62 1262 88 1281 ex
107 1254 239 1282 hareticis
264 1258 322 1281 tam
345 1258 419 1282 esset
443 1253 601 1288 impudens,
628 1253 676 1288 qui
691 1260 784 1280 mores
808 1253 836 1280 in

62 1299 174 1328 Ecclesia
195 1304 324 1336 receptos
348 1307 448 1336 negare
470 1303 573 1335 posset.
596 1298 635 1326 Ac
650 1298 837 1327 Tertullianus

63 1345 174 1381 proiecto
197 1353 254 1381 quo
271 1346 387 1374 doctior
399 1353 433 1374 eo
447 1345 627 1381 pervicacior,
639 1344 719 1372 facile
727 1351 836 1372 omnem

63 1392 270 1420 cohortationem
286 1400 340 1428 qua
355 1392 389 1419 ad
404 1392 548 1419 sanitatem
571 1393 756 1422 revocaretur,
776 1397 837 1417 om-

64 1446 168 1474 nemque
181 1439 400 1466 conl'utationem
411 1438 515 1465 insanae
525 1438 661 1465 haereseos
674 1444 768 1472 quam,
790 1443 837 1464 ve-

64 1485 136 1513 ritate
163 1485 309 1521 abnegata,
337 1484 572 1521 amplectebatur,
615 1482 835 1517 contempsisset.

66 1530 144 1558 Unum
154 1536 297 1566 supererat
308 1534 497 1567 argumentum
510 1538 543 1557 ex
558 1529 704 1557 traditione
711 1529 836 1564 petitum;

886 982 933 1008 καὶ
957 981 1056 1017 χρυσὸν
1080 981 1127 1008 καὶ
1150 981 1270 1017 ἄργυρον
1292 981 1339 1008 καὶ
1361 981 1515 1012 πολυτελεῖς
1539 980 1672 1015 ἐσθῆτας.

885 1026 944 1059 πῶς
957 1027 1043 1063 αὐτὴν
1058 1026 1094 1063 μὴ
1109 1028 1312 1063 παραιτήσομαι
1326 1036 1333 1059 ;
1356 1027 1409 1060 Qui
1425 1028 1595 1061 pecuniarum
1608 1035 1674 1054 era-

885 1077 968 1100 etoret
983 1073 1185 1108 eoustituit:qui
1192 1073 1327 1101 sordidam
1336 1082 1471 1100 munerum
1486 1073 1672 1108 captationem,

886 1119 1050 1146 oblationum
1062 1119 1165 1146 nomine
1179 1118 1277 1146 callide
1285 1118 1422 1147 obt'elavit.
1433 1118 1494 1146 Non
1510 1118 1557 1144 tibi
1573 1118 1674 1145 videtur

886 1161 1027 1198 Scriptura
1050 1164 1171 1190 universa
1200 1164 1354 1198 prohibere,
1378 1172 1409 1190 ne
1422 1163 1548 1198 propheta
1563 1171 1675 1190 munera

885 1214 910 1236 et
918 1210 1041 1243 pecunias
1057 1209 1260 1243 accipiat?Cum
1275 1210 1356 1244 igitur
1369 1208 1469 1236 videam
1483 1208 1675 1243 prophetissam

887 1265 984 1283 aurum
1007 1261 1032 1284 et
1052 1262 1202 1292 argentum,
1227 1261 1358 1291 υειιεειιιιε
1382 1256 1511 1290 ριέιὶοεασ
1535 1255 1674 1290 accepisse,

885 1302 1015 1337 quomodo
1039 1310 1097 1329 eam
1121 1310 1173 1329 non
1201 1301 1365 1336 repudiabo?
1389 1300 1446 1336 (80)
1476 1299 1576 1328 Vetant
1600 1300 1675 1327 inse-

888 1347 984 1382 quenti
1005 1348 1094 1383 capite
1106 1347 1324 1378 Constitutioncs.
1348 1346 1502 1374 maledictis
1516 1346 1674 1381 quempiam

887 1393 1042 1421 incessere:
1068 1393 1148 1420 Ἀλλὰ
1170 1392 1322 1429 καταρᾶται
1345 1393 1376 1419 σέ
1394 1401 1455 1425 τις;
1472 1393 1504 1419 σὺ
1530 1392 1677 1427 εὐλόγησον

886 1440 988 1468 αὐτόνε
1006 1440 1058 1468 Sed
1078 1440 1174 1475 aliquis
1189 1439 1236 1466 tibi
1250 1439 1407 1467 maledicit?
1420 1444 1449 1465 tu
1460 1438 1565 1466 benedic
1583 1439 1607 1466 ei
1619 1439 1676 1474 (8i)

886 1490 1030 1520 propterea
1049 1485 1124 1520 quod
1150 1485 1317 1513 bacchantes
1349 1484 1541 1516 Montanistze,
1571 1484 1677 1512 nullum

888 1531 967 1559 tinem
992 1531 1170 1559 maledicendi
1197 1531 1338 1558 lacerent:
1354 1531 1410 1566 Τὴν
1438 1530 1466 1557 δὲ
1489 1530 1603 1557 καθόλου
1630 1530 1678 1557 καὶ

66 1576 123 1604 illud
139 1577 227 1612 ipsum
242 1577 362 1609 scilicet,
376 1583 431 1612 quo
445 1576 469 1603 is
481 1583 530 1611 pro
544 1574 666 1603 Ecclesia
689 1573 838 1602 fortissime

921 1579 978 1604 ίσαν
999 1577 1048 1613 τὴν
1067 1577 1121 1604 ὑπὸ
1135 1577 1180 1604 τὸν
1200 1576 1312 1612 οὐρανὸν
1333 1576 1494 1612 Ἐκκλησίαν
1509 1576 1678 1611 βλασφημεῖν

66 1632 241 1661 dimicaverat.
267 1632 336 1660 Nam
360 1640 424 1661 vere
447 1639 504 1667 prae
522 1631 629 1659 caeteris
645 1630 839 1658 animadvertit

67 1677 92 1706 Ε.
105 1678 224 1707 Norisius
238 1690 246 1707 :
267 1679 364 1706 Nullus
375 1683 489 1706 veterum
503 1682 551 1705 aut
566 1682 619 1704 tam
633 1685 712 1712 saepe,
728 1680 774 1703 aut
786 1680 840 1702 tam

68 1724 146 1752 valide
165 1725 331 1753 traditionem
347 1725 498 1757 inculcavit,
521 1729 561 1751 uti
579 1723 759 1751 Tertullianus
771 1722 837 1758 (75).

68 1768 117 1797 Hoc
130 1770 220 1806 itaque
245 1771 305 1801 telo.
322 1771 405 1798 veluti
423 1770 458 1798 de
480 1771 567 1805 ipsius
585 1769 713 1797 manibus
735 1773 838 1804 erepto,

69 1813 218 1851 Hippolytus
243 1816 369 1844 furentes
391 1815 514 1843 Montani
531 1815 650 1842 asseclas
672 1813 842 1849 compescuit

69 1867 96 1887 ac
108 1869 186 1896 prope
197 1863 309 1891 delevit.
328 1861 382 1890 Sed
405 1862 452 1897 qui
463 1861 591 1889 Ecclesia
613 1860 719 1896 legibus
734 1860 768 1887 ab
782 1859 840 1887 ori-

70 1906 124 1941 gine
140 1909 262 1943 repetitis
285 1916 367 1936 unam
391 1915 491 1936 sectam
518 1915 665 1943 aggressus
678 1912 732 1939 est,
748 1907 841 1941 plures

71 1953 129 1981 alias
142 1955 318 1989 imposterum
338 1958 485 1982 cxorturas
497 1953 591 1981 eodem
604 1953 696 1981 labore
711 1952 839 1981 confecit.

71 1997 194 2035 llippolyti
210 2004 286 2028 certe
297 2007 431 2028 canonum
453 1999 578 2027 collectio
593 1999 661 2026 adeo
673 1999 786 2034 probata
799 2002 842 2026 est

72 2045 116 2071 sub
134 2045 224 2073 eodem
249 2046 339 2079 titulo,
368 2053 423 2080 quo
444 2045 471 2072 in
487 2045 573 2080 ipsius
598 2051 750 2072 marmorea
776 2043 842 2072 sede

73 2088 116 2116 fuit
138 2090 267 2127 inscripta
293 2091 443 2127 Παράδοσις
469 2090 644 2125 ὰποστολική,
670 2093 700 2116 ιιι
717 2089 841 2117 eamdem

74 2135 258 2165 Constantinus
279 2137 315 2165 Μ,
326 2137 398 2164 haud
414 2136 499 2164 semel
513 2136 651 2171 episcopis
671 2134 842 2162 commenda-

73 2181 132 2208 rerit
154 2182 219 2218 (76)
245 2188 326 2218 atque
355 2190 370 2209 a
390 2181 442 2210 PP.
467 2182 538 2208 inter
557 2181 693 2216 praecipua
715 2180 842 2208 Ecclesia:

74 2229 262 2263 propugnacula
286 2228 417 2256 adversus
433 2228 574 2255 haereticos
591 2227 672 2254 fuerit
687 2226 840 2258 recensita;

74 2273 113 2299 καὶ
139 2274 193 2310 ὅροι
216 2275 271 2311 γὰρ
292 2274 423 2310 ἐτέθησαν
451 2274 533 2309 ἡμῖν,
557 2273 604 2300 καὶ
631 2271 766 2307 οεμέλιοι,
795 2271 843 2298 καὶ

75 2320 186 2357 οἰκοδομὴ
206 2322 255 2357 τῆς
273 2321 400 2353 πίστεως,
419 2321 465 2347 καὶ
485 2319 649 2346 Ἀποστόλων
664 2317 826 2354 παραδόσεις
837 2337 845 2350 ,

75 2366 114 2392 καὶ
125 2368 223 2402 γραφαὶ
240 2368 326 2402 amt,
342 2367 389 2394 καὶ
409 2366 529 2401 διαδοχαὶ
549 2363 730 2395 διδασκαλίας,
753 2363 801 2390 καὶ
814 2363 846 2389 ἐκ

76 2413 226 2448 πανταχόθεν
251 2414 268 2449 ή
293 2412 403 2448 ἀλήθεια
427 2412 475 2439 τοῦ
499 2411 566 2438 Θεοῦ
590 2409 770 2446 ἡσφάλισται,
798 2410 846 2436 καὶ

78 2457 158 2492 μηδεὶς
175 2459 323 2486 ἀπατάσθω
342 2460 398 2491 τοῖς
419 2459 521 2490 καινοῖς
543 2457 647 2492 μύθοις.
665 2455 736 2483 Nam
756 2461 781 2483 et
797 2460 847 2482 ter-

78 2504 133 2530 mini
154 2506 296 2541 praescripti
319 2505 392 2532 nobis
415 2510 485 2537 sunt,
513 2509 537 2531 et
560 2503 731 2539 fundamenta
758 2502 846 2537 posita

77 2553 99 2575 et
121 2550 177 2585 ﬁdei
203 2557 358 2584 structura,
386 2555 415 2579 et
446 2551 631 2586 apostolorum
664 2551 843 2581 traditiones,

79 2598 99 2620 et
111 2603 186 2625 more
197 2599 298 2631 litteris,
312 2603 337 2626 et
349 2598 458 2626 caelestis
474 2599 606 2626 doctrinae
620 2601 768 2633 propagata
781 2605 845 2625 suc-

79 2642 165 2675 cessio,
178 2653 208 2671 ac
222 2645 330 2680 denique
344 2644 432 2671 divina
451 2645 546 2671 veritas
562 2651 594 2671 ea:
609 2644 679 2670 omni
695 2648 769 2677 parte
784 2651 844 2669 mu-

81 2685 129 2713 nita
144 2693 190 2717 est.
214 2694 239 2717 et
258 2691 411 2717 constituta.
439 2688 554 2717 Proinde
577 2697 652 2716 nemo
674 2697 702 2716 se
722 2686 844 2715 inanibus

122 2775 160 2814 25)
176 2777 253 2814 Noris
268 2778 356 2814 Optt.
371 2777 416 2814 Ill,
431 2779 486 2814 col.
503 2777 580 2806 1016.

123 2809 160 2848 Ζρ)
177 2813 223 2848 Ap.
239 2809 304 2842 Eus'.
316 2813 356 2841 De
374 2813 427 2841 Vit.
445 2813 537 2841 Const.
551 2821 591 2846 ιιι,
604 2813 648 2840 67.

179 2845 314 2885 Epiph.
328 2850 394 2885 baar.
410 2857 453 2881 ιν,
468 2849 494 2876 5.

177 2880 311 2920 Albasp'in.
327 2880 477 2917 Observj.
488 2885 530 2913 i3.

113 2914 163 2952 (79)
181 2914 289 2948 Constit.
308 2927 350 2954 ap.
366 2921 409 2952 t,i

151 2775 161 2916 ἐ

889 1623 1057 1655 διδάσκοντος
1071 1623 1117 1650 τοῦ
1130 1623 1367 1659 ἀπηυθαδισμένου
1388 1623 1551 1658 πνεύματος.
1569 1622 1679 1650 Univer-

889 1679 947 1698 sam
963 1678 1032 1702 vero,
1046 1678 1105 1705 aute
1114 1677 1160 1704 per
1173 1669 1261 1696 orbem
1273 1674 1403 1696 terrarum
1418 1677 1512 1703 sparsa
1526 1673 1576 1700 est,
1589 1668 1680 1695 Eccle-

890 1717 971 1749 siam,
987 1716 1055 1743 idem
1077 1716 1122 1743 illc
1145 1716 1380 1750 arrogantim‘mua
1400 1715 1509 1750 spiritus
1529 1715 1678 1742 maledictis

891 1767 1011 1798 appetere
1024 1771 1067 1790 eos
1079 1762 1188 1789 docebat
1200 1762 1267 1798 (82).
1283 1761 1351 1788 lllud
1376 1762 1462 1796 magis
1477 1762 1588 1793 mirum,
1604 1761 1678 1795 quod

890 1809 1114 1837 Coustitutionum
1132 1808 1294 1843 compilator
1311 1807 1362 1834 sub
1381 1807 1488 1833 initium
1503 1810 1558 1833 tam
1575 1806 1679 1833 multus

891 1856 927 1883 sit
943 1856 970 1882 in
985 1856 1107 1882 virorum
1132 1857 1258 1882 ornatum
1280 1861 1287 1880 :
1311 1853 1391 1888 quasi
1413 1860 1479 1879 vero
1491 1853 1677 1886 apostolorum

889 1909 948 1929 arvo
972 1901 998 1929 id
1021 1901 1151 1936 probrum
1174 1900 1354 1927 inolevisset:
1373 1899 1419 1934 Μὴ
1445 1898 1680 1933 καλλωπιζόμενος

890 1950 930 1980 εις
943 1948 974 1975 τὸ
987 1946 1155 1984 ἀγρευθῆναί
1168 1955 1262 1973 τινα...
1273 1945 1366 1980 Πιστῷ
1380 1945 1436 1980 γάρ
1451 1953 1492 1970 σοι
1505 1944 1563 1970 δντι
1577 1944 1624 1970 καὶ
1633 1943 1681 1970 ἀν-

891 1995 993 2031 θρώπῳ
1005 1993 1052 2022 τοῦ
1063 1994 1142 2025 Θεοῦ,
1156 1993 1206 2020 οὑκ
1227 1992 1315 2025 ἔξεστι
1328 1991 1439 2028 τρέφειν
1452 1990 1501 2022 τὰς
1521 1991 1617 2026 τρίχας
1631 1990 1681 2025 τῆς

891 2041 1028 2078 κεφαλῆς,
1049 2041 1096 2068 καὶ
1119 2041 1205 2067 ποιεῖν
1232 2039 1272 2070 εἰς
1296 2038 1337 2070 ἓν,
1363 2038 1377 2064 ὃ
1401 2038 1459 2065 ὲστι
1483 2036 1640 2063 σπατάλιον·
1663 2035 1680 2072 ἦ

890 2089 1032 2124 ἀπόχυμα,
1052 2087 1069 2123 ἢ
1092 2085 1296 2122 μεμερισμένην
1315 2085 1420 2120 τηρεῖψ
1442 2083 1502 2110 οὐδὲ
1527 2083 1576 2118 μὲν
1601 2082 1682 2116 ὀγκο-

892 2136 988 2166 ποιεῖν,
1003 2134 1020 2170 ἢ
1034 2132 1204 2166 διαξαίνοντὰ
1215 2140 1246 2158 τε
1261 2131 1308 2158 καὶ
1323 2130 1475 2157 πλάσσοντα
1496 2128 1576 2164 οὔλην
1597 2128 1682 2155 διατι-

892 2180 963 2212 θεῖν,
979 2180 996 2215 ἦ
1011 2179 1177 2212 ξανοοποιεῖν
1191 2179 1285 2213 αὐτήν.
1307 2176 1348 2204 Νι
1365 2184 1440 2203 ornes
1457 2180 1491 2209 te,
1506 2180 1535 2202 ut
1549 2175 1681 2210 quapiam

893 2225 1113 2261 capiatur...Tibi
1127 2225 1196 2252 enim
1211 2224 1255 2259 qui
1268 2223 1354 2258 ﬁdelis
1374 2227 1398 2249 et
1413 2222 1491 2249 homo
1506 2221 1554 2248 Dei
1574 2229 1612 2252 es.
1629 2229 1681 2248 non

898 2274 956 2301 licet
971 2271 1071 2298 nutrire
1084 2278 1197 2302 comam,
1213 2274 1238 2297 et
1254 2270 1281 2296 in
1295 2276 1376 2295 unum
1389 2267 1522 2302 colligere,
1539 2265 1608 2301 quod
1623 2274 1683 2300 spa-

897 2320 992 2347 talium
1004 2323 1043 2345 est
1057 2327 1065 2345 :
1077 2317 1115 2345 vel
1131 2316 1273 2352 cﬂ'undcre,
1282 2321 1327 2342 aut
1338 2315 1548 2342 discriminatam
1559 2321 1680 2340 seruare:

896 2372 977 2400 neque
991 2364 1070 2391 etiam
1085 2362 1252 2398 tumcfacere,
1264 2369 1344 2396 neque
1358 2359 1487 2393 carpendo
1500 2366 1530 2385 ac
1542 2357 1682 2392 formando

896 2411 1011 2445 crispum
1035 2409 1153 2440 reddere,
1183 2415 1263 2442 neque
1287 2415 1345 2434 eam
1374 2405 1472 2440 ﬂavam
1500 2404 1586 2438 facere
1611 2402 1680 2439 (85).

895 2455 984 2490 Atque
1005 2455 1029 2483 is
1043 2454 1152 2490 quidem
1175 2453 1266 2480 cultus
1294 2451 1374 2479 facile
1395 2451 1423 2477 in
1436 2450 1624 2485 Cataphrygus
1639 2449 1681 2476 vel

895 2500 1076 2528 Montanistas
1090 2499 1211 2527 Asiatico
1226 2499 1291 2526 luxu
1304 2498 1458 2526 dillluentes
1473 2496 1574 2524 invasit
1590 2504 1596 2521 ε
1609 2494 1683 2530 quod

895 2550 922 2574 et
937 2547 1097 2581 Apollonius
1119 2546 1185 2581 ipsis
1210 2545 1323 2580 objicit:
1348 2543 1512 2579 Προφήτης,
1537 2541 1598 2568 εἰπέ
1625 2549 1682 2576 μοι.

895 2592 1046 2628 βάπτεται;
1069 2592 1210 2628 προφήτης
1235 2589 1382 2622 πιὸίζεται
1395 2597 1402 2622 ;
1418 2589 1560 2624 προφήτης
1574 2587 1683 2621 φιλοκο-

895 2640 978 2675 σμεῖ;
1002 2638 1050 2666 Dic
1070 2638 1149 2670 mihi,
1174 2638 1283 2673 tingitne
1307 2636 1418 2671 capillos
1443 2634 1592 2670 propheta?
1619 2641 1680 2660 num

893 2684 1019 2719 propheta
1038 2683 1117 2712 stibio
1132 2683 1222 2711 oculos
1239 2682 1321 2710 linit?
1343 2691 1378 2709 an
1397 2681 1486 2709 studet
1508 2688 1598 2708 ornari
1619 2686 1677 2714 pro-

930 2776 987 2811 (80)
1006 2775 1130 2811 Apollon.
1147 2783 1192 2810 ap.
1206 2772 1306 2811 Euseb;
1324 2773 1359 2801 11.
1376 2773 1407 2802 Ε.
1421 2781 1446 2804 v4
1460 2772 1502 2800 18.

929 2810 986 2845 (81)
1006 2810 1119 2838 conuii.
1133 2817 1176 2844 ap.
1191 2819 1209 2842 ι,
1219 2810 1249 2838 2.

928 2845 985 2881 (82)
1005 2846 1055 2881 Ap.
1069 2845 1181 2876 Euseb,
1196 2853 1223 2878 ν,
1235 2845 1278 2881 i6.

929 2882 985 2918 [85)
1004 2880 1117 2910 canam.
1138 2888 1181 2916 ap.
1199 2889 1218 2914 ι,
1234 2880 1260 2908 3.
