1884 3104
189 175 241 204 53"

622 174 643 203 S
669 174 866 204 CLEMENTIS
882 175 892 202 I
910 173 992 202 ROM.
1010 173 1110 202 PONT.
1128 172 1242 202 OPERA
1258 172 1371 201 DUBIA.

1758 170 1811 199 διο

188 233 286 268 pheta?
299 231 356 267 (84)
383 230 484 259 Deinde
499 231 534 259 ad
547 231 729 259 coercendam
745 230 968 258 muliercularum
983 234 1007 262 Α
1020 229 1137 257 maxime
1159 228 1318 256 nitebantur
1335 227 1506 256 Montanista’.
1519 236 1526 254 :
1542 231 1570 255 at
1593 230 1670 255 certa
1691 226 1810 261 jejunis,

189 279 338 310 licentiam,
352 285 413 313 quae
427 277 511 305 nimia
526 281 587 305 erat
600 277 672 307 apud
687 277 876 308 Montanistas,
894 276 972 311 plura

188 328 372 361 congeruntur
386 325 414 351 in
428 324 516 359 primo
528 324 754 351 Constitutionum
769 323 849 356 libro,
864 322 973 350 eadem-

188 379 242 406 que
255 375 312 398 toto
326 378 407 406 opere
419 371 520 405 saepius
532 370 714 397 inculcantur.
739 369 885 396 Maximilla
900 373 973 396 certe

188 416 416 444 Montanistarum
440 415 623 450 prophetissa.
639 414 745 441 nullum
766 413 861 440 habuit
883 411 973 440 infen-

191 462 293 489 siorem
312 460 475 496 Hippolyto,
491 460 537 495 qui
563 467 661 486 novam
681 458 832 486 Iesabelem
856 457 884 485 in
898 457 972 492 Apo-

188 506 292 541 calypsi
319 510 515 537 memoratam,
549 504 636 539 ipsam
666 503 751 532 fuisse
779 503 972 538 interpretatus

187 555 230 580 est
245 551 312 586 (85).

223 596 268 624 IV.
291 596 401 624 Errores
413 595 638 624 Honlanistarum
656 596 812 630 singillatim
828 597 860 622 ab
873 595 973 629 Hippo-

188 644 243 679 lyto
250 643 350 677 reiecti.
358 657 390 663 —-
399 642 451 671 Sed
458 651 546 678 neque
559 643 630 670 ullus
640 650 719 670 error
732 642 857 677 proprius
868 641 973 669 Monta-

187 689 322 716 nistarum
347 687 409 720 fuit,
425 688 472 723 qui
494 696 548 716 non
565 687 705 716 refellatur
724 688 752 715 in
770 687 973 715 Constitutioni-

187 733 248 761 bus.
269 733 310 760 Illi
334 734 470 767 negabant
484 733 613 761 Ecclesiae
637 737 799 768 potestatem
819 732 972 760 dimittendi

186 779 312 814 graviora
331 780 459 810 crimina,
482 779 688 806 Constitutiones
708 779 808 814 ubique
826 782 971 806 asserunt:

186 825 242 852 Καὶ
260 826 314 856 τοῖς
330 825 502 860 μετανοοῦσιν
522 825 617 859 ἄφεσιν
636 824 734 851 διδόναι
747 824 833 860 χρή...
854 822 972 859 Γνώριξε

185 869 243 903 οὖν,
257 868 280 897 ὦ
293 871 435 902 ἐπίσκοπε,
446 871 477 897 τὺ
496 870 605 906 ἀξίωμά
624 879 670 897 σου
682 890 689 902 ,
700 870 741 897 ὅτι
753 870 790 901 ὡς
803 869 850 896 τοῦ
864 869 972 904 δεσμεῖν

185 915 332 952 ἐκληρώσω
346 917 395 952 τὴν
409 916 548 949 ὲξουσίαν,
568 905 640 942 οὕτω
654 916 701 942 καὶ
719 915 767 942 τοῦ
781 915 864 943 λύειν.
885 914 971 942 Ρωηί-
987 905 1008 932 Β

186 961 299 988 tentibus
315 966 402 989 autem
424 962 499 989 venia
517 961 681 988 concedenda
698 965 771 988 est...
785 961 902 996 Agnosce
921 961 972 995 igi-

185 1010 239 1038 tur,
257 1006 387 1040 episcopo.
407 1006 563 1042 dignitatem
585 1010 669 1038 tuam,
690 1005 760 1041 quod
774 1006 841 1033 sicut
860 1006 970 1033 sortitus

183 1059 210 1078 es
225 1055 379 1086 potestatem
398 1051 510 1087 ligandi,
532 1052 572 1078 ita
593 1056 618 1079 et
637 1051 764 1079 solvendi.
791 1051 970 1079 Montanistas

183 1103 274 1125 autem
299 1098 385 1133 digito
409 1102 544 1126 monstrat
567 1102 673 1131 auctor,
699 1098 745 1125 ubi
761 1098 816 1124 ait:
832 1097 912 1130 Δέξαι
925 1095 970 1124 οὖν

182 1143 228 1169 τὸν
244 1143 423 1178 μετανοοῦντα
440 1144 476 1180 μὴ
496 1142 628 1175 διστάζων
641 1143 719 1175 ὅλως,
738 1144 804 1179 μηδὲ
825 1151 970 1180 παρεμπο-

182 1188 320 1224 διζόμενος
331 1189 383 1215 ὑπὸ
396 1188 450 1216 τῶν
463 1188 584 1223 ἀνηλεῶς
595 1189 727 1223 λεγόντων
740 1208 747 1220 ,
764 1189 800 1225 μὴ
815 1188 869 1216 δεῖν
883 1188 971 1215 τοιού-

182 1243 238 1266 τοις
263 1234 493 1270 συμμολύνεσθαι,
517 1235 585 1270 μήτε
605 1235 685 1269 λόγου
709 1235 858 1262 κοινωνεῖν.
883 1234 970 1271 Igitur

182 1281 346 1314 pwnitentem
361 1281 462 1315 recipe;
479 1288 524 1308 nec
539 1286 562 1308 te
578 1281 711 1307 ullatenus
723 1280 845 1308 dubitare
855 1280 969 1315 faciant,

182 1332 229 1353 snt
249 1335 266 1353 a
279 1327 412 1361 proposito
435 1327 582 1358 retrahunt,
599 1327 643 1362 qui
669 1327 913 1354 immisericorditer
928 1327 970 1354 di-

182 1376 255 1403 cunt,
268 1380 318 1399 non
334 1377 452 1406 oportere
465 1379 526 1398 cum
536 1372 689 1406 hujusmodi
699 1371 874 1406 coinquinari,
891 1379 971 1406 neque

181 1418 222 1445 vel
236 1426 354 1445 sermone
372 1418 565 1445 communicare
577 1417 646 1452 (86).
669 1417 731 1445 Haec
746 1417 878 1445 adversus
893 1417 971 1444 Mon-

181 1464 297 1491 tanistas
320 1463 394 1490 dicta
415 1471 477 1491 esse
495 1464 636 1490 adnotavit
650 1463 816 1495 Cotelerius,
832 1467 879 1490 aut
892 1466 970 1491 vetu-

181 1510 283 1537 stiores
308 1509 389 1536 etiarn
416 1509 575 1542 hereticos,
598 1510 723 1544 quamvis
747 1508 914 1537 Moshemius
935 1509 970 1536 ad

179 1554 348 1582 Novatianos
370 1562 511 1590 perperam
535 1555 672 1582 distulerit
697 1555 763 1590 (87).
787 1554 860 1582 Neve
883 1555 967 1582 ullum
982 1570 1003 1599 ο

180 1601 284 1627 crimen
297 1600 385 1636 enipi
398 1603 501 1636 posset,
517 1601 640 1636 exempla
656 1601 833 1636 proferuntur
845 1600 965 1633 Davidis,

179 1650 207 1673 et
222 1645 368 1679 Manassis,
388 1654 505 1681 quorum
521 1654 592 1674 unus
608 1647 734 1674 mmchiae
756 1651 838 1682 atque
852 1647 968 1674 homici-

179 1691 229 1724 dii,
245 1692 314 1719 alter
333 1692 494 1720 idololatriaa
516 1699 579 1719 reus
605 1692 695 1720 fuerat
710 1701 717 1718 :
735 1693 793 1720 haec
810 1692 882 1720 enim
902 1700 967 1727 pec-

179 1743 241 1765 cata
257 1738 430 1773 excipiebant
442 1738 625 1771 Montanistae,
637 1746 707 1774 quos
720 1739 805 1766 veluti
819 1739 966 1773 alloquitur

179 1783 404 1810 Constitutionum
420 1789 515 1811 auctor
530 1792 592 1812 cum
609 1785 647 1811 ait
664 1792 670 1809 :
690 1783 799 1816 Μείζων
826 1783 967 1811 εἰδωλολα-

178 1829 271 1864 τρείας
284 1829 334 1856 οὐκ
347 1829 420 1856 ἐστιν
435 1830 567 1865 ἁμαρτία.
590 1831 637 1862 Et;
652 1830 717 1857 Θεὸν
731 1830 784 1866 γάρ
798 1831 856 1858 ἐστι
871 1830 965 1858 δυσσέ-

178 1874 248 1902 ϐεια.
276 1866 343 1902 ’Ᾰλλ¹
364 1876 440 1912 ὅμως
462 1876 509 1903 καὶ
531 1876 600 1912 αὑτὴ
622 1875 666 1903 διὰ
685 1877 800 1912 γνησίας
823 1876 966 1912 μετανοίας

179 1921 396 1958 συγκεχώρηται.
417 1920 530 1949 Grauius
549 1922 675 1949 delictum
694 1921 853 1949 idololatria
871 1931 923 1950 non
937 1931 965 1950 re

178 1968 279 2002 peritur
293 1976 302 1994 .'
316 1973 354 1996 est
374 1968 444 1996 enim
467 1969 496 1996 in
508 1969 592 1996 Deum
616 1969 738 2003 impietas
761 1976 770 1996 :
792 1969 963 1996 nihilominus

179 2018 266 2040 tamen
280 2018 305 2040 et
316 2013 383 2040 illud
396 2022 441 2048 per
455 2015 584 2042 sinceram
598 2015 777 2049 paenitentiam
787 2015 964 2042 condonatum

177 2064 217 2087 est
229 2060 296 2095 (88).
315 2059 355 2087 Illi
380 2060 515 2088 secundas
539 2061 649 2095 nuptias
669 2060 845 2093 damnabant,
861 2069 921 2096 qua:
935 2061 963 2089 in

178 2105 418 2133 Constitutionibus
433 2105 471 2132 ita
485 2113 541 2133 non
562 2106 762 2141 improbantur,
776 2111 805 2134 ut
819 2107 963 2136 manifeste

178 2153 310 2184 arguatur
331 2150 486 2178 contrarius
510 2158 587 2177 error
601 2160 608 2178 ε
625 2150 710 2185 Λόγον
726 2151 818 2186 ὑφέξει
836 2152 875 2188 τῷ
888 2152 961 2188 Θεῷ,

176 2196 226 2230 οὐχ
240 2196 281 2222 ὅτι
293 2195 410 2232 δευτέρῳ
423 2196 504 2232 γάμῳ
520 2195 640 2232 συνήιροη
654 2216 661 2227 ,
676 2196 732 2223 ἀλλ’
747 2197 787 2224 ὅτι
799 2197 849 2233 τὴν
863 2198 963 2234 ἑαυτῆς

176 2241 340 2276 ἐπαγγελίαν
354 2242 404 2268 οὐκ
418 2241 543 2276 ἐφύλαξε.
568 2241 703 2269 Βαιιοηεηι
720 2242 774 2270 Deo
790 2243 895 2276 reddet,
911 2252 962 2270 non

175 2286 245 2321 quod
268 2287 389 2314 secundis
412 2287 511 2321 nuptiis
534 2288 658 2322 copulata
682 2288 727 2319 sit,
747 2287 792 2315 sed
807 2288 875 2323 quod
897 2296 962 2324 prov

175 2332 316 2366 fessionem
337 2341 413 2360 suam
434 2341 486 2360 non
511 2332 621 2360 servarit
636 2332 691 2368 (89)
710 2340 822 2360 :sermo
846 2338 905 2360 erat
928 2334 963 2362 de

175 2377 277 2409 viduis,
291 2385 352 2412 quae
370 2378 525 2406 castitatem
548 2377 656 2405 fuerant
671 2377 810 2412 professas.
827 2378 961 2411 Quoniam

175 2430 242 2450 vero
256 2422 400 2451 Montanus
415 2423 605 2451 dissolvendas
620 2431 682 2452 esse
693 2424 803 2460 nuptias
818 2424 960 2458 docuerat,

175 2469 203 2497 id
224 2477 334 2504 quoque
358 2469 386 2496 in
410 2469 650 2497 Constitutionibus
676 2475 719 2498 est
745 2470 869 2504 vetitum,
894 2470 962 2506 μήτε

175 2515 230 2550 μὴν
252 2514 321 2550 μετά
345 2514 433 2551 γάμον
453 2515 593 2542 ἐκϐάλλειν
621 2515 830 2550 ἀκατάγνωστον
850 2515 960 2548 ἐξέστω.

175 2559 238 2587 Non
260 2569 320 2596 ergo
342 2565 402 2596 post
424 2561 530 2596 nuptias
556 2562 635 2588 liceat
663 2562 758 2594 ejicere
784 2562 960 2596 inculpatam.

173 2605 362 2641 Multiplicatis
386 2605 510 2641 ieiuniis,
533 2607 599 2643 quin
619 2607 702 2636 etiam
725 2605 959 2644 Quadragesimis,

208 2710 265 2745 (84)
284 2710 334 2745 Ap.
344 2710 445 2739 Euseb.
461 2718 488 2742 v,
501 2710 544 2739 I8.

220 2745 265 2779 85)
284 2745 336 2781 Ap.
354 2746 382 2773 S.
395 2746 525 2780 Epipliztn.
543 2746 606 2773 hair.
622 2753 659 2778 LI,
672 2746 718 2774 53.

219 2781 265 2815 86)
283 2781 397 2809 Constit,
414 2781 548 2816 1514,18
560 2785 588 2808 et
602 2789 659 2816 seq.

219 2816 264 2850 87)
287 2816 417 2844 Moshein.
433 2815 523 2843 lnstit.
537 2817 598 2843 mai.
613 2815 716 2851 p.72I9.

220 2851 265 2882 88)
285 2851 397 2878 Constit.
416 2851 496 2882 "1.1.

222 2885 267 2919 89)
285 2885 351 2914 Ibid.
369 2895 406 2919 VI,
420 2886 462 2913 Η.

1023 279 1105 311 atque
1123 282 1205 302 unam
1220 274 1462 310 Quadragesimam
1477 274 1571 309 prisco
1595 281 1675 301 more
1693 281 1810 301 servan-

1023 320 1085 348 dam
1101 320 1308 348 Canstitutiones
1324 323 1478 347 memorant
1494 327 1501 345 :
1530 319 1610 354 Ὑμῖν
1632 319 1773 353 φυλακτέα
1792 320 1811 354 ἡ

1022 365 1187 401 νηστειατῆς
1200 365 1433 402 Τεσσαρακοστῆς,
1452 365 1559 401 μνήμην
1582 365 1749 400 περιέχουσα
1762 366 1812 401 τῆς

1022 411 1069 438 τοῦ
1085 412 1187 448 Κυρίου
1201 412 1337 444 πολιτείας
1351 421 1380 439 τε
1394 412 1441 439 καὶ
1455 411 1624 448 νομοθεσίας.
1643 411 1811 439 Servandus

1022 458 1094 486 vobis
1115 463 1156 486 est
1172 458 1304 493 jejunium
1314 457 1543 494 Quadragesinue,
1561 458 1701 486 continens
1724 465 1813 485 recor-

1022 504 1153 532 dationem
1167 505 1372 532 conversationis
1383 504 1538 538 Dominicaz,
1553 509 1578 532 et
1591 505 1656 538 legis
1668 505 1732 531 latae
1740 504 1810 539 (90).

1023 549 1145 585 Denique
1156 550 1327 578 Montanistas
1342 544 1428 578 'neias
1448 558 1510 578 esse
1527 550 1637 577 aiebant
1648 550 1813 578 Christiano

1024 596 1242 631 persecutionem
1274 595 1382 631 fugere;
1402 594 1611 623 Constitutiones
1635 598 1753 625 contra.
1776 601 1812 621 ex

1023 641 1066 668 his
1080 648 1140 676 quae
1157 640 1294 677 Hippolyti
1316 648 1414 668 nomen
1437 639 1627 675 prteseferunt,
1644 648 1701 667 non
1723 640 1806 668 modo

1022 693 1055 714 ex
1079 686 1218 722 Evangelii
1243 686 1405 721 praescripto
1431 685 1564 721 fugientes
1587 685 1811 720 persecutionem

1023 735 1146 763 tuentur,
1164 731 1212 759 sed
1233 730 1348 758 laudant
1369 730 1451 757 etiam
1471 736 1504 756 ac
1525 728 1657 756 fratribus
1672 736 1811 756 commen-

1022 776 1107 804 dant:
1126 776 1195 808 Τοὺς
1216 775 1398 811 διωκομένους
1415 774 1459 801 διά
1478 774 1581 806 πίστιν,
1603 774 1651 800 καὶ
1669 775 1710 804 εἰς
1734 774 1811 800 πόλιν

1022 823 1054 850 ἐκ
1068 823 1171 854 πόλεως
1190 822 1349 857 φεύγοντας,
1369 821 1414 848 διὰ
1430 821 1461 848 τὸ
1476 820 1627 859 μεμνῆσθαι
1646 820 1703 846 τῶν
1725 820 1811 854 λόγων

1021 868 1068 895 τοῦ
1085 868 1209 904 Κυρίου,
1238 866 1487 903 προσλαμϐάνεσθε.
1524 866 1717 900 Ἑπιστάμενοι
1740 866 1811 901 γάρ,

1021 916 1063 942 ὅτι
1088 915 1117 941 τὸ
1142 915 1190 949 μὲν
1212 913 1319 949 πνεῦμα
1343 912 1492 949 πρόθυμον,
1509 912 1568 947 ἡδὲ
1591 911 1661 948 σὰρξ
1682 911 1811 947 ἀσθενὴς,

1021 960 1256 996 ἀποδιδράσκουσι,
1277 959 1324 985 ua).
1346 958 1396 994 τὴν
1420 958 1546 993 ἁρπαγὴν
1561 957 1615 984 τῶν
1629 958 1812 993 ὑπαρχόντων

1022 1007 1169 1043 προΐενται,
1186 1006 1230 1033 ἵνα
1249 1005 1429 1040 ἀνεξάρνητον
1448 1004 1477 1030 ἐν
1491 1004 1595 1035 ἑαυτοῖς
1613 1004 1645 1030 τὸ
1662 1004 1750 1039 ὄνομα
1765 1003 1811 1030 τοῦ

1020 1053 1137 1089 Χριστοῦ
1161 1052 1369 1088 διατηρήσωσιν.
1401 1051 1584 1085 Ἐπικουρεττε
1604 1048 1651 1077 οὖν
1669 1050 1763 1081 αὐτοῖς
1778 1050 1812 1076 τά

1021 1101 1089 1136 πρὸς
1102 1100 1206 1136 χρείαν,
1220 1099 1330 1135 ἐντολὴν
1344 1098 1487 1134 Κυριακὴν
1502 1097 1679 1133 πληροῦντες.
1699 1097 1753 1124 Eos
1767 1098 1812 1133 qui

1020 1147 1225 1181 persecutionem
1249 1146 1389 1180 patiuntur
1413 1145 1475 1179 ﬁdei
1498 1153 1591 1174 causa,
1611 1150 1636 1170 et
1657 1144 1690 1171 de
1705 1145 1811 1171 civitate

1020 1193 1048 1219 in
1073 1192 1204 1219 civitatem
1231 1191 1357 1226 fugiunt,
1382 1190 1451 1225 quod
1480 1190 1645 1216 meminerint
1670 1191 1811 1216 verborum

1021 1238 1129 1265 Domini
1150 1237 1207 1272 (9|)
1233 1236 1368 1271 suscipite.
1392 1235 1459 1263 Cum
1483 1236 1554 1263 enim
1572 1235 1664 1262 norint
1684 1236 1810 1270 spiritum

1020 1284 1125 1319 quidem
1137 1289 1288 1318 promptum
1302 1290 1369 1312 esse,
1377 1290 1484 1309 carnem
1495 1289 1554 1309 vero
1563 1282 1714 1316 inﬁrmam,
1729 1282 1809 1316 aufu-

1020 1331 1106 1366 giunt,
1122 1334 1147 1357 et
1160 1328 1319 1364 facultatum
1342 1336 1452 1355 suarum
1464 1328 1637 1362 direptionem
1651 1329 1809 1362 permittunt

1021 1384 1052 1404 ac
1066 1376 1209 1411 negligant,
1226 1379 1255 1401 ut
1266 1375 1294 1402 in
1304 1382 1332 1402 se
1345 1375 1412 1408 ipsis
1428 1382 1522 1401 nomen
1536 1373 1635 1402 Christi
1661 1374 1807 1407 illibatum,

1020 1426 1045 1448 et
1063 1421 1200 1456 negatione
1225 1428 1277 1447 non
1297 1418 1432 1453 proditum
1459 1424 1619 1446 conservent.
1636 1417 1808 1454 Suppeditate

1019 1474 1080 1501 ergo
1095 1466 1150 1493 illis
1162 1473 1220 1501 qua:
1235 1470 1297 1492 sunt
1305 1465 1464 1497 necessaria,
1475 1463 1630 1491 mandatum
1638 1465 1808 1493 Dominicunt

1021 1512 1192 1546 adintplentes
1205 1511 1272 1547 (92).

1056 1558 1089 1586 V.
1111 1558 1218 1593 Proprii
1232 1557 1390 1585 Tertulliani
1413 1565 1516 1585 errores
1538 1557 1570 1584 ab
1587 1557 1734 1594 Hippolyto
1747 1567 1808 1586 cott-

1018 1606 1108 1642 futati.
1117 1620 1153 1626 —
1163 1605 1203 1632 Ad
1213 1605 1270 1632 haec
1282 1604 1468 1632 Tertullianus
1479 1603 1644 1631 Montanista
1652 1624 1660 1636 ,
1683 1613 1718 1632 es
1733 1613 1807 1633 nova

1019 1656 1101 1681 secta
1120 1651 1254 1679 institutis
1274 1650 1445 1678 consectaria
1458 1650 1582 1685 quaedam
1597 1650 1724 1684 deduxit,
1737 1651 1806 1678 unde

1016 1702 1044 1726 et
1054 1697 1182 1733 privatim
1196 1704 1306 1724 errores
1320 1696 1390 1723 alios
1406 1695 1512 1723 ascivit.
1525 1695 1690 1730 Cujusmodi
1707 1697 1754 1724 ille
1767 1700 1806 1724 est

1015 1751 1096 1779 quem
1114 1743 1188 1771 edito
1203 1742 1272 1769 libro
1292 1741 1329 1768 De
1342 1741 1406 1776 fuga
1422 1742 1448 1768 in
1462 1741 1642 1776 persecutione
1653 1741 1748 1775 docet,
1765 1742 1805 1770 sui

1015 1786 1160 1818 Paracleti,
1181 1785 1302 1813 Montani
1318 1785 1424 1812 scilicet
1438 1787 1601 1813 auctoritate
1616 1786 1716 1820 fretus,
1732 1787 1806 1814 uultu

1015 1834 1153 1862 occasione
1176 1832 1333 1868 martyrium
1359 1831 1486 1858 redimere
1511 1831 1554 1866 fas
1575 1840 1642 1859 esse.
1665 1832 1806 1861 Adversus

1015 1888 1075 1908 eam
1090 1878 1253 1907 sententiam
1265 1878 1322 1905 haec
1334 1877 1438 1912 profert
1447 1876 1677 1904 Constitutionum
1691 1882 1804 1906 auctor:

1014 1925 1046 1952 El
1062 1925 1092 1952 δὲ
1105 1925 1152 1952 καὶ
1166 1921 1222 1956 οἶός
1238 1924 1268 1950 τέ
1283 1925 1357 1950 ἐστιν
1372 1923 1479 1950 ἅπαντα
1492 1923 1538 1949 τὸν
1553 1922 1610 1958 βίον
1621 1923 1722 1950 ἑαυτοῦ
1737 1924 1804 1950 ἀπο-

1014 1971 1125 2007 δόμενος
1139 1970 1272 2007 ῥύσασθαι
1286 1970 1385 2000 αὐτοὺς
1398 1970 1430 1996 ὲκ
1443 1968 1490 1996 τοῦ
1503 1969 1705 2005 δεσμωτηρίου,
1717 1970 1805 2006 μακά-

1015 2025 1072 2053 ριος
1085 2017 1161 2043 ἔσται
1175 2017 1223 2044 καὶ
1237 2016 1313 2051 φίλος
1326 2015 1373 2042 τοῦ
1388 2015 1516 2051 Χριστοῦ.
1527 2016 1559 2042 El
1574 2015 1629 2052 γὰρ
1643 2018 1657 2043 ὁ
1671 2017 1707 2044 τὰ
1722 2018 1806 2054 ὑπάρ-

1014 2071 1094 2098 χοντα
1117 2064 1234 2098 πτωχοῖς
1255 2062 1334 2093 δοὺς,
1358 2061 1478 2093 τέλειος,
1503 2061 1573 2097 μετὰ
1589 2062 1640 2098 τὴν
1663 2063 1731 2099 περὶ
1751 2064 1803 2090 τῶν

1014 2108 1093 2135 θείων
1119 2108 1237 2142 γνῶσιν,
1267 2107 1356 2143 πολλῷ
1384 2107 1482 2143 μᾶλλον
1503 2109 1518 2134 ὁ
1544 2107 1614 2143 ὑπὲρ
1644 2109 1802 2145 μαρτύρων.

1012 2153 1076 2181 lam
1095 2162 1153 2181 vero
1171 2154 1196 2180 si
1213 2153 1271 2189 quis
1286 2158 1370 2188 potest
1391 2153 1492 2180 tradita
1507 2153 1577 2180 omni
1592 2153 1744 2181 substantia
1756 2163 1803 2182 sua

1012 2206 1055 2226 eos
1082 2197 1239 2234 [martyres]
1252 2205 1284 2225 ex
1308 2205 1411 2224 carcere
1426 2196 1550 2229 liberare,
1572 2196 1664 2224 beatus
1694 2199 1747 2225 erit
1774 2205 1802 2224 ac

978 2239 1000 2267 D
1014 2245 1114 2273 Christi
1127 2245 1240 2272 amicus.
1256 2243 1329 2271 Nam
1339 2251 1398 2271 cum
1410 2244 1434 2271 is
1444 2244 1489 2278 qui
1499 2246 1567 2271 bona
1579 2252 1630 2271 sua
1642 2245 1801 2279 pauperibus

1014 2291 1071 2324 dat,
1085 2290 1217 2326 perfectus
1232 2290 1268 2317 sit
1278 2294 1338 2324 post
1351 2289 1526 2325 cognitionem
1539 2298 1626 2317 rerum
1638 2290 1800 2323 divinarum,

1013 2337 1097 2364 multo
1115 2337 1165 2364 erit
1182 2336 1323 2371 perfectior
1338 2336 1383 2372 qui
1397 2344 1445 2371 pro
1458 2336 1621 2372 martyribus
1637 2342 1736 2364 cuncta
1751 2338 1801 2364 lar-

1012 2383 1097 2417 gietur
1113 2381 1179 2418 (93).
1208 2381 1393 2409 Christianum
1418 2381 1492 2409 salva
1524 2382 1576 2409 [ide
1600 2382 1723 2410 militare
1747 2390 1799 2410 non

1012 2435 1093 2464 posse
1110 2427 1296 2456 Tertullianus
1318 2428 1507 2462 pronuntiavit
1535 2427 1603 2464 (9d),
1636 2427 1798 2465 Hippolytus

1011 2478 1106 2502 contra
1114 2474 1141 2501 in
1153 2474 1262 2509 hisqua‘.
1269 2481 1284 2501 a
1293 2478 1453 2509 corruptore
1463 2478 1569 2502 servata
1578 2478 1658 2502 sunt:
1666 2475 1799 2511 Στρατιώ-

1011 2529 1061 2557 της
1081 2521 1200 2557 προσιὼν
1222 2520 1387 2548 διδασκέσθω
1412 2520 1450 2556 μὴ
1470 2520 1582 2552 ἀδικεῖν,
1606 2520 1644 2556 μὴ
1666 2529 1798 2556 συκοφαν-

1011 2569 1066 2594 τεῖν
1078 2587 1085 2600 ,
1100 2566 1243 2603 ἀρκεῖσθαι
1256 2567 1286 2594 δὲ
1303 2567 1360 2598 τοῖς
1382 2565 1528 2602 διδομένοις
1547 2566 1673 2601 ὀψωνίοις
1685 2575 1693 2582 ·
1708 2567 1797 2594 πειθό-

1012 2621 1091 2649 μενος
1125 2612 1332 2648 προσδεχέσθω,
1364 2611 1512 2646 ἀντιλέγων
1538 2612 1567 2640 δὲ
1593 2612 1795 2640 ἀποὸαλλέσθυ.

1046 2713 1102 2748 (90)
1123 2713 1192 2740 Ibid.
1208 2721 1234 2745 v,
1246 2713 1290 2741 i5.

1046 2748 1102 2783 (91)
1122 2748 1216 2783 Matth.
1232 2756 1306 2779 xxvt.
1319 2748 1364 2775 Η.

1047 2753 1087 2783 (91
1122 2753 1216 2775 Matth.
1232 2756 1306 2779 xxvt.
1319 2753 1364 2775 M.

1047 2753 1104 2818 (92)
1124 2782 1238 2811 Constit.
1256 2790 1318 2815 vm,
1330 2783 1375 2810 45.

1047 2818 1103 2854 (93)
1123 2818 1190 2854 me.
1207 2826 1232 2846 ν.
1251 2819 1276 2846 ι.

1048 2854 1105 2889 (94)
1125 2853 1286 2882 Tertullian.
1302 2853 1341 2881 De
1355 2861 1409 2881 cor.
1427 2853 1495 2886 inil.,
1509 2860 1547 2881 ιι.
