1884 3104
59 191 103 220 811

480 189 778 218 εοΝετιτυτιοΝΕε
793 189 1030 218 APOSTOLICE.
1047 205 1082 210 —-
1095 189 1277 220 ΡΒΟΈΜΙΔ.

1618 189 1670 217 549

59 249 130 276 lites
141 247 270 276 accedens
281 248 406 275 doceatur
415 249 512 275 nemini
524 249 651 283 injuriam
663 249 770 283 inferre,
786 257 837 275 non
852 250 875 278 Α
888 249 957 275 cium
971 249 1133 283 complexum
1157 249 1245 283 magni
1264 249 1395 283 ponti/itis
1409 248 1473 276 Jesu
1485 248 1582 277 Christi
1593 248 1669 283 Regis

60 295 224 326 calumniari,
238 299 375 322 contentus
399 303 456 322 esse
469 295 520 322 sibi
533 295 605 322 datis
625 295 763 329 stipendiis
775 302 784 321 :
795 294 839 322 ob-

61 347 199 375 temperans
210 341 253 368 his
269 340 437 373 admittatur,
454 348 602 375 repugnans
618 340 756 374 rejiciatur
770 339 836 374 (95).

62 387 95 414 Eo
113 387 220 414 tandem
245 388 365 414 vesaniae
384 386 570 414 Tertullianus
590 387 734 421 prolapsus
753 389 795 414 est
810 389 839 413 ut

61 441 73 459 ει
89 433 223 460 levissima
244 432 376 467 deceptus
397 432 524 464 muliere.
551 434 701 466 nuntioque
723 432 839 459 remisso

62 479 151 506 nedum
170 482 254 506 rectae
268 478 341 511 ﬁdei,
356 479 404 506 sed
417 478 498 505 etiam
514 478 613 505 rationi
628 486 634 503 ε
651 478 767 504 animam
785 486 841 504 cor-

63 526 182 560 poraliter
203 531 339 553 ostensam
355 533 412 553 esse
427 524 551 556 crederet,
567 533 625 560 quae
642 524 751 558 spiritus
769 524 839 551 vide-

62 572 141 604 batur,
157 571 202 599 sed
217 579 271 598 non
286 572 384 602 inanis,
408 575 433 598 et
443 579 531 598 vacua!
544 570 702 604 qualitatis:
716 570 767 596 into
781 578 840 605 qute

61 620 132 646 etiam
151 619 234 646 teneri
255 618 447 653 repromitteret
462 616 529 652 (96).
554 615 607 644 Sed
622 624 652 643 ea
666 624 775 651 quoque
799 616 839 643 fa-

61 667 117 693 bula
137 667 165 693 in
184 663 429 693 Constitutionibus
456 663 620 690 convellitur
633 672 640 689 :
652 663 748 698 Ψυχὴν
768 661 840 688 ἀσώ-

63 721 138 748 ματον
157 712 186 738 ὲν
210 712 280 746 ἡμῖν
297 711 344 737 καὶ
367 709 499 736 ἀθάνατον
519 708 712 744 ὁμολογοῦμεν,
737 707 793 734 ἀλλ’
807 709 838 735 οὒ

63 758 173 794 φθαρτὴν
187 757 226 789 ὡς
240 757 277 783 τὰ
292 756 405 792 σώματα
417 775 424 788 ,
447 754 502 781 ἀλλ’
517 754 649 781 ἀθάνατον
661 774 668 786 ,
683 754 720 786 ὡς
730 754 840 790 λογικὴν

63 806 102 832 καὶ
119 803 303 836 αὐτεξούσιον.
331 801 455 829 Animam
479 805 597 828 nostram
616 801 796 835 incorpoream
815 805 840 827 et

63 850 227 878 immortalem
251 849 419 881 conﬁtemur,
441 856 493 875 non
509 851 596 874 autem
618 847 738 874 interitui
759 846 839 873 obno-

63 897 126 924 riam
140 901 168 922 ut
181 903 309 930 corpora,
328 895 380 921 imo
396 894 487 920 mortis
502 897 642 927 empertem,
655 897 744 927 utpote
757 893 840 920 ratio-

64 944 138 971 nalem
152 951 182 970 ac
195 942 289 969 liberte
299 941 434 976 potestatis
448 940 515 976 (97).

94 989 134 1016 VI.
145 988 328 1015 Tertullianus
343 995 374 1013 ac
390 986 561 1014 Montaniana
576 985 756 1013 nominetenus
770 992 839 1019 prte-

66 1035 136 1066 tcriti,
144 1032 188 1061 sed
194 1033 313 1068 undique
319 1033 346 1059 in
353 1031 590 1060 Constitutionibus
601 1031 840 1066 explosi.-—Atque

65 1082 114 1108 hzec
137 1079 297 1108 necessario
318 1078 493 1106 edisserenda
516 1076 643 1109 fuerunt,
667 1084 702 1105 ne
722 1076 840 1112 amplius

65 1125 148 1152 lateret
159 1128 309 1159 utrumque
317 1115 454 1158 Hippolyti
467 1130 546 1158 opus,
557 1121 627 1156 Περὶ
639 1121 839 1156 χαρισμάτων,

66 1176 89 1199 et
106 1168 324 1202 Ἀποστολικὴν
343 1167 530 1202 παράδοσιν,
550 1167 722 1194 Montanistis
756 1173 841 1202 oppo-

67 1216 139 1242 situm
154 1214 248 1245 fuisse.
262 1214 436 1247 maximeque
444 1211 612 1239 Tertulliano
627 1212 653 1238 in
666 1219 726 1239 eam
739 1216 840 1239 sectam

68 1256 197 1296 vergentis
212 1260 267 1288 etsi
284 1266 383 1286 nomen
398 1258 495 1293 ipsius,
510 1265 564 1292 quo
576 1257 684 1284 facilius
697 1257 730 1284 ab
745 1256 842 1284 haeresi

68 1308 151 1342 pedem
173 1306 310 1337 referret,
337 1305 407 1332 bene
430 1304 466 1330 ab
491 1303 636 1338 Hippolyto
663 1310 841 1338 suppressum

70 1353 150 1380 fuerit.
176 1351 270 1387 Neque
286 1351 360 1378 enim
380 1349 468 1385 ipsius
489 1348 567 1376 fama:
588 1347 773 1376 Tertullianus
795 1356 842 1383 pe-

70 1400 206 1435 percisset,
230 1399 252 1427 si
279 1398 345 1434 quid
374 1398 401 1425 in
423 1405 454 1425 se
475 1396 635 1424 nominatim
656 1397 842 1431 conscriptum

71 1449 143 1473 esset.
162 1445 191 1472 ln
205 1443 444 1473 Constitutionibus
459 1442 552 1478 itaque
567 1443 670 1471 frustra
682 1441 843 1470 Tertulliani

71 1492 161 1519 mentio
182 1495 228 1518 aut
246 1490 369 1518 Montani
390 1493 578 1525 quaereretur;
606 1488 757 1524 praesertim
778 1495 844 1515 vero

73 1545 126 1564 cum
144 1538 220 1572 plura
239 1536 384 1565 sustulerit
405 1538 559 1570 corruptor,
576 1542 638 1569 qua:
657 1534 843 1569 apostolorum

72 1591 121 1611 aevo
139 1584 283 1612 convenire
300 1590 357 1610 non
374 1585 510 1617 poterant.
528 1581 608 1616 plura
625 1579 715 1608 adhuc
734 1580 842 1607 incaute

73 1631 214 1666 reliquerit.
236 1637 298 1665 quae
319 1629 351 1657 ad
373 1630 523 1664 posteriora
549 1632 672 1663 tempora
700 1626 844 1654 manifeste

74 1676 202 1704 referenda
219 1680 295 1703 sunt.
317 1675 358 1702 Ad
373 1674 553 1701 Montanistas
571 1680 636 1701 vero
651 1680 683 1700 ac
697 1671 845 1700 Tertullia-

74 1729 130 1749 nutu
142 1726 236 1750 cuncta
251 1722 310 1750 fere
325 1724 451 1756 spectant
465 1728 526 1755 quae
539 1719 687 1747 universim
703 1719 730 1746 in
738 1718 845 1746 Consti-

75 1768 204 1796 tutionibus
225 1767 389 1795 aﬂ‘eruntur.
413 1764 442 1792 ln
461 1765 521 1800 ipso
542 1765 614 1792 enim
634 1764 730 1792 ultimo
755 1764 845 1798 capite

74 1813 132 1841 illud
152 1813 304 1841 inculcatur
319 1820 325 1838 :
342 1812 475 1838 Ἕκαστον
498 1810 626 1846 ἐμμένειν
648 1809 724 1842 τάξει
736 1810 778 1845 τῇ
802 1809 845 1836 δο-

75 1859 141 1896 θείσῃ
153 1859 233 1895 αὐτῷ,
248 1859 297 1886 καὶ
313 1858 350 1894 μὴ
371 1857 545 1892 ὑπερϐαίνειν
562 1857 626 1887 τοὺς
645 1856 734 1892 ὅρους,
758 1855 848 1883 Unus-

75 1906 168 1940 quisque
181 1906 208 1933 in
223 1905 317 1933 ordine
330 1905 381 1932 sibi
394 1905 456 1931 dato
469 1907 630 1938 permaneat,
650 1911 730 1938 neque
744 1903 846 1938 regula-

76 1958 125 1977 rum
143 1952 260 1978 terminos
282 1949 461 1977 transcendat.
479 1948 581 1975 Deinde
596 1951 693 1974 auctor
710 1946 842 1974 Montani-

75 2000 124 2024 stas
138 1998 245 2032 propius
259 1995 440 2030 designanda,
459 1994 486 2021 in
499 2000 594 2022 eorum
614 1993 752 2021 licentiam
770 1993 846 2021 inve-

76 2042 140 2070 hitur
156 2051 162 2069 :
179 2043 298 2074 Είκότως
317 2041 363 2068 τδν
383 2039 571 2076 ἐπηρτημένον
597 2039 717 2066 κίνδυνον
737 2039 793 2070 τοῖς
811 2038 848 2066 τὰ

75 2088 173 2115 τοιαῦτα.
195 2088 345 2125 πράττουσι
368 2085 564 2122 προειδόμενοι,
588 2086 635 2112 καὶ
658 2085 708 2121 τὴν
735 2086 775 2116 είς
797 2085 847 2118 τὰς

77 2133 159 2166 Θυσίας
169 2154 176 2166 ,
189 2135 234 2161 καὶ
248 2133 423 2169 εὐχαριστίας
437 2131 575 2168 ἀμέλειαν,
590 2131 636 2166 ὑφ’
649 2129 687 2158 ὧν
701 2131 750 2158 οὐκ
764 2131 847 2167 ἐχρῆν

76 2181 265 2216 προσαγομένας
283 2178 400 2211 ἀσεϐῶς,
419 2179 543 2213 παίγνιον
561 2177 719 2213 ἡγουμένων
731 2177 781 2213 τὴν
796 2178 845 2214 ἀρ-

77 2227 218 2262 χιερατικὴν
230 2227 313 2262 τιμὴν
328 2226 389 2261 ἥτις
405 2225 518 2260 μίμησιν
532 2223 653 2260 περιέχει
666 2222 713 2250 τοῦ
729 2223 845 2259 μεγάλου

76 2272 209 2308 ἀρχιερέως
227 2271 316 2309 Ἰησοῦ
334 2270 451 2308 Χριστοῦ
471 2270 606 2302 Βασιλέως
619 2269 708 2305 ἡμῶν,
723 2269 845 2306 ἀνάγκην

77 2317 176 2353 ἔσχομεν
197 2320 243 2346 καὶ
260 2318 340 2346 τοῦτο
360 2316 540 2353 παραινέων
554 2315 603 2351 ἤδη
627 2316 681 2351 γάρ
700 2324 772 2347 τινες
789 2315 847 2348 ἑξε-

78 2363 205 2400 τράπησαν
227 2365 313 2391 ὀπίσω
335 2363 386 2398 τῆς
406 2362 509 2389 ἑαυτῶν
533 2362 721 2397 ματαιότητος.
742 2361 846 2389 Idcirco

76 2409 129 2442 jure
145 2411 282 2444 periculum
302 2410 336 2437 iis
354 2410 398 2444 qui
419 2409 473 2436 httc
499 2408 601 2443 faciunt
619 2409 768 2443 impendens
784 2416 846 2443 pro-

80 2455 210 2488 spicientes,
224 2461 248 2483 et
262 2455 446 2492 negligentiam
464 2455 491 2481 in
507 2454 648 2489 sacriﬁciis
662 2459 687 2482 et
697 2456 845 2490 gratiarum

81 2501 209 2529 actionibus
229 2501 444 2539 [Eucharistiis],
467 2511 497 2529 eo
518 2502 587 2538 quod
606 2501 683 2536 impie
697 2502 843 2536 oﬁ‘erantur

80 2546 107 2572 ab
118 2547 147 2574 iis
162 2557 177 2575 a
186 2549 277 2584 quibus
295 2558 346 2577 non
363 2553 475 2585 oportet,
489 2550 583 2586 quique
597 2549 722 2577 honorem
735 2549 842 2585 pontiﬁ-

110 2626 159 2662 (95)
175 2629 282 2662 Constit.
298 2639 358 2662 νιιι,
375 2631 419 2658 52.

110 2660 158 2699 (ἓξ)
176 2660 330 2699 Tertullian.
348 2660 385 2693 De
397 2667 479 2694 anim.
493 2674 530 2694 Ix.

112 2697 162 2733 (97)
179 2697 287 2729 Cbnstit.
302 2710 339 2733 vr.
350 2702 392 2729 Η.

111 2731 161 2767 (98)
179 2734 286 2764 Constit.
304 2731 364 2769 vui,
380 2737 423 2765 46.

888 294 974 321 nostri
998 294 1170 321 imitationem
1190 301 1237 327 pro
1258 293 1320 320 ludo
1339 293 1452 326 habent;
1472 293 1528 320 ideo
1550 293 1668 328 inquam,

888 349 991 368 necesse
1009 341 1061 375 fuit
1074 340 1105 367 de
1119 349 1148 368 eo
1164 348 1263 376 quoque
1279 340 1419 367 admonere
1434 348 1444 367 :
1456 340 1515 374 jam
1529 340 1597 367 enim
1612 341 1671 374 qui-

888 386 951 413 dam
971 387 1088 413 conversi
1102 391 1163 413 sunt
1185 390 1254 413 retro
1269 390 1328 420 post
1348 387 1489 413 vanitatem
1510 393 1586 412 suam
1601 385 1670 420 (98).

890 431 953 460 Hatc
967 433 1060 467 utique
1075 431 1102 459 in
1115 431 1258 459 codicibus
1274 431 1420 467 Hippolyto
1446 431 1546 458 tributa
1566 430 1672 457 Monta-

890 479 978 505 nistas
993 477 1103 508 feriunt,
1119 477 1188 513 apud
1204 486 1268 513 quas
1282 478 1320 504 vel
1334 478 1455 504 mulieres
1468 478 1582 511 episcopi
1595 481 1672 504 erant

888 527 914 550 et
933 523 1096 557 presbyteri,
1116 528 1140 550 et
1164 523 1199 549 ad
1225 527 1332 550 ceteros
1356 523 1455 558 gradus
1482 523 1670 558 allegebantur,

890 569 990 596 nullum
1006 574 1035 596 ut
1050 577 1128 597 sexus
1138 569 1279 596 discrimen
1294 574 1451 596 servaretur.
1473 570 1629 597 Ἐπίσκοποί
1642 579 1672 597 τε

890 617 1066 652 παράὐτοτς
1087 618 1229 651 γυναῖκες,
1253 617 1300 642 καὶ
1326 616 1504 652 πρεσσύτεροι
1535 618 1672 650 γυναῖκες,

890 663 937 689 καὶ
956 662 990 689 τὰ
1019 663 1095 696 ἄλλα,
1117 663 1155 694 ὡς
1179 663 1261 698 μηδὲν
1281 663 1417 698 διαφέρειν
1444 663 1510 698 (99).
1533 663 1674 690 Postrema

889 714 981 737 autem
998 710 1078 737 verba
1094 710 1121 737 in
1134 709 1331 737 Tertullianum
1353 709 1426 736 dicta
1448 713 1512 737 sunt
1527 717 1596 737 vano
1612 717 1675 744 pro—

890 756 987 791 phelite
1002 756 1113 783 nomine
1127 755 1287 791 deceptum;
1308 763 1388 790 quem
1404 755 1485 791 paulo
1500 759 1562 783 ante
1575 756 1632 783 suis
1647 755 1675 782 in

891 802 1028 829 Danielem
1049 801 1263 829 Commentariis
1286 802 1389 837 pariter
1410 801 1570 837 Hippolytus
1594 805 1674 829 nota-

890 853 983 875 verat:
995 847 1098 879 Πάντες
1112 848 1166 884 γὰρ
1180 849 1298 883 σήμερον
1312 849 1335 876 οἱ
1345 849 1384 880 είς
1398 848 1478 875 αὑτὸν
1492 848 1674 883 πιστεύοντες,

891 894 924 921 τὰ
936 895 1013 929 λόγια
1022 894 1138 930 Χριστοῦ
1154 894 1334 930 φθεγγόμεθα,
1345 895 1382 926 ὼς
1391 894 1434 921 διὰ
1449 895 1580 930 στόματος
1594 895 1675 922 αὐτοῦ

889 940 1031 972 λαλοῦντες
1056 941 1091 968 τὰ
1118 941 1163 968 ὑπ’
1190 941 1272 967 αὐτοῦ
1297 941 1512 976 προτεταγμένα·
1539 943 1596 973 τοῖς
1621 941 1677 977 γὰρ

889 988 977 1021 ἁγίοις
995 988 1042 1014 καὶ
1060 987 1234 1022 φοϐουμένοις
1251 987 1342 1019 αὐτὸν,
1361 988 1454 1019 αὐτοῖς
1474 987 1562 1022 μόνοις
1581 987 1676 1014 ἑαυτὸν

888 1035 1084 1063 ἀποκαλύπτει.
1104 1036 1134 1062 Et
1149 1035 1204 1072 γάρ
1216 1044 1259 1067 τις
1273 1035 1346 1062 δοκεῖ
1359 1035 1406 1062 καὶ
1419 1037 1448 1062 ὲν
1469 1035 1614 1071 Ἐκκλησία
1628 1035 1676 1062 νῦν

890 1082 1089 1115 πολιτεύεσθαι,
1110 1082 1191 1117 φόόον
1209 1083 1237 1109 δὲ
1261 1082 1328 1109 Θεοῦ
1349 1083 1385 1118 μὴ
1404 1083 1475 1118 ἔχει,
1499 1084 1559 1110 οὐδὲ
1582 1083 1677 1110 τοῦτον

889 1129 1016 1166 ὠφελεϊή
1032 1129 1100 1166 πρὸς
1113 1131 1176 1162 τοὺς
1191 1130 1284 1164 ἁγίους
1306 1130 1420 1163 σύνοδος.
1444 1131 1595 1166 Quicunque
1609 1132 1677 1158 enim

890 1175 968 1202 hodie
982 1175 1008 1201 in
1023 1176 1108 1209 ipsum
1128 1175 1274 1206 credimus,
1291 1176 1401 1202 oracula
1413 1175 1513 1203 Christi
1535 1176 1675 1211 loquimur,

892 1225 1018 1256 tanquam
1041 1221 1124 1255 ipsius
1149 1230 1194 1248 ore
1211 1221 1385 1255 pra'dicanles
1405 1230 1462 1256 qua
1483 1228 1543 1249 sunt
1566 1222 1599 1249 ab
1620 1223 1677 1256 ipso

891 1267 1045 1294 constituta.
1063 1266 1169 1294 Sanctis
1187 1269 1278 1302 quippe
1294 1276 1325 1294 ac
1343 1277 1370 1295 se
1388 1268 1538 1296 timentibus
1560 1273 1677 1296 tantum-

892 1312 969 1340 modo
986 1321 1014 1340 se
1029 1313 1114 1347 ipsum
1135 1314 1240 1341 revelat.
1264 1312 1336 1340 Nam
1356 1314 1381 1341 si
1398 1314 1457 1348 quis
1477 1313 1579 1341 videtur
1596 1314 1635 1341 vel
1650 1314 1677 1341 in

894 1357 1012 1385 Ecclesia
1027 1358 1104 1386 modo
1118 1359 1219 1386 versari
1228 1362 1250 1392 ,'
1261 1360 1381 1387 timorem
1401 1364 1487 1386 autem
1500 1359 1549 1387 Dei
1562 1368 1614 1387 non
1629 1360 1676 1387 ha-

893 1405 956 1433 bet:
979 1413 1059 1439 neque
1080 1405 1141 1432 huic
1165 1405 1270 1439 prodest
1292 1405 1327 1432 ad
1354 1411 1459 1433 sanctos
1482 1407 1623 1434 accessisse
1651 1407 1679 1434 in

893 1455 1018 1478 conventu
1035 1450 1121 1485 (100).
1144 1450 1184 1478 Ac
1201 1451 1335 1486 siquidem
1349 1451 1406 1479 haec
1422 1455 1486 1478 sunt
1506 1453 1679 1480 contumeliae

894 1496 956 1528 illic,
972 1496 1072 1531 quibus
1085 1495 1123 1523 ait
1138 1495 1319 1532 Hieronymus
1331 1496 1527 1525 Tcrtullianum
1541 1507 1602 1527 esse
1617 1507 1679 1534 per-

893 1548 996 1570 motum
1012 1546 1042 1569 ut
1056 1542 1205 1570 Ecclesium
1227 1542 1381 1573 desereret.
1404 1549 1515 1579 apparet
1540 1544 1678 1572 hominem

856 1592 876 1622 ο
893 1588 935 1616 sui
958 1590 1051 1624 lapsus
1073 1596 1200 1619 causam.
1217 1597 1297 1624 quam
1320 1589 1419 1617 habere
1441 1591 1543 1618 nullam
1561 1594 1678 1626 poterat,

895 1637 922 1663 in
937 1635 1090 1663 Romanum
1105 1637 1208 1664 clerum
1227 1644 1333 1664 summa
1351 1636 1451 1670 injuria
1468 1637 1616 1664 detersisse
1627 1637 1677 1672 (Ι),

894 1681 993 1709 Notatu
1007 1682 1079 1710 enim
1091 1681 1202 1717 dignum
1218 1687 1270 1714 est,
1285 1682 1358 1717 quod
1379 1683 1437 1718 ipse
1451 1690 1512 1709 cum
1521 1683 1678 1711 Catholicos

895 1728 1052 1755 animalium
1073 1727 1184 1758 nomine
1202 1735 1234 1756 ac
1255 1728 1379 1764 pluribus
1401 1729 1533 1757 conviciis
1555 1730 1679 1756 cumuia-

896 1778 947 1805 ret.
967 1782 1047 1801 nemo
1068 1777 1126 1800 tum
1149 1774 1281 1809 temporis
1301 1773 1352 1800 fuit
1369 1774 1414 1809 qui
1434 1775 1596 1802 nominatim
1613 1775 1680 1802 Tor-

895 1820 1038 1848 tullianum
1052 1820 1197 1848 refelleret.
1209 1820 1292 1848 Caius
1307 1821 1390 1852 enim.
1407 1820 1534 1848 Ecclesiae
1550 1820 1679 1849 Romanae

896 1865 1049 1900 presbyter,
1082 1865 1213 1894 adversus
1241 1865 1368 1893 Proclum
1399 1866 1519 1893 Montani
1553 1867 1680 1895 columen

895 1911 994 1939 eximie
1026 1913 1154 1947 scripsit:
1181 1911 1344 1948 Hippolytus
1363 1912 1389 1939 in
1405 1911 1437 1940 E.
1452 1911 1485 1939 Β.
1498 1912 1555 1946 pari
1581 1911 1677 1948 gradu.

896 1957 1030 1985 adversus
1062 1957 1268 1986 Montanistas:
1295 1961 1411 1993 uterque
1433 1965 1465 1985 ea
1492 1957 1679 1985 moderatione

879 2006 926 2030 aut
951 2003 1009 2037 ipse
1030 2001 1214 2030 Tertullianus
1238 2006 1364 2030 neutrum
1390 2003 1426 2030 sit
1454 2003 1619 2034 insectatus.
1647 2011 1680 2031 ac

895 2048 987 2084 potius
1002 2048 1176 2083 Apollonium
1196 2048 1386 2084 exagitaverit,
1407 2049 1588 2076 orthodoxum
1606 2049 1679 2077 scri-

896 2099 1014 2132 ptorem,
1032 2100 1059 2124 at
1082 2103 1137 2124 non
1160 2104 1192 2123 ex
1210 2096 1334 2123 Romano
1357 2096 1448 2128 clero,
1472 2100 1565 2131 utpote
1584 2098 1630 2132 qui
1651 2098 1678 2125 in

897 2142 1009 2171 Oriente
1032 2143 1142 2171 vixerit.
1174 2142 1309 2170 Caeterum
1337 2142 1482 2178 scripsisse
1503 2142 1678 2179 Hippolytum

896 2192 991 2216 contra
1013 2188 1202 2220 Montanistas,
1224 2195 1326 2223 eOSque
1344 2189 1475 2216 acerrime
1496 2196 1552 2224 prae
1573 2189 1679 2217 caeteris

897 2236 1082 2270 impugnasse.
1100 2236 1127 2262 in
1142 2235 1254 2263 dubium
1275 2235 1396 2262 revocari
1408 2235 1512 2270 nequit,
1526 2243 1588 2263 cum
1600 2240 1679 2264 vetus

896 2286 993 2309 auctor
1008 2282 1102 2310 sedulo
1118 2282 1146 2309 in
1160 2289 1192 2309 ea
1206 2281 1308 2316 scripta
1332 2281 1488 2316 inquisierit
1501 2291 1507 2309 :
1520 2281 1600 2314 Τίνας
1614 2282 1680 2309 ὓπο-

893 2327 991 2364 λὴψεῖς
1006 2329 1076 2363 εἶχεν
1098 2329 1112 2355 ό
1127 2328 1277 2362 ἁγιώτατος
1297 2327 1453 2360 Ἱππόλυτος
1475 2329 1538 2365 περὶ
1559 2329 1609 2365 τῆς
1625 2329 1681 2356 τῶν

894 2375 1084 2402 Μοντανιστῶν
1106 2375 1248 2411 αἱρέσεως,
1272 2375 1319 2402 καὶ
1341 2375 1417 2408 τινας
1438 2376 1453 2402 ὁ
1475 2377 1504 2402 ὲν
1523 2375 1609 2411 ἁγίοις
1629 2377 1681 2411 τῆς

893 2422 1004 2457 Νύσσης
1027 2421 1184 2457 Γρηγόριος.
1204 2421 1336 2455 Quidnam
1361 2422 1471 2450 senserit
1495 2422 1679 2450 sanctissimus

894 2466 1054 2503 Hippolytus
1065 2467 1096 2494 de
1106 2467 1331 2495 Montanistarum
1345 2468 1450 2501 hazresi,
1467 2468 1561 2504 quidve
1574 2467 1604 2496 S.
1617 2467 1670 2495 Grc

895 2514 952 2548 qori
955 2521 985 2541 us
994 2512 1021 2540 Ν
1022 2521 1132 2548 yssenus
1140 2513 1188 2550 (2).

931 2628 988 2663 (99)
1007 2628 1141 2664 Epiphsn.
1157 2629 1223 2657 haar.
1241 2637 1315 2662 ms,
1328 2629 1355 2656 2.

931 2665 1006 2726 (1001)
1026 2665 1132 2700 Hippol.
1150 2664 1183 2691 In
1195 2665 1263 2691 Dan.
1276 2673 1304 2697 Χ,
1319 2665 1344 2692 7.

931 2699 970 2771 (1;
1001 2699 1100 2728 lieron.
1119 2700 1146 2726 in
1161 2699 1250 2727 Catal.
1265 2699 1341 2734 Scrip

931 2734 957 2770 (2
990 2735 1083 2771 Steph.
1099 2735 1198 2763 Gobar.
1214 2743 1258 2771 ap.
1273 2734 1343 2763 Phot

931 2699 970 2770 (1;
990 2699 1100 2728 Hieron.
1119 2700 1146 2726 in
1161 2699 1250 2727 Catal.
1265 2699 1363 2734 Script.
1378 2699 1449 2726 Ecci.
1463 2707 1521 2727 Llll.

930 2734 957 2770 (2
990 2735 1083 2770 Steph.
1099 2735 1198 2763 Gobar.
1214 2743 1258 2770 ap.
1273 2734 1352 2763 Phot.
1362 2735 1423 2764 cod.
1436 2742 1521 2762 ccxxx

990 2735 1083 2771 Steph.
1099 2735 1198 2763 Gobar.
1214 2743 1258 2771 ap.
1273 2734 1423 2764 Phot.cod.
1436 2742 1556 2762 ccum.
