1884 3104
177 173 230 202 5H

603 172 631 201 S.
648 171 845 201 CLEMENTIS
861 172 872 200 ι
890 172 971 201 ROM.
989 172 1091 201 PONT.
1109 171 1223 202 OPERA
1240 171 1351 201 DUBIA.

1744 174 1793 203 διε

504 349 892 416 VETERUM
948 349 1436 416 TESTIMONIA

405 478 480 522 DE
518 475 1120 524 CONSTITUTIONIBUS
1154 476 1562 526 APOSTOLICIS.

777 636 871 666 Conon
886 638 1046 671 apostolicus
1061 638 1183 666 ultimus.

205 713 267 741 Sint
279 715 368 741 autem
383 713 461 741 vobis
477 713 605 742 omnibus
620 713 739 745 clericis.
755 716 781 741 et
794 713 872 741 laicis
894 714 955 742 libri
970 716 993 744 A

169 759 338 788 venerabiles
352 763 378 788 et
393 759 491 791 sancti,
506 763 559 787 etc.
575 758 723 787 Clementis
739 758 866 794 Epistolae
879 759 954 793 duae;

169 804 512 837 etConstitutiones,vobis
525 804 667 841 Episcopis
674 814 722 841 per
730 814 773 833 me
788 806 954 834 Clementem

170 851 198 878 in
209 854 272 878 octo
286 850 364 879 libris
380 855 561 884 nuncupatas;
579 859 649 886 quas
663 860 718 879 non
739 857 844 888 oportet
861 860 955 880 coram

169 897 298 925 omnibus
310 896 461 933 divulgare,
473 897 509 925 ob
521 898 635 934 mystica
646 905 707 933 quae
723 898 751 926 in
767 899 807 927 eis
825 903 900 927 sunt.

758 1008 898 1042 Eusebius,
912 1008 984 1038 Hist.
997 1008 1074 1041 πει..
1089 1008 1136 1038 lib.
1158 1016 1200 1043 tu,

1043 714 1133 741 Ἔστω
1146 713 1174 740 δὲ
1195 714 1259 750 ὑμῖν
1278 714 1343 741 πᾶσι
1358 714 1507 750 κληρικοῖς,
1522 715 1571 742 καὶ
1584 715 1691 747 λαῖκοῖς
1705 715 1792 750 βιϐλία

1007 759 1142 795 σεϐάσμια
1164 760 1211 786 καὶ
1230 760 1305 794 am,
1325 763 1378 788 etc.
1401 761 1557 797 Κλήμεντος
1570 761 1713 788 ἐπιστολαὶ
1725 761 1772 788 δύο
1785 770 1791 777 ·

1006 806 1052 833 καὶ
1072 806 1100 832 αἱ
1111 806 1243 840 Διαταγαὶ
1262 807 1325 842 ὑμῖν
1345 808 1401 839 τοῖς
1415 807 1572 839 ἐπισκόποις
1585 808 1624 834 δι’
1639 807 1707 844 ἐμοῦ
1722 808 1794 844 Κλή-

1006 860 1111 888 μεντος,
1134 852 1163 878 ἐν
1184 851 1255 879 ὀκτὼ
1278 852 1391 888 βιϐλίοις
1411 853 1676 890 προσπεφωνημέναι
1694 862 1700 868 ·
1716 853 1749 885 ἃς
1764 854 1794 880 οὐ

1004 897 1057 933 χρὴ
1071 897 1239 932 δημοσιεύειν
1260 899 1307 926 ἐπὶ
1327 898 1435 926 πάντων
1464 898 1508 925 διὰ
1525 898 1560 925 τὰ
1577 898 1606 925 ὲν
1625 898 1721 930 αὑταῖς
1744 907 1795 934 μυ-

1005 943 1094 970 στικά.

1398 1010 1439 1037 Ea:
1450 1009 1512 1046 Ruf.
1528 1009 1665 1044 interpret.

919 1052 977 1079 cap.
990 1044 1036 1072 25.

203 1094 276 1123 Inter
301 1095 385 1124 libros
412 1095 511 1124 nothos
535 1095 686 1123 collocetur

165 1147 193 1170 et
206 1142 324 1170 Actuum
337 1141 414 1169 Pauli
437 1142 583 1177 scriptura,
601 1145 629 1170 et
650 1141 684 1168 li-

167 1187 216 1214 ber
231 1187 278 1222 qui
294 1187 395 1215 dicitur
404 1187 515 1219 Pastor,
529 1191 557 1214 et
570 1186 685 1214 Revela-

167 1233 204 1260 tio
238 1231 329 1264 Petri,
359 1232 523 1266 insuperque
557 1231 686 1259 Bamabze

167 1285 227 1311 quae
243 1277 326 1304 fertur
334 1276 464 1312 Epistola,
477 1281 504 1304 et
517 1285 578 1312 qua:
587 1277 686 1305 dicun-

167 1327 212 1350 tur
225 1322 359 1351 Doctrina:
372 1324 568 1359 apostolorum.

727 1099 770 1126 Ἑν
788 1101 845 1132 τοῖς
862 1100 951 1132 νόθοις
972 1099 1165 1136 κατατετάχθω
1190 1100 1238 1128 καὶ

720 1145 775 1173 τῶν
798 1146 904 1173 Παύλου
915 1146 1043 1182 Πράεεων
1056 1148 1073 1182 ἡ
1093 1145 1197 1182 γραφὴ,
1224 1145 1239 1172 ὃ

719 1200 750 1219 τε
763 1192 906 1228 λεγόμενος
923 1193 1040 1228 Ποιμὴν,
1060 1193 1107 1220 καὶ
1122 1193 1138 1228 ἡ
1165 1193 1240 1219 Ἀπο-

720 1238 836 1274 κάλυψις
851 1239 964 1274 Πέτροω
984 1239 1032 1266 καὶ
1041 1238 1110 1275 πρὸς
1121 1239 1236 1270 τούτοις,

720 1283 738 1320 ή
752 1283 888 1320 φερομένη
895 1283 1179 1320 ΒανράὸαἙπιστολὴ,
1190 1284 1237 1311 καὶ

720 1329 775 1355 τῶν
787 1328 943 1356 ἀποστόλων
963 1329 992 1356 αἱ
1008 1328 1237 1365 λεγόμεναιΔιδα-

719 1374 776 1411 χαι.
792 1374 863 1411 Lege
875 1374 1001 1411 Niceph.,
1021 1376 1039 1403 ι.
1057 1383 1089 1407 ιι,
1103 1382 1128 1403 c.
1143 1375 1189 1403 46.

1308 1100 1373 1128 Post
1399 1100 1457 1128 haec
1479 1101 1536 1136 jam
1559 1101 1698 1136 scriptura
1728 1105 1793 1134 est,

1273 1154 1334 1182 qua:
1354 1147 1456 1174 dicitur
1477 1147 1561 1174 Actus
1581 1146 1678 1180 Pauli;
1703 1147 1752 1175 sed
1767 1151 1794 1174 et

1275 1193 1381 1220 libellus
1392 1193 1438 1228 qui
1451 1193 1602 1227 appellatur
1617 1192 1756 1225 Pastoris,
1767 1197 1795 1221 et

1275 1237 1404 1265 revelatio
1427 1236 1500 1264 Petri
1515 1246 1522 1264 :
1538 1237 1572 1265 de
1583 1238 1684 1272 quibus
1694 1245 1795 1273 quam-

1275 1282 1392 1310 maxime
1414 1282 1564 1310 dubitatur.
1587 1283 1686 1312 Fertur
1709 1284 1794 1311 etiam

1275 1329 1406 1356 Barnabee
1413 1329 1543 1363 Epistola,
1554 1331 1717 1359 ctDoctrina
1730 1338 1793 1366 qua:

1275 1375 1379 1403 dicitur
1393 1373 1579 1409 apostolorum

483 1450 513 1480 S.
526 1451 690 1479 Athanasius
705 1452 733 1479 in
746 1451 860 1487 epistola
877 1451 1059 1484 Festali,tom.
1076 1451 1108 1485 ιι,
1121 1452 1185 1480 edit.
1200 1452 1305 1485 Parin,
1320 1460 1348 1488 p.
1366 1451 1412 1485 39,
1429 1452 1474 1480 40.
1504 1448 1510 1455 ’

201 1520 271 1548 Sunt
284 1525 311 1548 et
326 1520 372 1547 alii
389 1520 451 1547 libri
468 1523 566 1554 praeter
582 1519 651 1552 hos;
666 1526 722 1547 non
737 1519 847 1555 quidem
869 1527 954 1548 cano—
968 1525 990 1553 Β

1041 1521 1134 1548 Ἔστιν
1149 1521 1196 1548 καὶ
1209 1521 1290 1556 ἕτερα
1305 1519 1396 1555 βιὸλια
1408 1518 1510 1546 τούτων
1525 1518 1623 1552 ἔξωθεν
1634 1527 1643 1536 ·
1665 1519 1697 1546 οὐ
1716 1528 1795 1547 κανο-

164 1567 231 1600 r.ici,
247 1566 293 1594 sed
309 1574 379 1601 quos
394 1566 489 1593 Patres
512 1569 663 1593 sanxerunt
681 1565 732 1600 legi
750 1565 784 1594 iis
804 1566 851 1601 qui
872 1573 953 1594 accc.

163 1614 233 1642 dunt
243 1613 277 1641 ad
299 1613 390 1645 ﬁdem,
407 1612 577 1647 cupiuntque
597 1612 624 1639 in
645 1612 756 1647 pietatis
769 1612 854 1640 verbo
871 1612 952 1640 insti-

165 1660 203 1688 tui
216 1669 224 1688 :
237 1663 267 1687 ut
282 1658 422 1694 Sapientia
439 1658 611 1690 Salomonis,
628 1662 695 1692 etc.,
710 1662 737 1686 et
756 1666 818 1694 qua:
837 1663 952 1687 vocatur

165 1706 294 1733 Doctrina
305 1705 503 1741 apostolorum,
519 1707 546 1732 et
566 1704 673 1732 Pastor.
694 1705 833 1737 Attamen,
847 1705 949 1739 dilecti,

163 1759 226 1779 cum
246 1751 285 1778 illi
299 1751 426 1779 canonici
448 1751 514 1781 sint,
535 1750 564 1777 hi
584 1758 650 1778 vero
663 1750 797 1785 legantur,
813 1759 948 1786 nusquam

163 1797 197 1824 fit
224 1797 444 1833 apocryphorum
462 1797 578 1830 mentio;
601 1797 649 1825 sed
673 1800 738 1824 sunt
760 1797 949 1825 haereticorum

162 1847 358 1876 commentum,
374 1843 421 1878 qui
436 1850 468 1870 ea
493 1843 620 1870 scribunt
642 1844 752 1878 quando
770 1844 875 1875 volunt,
895 1844 950 1871 illis

162 1893 254 1916 autem
267 1889 418 1924 largiuntur
429 1892 456 1916 et
467 1888 599 1923 adjiciunt
609 1893 742 1924 tempora,
751 1897 807 1924 quo
820 1893 950 1924 tanquam

162 1935 275 1970 antiqua
287 1934 468 1970 proferentes,
483 1942 515 1962 ex
531 1942 563 1962 ea
585 1942 615 1962 re
635 1935 811 1963 occasionem
833 1935 951 1963 habeant

161 1981 314 2018 decipiendi
330 1981 456 2010 homines
469 1981 618 2018 simplices.

1003 1565 1129 1602 νιζόμενα
1150 1566 1209 1602 μὲν,
1231 1565 1409 1600 τετυπωμένα
1439 1564 1467 1591 δὲ
1490 1564 1566 1600 παρά
1582 1565 1638 1591 τῶν
1661 1565 1794 1601 Πατέρων

1002 1611 1237 1647 ἀναγινώσκεσθαι
1258 1613 1315 1644 τοῖς
1334 1611 1397 1647 ἄρτι
1417 1611 1647 1647 προσερχομένοις
1666 1611 1715 1637 καὶ
1734 1611 1795 1646 βου-

1001 1659 1125 1695 λομένοις
1144 1657 1320 1694 κατηχεϊσθαι
1333 1658 1379 1684 τὸν
1392 1657 1443 1693 τῆς
1461 1657 1601 1689 εὗσεὸείας
1617 1657 1697 1691 λόγον
1720 1665 1727 1673 ·
1748 1657 1794 1684 Σο-

1001 1706 1051 1740 φία
1078 1705 1258 1740 Σολομῶντος,
1277 1708 1344 1737 etc.,
1371 1704 1420 1731 καὶ
1435 1703 1536 1739 Διδαχὴ
1558 1703 1714 1738 καλουμένη
1737 1703 1793 1730 τῶν

1001 1750 1167 1783 ἀποστόλων,
1182 1750 1230 1777 καὶ
1247 1751 1261 1777 ὸ
1281 1749 1396 1786 Ποιμήν.
1412 1749 1467 1776 Καὶ
1480 1750 1564 1785 ὅμως,
1579 1749 1727 1785 ἀγαπητοὶ,
1742 1749 1792 1775 κά-

1000 1797 1097 1823 κείνων
1110 1795 1333 1831 κανονιζομένων,
1348 1796 1396 1822 καὶ
1407 1795 1509 1822 τούτων
1519 1794 1790 1830 ἀναγινωσκομένων,

1000 1842 1118 1877 οὐδαμοῦ
1144 1842 1198 1869 τῶν
1227 1841 1393 1877 ἁποκρύφων
1415 1841 1506 1877 μνήμη
1524 1849 1531 1857 ι
1552 1840 1620 1868 ἀλλὰ
1645 1840 1790 1876 αἱρετιχῶν

1001 1889 1075 1915 ἐστιν
1102 1887 1226 1920 ἐπίνοια,
1253 1887 1413 1923 γραφόντων
1436 1887 1484 1922 μὲν
1502 1887 1546 1913 ὅτε
1568 1886 1691 1914 θέλουσιν
1710 1886 1789 1918 αὐτὰ,

1000 1932 1186 1970 χαριζομένων
1196 1933 1224 1960 δὲ
1236 1933 1283 1960 καὶ
1293 1932 1490 1968 προστιθέντων
1505 1933 1596 1964 αὐτοῖς
1609 1933 1730 1968 χρόνους,
1746 1932 1790 1959 ἶνα

1000 1979 1039 2011 ὡς
1053 1978 1156 2006 παλαιὰ
1170 1979 1361 2014 προφέροντες,
1376 1978 1511 2014 πρόφασιν
1526 1978 1625 2013 ἔχωσιν
1637 1979 1743 2015 ἀπατᾷν
1756 1979 1789 2005 ὲκ

999 2025 1096 2052 τούτου
1108 2025 1172 2056 τοὺς
1186 2024 1341 2060 ἀκεραίους.

770 2112 804 2141 In
816 2112 931 2148 Synopsi
945 2121 1028 2141 sacra
1044 2111 1198 2147 Scriptura.

200 2181 300 2209 lterum
311 2182 374 2209 libri
383 2181 449 2209 Novi
458 2181 625 2210 Testamenti
634 2181 733 2217 quibus
739 2181 947 2214 contradicitur,
962 2185 985 2216 ο

1034 2180 1090 2216 Τῆς
1100 2179 1163 2212 νέας
1178 2179 1258 2206 πάλιν
1276 2177 1413 2215 Διαθήχης
1422 2177 1616 2213 ἁντιλεγόμενα
1628 2178 1727 2211 ταῦτα,
1736 2183 1788 2207 etc.

163 2233 228 2256 sunt
243 2228 338 2260 lii,etc.
353 2227 480 2255 Doctrina
493 2228 690 2263 apostolorum,
704 2227 873 2255 Clementina
892 2236 898 2254 :
914 2234 948 2254 ex

162 2275 262 2309 quibus
286 2274 391 2301 veriora
416 2277 442 2301 et
466 2281 481 2300 a
504 2273 560 2301 Deo
583 2274 724 2308 inspirata,
740 2273 826 2300 electa
841 2277 905 2301 sunt
917 2279 949 2300 ac

162 2320 307 2348 translata.
321 2319 384 2347 Haec
399 2322 463 2347 sunt
477 2327 538 2354 quae
554 2318 692 2355 leguntur,
706 2323 760 2347 etc.

1000 2225 1099 2262 Διδαχὴ
1114 2225 1281 2258 ἀποστόλων,
1296 2224 1455 2261 Κλημέντια
1469 2232 1477 2239 ·
1497 2223 1528 2257 ἐξ
1547 2220 1584 2251 ὧν
1606 2225 1791 2262 μεπφράσθη-

1002 2280 1052 2299 σαν
1065 2271 1210 2307 ἐκλεγέντα
1223 2272 1258 2298 τὰ
1271 2271 1440 2308 ἀληθέστερα
1449 2270 1497 2297 καὶ
1510 2270 1685 2298 θεόπνευστα”
1700 2271 1791 2298 Ταῦτα

1002 2318 1035 2345 τὰ
1049 2318 1299 2354 ἀναγινωσκόμενα,
1314 2321 1368 2346 etc.

706 2396 739 2424 S.
755 2395 935 2431 Epiphanius,
955 2395 1050 2424 limi-esi
1066 2395 1112 2429 ιδ,
1126 2404 1200 2424 nam.
1215 2395 1241 2424 5.

197 2463 269 2498 Quin
288 2468 315 2492 et
330 2465 445 2499 apostoli
472 2465 501 2492 in
525 2465 596 2493 libro
611 2465 655 2500 qui
678 2465 845 2492 Constitutio
866 2471 949 2491 voca-

161 2516 218 2544 tur,
235 2511 328 2539 aiunt:
345 2511 468 2539 Ecclesia
483 2512 619 2539 catholica
635 2516 678 2540 est
693 2512 741 2539 Dei
762 2511 894 2546 plnntatio
917 2517 950 2538 ac

162 2558 250 2585 vinea.
266 2557 350 2585 Locus
365 2562 452 2585 exstat
466 2558 542 2586 initio
556 2558 792 2586 Comtitutionum.

1042 2464 1121 2492 Ἀλλὰ
1134 2465 1182 2492 καὶ
1201 2465 1225 2492 ot
1247 2464 1391 2492 ἀπόστολοί
1411 2472 1494 2499 φασιν
1515 2464 1544 2491 ὲν
1564 2465 1597 2500 τῇ
1613 2463 1741 2497 Διατάξει
1758 2465 1789 2499 τῇ

999 2511 1166 2548 καλουμένῃ,
1188 2511 1231 2538 δτι
1246 2510 1344 2546 φυτεία
1363 2510 1430 2537 Θεοῦ
1449 2510 1497 2538 καὶ
1519 2509 1651 2546 ἀμπελὼν
1674 2512 1693 2547 ὴ
1714 2510 1789 2538 καθο-

998 2557 1062 2595 λικὴ
1083 2557 1239 2594 Ἐκκλησία.

821 2636 924 2665 Ηωτεεί
938 2636 982 2670 70,
999 2644 1072 2664 num.
1089 2635 1134 2664 i0.

197 2702 238 2730 Ad
254 2703 306 2731 hoc
320 2707 409 2731 autem
424 2704 504 2733 iidem
519 2704 636 2733 Audiani
653 2705 814 2741 detorquent
836 2710 945 2742 aposto-

161 2749 249 2777 lorum
274 2750 518 2786 Constitutionem;
540 2753 586 2788 qui
600 2752 710 2788 quidem
728 2753 796 2781 liber
815 2761 831 2780 ι
851 2753 946 2781 multis

162 2800 307 2824 revocatus
323 2797 349 2824 in
365 2797 488 2831 dubium,
505 2806 560 2826 non
575 2802 617 2827 est
631 2802 723 2827 tamen
737 2799 943 2834 improbandus.

162 2840 258 2870 Omnis
272 2843 374 2879 quippe
390 2845 540 2873 canonicus
556 2844 622 2873 ordo
645 2846 671 2874 in
686 2845 745 2881 ipso
767 2846 922 2874 continetur
936 2855 942 2878 ;

169 2891 192 2911 ‘1
205 2887 273 2916 nihil
288 2887 339 2918 [ide
353 2890 545 2927 adulteratum,
561 2900 650 2929 neque
671 2900 686 2920 a
699 2893 884 2926 confessione,
899 2900 946 2920 ne-
961 2931 965 2934 Ι

1033 2707 1082 2739 Εἰς
1100 2706 1179 2733 τοῦτο
1198 2705 1227 2732 δὲ
1247 2706 1272 2731 οι
1291 2704 1368 2731 αὐτοὶ
1390 2703 1515 2731 Αὺδιανοὶ
1536 2701 1728 2739 παραφέρουσι
1740 2701 1788 2738 τήν

998 2753 1051 2780 τῶν
1065 2752 1219 2780 ἀποστόλων
1230 2750 1367 2784 Διάταξιν,
1387 2748 1470 2777 οὖσαν
1496 2749 1545 2785 μὲν
1567 2750 1624 2780 τοῖς
1638 2748 1746 2780 πολλοῖς
1758 2749 1786 2774 ὲν

997 2798 1165 2834 ἀμφιλέκτῳ,
1187 2797 1247 2824 ἀλλ’
1271 2796 1322 2824 οὐκ
1340 2796 1478 2831 ἀδόκιμον.
1503 2795 1582 2822 Πᾶσα
1599 2793 1655 2829 γὰρ
1676 2793 1705 2819 ἐν
1719 2792 1783 2828 αὐτῇ

998 2844 1126 2880 κανονικὴ
1140 2843 1217 2875 τάξις
1237 2842 1396 2878 ἐμφέρεται,
1415 2842 1462 2868 καὶ
1483 2840 1559 2867 οὐδὲν
1576 2847 1784 2876 παρακεχαραγο

1001 2890 1080 2925 μένον
1093 2890 1141 2926 τῆς
1158 2890 1285 2922 πίστεως,
1300 2888 1360 2916 οὐδὲ
1373 2888 1421 2924 τῆς
1435 2883 1591 2923 ὁμολογίας,
1602 2885 1663 2913 οὐδὲ
1677 2886 1724 2922 τῆς
1738 2885 1781 2911 ἐκ·
