1884 3104
90 119 142 148 545

507 126 807 156 CONSTITUT-IGNES
823 128 1060 158 APOSTOLICE.
1076 145 1112 150 —
1132 128 1313 158 PROCEMIA.

1667 129 1721 158 tuo

91 177 294 215 ᾐησιαστικῆς
306 179 471 218 διοικήσεως,
484 185 532 212 καὶ
545 186 667 219 κανόνος,
685 188 732 215 καὶ
755 188 863 218 πίστεως

954 196 986 215 ue
999 188 1035 216 ab
1050 188 1236 217 ecclesiastica
1252 189 1500 221 administratione.
1515 193 1544 217 et
1559 196 1675 221 canone,
1689 197 1722 217 ac

88 225 125 251 Τὸ
140 225 172 252 δὲ
193 226 299 262 ῥητὸν,
316 227 363 262 ἀφ’
381 225 413 254 οὗ
432 228 545 264 γνώμην
558 229 739 265 λαμϐάνοντες
755 231 821 267 περὶ
834 231 883 259 τοῦ

88 271 193 307 Πάσχα.
205 273 305 306 κακῶς
319 275 570 311 παρερμηνεύουσιν
581 277 604 303 oi
619 277 822 313 προειρημένοι,
835 277 882 305 καὶ

87 318 250 351 ἀγνοοῦντες
265 319 366 356 ἑτέρως
380 321 627 357 ὑπολαμϐάνουσιν.
637 322 772 358 ὐρίζουσι
786 323 840 360 γὰρ
853 325 883 351 ὲν

88 364 118 398 τῇ
133 363 202 400 αὐτῇ
217 363 342 397 διατάξει
364 366 389 392 oi
410 366 564 400 ἀπόστολοι,
581 368 622 395 ὅτι
638 369 723 404 ὑμεῖς
731 368 774 404 μὴ
787 369 882 404 ψηφί-

87 407 162 442 ζητε,
175 410 261 437 ἀλλὰ
275 410 386 439 ποιεῖτε
399 411 472 439 ὅταν
483 415 509 440 ol
522 413 647 449 ἀδελφοί
656 414 741 450 ὑμῶν
750 415 779 442 ol
788 415 823 441 ἐκ
836 422 882 442 πε-

87 455 221 490 ριτομῆς·
232 458 302 491 μετ’
321 458 421 487 αὐτῶν
438 460 499 495 ἅμα
515 461 635 488 ποιεῖτε.
651 461 707 489 Καὶ
723 461 775 489 οὐκ
789 459 881 489 εἶπαν·

89 503 178 530 ὀταν
196 505 226 531 οἱ
245 504 375 540 ἀδελφοὶ
392 505 486 541 ὑμῶν,
509 508 536 534 al
556 506 591 533 ἐν
608 508 751 543 περιτομῇ
765 517 773 524 ο
788 509 857 536 ἀλλά
871 517 878 526 ’

87 550 112 576 οι
124 548 159 576 ἐκ
172 550 356 585 περιτομῆς·
367 551 410 578 ἵνα
421 551 527 585 δείξωσι
537 553 600 585 τοὺς
610 553 664 580 ἀπὸ
671 554 720 590 τῆς
730 556 880 591 περιτομῆς

86 595 123 626 είς
135 594 185 630 τὴν
207 595 377 632 Ἐκκλησίαν
393 597 577 633 μετελθόντας,
588 600 726 635 ἀρχηγοὺς
737 598 806 627 εἶναι
821 602 879 636 μετ’

86 640 185 668 ἐκεῖνον
205 642 255 669 τδν
280 643 386 679 χρόνον,
406 648 459 673 etc.
476 645 556 682 Παρά
567 647 623 678 τοῖς
637 646 794 678 ἀποστόλοις
807 647 835 674 δὲ
848 647 880 674 τὸ

87 687 163 722 ῥητὸν
176 687 219 714 δι’
233 689 362 724 ὁμόνοιαν
376 690 535 727 ἐμφέρεται,
549 691 587 723 ὡς
600 692 825 728 ἐπιμαρτυροῦσι,
839 692 880 720 λέ-

85 741 185 767 γοντες,
201 734 244 762 ὅτι
260 735 322 762 κάν
334 744 366 763 τε
378 737 564 771 πλανηθῶσι,
581 737 659 772 μηδὲ
672 738 743 773 ὑμῖν
752 739 877 773 μελέτω.

91 779 134 813 Ἐξ
142 781 233 808 αὐτῶν
243 781 274 808 δὲ
284 782 338 809 τῶν
348 783 436 810 ὲκετσε
449 783 602 820 εἰρημένων
612 783 702 820 ῥητῶν
712 784 728 820 ὴ
744 782 879 817 ἀντίθεσις

85 826 240 863 ὀφθήσεται.
257 828 395 855 Φάσκουσι
408 829 462 865 γὰρ
477 829 526 866 τὴν
540 829 693 866 ἀγρυπνίαν
707 829 810 866 φέρειν,
831 839 879 866 με·

86 873 216 905 σαζόντων
230 875 289 901 τῶν
308 874 441 911 ’Δζύμων.
457 875 494 902 οὺ
508 875 618 903 δύναται
627 875 655 903 δὲ
669 875 749 903 τοῦτο
762 876 878 904 πάντοτε

85 919 205 953 γενέσθαι
218 921 248 946 ὲν
263 922 299 956 τῇ
313 920 395 956 ψήφῳ
408 922 440 957 τῇ
455 921 679 957 ἐκκλησιαστικῇ.

894 860 915 889 Β

934 234 997 262 tlde.
1013 234 1100 262 Porro
1122 234 1236 268 dictum,
1252 243 1267 262 a
1294 242 1350 271 quo
1362 235 1527 263 sententiam
1541 234 1575 263 de
1586 233 1722 263 Paschate

933 280 1083 316 accipiunt,
1100 281 1222 316 praadicti
1239 281 1308 309 male
1322 281 1547 316 interpretantur,
1560 284 1587 308 et
1602 288 1650 315 per
1677 280 1721 307 in-

932 327 1039 354 scitiam
1056 327 1146 355 alieno
1159 335 1240 355 sensu
1256 331 1377 355 sumunt.
1394 327 1531 354 Deﬁniunt
1551 327 1622 354 enim
1642 327 1670 354 in
1687 334 1720 353 ea

932 373 1129 401 constitutione
1143 373 1258 408 apostoli
1276 383 1283 400 :
1305 373 1355 401 Vos
1370 374 1450 400 nolite
1465 378 1616 407 computare
1631 381 1662 399 ac
1674 372 1720 399 de-

932 426 1044 452 cernere,
1060 419 1104 447 sed
1121 425 1182 446 tunc
1196 420 1334 451 celebrate,
1351 419 1456 455 quando
1472 420 1569 454 fratres
1585 419 1663 446 vestri
1675 419 1719 454 qui

931 473 964 493 επ
985 467 1184 494 circumcisione
1194 470 1274 494 sunt:
1293 474 1352 492 cum
1377 465 1431 492 illis
1460 473 1513 492 una
1538 465 1663 499 peragite.
1686 464 1719 491 Ει

931 519 986 540 non
1004 512 1147 539 dixerunt:
1164 511 1276 545 Quando
1296 511 1394 546 fratres
1406 511 1496 542 vestri,
1509 511 1590 545 quiin
1605 511 1720 536 circum-

930 558 1028 585 uisione
1038 563 1109 590 sunt,
1123 559 1169 586 sed
1183 568 1190 586 :
1205 558 1256 591 Qui
1274 565 1306 585 ea:
1316 557 1516 585 circumcisione
1535 561 1614 587 sunt;
1631 559 1660 583 ut
1674 563 1719 583 os-

930 604 1083 636 tenderent.
1101 612 1148 632 eos
1164 604 1211 639 qui
1226 611 1259 631 ex
1281 603 1491 632 circumcisione
1515 603 1548 629 ad
1569 601 1718 629 Ecclesiam

929 651 1109 681 transierunt.
1124 650 1230 677 futuros
1245 655 1306 685 post
1320 649 1386 676 illud
1398 654 1506 684 tempus
1519 648 1603 675 duces
1624 651 1650 674 et
1673 655 1719 673 au-

930 701 1029 727 ctores.
1046 700 1098 724 etc.
1113 696 1190 730 Apud
1206 696 1344 731 apostolos
1365 703 1429 723 vero
1452 695 1554 722 dictum
1571 693 1636 721 illud
1653 701 1717 728 pro—

929 745 990 777 pter
1006 743 1181 770 concordiam
1206 743 1325 777 positum
1352 746 1406 773 est,
1425 739 1654 777 quemadmodum
1675 743 1718 766 te-

929 793 1037 816 stantur
1049 789 1091 816 bis
1113 789 1204 816 verbis
1221 797 1227 816 :
1246 788 1280 815 El
1302 788 1420 823 quamvis
1442 787 1573 818 aberrent,
1591 794 1622 813 ne
1646 785 1717 812 vobis

929 841 1000 861 ουτω
1014 834 1058 861 εει.
1075 834 1208 861 Caeterum
1221 843 1254 862 ex
1270 834 1383 862 vocibus
1398 834 1464 868 ipsis
1480 840 1540 868 quae
1552 832 1589 859 ibi
1606 831 1718 867 prolata:

931 885 1006 912 sunt,
1017 881 1153 914 oppositio
1164 885 1190 907 et
1204 880 1384 916 repugnantia
1396 879 1546 915 apparebit.
1560 878 1627 905 Nam
1640 878 1717 904 aiunt

931 926 1104 961 pervigilium
1127 927 1261 960 agendum
1285 933 1347 953 esse
1370 926 1397 952 in
1421 925 1510 952 medio
1539 926 1714 959 Azymorum.

87 964 139 993 iloc
153 970 258 998 autem,
273 966 303 994 in
320 967 506 994 ecclesiastica
520 971 672 1003 temporum
683 969 887 1004 supputatione,
906 970 964 998 lieri
973 976 1104 1007 perpetuo
1115 981 1168 1000 non
1184 976 1284 1008 potest.
1293 971 1360 1008 Lege
1372 971 1440 1007 quod
1459 971 1556 998 notabo
1565 970 1598 998 ad
1620 969 1712 998 Consl-

86 1016 178 1046 οροει..
194 1011 276 1045 lib.v,
290 1021 348 1048 cap.
363 1013 405 1046 l7,
417 1018 442 1040 et
457 1022 515 1048 cap.
534 1014 578 1043 i9.

810 1073 926 1102 Numero
941 1073 983 1101 11.

118 1138 232 1173 Λέγουσι
252 1139 311 1177 γὰρ
325 1141 351 1168 ot
369 1140 446 1168 αὐτοὶ
459 1140 613 1174 ἀπόστολοι,
633 1142 675 1170 ὃτι
688 1142 753 1170 ὅταν
775 1142 874 1170 ὲκεῖνοι

85 1183 247 1220 εὐωχῶνται,
263 1186 345 1222 ὑμεῖς
358 1187 533 1223 νηστεύοντες
549 1187 618 1224 ὑπὲρ
633 1188 722 1217 αὐτῶν
740 1188 873 1222 πενθεῖτε,

87 1230 123 1256 δτι
136 1231 165 1257 ὲν
177 1233 210 1267 τῇ
221 1232 318 1268 ἡμέρᾳ
333 1232 383 1268 τῆς
395 1233 494 1269 ἑορτῆς
507 1234 553 1260 τὸν
563 1235 678 1270 Χριστὸν
687 1235 871 1271 ἐσταύρωσαν·

87 1276 129 1302 καὶ
141 1277 204 1303 ὅταν
221 1278 303 1305 αὐτοὶ
317 1278 445 1312 πενθῶσι,
460 1279 494 1307 τὰ
514 1280 606 1317 ἄζυμα
623 1280 759 1314 ἐσθίοντες
775 1282 804 1308 ἐν
828 1289 874 1308 πι-

88 1321 179 1357 κρίσιν,
195 1324 276 1360 ὑμεῖς
290 1325 444 1361 εὐωχεῖσθε.

963 1142 1061 1170 Dicunt
1073 1142 1146 1170 enim
1162 1141 1244 1170 iidem
1261 1142 1393 1177 apostoli;
1410 1141 1521 1178 quando
1537 1140 1574 1168 illi
1596 1141 1712 1176 epulan-

925 1193 982 1222 tur,
998 1196 1047 1216 vos
1068 1188 1225 1223 jejunantes
1240 1196 1290 1223 pro
1315 1189 1382 1223 ipsis
1405 1188 1504 1223 lugete.
1530 1187 1658 1222 quoniam
1683 1187 1712 1214 in

925 1236 970 1263 die
985 1235 1142 1263 festivitatis
1164 1235 1304 1263 Christum
1325 1233 1522 1262 cruciﬁxerunt
1540 1243 1545 1261 :
1560 1238 1587 1262 et
1603 1233 1713 1269 quando

923 1283 963 1310 illi
981 1282 1082 1317 lugent,
1097 1290 1191 1317 azyma
1203 1282 1315 1310 edentes
1329 1289 1391 1308 cum
1407 1282 1522 1308 lactucis
1546 1280 1711 1316 agrestibus,

924 1336 974 1356 vos
988 1328 1149 1364 epulaniini.
1164 1327 1230 1364 Lege
1246 1327 1373 1360 Constit.,
1389 1327 1435 1355 lib.
1452 1335 1479 1359 ν,
1490 1335 1549 1362 cap.
1566 1327 1607 1355 15.

840 1403 954 1433 Ibidem.

118 1469 195 1503 Αὖθις
203 1472 296 1499 αὐτῶν
304 1471 448 1505 ἀκούοντες
454 1473 484 1500 ὲν
496 1474 530 1509 τῇ
544 1473 679 1506 Διατάξει,
693 1473 734 1500 ὅτι
747 1474 762 1500 ὁ
775 1473 863 1501 κακῶι

955 1471 1023 1500 Cum
1048 1471 1147 1500 iterum
1172 1471 1283 1500 eosdem
1318 1473 1457 1508 apostolos
1487 1472 1650 1504 audiamus,
1675 1471 1703 1499 in

89 1517 178 1598 ἔξτοῦ
187 1518 234 1554 τὴν
247 1518 338 1555 ψυχὴν
347 1519 376 1546 ὲν
392 1520 528 1556 κυριακῇ,
543 1520 743 1556 ὲπικατάρατός
757 1521 815 1547 ἐστι
828 1520 868 1557 τῷ

918 1518 1121 1546 Constitutione
1136 1518 1258 1546 dicentes
1270 1527 1278 1546 :
1289 1517 1341 1552 Qui
1354 1518 1447 1553 allligit
1457 1518 1575 1545 animam
1588 1525 1664 1545 suam
1681 1517 1709 1544 in

918 1565 1070 1597 Dominica,
1084 1565 1247 1592 maledictus
1262 1569 1306 1593 est
1325 1563 1393 1592 Deo.
1407 1563 1475 1599 Lege
1495 1563 1602 1598 Const,
1616 1562 1663 1590 lib.
1678 1571 1708 1595 ν,

919 1619 980 1647 cap.
993 1611 1039 1640 20.

799 1687 826 1715 Ν
828 1697 917 1716 umero
933 1690 977 1719 η.

120 1756 317 1793 Παρατηρεϊται
326 1757 379 1794 δὲή
397 1757 543 1793 Ἐκκλησία
557 1756 633 1791 ἄγειν
646 1755 695 1792 τὴν
709 1756 805 1793 ἑορτὴν
820 1756 868 1783 τοῦ

90 1801 186 1838 Πάσχα,
208 1803 334 1830 τουτέστι
349 1804 400 1840 τὴν
421 1803 557 1839 ἑϐδομάδα
576 1802 625 1838 τὴν
647 1803 803 1839 ὡρισμένην
821 1804 869 1831 καὶ

91 1849 137 1875 ἀπ’
150 1849 236 1876 αὐτῶν
255 1850 313 1877 τῶν
331 1849 488 1877 ἀποστόλων
498 1849 527 1876 ὲν
546 1849 579 1884 τῇ
596 1848 731 1881 Διατάξει,
742 1849 797 1876 ἀπὸ
806 1849 868 1875 δευ-

91 1895 164 1930 τέρας
176 1897 333 1929 Σαϐϐἀτων,
356 1897 423 1931 ὅπερ
437 1895 512 1924 ἐστὶν
528 1895 686 1932 ἀγορασμδς
700 1895 748 1923 τοῦ
762 1896 867 1933 προϐά-

92 1948 141 1969 του.

955 1757 1089 1785 Observat
1113 1760 1205 1784 autem
1230 1756 1364 1790 Ecclesia,
1390 1761 1418 1784 ut
1441 1756 1540 1784 festum
1564 1756 1710 1786 Pasebatis

918 1808 1041 1840 peragat,
1053 1804 1104 1832 hoc
1119 1808 1172 1836 est,
1195 1803 1391 1832 hebdomadam
1408 1803 1545 1830 decretam
1567 1804 1649 1831 etiam
1673 1805 1709 1832 ab

917 1850 985 1886 ipsis
998 1851 1130 1886 apostolis
1144 1851 1173 1878 in
1194 1850 1407 1882 Constitutione,
1431 1857 1445 1876 a
1459 1850 1579 1878 secunda
1603 1849 1708 1878 Sabba-

917 1900 1018 1929 torum,
1034 1897 1107 1932 quod
1123 1900 1166 1925 est
1182 1897 1285 1932 emptio
1299 1896 1372 1932 agni.
1389 1895 1481 1925 Const.
1503 1901 1600 1932 apart,
1617 1896 1663 1924 lib.
1677 1906 1706 1930 ν,

917 1950 978 1977 cap.
996 1942 1041 1976 15,
1061 1942 1106 1976 i5,
1118 1942 1166 1977 18,
1179 1942 1224 1972 19.

724 2019 829 2048 eresi
844 2020 889 2054 75,
905 2027 979 2048 num.
994 2023 1024 2049 δ.

123 2091 151 2117 El.
163 2091 190 2118 δὲ
201 2092 247 2119 καὶ
260 2091 315 2128 χρὴ
323 2091 411 2127 τὸτῆς
424 2090 576 2124 Διατάξεως
588 2090 643 2118 τῶν
660 2088 815 2117 ἀποστόλων
823 2087 865 2114 λέ-

94 2143 152 2169 γειν,
165 2137 220 2170 πῶς
240 2139 301 2165 ἐκεῖ
321 2138 451 2174 ὠρίζοντο
470 2137 585 2173 τετράδα
606 2136 654 2163 καὶ
672 2134 864 2171 Προσάϐὁατον

95 2183 204 2217 νηστείαν
218 2183 367 2220 (Usserius
380 2184 492 2219 corrigit
502 2203 510 2215 ,
524 2181 680 2218 νηστεύειν)
694 2180 739 2208 διὰ
752 2179 862 2210 παντδς,

952 2084 981 2114 Si
995 2093 1060 2114 vero
1080 2086 1163 2114 etiam
1176 2089 1284 2122 oportet
1297 2093 1330 2114 ex
1346 2084 1532 2120 apostolorum
1558 2084 1704 2113 Constitu-

916 2132 991 2160 tione
1006 2132 1096 2167 loqui;
1110 2140 1166 2168 quo
1181 2132 1262 2160 modo
1273 2131 1329 2159 illic
1344 2131 1508 2159 definierunt
1524 2131 1704 2167 jejunandum

915 2185 977 2206 esse
994 2181 1125 2214 perpetuo
1140 2182 1238 2213 quarta
1257 2177 1325 2206 feria
1348 2180 1376 2205 et
1394 2176 1572 2210 Prosabbato,
1592 2182 1704 2212 excepta

95 2229 167 2265 χωρὶς
183 2230 372 2267 Πεντηκοστῆς
379 2238 387 2245 ⁸
398 2230 445 2257 καὶ
459 2228 585 2265 περὶτῶν
594 2228 623 2260 ἓξ
633 2227 743 2264 ἡμερῶν
750 2225 797 2253 τοῦ
808 2225 863 2252 Πά-

954 2227 1091 2257 ntecoste;
1113 2228 1140 2251 et
1158 2223 1192 2251 de
1212 2231 1260 2250 sex
1282 2223 1379 2251 diebus
1400 2222 1555 2255 Paschalis,
1568 2223 1705 2258 quomodo

97 2281 149 2309 σχα,
164 2277 219 2309 πιῖις
237 2276 454 2313 παραγγέλλουσι
479 2275 561 2312 μηδὲν
582 2275 650 2306 ὅλως
671 2272 830 2308 λαμϐάνειν,
845 2272 861 2308 ἢ

96 2319 166 2355 dat-ou
178 2323 222 2349 καὶ
235 2323 299 2355 ἁλὸς
312 2322 360 2349 καὶ
376 2321 482 2354 ὕδατος,
501 2321 582 2347 ποίαν
595 2329 625 2347 τε
645 2319 753 2355 ἡμέραν
766 2318 842 2352 ἄγειν
854 2337 862 2349 ,

97 2365 145 2397 πῶς
157 2376 184 2393 τε
195 2368 319 2396 ἀπολύειν
333 2369 372 2401 είς
386 2367 593 2403 ὲπιφώσκουσαν
610 2365 762 2402 Κυριακὴν,
781 2373 863 2400 φανε-

98 2411 136 2445 ρόν
152 2413 212 2441 ἐστι.
229 2414 262 2442 Et
275 2414 366 2442 infra:
385 2413 452 2442 Εἶτα
475 2414 505 2440 δὲ
524 2414 549 2440 εἰ
570 2412 607 2448 μὴ
628 2411 693 2448 περὶ
711 2411 763 2446 τῆς
776 2410 862 2446 αὐτῆς

97 2455 231 2492 ὑποθέσεως
245 2460 380 2497 τετράδων
399 2461 446 2487 καὶ
457 2458 658 2495 Προσαϐϐάτων
672 2458 697 2484 οἱ
709 2457 787 2484 αὐτοὶ
794 2456 862 2483 ἀπό-

98 2502 172 2531 στολοι
183 2505 210 2532 ὲν
221 2508 253 2543 τῇ
268 2506 392 2539 Δωτάξει
401 2506 502 2540 ἔλεγον,
519 2504 567 2532 καὶ
583 2504 671 2535 ἄλλως
685 2503 717 2530 ὲκ
730 2501 862 2537 πανταχό-

98 2545 135 2574 θεν
146 2551 243 2587 εῐχομεν
264 2552 402 2585 ἀποδεῖξαι
419 2559 426 2567 '
448 2551 523 2587 ὅμως
540 2549 605 2584 περὶ
623 2548 718 2576 τούτου
740 2547 861 2583 ἀκριϐῶς

99 2594 222 2630 γράφουσι.

916 2271 1077 2306 praecipiunt
1089 2270 1158 2297 nihil
1173 2269 1287 2297 omnino
1300 2277 1418 2299 sumere.
1436 2273 1535 2305 praeter
1555 2277 1651 2305 panem
1676 2273 1704 2297 et

916 2317 999 2344 salem
1015 2319 1043 2344 et
1066 2324 1176 2352 aquam,
1201 2316 1363 2351 qualemque
1389 2315 1460 2343 dicm
1484 2323 1574 2351 agere,
1596 2320 1624 2343 et
1648 2323 1703 2350 quo

914 2367 995 2398 pacto
1008 2362 1142 2398 jejunium
1167 2356 1272 2390 Solvere
1298 2362 1324 2389 in
1349 2361 1523 2389 illucescente
1544 2361 1700 2392 Dominica;

914 2408 1089 2437 manifestum
1111 2411 1162 2436 est.
1186 2408 1218 2434 Et
1233 2408 1312 2443 paulo
1326 2412 1382 2441 post
1398 2415 1408 2434 :
1421 2407 1521 2435 Deinde
1534 2414 1607 2438 vero,
1626 2407 1649 2434 si
1667 2407 1702 2433 de

913 2454 1008 2482 eodem
1034 2457 1196 2489 argumento
1223 2453 1386 2486 Quartarum
1411 2457 1439 2481 ct
1469 2451 1699 2480 Prosabbatorum

912 2499 994 2528 iidem
1007 2499 1123 2534 apostoli
1137 2500 1164 2527 in
1175 2499 1377 2528 Conslitutionc
1387 2507 1441 2526 non
1454 2498 1588 2526 dixissent
1599 2507 1606 2531 ;
1617 2498 1699 2525 etiam

910 2545 990 2573 aliter
1001 2545 1120 2580 undique
1133 2552 1277 2580 possemus
1288 2545 1477 2571 demonstrare
1488 2553 1493 2571 :
1503 2551 1656 2579 quanquam
1667 2551 1699 2570 ca

910 2589 944 2617 de
955 2598 985 2618 re
1000 2594 1128 2618 accurate
1141 2590 1276 2618 scribunt.
1299 2589 1366 2626 Lege
1388 2589 1514 2621 Constit.,
1529 2589 1574 2616 lib.
1595 2597 1621 2620 ν,
1639 2596 1698 2622 cap.

911 2637 955 2669 15,
968 2637 1020 2671 20;
1039 2637 1084 2665 lib.
1100 2644 1148 2670 vu,
1163 2643 1220 2671 cap.
1229 2635 1282 2669 23;
1298 2636 1344 2663 lib.
1355 2644 1382 2669 ν,
1398 2643 1457 2671 cap.
1474 2635 1518 2668 15,
1536 2634 1581 2667 15,
1599 2634 1695 2665 18,19.

716 2716 818 2744 Ηωτεδί
831 2716 876 2748 80,
892 2724 965 2744 num.
987 2716 1013 2744 7.

116 2772 175 2822 ,Καὶ
193 2778 250 2813 περὶ
273 2778 323 2814 μὲν
336 2776 383 2805 οὖν
404 2777 451 2804 τοῦ
471 2777 574 2812 γενείου
591 2777 620 2803 ὲν
636 2777 696 2808 ταῖς
716 2774 857 2808 Διατότξεσι

100 2819 144 2859 τῶν
156 2819 296 2851 ἀποστόλων
313 2823 412 2859 φάσκει
430 2823 444 2850 ὁ
460 2822 530 2855 θεῖος
543 2822 621 2856 λόγος
635 2822 682 2849 καὶ
696 2822 712 2857 ἠ
731 2821 858 2848 διδασκα-

101 2858 137 2887 λία
150 2863 182 2900 μὴ
198 2858 452 2906 φθείρειν,ντουτὲστι
462 2869 499 2906 μὴ
512 2868 619 2904 τέμνειν
634 2868 729 2904 τρίχας
743 2867 856 2903 γενείου,

946 2773 980 2801 Ει
993 2773 1103 2808 quidem
1115 2773 1148 2801 de
1161 2773 1257 2805 barba,
1275 2773 1303 2800 in
1318 2771 1567 2800 Constitutionibns
1587 2772 1692 2804 aposto-

910 2820 998 2847 lorum
1010 2819 1048 2846 ait
1058 2819 1168 2847 divinus
1180 2826 1281 2852 sermo,
1297 2822 1324 2846 et
1336 2818 1462 2845 doctrina
1477 2827 1483 2844 :
1501 2824 1555 2844 non
1571 2821 1696 2842 corrum-

910 2866 1013 2902 pcndos
1025 2874 1097 2900 esse,
1113 2866 1164 2894 hoc
1177 2871 1230 2898 est,
1252 2873 1308 2893 non
1321 2871 1383 2893 esse
1396 2863 1529 2892 secandus
1544 2861 1616 2897 pilos
1629 2860 1694 2888 har-
