1884 3104
196 115 249 144 ῦὸἹ

652 118 681 147 S.
697 118 896 148 CLEMENTIS
911 119 921 148 l
938 118 1022 150 BOI.
1039 119 1140 150 PONT.
1158 120 1272 153 OPERA
1289 119 1403 151 ηοω.

1771 119 1826 149 548

196 173 248 206 be,
260 178 353 209 neque
366 175 554 211 usurpandum
568 178 753 206 meretricium
772 183 899 207 ornatum
910 199 917 212 ,
933 187 981 208 ne-
994 185 1018 214 Α
1032 188 1056 216 μτ

1056 179 1099 216 ηδὲ
1125 179 1276 216 ἑταιρισμῷ
1305 178 1520 215 κατακομεῖσθαι
1537 197 1545 211 ,
1576 178 1646 214 μήτε
1676 177 1827 213 ὑπερηφα-

194 227 249 255 que
261 219 361 248 debere
373 220 487 256 iustitia:
501 222 640 251 incessum
652 225 786 260 superbiae
801 228 920 261 speciem
935 225 981 253 ha-

195 264 270 294 bere.
285 265 411 300 ϐοηθῶ..
427 267 474 295 lib.
492 275 513 301 ι,
527 276 585 303 cap.
597 269 624 297 3.

1032 227 1092 259 νίας
1115 227 1266 263 ὑπόδειγμα
1285 225 1456 261 δικαιοσύνης
1475 225 1525 261 τὴν
1545 225 1724 261 «pacatum
1737 224 1824 260 ἔχειν.

407 325 603 361 AuctorOperis
618 327 762 363 imperfecti
777 329 805 356 in
818 328 986 364 Manlianum,
1003 328 1073 364 apud
1088 328 1118 357 S.
1135 328 1362 365 Chrysostomum.
1376 328 1418 356 Αιί
1429 327 1526 356 Matth.
1541 337 1579 362 νι,
1595 328 1621 356 3.

230 390 317 419 Aliter
330 397 406 420 certe
426 393 498 422 sicut
511 394 629 430 apostoli
645 395 860 431 interpretantur
874 396 903 424 in
929 396 999 424 libro
1013 395 1168 430 Canonum,
1182 397 1229 433 qui
1243 401 1286 426 est
1300 397 1335 425 de
1354 395 1509 433 episcopis;
1525 396 1621 424 dextra
1643 400 1688 424 est
1701 396 1823 431 populus

194 434 379 470 Christianus,
393 440 441 474 qui
458 444 500 468 est
516 441 550 468 ad
564 442 688 469 dextram
706 440 826 476 Christi;
840 442 953 471 sinistra
968 446 1070 475 autem,
1085 444 1175 471 omnis
1192 444 1321 479 populus,
1334 443 1382 479 qui
1396 449 1441 472 est
1460 443 1495 471 ad
1510 443 1666 472 sinistram.
1681 441 1742 470 Hoc
1754 450 1822 478 ergo

194 482 262 510 dicit
277 493 283 511 :
300 483 338 512 Ne
350 485 537 514 Christianum
551 487 697 515 facientem
711 488 922 524 eleemosynam,
936 489 983 524 qui
999 493 1042 517 est
1054 488 1162 523 dextra,
1178 489 1298 518 inﬁdelis
1311 490 1440 526 aspiciat,
1456 490 1504 525 qui
1517 493 1561 518 est
1589 489 1718 517 sinistra.
1733 488 1820 517 Chri-

194 529 302 558 stianus
316 535 405 559 autem
421 532 446 560 si
460 533 647 561 Christianum
661 534 761 562 viderit
774 535 962 571 eleemosynas
979 535 1134 570 facientem,
1150 544 1206 565 non
1217 541 1260 566 est
1270 541 1367 566 contra
1379 536 1483 566 Christi
1497 540 1675 573 praceptum,
1686 537 1820 573 quoniam

194 577 274 605 ambo
289 576 385 606 dextra
398 583 472 607 sunt.
494 580 557 608 Vide
569 580 633 610 Not.
648 581 683 609 ad
699 581 790 610 Const.
807 589 862 616 ορ..
878 582 924 610 lib.
942 590 984 616 ιιι,
1000 591 1024 611 c.
1041 582 1083 612 Η.

844 659 883 686 Ad
899 659 997 688 lauit.
1011 667 1077 694 xxv,
1093 659 1138 688 18.

229 734 281 768 Qui
296 735 478 763 ministerium
493 743 573 764 suum
588 736 656 765 bene
670 743 913 771 consummaverit.
929 743 1042 775 apparet
1057 746 1121 775 quia
1135 747 1168 768 ex
1184 739 1240 768 Deo
1260 740 1348 769 fuerat
1367 741 1526 776 ordinatus;
1541 742 1589 778 qui
1620 746 1716 770 autem
1734 741 1816 769 mini-

193 781 306 808 sterium
319 789 397 809 suum
406 789 461 809 non
473 781 542 810 bene
555 783 795 814 consummaverit,
802 791 836 810 el
845 783 1002 812 hominibus
1013 784 1156 814 ordinatus
1171 789 1223 814 est.
1229 785 1290 819 Quo
1299 786 1380 814 modo
1389 790 1479 814 autem
1493 787 1604 822 quidam
1614 786 1777 815 sacerdotes
1785 794 1817 815 ex

194 827 351 857 hominibus
363 829 537 862 ordinantur,
550 830 694 858 manifeste
708 830 735 857 in
747 830 818 858 libro
831 833 928 858 octavo
939 829 1081 859 Canonum
1093 833 1277 867 apostolorum
1294 833 1405 862 dicitur.
1421 833 1473 868 Qui
1491 838 1580 862 autem
1600 842 1636 863 ex
1657 834 1818 863 hominibus

192 874 336 904 ordinatus
350 879 403 908 est,
417 880 552 912 quantum
564 877 598 904 ad
614 876 699 905 Deum
716 885 769 905 non
783 881 828 906 est
841 877 974 906 diaconus
984 882 1033 905 aut
1047 879 1186 907 sacerdos.
1201 878 1328 913 Constit.,
1341 879 1387 908 lib.
1401 887 1461 914 vm,
1474 888 1533 916 cap.
1548 880 1576 909 2.

585 953 732 988 "minus,
744 955 773 982 in
786 955 926 990 epistolam
940 962 1061 985 octavam
1075 956 1206 993 Dionysii,
1221 962 1281 992 post
1292 956 1418 986 "mdium.

227 1032 312 1060 Porro
323 1032 350 1060 in
364 1033 451 1061 sacris
460 1033 642 1062 institutorem
652 1037 732 1062 vocat
743 1035 851 1063 beatum
866 1039 977 1071 aposto-
993 1042 1015 1072 Β

191 1079 247 1106 ιυιιι
263 1079 388 1111 Paulum,
403 1084 432 1106 ut
445 1087 506 1107 eum
522 1080 568 1115 qui
580 1080 669 1116 ipsum
680 1080 854 1109 ordinaverat
869 1081 896 1109 in
909 1090 978 1118 pon-

191 1126 323 1152 tiﬁcatum
349 1125 477 1153 Ecclesiae
508 1125 706 1159 Atheniensis,
732 1127 805 1155 sicut
832 1127 860 1154 in
889 1128 978 1156 sacris

190 1172 377 1206 apostolorum
390 1171 638 1201 Constitutionibus
650 1174 782 1208 scriptum
792 1177 845 1202 est.
854 1172 915 1201 Lib.
927 1181 976 1207 vu,

190 1225 249 1252 cap.
261 1218 306 1245 46.

1069 1036 1216 1073 Ἱεροθέτην
1236 1036 1264 1064 δὲ
1280 1037 1356 1065 καλεῖ
1375 1036 1421 1064 τδν
1443 1036 1519 1072 ἀγιον
1534 1037 1684 1065 ἀπόστολον
1698 1038 1815 1073 Παῦλον.

1027 1081 1066 1114 ὡς
1083 1083 1308 1118 χειροτονήσαντα
1322 1083 1396 1119 αὐτῷ
1409 1082 1458 1119 τὴν
1472 1084 1676 1120 ἀρχιερωσύνην
1690 1086 1743 1122 τῆς
1758 1087 1816 1115 Ἑκ-

1028 1129 1142 1165 κλησίας
1154 1129 1208 1157 τῶν
1229 1129 1359 1165 ΙΔθηνῶν,
1370 1129 1461 1162 καθὼς
1474 1131 1503 1157 ὲν
1512 1131 1572 1162 ταῖς
1584 1131 1671 1167 ίεραῖς
1680 1132 1737 1159 τῶν
1749 1133 1815 1160 ἀπο-

1028 1175 1128 1203 στόλων
1135 1176 1289 1212 γέγραπται
1302 1176 1452 1210 διαταγαῐς.
1468 1175 1539 1212 Ιιοεο
1550 1177 1585 1205 ad
1599 1184 1662 1214 cap.
1674 1178 1703 1212 2,
1717 1176 1758 1205 De
1768 1174 1814 1204 Εερ

1027 1218 1090 1248 ales.
1103 1219 1248 1256 hiemum,
1260 1226 1287 1250 et
1298 1221 1326 1249 in
1341 1220 1466 1257 Prologo.

192 1295 343 1325 Timotheus
357 1296 505 1333 presbyter,
519 1302 638 1326 tractatu
650 1297 682 1326 de
693 1297 726 1325 iis
741 1296 787 1333 qui
807 1298 934 1360 afceduztt
953 1297 1206 1362 adchclezisasz‘n
1219 1300 1344 1327 Auctario
1355 1299 1526 1328 Bibliotheca
1548 1297 1664 1326 Patrum
1680 1298 1810 1334 Combeﬁ-

802 1341 890 1362 stano.
917 1342 972 1361 om.
1011 1353 1019 1362 .
1043 1341 1069 1362 ν.
1187 1353 1195 1362 .

802 1341 890 1366 ειιιιιο,
907 1341 972 1361 tom.
987 1341 1019 1367 ιι,
1043 1341 1069 1368 ρ.
1084 1341 1138 1362 eoo
1161 1341 1195 1362 υ.

226 1410 295 1438 Audi
318 1410 505 1446 apostolorum
526 1410 632 1439 verba:
652 1410 761 1445 Videte,
776 1416 831 1440 etc.
845 1410 972 1445 συνίει..

190 1455 237 1483 lib.
253 1464 291 1489 vI.
307 1464 365 1492 cap.
381 1455 427 1486 i6.

1063 1413 1163 1440 Ἀκουε
1187 1413 1243 1440 τῶν
1263 1412 1466 1441 ἀποστολικῶνο
1497 1413 1594 1451 Ὁρᾶτε
1619 1414 1655 1441 τὰ
1682 1414 1737 1441 ἐπ’
1761 1413 1810 1442 όνό·

1028 1467 1104 1495 ματι,
1118 1463 1172 1487 etc.

790 1537 884 1566 Conon
898 1537 1045 1566 Trullaan
1059 1538 1199 1566 secundus.

223 1625 331 1654 Placuit
345 1628 435 1654 autem
455 1629 483 1654 et
505 1625 558 1654 hoc
575 1629 679 1654 sanctae
703 1626 768 1654 huic
790 1625 894 1662 synodo
914 1625 975 1661 pul-

188 1672 324 1700 cherrime
338 1679 370 1700 ac
385 1672 496 1708 optime,
509 1676 539 1700 ut
554 1672 588 1701 ab
605 1673 658 1700 hoc
671 1676 793 1708 tempore
809 1672 878 1700 llrmi
893 1671 975 1700 stabi-

1063 1625 1156 1658 Ἔδοξε
1169 1624 1197 1652 δὲ
1211 1625 1259 1652 καὶ
1271 1624 1351 1652 τοῦτο
1363 1626 1398 1662 τῇ
1413 1625 1479 1662 ἀγίᾳ.
1498 1625 1586 1664 ταύτῃ
1607 1626 1712 1663 συνόδῳ
1725 1627 1810 1654 κάλλι-

1027 1672 1078 1699 στά
1091 1681 1120 1699 τε
1134 1670 1182 1699 καὶ
1205 1672 1400 1700 σπουδαιότατα
1410 1691 1417 1705 ,
1438 1672 1507 1699 ὥστε
1523 1673 1614 1709 μένειν
1627 1674 1676 1700 καὶ
1698 1674 1753 1701 ἀπὸ
1767 1674 1809 1701 τοῦ

187 1719 284 1754 lesque
298 1722 425 1747 maneant
438 1719 471 1747 ad
487 1719 641 1747 animarum
663 1719 796 1747 medelam
815 1723 843 1747 et
865 1722 973 1754 pertur-
986 1713 1007 1743 C
1024 1718 1055 1745 νῦ

1057 1727 1071 1745 ν
1093 1717 1228 1754 βεϐαίους,
1248 1718 1296 1745 καὶ
1317 1718 1448 1754 ἀσφαλεῖς
1469 1718 1538 1755 πρὸς
1557 1719 1651 1755 ψυχῶν
1666 1719 1810 1756 θεραπείαν

186 1764 328 1793 bationum
351 1766 531 1799 curationem,
546 1765 685 1801 octoginta
700 1765 821 1801 quinque
841 1772 971 1796 canones,

186 1811 285 1839 sanciti
308 1818 323 1838 a
352 1811 456 1840 sanctis
478 1816 506 1840 et
526 1811 654 1847 gloriosis
677 1810 818 1847 apostolis,
833 1810 880 1846 qui
903 1818 973 1846 prte-

186 1861 330 1886 cesserunt
356 1866 416 1886 nos.
431 1858 566 1891 Quoniam
587 1861 677 1885 autem
695 1858 723 1886 in
743 1857 797 1886 illis
819 1856 972 1886 canonibus

186 1910 352 1941 praeceptum
372 1909 424 1937 est,
440 1909 471 1932 ut
495 1904 661 1940 recipiamus
682 1903 841 1932 eorumdem
861 1907 973 1931 sancto-

187 1959 248 1979 rum
269 1951 455 1987 apostolorum
480 1959 529 1986 per
555 1950 722 1980 Clementem
751 1950 971 1981 constitutiones,

186 1998 287 2033 quibus
297 1998 354 2032 jam
373 1997 438 2025 olim
462 1998 497 2025 ab
516 1997 690 2025 heterodoxis
711 1996 745 2024 ad
760 1996 889 2024 Ecclesia:
911 2003 974 2031 per-

187 2044 287 2071 niciem
302 2044 406 2072 inserta
429 2047 494 2071 sunt
507 2044 630 2079 quaedam
659 2043 813 2071 adulterina
838 2046 866 2070 et
883 2042 973 2069 aliena

186 2097 202 2116 a
231 2089 348 2124 pietate,
377 2097 438 2125 quae
464 2089 612 2125 elegantem
639 2096 672 2117 ac
696 2089 824 2116 decoram
852 2088 971 2123 speciem

185 2135 341 2163 divinorum
377 2135 532 2171 dogmatum
576 2135 657 2163 nobis
691 2135 886 2167 obscurarum;
922 2133 972 2161 has

185 2181 394 2209 constitutiones
427 2181 636 2209 conducibiliter
673 2181 707 2208 ad
743 2179 972 2208 Christianissimi

185 2227 276 2262 gregis
302 2227 508 2255 aediﬁcationem
535 2235 568 2255 ac
598 2227 791 2259 securitatem,
809 2226 970 2261 rejecimus;

185 2273 320 2301 ἣπτοιίοκ
340 2273 468 2301 falsitatis
488 2273 560 2301 fetus
581 2280 752 2309 nequaquam
774 2272 971 2304 immiscentes,

1023 1764 1070 1791 καὶ
1085 1763 1204 1800 ἰατρείαν
1219 1764 1323 1796 παθῶν,
1337 1765 1400 1796 τοὺς
1419 1765 1472 1791 ὑπὸ
1485 1765 1539 1791 τῶν
1562 1765 1615 1801 πρὸ
1628 1765 1709 1801 ἡμῶν
1731 1766 1810 1800 ἁγίων

1023 1810 1070 1836 καὶ
1089 1809 1200 1842 ἐνδόξων
1223 1809 1378 1837 ἀποστόλων
1398 1809 1562 1846 ὁγδοήκοντα
1584 1811 1666 1838 πέντε
1687 1812 1808 1843 κανόνας.

1029 1854 1136 1891 Ἐπειδὴ
1149 1855 1178 1882 δι
1200 1855 1229 1882 ὲν
1251 1855 1355 1888 τούτοις
1367 1857 1424 1888 τοῖς
1437 1856 1547 1883 κανόσιν
1569 1856 1728 1884 ἐντέταλται
1741 1857 1811 1892 δέχε-

1023 1902 1086 1930 σθαι
1098 1902 1183 1939 ἡμᾶς,
1197 1901 1247 1934 τὰς
1261 1902 1315 1929 τῶν
1328 1902 1417 1929 αὐτῶν
1426 1903 1511 1937 ἀγίων
1519 1902 1680 1929 ἀποστόλων
1687 1902 1732 1929 διὰ
1741 1903 1810 1938 Κλή-

1024 1957 1118 1984 μεντος
1129 1947 1271 1981 διατάξειςι
1287 1946 1331 1980 αἷς
1344 1956 1398 1975 τισι
1418 1948 1501 1975 πάλαι
1518 1948 1570 1975 ὑπὸ
1583 1949 1639 1976 τῶν
1652 1949 1810 1984 ἑτεροδόξων

1021 1995 1069 2022 ἐπὶ
1087 1995 1170 2032 λοίμῃ
1189 1994 1240 2030 τῆς
1268 1994 1438 2030 Ἑκκλησίας,
1453 1994 1518 2022 νόθα
1532 1994 1592 2022 τινὰ
1615 1995 1664 2022 καὶ
1679 1995 1744 2027 ξένα
1764 1995 1810 2030 τῆς

1029 2041 1191 2076 Ἐκκλησίας
1199 2041 1263 2062 ⁷¹-³⁹
1273 2040 1493 2078 παρενετωησαν
1502 2060 1510 2073 ,
1518 2041 1549 2067 τὺ
1557 2041 1696 2076 εὐπρεπὲς
1716 2041 1809 2074 κάλλος

1021 2087 1076 2114 τῶν
1090 2087 1170 2114 θείων
1182 2087 1324 2123 δογμάτων
1349 2088 1416 2123 ἡμῖν
1442 2087 1654 2123 ἀμαυρώσαντα,
1683 2087 1734 2124 τὴν
1759 2089 1808 2115 τῶν

1021 2133 1148 2160 τοιούτων
1158 2132 1303 2165 διατάξεων
1311 2133 1472 2169 προσφόρως
1480 2133 1615 2169 ἀποϐολὴν
1625 2134 1806 2170 πεποιήμεθα,

1022 2179 1090 2216 πρὸς
1102 2179 1151 2215 τὴν
1165 2179 1212 2206 τοῦ
1233 2179 1496 2215 Χριστιανικωτάτου
1518 2180 1644 2215 ποιμνίου
1667 2180 1806 2217 οἰκοδομὴν

1022 2226 1069 2253 καὶ
1082 2226 1240 2261 ἀσφάλειαν,
1255 2225 1380 2262 οὐδαμῶς
1394 2225 1563 2262 ἐγκρίνοντες
1583 2226 1618 2253 τὰ
1637 2226 1690 2262 τῆς
1710 2227 1805 2263 αίρετι-

1021 2271 1074 2307 κῆς
1086 2271 1262 2307 ψευδολογίας
1275 2272 1404 2308 κυήματα
1413 2292 1421 2304 ,
1437 2272 1484 2299 καὶ
1505 2273 1538 2308 τῇ
1559 2274 1661 2310 γνησίᾳ
1675 2274 1730 2301 τῶν
1744 2275 1804 2301 ἀπο-

186 2323 213 2347 et
227 2328 362 2355 germana:
375 2328 407 2348 ac
425 2321 537 2358 integra:
551 2321 738 2357 apostolorum
753 2319 884 2348 doctrinae
902 2319 973 2348 inse-
983 2321 1008 2352 ι)
1022 2326 1056 2345 στι

1056 2318 1121 2345 όλων
1135 2318 1183 2345 καὶ
1195 2317 1335 2354 ὁλοκλήρῳ
1343 2318 1436 2355 διδαχῇ
1452 2320 1670 2355 παρενείροντες,
1686 2324 1739 2348 etc.

185 2369 288 2399 rentes,
303 2371 357 2395 etc.

295 2423 322 2451 Ν
324 2423 460 2458 icepltorus
475 2422 784 2458 Constantinopolitanus
796 2421 959 2457 patriarcha,
978 2421 1006 2448 in
1016 2421 1068 2457 [ine
1081 2420 1274 2456 Chronologiat.
1291 2420 1335 2447 ubi
1349 2420 1382 2447 de
1394 2420 1469 2448 libris
1489 2420 1704 2455 Scriptararum.

303 2501 346 2529 Ex
359 2501 475 2528 versione
488 2499 625 2528 Anastasii
639 2498 848 2527 Bibliothecarli.

219 2548 252 2576 Et
267 2556 328 2584 quae
346 2547 415 2574 Novi
433 2545 622 2582 (Testamenti)
647 2549 712 2574 sunt
733 2544 896 2580 apocrypha,
913 2548 966 2572 etc.

183 2595 312 2622 Doctrina
328 2593 526 2629 apostolorum,
539 2599 635 2621 versus
644 2592 709 2624 τοι),
724 2595 776 2619 etc.

1054 2543 1109 2571 Καὶ
1128 2543 1179 2571 ὅσα
1198 2544 1249 2579 τῆς
1265 2543 1339 2576 Νέας
1365 2544 1433 2572 εἰσὶν
1453 2544 1610 2582 ἀπόκρυφα,
1632 2551 1687 2575 etc.
1711 2547 1799 2585 Διδαχή

1024 2589 1175 2618 ἀποστόλων
1186 2598 1193 2606 ·
1209 2591 1294 2626 στίχοι
1309 2594 1331 2617 σθ
1345 2591 1378 2624 ⁵⁸,
1394 2598 1446 2619 etc.

723 2649 846 2681 Photius,
862 2647 1030 2676 Bibliothecce
1053 2647 1112 2677 cod.
1127 2654 1194 2678 cxu,
1209 2653 1286 2675 cxm.

217 2708 299 2738 Lecta
321 2711 386 2736 sunt
409 2707 558 2737 Clementis
573 2707 687 2735 Romani
703 2707 758 2734 duo
777 2706 916 2734 volumina
931 2706 967 2734 li-

1059 2705 1228 2741 Ἀνεγνὼσθη
1241 2705 1399 2741 Κλήμεντος
1410 2705 1458 2733 τοῦ
1477 2706 1586 2743 Ῥώμης
1598 2707 1683 2744 τεύχη
1699 2708 1796 2744 sint.»

183 2754 310 2788 brorum;
325 2762 442 2790 quorum
467 2754 545 2781 alteri
571 2753 668 2781 titulus
689 2756 742 2785 est,
762 2751 967 2780 Constitutiones
1019 2752 1056 2779 δός

1056 2761 1066 2779 ο
1075 2761 1082 2768 ·
1096 2749 1134 2780 ὢν
1148 2752 1179 2779 τὸ
1191 2753 1239 2788 μὲν
1249 2752 1441 2788 ἐπιγράφεται,
1454 2754 1593 2788 Διαταταὶ
1603 2753 1664 2781 τῶν
1676 2754 1795 2782 ἀποστόι

185 2800 366 2836 apostolorum
376 2807 422 2835 per
435 2799 609 2831 Clementem;
623 2799 650 2827 in
662 2807 716 2835 quo
729 2799 811 2827 etiam
826 2798 968 2827 continen-
1019 2800 1056 2826 λιι

1056 2806 1082 2826 ιν
1090 2798 1139 2827 διὰ
1148 2798 1331 2835 Κλήμεντος,
1342 2799 1371 2826 ὲν
1381 2796 1403 2834 ᾧ
1411 2798 1458 2826 καὶ
1470 2800 1495 2826 οί
1509 2799 1562 2827 τῶν
1577 2800 1723 2829 συναδικῶν
1728 2800 1794 2829 κανό-

217 2858 240 2875 "
254 2858 278 2874 "
292 2858 320 2886 al
343 2857 492 2890 εὐσεϐείας.
528 2858 549 2874 ⁸⁸
562 2858 596 2886 al.
614 2867 653 2895 5,
