1884 3104
67 140 116 169 N9

492 135 790 165 CONSTiTUTiONES
808 134 1046 164 APOSTOLICAS.
1065 149 1100 155 -—
1113 132 1294 163 Ριιοαεδιιλ.

1633 131 1687 161 550

67 206 115 225 νων
127 192 342 232 τῷἀθροίσματι
361 193 415 222 τῶν
435 193 591 221 ἀποστόλων
605 193 717 226 κανόνες
737 194 811 230 tum

942 192 995 220 illi
1010 194 1141 225 canones,
1155 191 1203 226 qui
1218 191 1290 218 inter
1310 188 1455 225 synodicae
1476 188 1560 217 ccetul
1575 192 1686 224 aposto-

68 243 169 278 φόμξνοι
191 241 373 277 περιέχονται.
394 239 430 267 Et
449 239 520 267 infra
542 247 548 265 :
565 239 597 266 Ai
618 239 646 266 δέ
667 248 699 274 γε
712 239 845 274 Arata-{at

67 289 132 324 τρισὶ
145 287 235 323 μόνοις
247 287 372 314 δοκοῦσιν
385 286 539 322 ἐνέχεσθαιο
550 286 748 322 κακοπλαστίᾳ,
764 286 797 321 ἥν
813 286 845 312 οὐ

67 333 173 370 χαλεπὸν
192 332 434 360 ἀποσκευάσασθαι
447 340 454 348 ·
470 333 518 360 καὶ
530 332 571 358 ὅτι
590 332 638 359 καὶ
650 331 697 358 τοῦ
720 332 847 367 Δευτερο-

67 379 151 415 νομίω
165 378 259 415 ὕϐρεις
273 378 348 410 τινὰς
362 378 508 414 ἐπαφίησιν
516 378 549 410 δ’,
558 377 608 405 ἃδί
621 377 668 404 καὶ
683 378 780 414 ῥᾷστον
792 377 850 403 δια-

67 425 204 453 λύσασθαι·
234 425 286 452 καὶ
312 425 351 452 ἔτι
373 424 567 460 ’Δρειανισμῷ,
593 424 662 460 ὅπερ
686 425 719 452 ἀν
741 432 783 456 τις
802 424 850 451 καὶ

69 472 152 508 βιαίως
171 471 373 507 διακρούσαιτο.
395 472 428 498 Ἦ
443 471 493 507 μέν
512 471 554 497 τοί
568 479 600 505 γε
613 470 667 497 τῶν
685 469 731 497 τοῦ
746 470 850 506 Πέτρου

68 517 184 553 Πράξεων
194 517 287 552 βίϐλος
300 517 339 552 τῷ
351 525 381 544 τε
395 516 514 553 λαμπρῷ
528 517 576 544 καὶ
585 517 618 552 τῇ
633 516 786 552 σεμνότητι,
803 516 850 543 καὶ

69 565 103 592 ἔτι
113 564 149 600 τῷ
162 563 276 599 καθαρῷ
292 564 339 590 καὶ
353 563 480 598 συντόνῳ,
498 562 546 590 καὶ
560 563 593 597 τῇ
609 561 677 599 ἄλλῃ
696 562 780 598 ἀρετῇ
802 561 849 588 τοῦ

68 611 147 646 λόγου,
162 610 207 637 καὶ
221 609 393 645 πολυμαθείᾳ
402 608 513 635 τοσοῦτο
521 608 576 644 ἔχει
586 607 654 644 πρὸς
663 606 851 641 τὰςΔιαταγὰς

896 238 984 266 lorum
999 238 1184 265 ascribuntur.
1200 236 1234 263 Et
1249 236 1321 271 infra
1336 243 1345 263 :
1359 235 1444 263 Porro
1459 236 1688 267 Constitutiones.

897 291 931 311 ex
946 284 1035 312 tribus
1060 283 1194 310 duntaxat
1214 281 1351 318 capitibus
1374 281 1579 317 reprehensioni
1593 281 1688 309 viden-

898 332 944 356 tur
956 329 1082 357 obnoxiae
1097 337 1106 357 :
1122 336 1154 356 ex
1171 328 1240 355 mala
1255 327 1377 362 ﬁctione,
1392 336 1473 364 quam
1487 332 1617 356 excutere
1632 336 1687 356 non

900 379 942 402 est
955 374 1063 402 dillieile
1080 384 1086 402 :
1103 379 1131 402 et
1145 374 1217 410 quod
1232 380 1330 403 contra
1341 374 1580 404 Deuteronomium
1595 376 1688 403 crimi-

901 423 1026 449 nationes
1046 421 1178 456 quasdam
1199 421 1350 454 adducant;
1365 422 1443 457 {quod
1465 422 1547 449 etiam
1560 421 1688 449 facillim

900 467 967 495 dilui
984 470 1073 503 potest
1089 477 1095 495 :
1112 472 1139 495 et
1151 467 1241 494 adhuc
1253 475 1287 495 ex
1303 467 1475 501 Arianismo;
1487 463 1560 503 quod
1576 468 1687 504 aliquis,

904 515 967 542 licet
982 514 1115 542 violenter
1126 515 1226 550 poterit
1241 514 1387 549 depellere.
1403 514 1536 542 Caeterum
1556 514 1624 542 liber
1635 515 1688 542 Ae-

901 565 990 588 torum
1006 560 1091 593 Petri,
1110 560 1256 595 splendore
1266 564 1293 587 et
1316 559 1468 595 majestate,
1484 559 1518 587 ad
1533 560 1590 587 haec
1611 560 1687 595 puri-

900 610 954 635 tate
968 611 995 635 et
1005 607 1187 640 vehementia,
1202 607 1318 641 aliisque
1330 607 1463 634 orationis
1474 606 1595 638 dotibus,
1605 610 1688 642 atque

68 657 94 684 τὸ
113 656 307 693 παραλλάττον,
329 656 367 688 ὠς
387 655 453 691 μηδὲ
482 654 622 691 συγκρίσει
641 655 674 690 τῇ
697 653 767 680 κατὰ
786 654 850 685 τοὺς

69 703 151 738 λόγους
163 701 231 738 πρὸς
244 702 362 738 ἀλλήλας
376 700 594 737 παραϐάλλεσθαι
607 700 657 733 τὰς
667 700 784 736 βίϐλους,
794 704 848 729 etc.

900 652 1042 687 multiplici
1056 652 1191 684 doctrina,
1208 656 1313 679 tantum
1329 651 1546 680 Constitutiones
1558 655 1686 687 superat,

899 703 930 726 ut
944 699 994 727 hos
1010 699 1081 726 inter
1094 699 1177 727 libros
1192 699 1267 726 nulla
1289 699 1469 734 comparatio,
1485 699 1518 726 ad
1533 706 1686 727 sermonem

896 744 970 780 quod
985 746 1091 778 attinet,
1104 745 1211 773 institui
1223 745 1331 779 debeat,
1341 749 1396 773 etc.

70 822 167 850 Hicetas
183 820 414 854 Pectoratus,Lib.
427 826 520 848 contra
534 820 655 853 Latinos,
669 824 728 855 post
742 821 866 848 medium.
885 820 966 848 Tomo
985 826 1059 848 sexto
1074 821 1196 856 Antiqua:
1211 821 1353 852 Lectionis,
1373 821 1455 850 Henr.
1471 821 1590 854 Canisii;
1608 827 1634 850 et
1647 823 1677 850 in

130 857 293 885 Bibliotheca
304 857 426 891 Patrum,
443 861 506 885 tam.
523 856 539 883 Ι
546 856 577 889 V,
588 860 658 891 part.
674 863 706 888 ti,
720 864 766 884 nec
783 865 836 883 non
846 856 916 890 apud
928 856 1090 889 Baronium,
1111 856 1255 884 Annalium
1268 862 1331 885 tom.
1345 856 1389 890 II,
1407 859 1435 884 in
1455 858 1612 892 Appendice.

98 935 286 972 Apostolorum
299 935 426 966 vertices.
442 935 470 962 in
485 934 581 970 quinto
592 934 702 970 quidem
714 934 786 962 libro
805 932 1025 967 OrdinatiOnum.
1038 935 1086 970 qui
1109 934 1143 963 de
1159 936 1325 972 martyribus
1342 936 1513 969 inscribitur,
1527 937 1605 971 juxta
1622 938 1686 966 Cle-

69 985 175 1010 mentem
187 982 211 998 “
227 991 236 1010 :
252 981 386 1015 Quartam
408 981 505 1014 feriam
522 985 547 1008 et
557 985 660 1008 sextam
676 982 798 1017 prwcepit
813 981 886 1009 nobis
898 981 1020 1016 jejunare
1037 980 1162 1008 Dominus
1174 991 1183 1008 :
1198 990 1279 1009 unam
1296 981 1397 1018 quidem
1408 1003 1416 1014 ,
1438 987 1543 1017 propter
1557 983 1665 1010 traditio
1675 998 1684 1004 -

70 1035 132 1059 nun;
147 1027 271 1061 alteram,
285 1032 391 1063 propter
404 1028 551 1062 passionem
563 1035 572 1054 :
590 1027 676 1062 ipsum
693 1033 780 1055 autem
799 1028 946 1056 Sabbatum
958 1027 980 1042 ⁵⁸
992 1035 1043 1054 non
1055 1027 1167 1054 tradidit
1180 1028 1254 1055 nobis
1260 1029 1392 1063 jajunare,
1404 1029 1527 1064 quoniam
1539 1037 1590 1056 non
1606 1037 1684 1063 opor-

72 1078 112 1105 tet,
124 1079 218 1104 preter
232 1074 303 1101 illud
322 1074 418 1106 solum,
433 1074 462 1101 in
478 1082 528 1109 quo
543 1072 655 1101 Creator
669 1074 797 1106 omnium,
813 1074 861 1102 sub
878 1080 948 1101 terra
963 1074 1024 1109 fuit.
1041 1073 1120 1101 Unde
1132 1074 1209 1109 juxta
1225 1075 1326 1102 calcem
1347 1074 1467 1109 ejusdem
1492 1075 1565 1105 libri.
1583 1075 1682 1103 iterum

70 1119 104 1146 sie
114 1119 232 1155 loquitur
244 1119 269 1136 “
285 1129 293 1147 :
312 1119 394 1147 Omne
407 1119 511 1154 quidem
523 1118 669 1147 Sabbatum
683 1124 708 1146 et
723 1128 825 1147 omnem
840 1119 1009 1147 Dominicum
1025 1119 1208 1147 celebrandum
1222 1120 1245 1136 “
1260 1129 1316 1148 esse
1333 1121 1456 1148 dicimus.
1474 1121 1593 1147 Gaudere
1608 1121 1678 1148 enim

71 1170 161 1198 oportet
174 1165 200 1192 in
215 1165 267 1198 his,
283 1170 309 1193 et
325 1173 375 1192 non
390 1165 488 1200 lugere.
501 1165 623 1201 Septimo
633 1165 742 1201 quidem
761 1165 831 1193 libro
848 1173 941 1194 earum
957 1164 1200 1198 Constitutionum,
1215 1166 1293 1201 juxta
1307 1167 1467 1193 vicesimum
1488 1172 1614 1201 quartum
1633 1175 1680 1194 ca-

71 1214 112 1241 put
125 1209 156 1242 ",
168 1210 219 1237 hoc
233 1210 362 1245 inquiunt
377 1219 384 1237 :
399 1209 542 1237 Sabbatum
558 1218 670 1245 namque
679 1215 705 1237 et
714 1211 880 1237 ﬂaminicam
895 1209 1055 1238 celebramus
1066 1211 1113 1243 "‘;
1123 1212 1184 1246 quia
1199 1210 1266 1238 illud
1281 1211 1384 1243 quidem
1409 1212 1503 1240 divina:
1522 1214 1681 1247 operationis

71 1260 104 1282 est
116 1257 248 1289 memoria,
266 1257 310 1283 hic
320 1257 344 1273 "
356 1265 416 1284 sero
430 1258 640 1285 resurrectionis.
661 1257 747 1284 Unum
764 1265 821 1285 vero
834 1261 936 1284 tantum
951 1256 1096 1284 Sabbatum
1112 1257 1311 1285 custodiendum
1326 1264 1364 1285 est
1378 1259 1405 1286 in
1421 1264 1475 1287 toto
1490 1268 1570 1293 anno,
1587 1260 1679 1295 Sepul-

73 1307 131 1330 turz
145 1303 268 1335 Domini;
283 1312 335 1340 quo
343 1304 468 1339 jeiunare
479 1309 591 1340 oportet.
605 1305 718 1338 Quando
740 1305 809 1332 enim
824 1304 945 1332 Christus
965 1304 995 1331 in
1016 1304 1135 1340 sepulcro
1152 1304 1251 1340 jacuit,
1274 1305 1397 1341 discipuli
1410 1307 1581 1341 potentiorem
1612 1308 1685 1335 circa

72 1358 122 1376 eum
144 1351 232 1385 ﬂetum
245 1350 388 1385 habebant,
400 1359 480 1388 quam
495 1352 623 1389 gaudium
637 1360 669 1380 ea:
683 1352 809 1380 memoria
824 1351 920 1379 divina:
934 1351 1105 1386 operationis,
1121 1355 1174 1380 etc.

780 1430 866 1459 Multo
879 1437 939 1466 post
949 1439 959 1459 :

103 1508 128 1537 In
139 1514 212 1539 sexto
222 1511 296 1539 libro
308 1510 456 1539 Clementis
470 1509 693 1544 Ordinationum,
707 1518 768 1546 quae
787 1511 822 1538 ab
836 1518 868 1539 eo
883 1510 1047 1546 conscriptae
1068 1515 1144 1544 sunt,
1168 1511 1247 1545 juxta
1271 1511 1416 1547 septimum
1439 1511 1575 1540 decimum
1590 1518 1684 1552 caput,

73 1557 176 1590 apostoli
192 1557 249 1584 haec
264 1557 362 1584 dicunt
378 1566 385 1584 :
400 1556 558 1591 Episcopum
571 1561 596 1584 et
605 1557 784 1592 presbyterum
798 1561 824 1585 et
837 1557 990 1589 diaconum,
1007 1556 1132 1589 dicimus,
1147 1558 1192 1592 qui
1205 1566 1285 1584 unam
1303 1557 1398 1584 habent
1412 1565 1531 1590 uxorem,
1547 1558 1682 1589 ordinari,

72 1604 177 1630 euamsis
189 1604 277 1631 vivant
292 1611 383 1631 eorum
398 1603 531 1639 conjuges,
542 1604 661 1639 quamvis
671 1603 804 1638 defuncta:
814 1610 824 1630 :
839 1611 891 1631 non
913 1603 973 1630 licet
991 1611 1035 1630 eos
1048 1607 1107 1637 post
1126 1612 1220 1631 manus
1231 1603 1254 1619 δ’
1270 1603 1462 1638 impositionem
1476 1604 1599 1638 innuptas
1616 1612 1682 1637 esse,

74 1656 113 1675 nec
122 1649 221 1683 insuper
231 1649 265 1677 ad
281 1650 389 1685 nuptias
405 1650 461 1682 ire;
475 1653 522 1677 aut
535 1650 559 1677 si
570 1650 715 1684 nupserim,
732 1649 831 1678 alteras
847 1649 980 1684 amplecti,
996 1647 1041 1676 sed
1051 1648 1167 1684 suﬁcere
1175 1657 1241 1684 quas
1258 1649 1352 1677 habent
1365 1657 1425 1677 cum
1436 1648 1471 1676 ad
1484 1649 1676 1677 ordinationem

74 1700 192 1723 uenerunt.

774 1749 854 1779 Circa
871 1749 949 1785 ﬁnem
962 1759 971 1777 :

105 1829 203 1867 Reliqui
221 1835 312 1859 autem
334 1828 486 1862 Verticum.
510 1828 537 1857 ln
551 1818 668 1864 septimo
683 1828 706 1844 '°
723 1829 794 1856 libro
816 1827 1031 1860 institutionum,
1048 1826 1126 1862 juxta
1147 1831 1256 1856 sextum
1276 1825 1414 1854 decimum
1447 1829 1529 1862 caput
1548 1824 1681 1860 liquidius

75 1876 188 1906 dixerunt
202 1887 209 1905 :
224 1878 328 1907 Scimus
340 1878 418 1910 enim,
431 1876 520 1912 inquit
531 1875 605 1909 ⁸¹-¹¹,
621 1876 683 1911 quia
698 1875 726 1902 hi
753 1875 798 1911 qui
819 1874 891 1901 circa
914 1874 1064 1906 Simonem,
1082 1879 1107 1901 et
1131 1873 1278 1906 Cleobium,
1298 1878 1324 1901 et
1338 1872 1453 1906 ludam,
1474 1873 1685 1907 conscripserunt

78 1922 146 1951 libros
160 1925 185 1952 in
203 1925 307 1952 nomine
317 1922 417 1951 Christi
430 1927 455 1950 et
473 1921 662 1956 discipulorum
685 1921 753 1956 ejus,
769 1921 958 1955 circumferunt
976 1920 1012 1947 ad
1030 1920 1207 1948 saluationem
1226 1924 1350 1952 vestram,
1366 1923 1392 1946 et
1405 1927 1495 1946 eorum
1511 1919 1555 1954 qui
1569 1918 1685 1954 diligunt

76 1967 204 2003 Christum,
226 1974 251 1998 et
273 1979 320 1997 nos
341 1978 427 1998 seruos
443 1969 535 2004 ipsius.
557 1967 592 1995 Et
612 1968 639 1994 in
656 1966 784 1994 veteribus
803 1967 912 2003 quidam
932 1967 1140 2001 conscripserunt
1154 1967 1235 1994 libros
1258 1965 1418 2001 apocryphos
1434 1965 1531 2000 Hoysi,
1546 1970 1571 1992 et
1583 1965 1684 1993 Enochy

77 2019 97 2041 et
107 2015 193 2048 Adam.
211 2016 302 2049 Isaia,
319 2020 345 2044 et
356 2015 452 2048 David,
474 2019 499 2042 et
517 2013 595 2046 Elide,
609 2018 634 2041 et
653 2013 734 2040 trium
749 2012 975 2048 patriarcharum,
990 2013 1170 2048 corruptioncs
1189 2012 1315 2048 facientes
1331 2016 1409 2047 atque
1426 2012 1543 2039 ueritatis
1562 2011 1684 2038 inimicos

77 2059 158 2088 libros.

109 2107 260 2136 ﬂumbertus
284 2116 418 2143 episcopus
434 2107 520 2143 Sylva:
533 2105 678 2140 Candidas,
694 2106 722 2133 in
737 2092 906 2142 responsione
923 2104 958 2133 ad
972 2104 1075 2133 Niceti:
1091 2105 1198 2138 librum,
1215 2105 1298 2133 multo
1320 2110 1380 2140 post
1396 2104 1522 2136 initium;
1541 2103 1647 2132 ibidem.

107 2185 309 2220 Reprehendens
322 2185 394 2213 enim
411 2193 472 2217 nos,
487 2192 538 2212 cur
549 2184 704 2220 jejunemus
717 2183 856 2215 Sabbatis,
870 2182 941 2211 dicis
954 2191 961 2209 :
975 2184 1079 2217 Quarta
1093 2187 1119 2211 et
1133 2188 1208 2212 sexta
1227 2183 1295 2218 feria
1307 2183 1409 2217 juqiter
1423 2182 1616 2218 jejunandum;
1631 2191 1684 2210 una

80 2238 171 2267 propter
183 2233 360 2264 traditionem,
375 2231 459 2259 altera
472 2236 576 2266 propter
591 2231 738 2266 passionem
752 2230 875 2263 Domini;
896 2229 1014 2258 Sabbato
1027 2235 1114 2258 autem
1135 2239 1280 2266 nunquam,
1300 2230 1352 2258 nisi
1364 2238 1426 2257 uno.
1448 2228 1480 2255 Et
1496 2229 1547 2256 hoc
1562 2237 1684 2256 asserere

80 2279 175 2307 conaris
189 2287 219 2307 ex
232 2279 395 2316 apocryphis
413 2278 491 2305 libris
506 2282 532 2305 et
543 2277 706 2309 canonibus.
732 2276 792 2312 pari
807 2277 944 2304 sententia
966 2280 1124 2304 sanctorum
1139 2277 1252 2304 Patrum
1272 2276 1434 2312 repudiatis.
1454 2275 1522 2302 Nam
1535 2275 1684 2303 Clementis

81 2323 140 2352 liber
150 2325 182 2358 ",
201 2326 227 2353 id
242 2330 285 2354 est
311 2325 485 2353 itinerarium
505 2323 580 2351 Petri
606 2323 742 2358 apostoli,
767 2325 794 2350 et
806 2323 933 2350 Canones
963 2323 1150 2358 apostolorum
1182 2326 1364 2350 numerantur
1377 2322 1488 2349 “inter
1515 2321 1682 2357 apocrypha,

81 2371 187 2405 exceptis
204 2371 332 2407 capitulis
357 2370 571 2405 quinquaginta,
589 2376 649 2404 qua:
673 2367 854 2395 decreverunt
874 2367 976 2402 regulis
998 2368 1159 2395 orthodoxis
1170 2368 1193 2384 ⁵³
1208 2367 1390 2403 adjungenda.
1416 2367 1495 2395 Unde
1510 2375 1560 2395 nos
1576 2375 1683 2402 quoque

83 2422 151 2444 omne
167 2417 337 2454 apocryphon
353 2416 377 2432 "
390 2415 563 2451 abjicientes,
579 2414 760 2450 dedignamur
775 2413 872 2441 audire
890 2420 986 2441 eorum
1008 2413 1149 2442 fabulosus
1170 2415 1344 2447 traditiones,
1360 2414 1424 2450 quia
1446 2422 1501 2442 non
1516 2419 1580 2442 sunt
1597 2420 1626 2442 ut
1641 2415 1682 2442 lex

83 2458 185 2490 Domini.

113 2528 224 2566 Georgius
241 2530 384 2562 Cedrenus,
405 2528 434 2556 in
453 2527 612 2563 Compendio
631 2527 834 2566 Historiarum;
857 2527 981 2566 editionis
998 2527 1130 2566 Xylandri
1149 2536 1210 2564 pag.
1227 2529 1289 2561 HS,
1323 2527 1372 2556 lin.
1390 2528 1436 2560 52,
1459 2533 1513 2557 etc.
1544 2529 1679 2557 Editionis

643 2564 720 2598 regite
737 2568 801 2590 tom.
819 2561 846 2594 1,
858 2570 919 2597 pag.
934 2563 997 2596 2H,
1009 2561 1044 2595 Α,
1056 2567 1110 2591 etc.

112 2645 172 2682 Περὶ
176 2643 204 2673 οὗ
211 2647 239 2676 ἐν
243 2647 302 2679 ταῖς
306 2645 496 2677 ἀποστηλικαϊς
501 2644 658 2677 Διατάξεσιν
663 2645 678 2671 ὸ
689 2644 774 2679 μέγας
784 2644 847 2671 ἁπό-

937 2645 1031 2681 Dequo
1041 2646 1067 2673 in
1074 2645 1324 2674 Constitutionibus
1332 2646 1490 2681 apostolicis
1498 2653 1612 2682 magnus
1620 2653 1681 2681 apo-

85 2691 338 2730 σωλοςιιιτροςοῦτω
345 2692 445 2728 φάσκει
454 2700 462 2707 ·
476 2692 511 2719 Ἠ
519 2691 552 2718 δὲ
561 2691 696 2725 καταρχὴ
706 2690 765 2718 τῶν
770 2691 829 2718 νέω

939 2692 988 2720 ilus
1003 2691 1102 2721 Petrus
1124 2692 1162 2719 ita
1175 2692 1307 2720 disserit:
1321 2692 1442 2720 Hareses
1460 2701 1520 2721 vero
1537 2701 1611 2720 nocte
1630 2693 1683 2720 ini-

112 2800 131 2818 υ
141 2802 158 2841 t,
168 2804 324 2841 ὲπαφιεῖσιν.
356 2803 513 2841 ",atcsiveb.
528 2803 630 2841 “ACap.
648 2804 691 2841 is.
722 2804 745 2820 ιι
755 2804 791 2841 al.
798 2804 856 2839 jeju

935 2804 1090 2841 Sabbatum.
1113 2803 1236 2841 “"ACnp.
1252 2804 1297 2832 20.
1336 2805 1358 2821 ⁸⁸
1373 2805 1408 2833 al.
1435 2805 1599 2832 Dominicam
1615 2806 1679 2832 cele-

86 2833 197 2866 brandam
224 2833 262 2857 ’δ’
280 2840 347 2869 Cat).
373 2833 422 2869 25:
437 2840 471 2856 ’τ’
493 2840 529 2868 al.
547 2833 712 2867 Doniinicam
725 2833 892 2867 celebremus.
928 2840 951 2855 ⁸⁸
962 2840 996 2866 al.
1010 2839 1075 2866 haec.
1112 2839 1135 2855 "
1149 2839 1184 2866 al.
1197 2833 1334 2867 manuum.
1372 2840 1394 2856 "
1406 2841 1425 2867 l.
1444 2845 1527 2868 sexto.
1566 2840 1624 2859 "-"
1641 2841 1677 2867 at.

86 2848 197 2866 uranaam
239 2848 260 2857 ἰ
280 2848 317 2869 ua
340 2862 347 2868 .
373 2848 420 2869 ιο.
437 2848 471 2856 "'
493 2848 529 2868 at.
547 2848 712 2867 uominscam
725 2848 892 2867 ceteoremus.
928 2848 951 2855 ὀ
962 2848 996 2866 al.
1010 2848 1075 2866 nwc.
1112 2848 1135 2855 ν’
1149 2848 1184 2866 at.
1197 2848 1334 2867 manuum.
1372 2848 1425 2867 "t.
1444 2849 1455 2867 s

86 2870 196 2906 θιιιιίιιιί.
229 2877 252 2893 ⁵³
264 2876 299 2904 al.
320 2848 427 2904 iibrum.
464 2875 487 2893 ”
498 2875 524 2903 al
555 2883 721 2904 numerarem
769 2874 791 2891 "
804 2875 829 2902 al
858 2874 1028 2903 orthodoxitz.
1068 2873 1090 2891 "
1101 2874 1136 2902 al.
1156 2883 1257 2903 omnem
1271 2875 1455 2911 apocryplmm.
