1884 3104
69 179 117 206 589

518 174 818 204 CONSTITUTIONES
836 174 1174 203 APOSTOLIC£.—-LIB.
1183 174 1215 202 II.

1623 176 1675 205 590

68 239 101 268 ς’.
119 233 187 268 Περὶ
200 233 254 262 τοῦ
262 233 305 268 μὴ
315 234 390 260 εἶναι
396 233 450 260 τὸν
458 232 626 259 ἐπίσκοπον
634 230 841 266 αισχροκερὸἦ.

912 230 940 258 Ἰ.
962 229 1112 265 Episcopus
1126 237 1161 257 ne
1182 230 1217 257 sit
1240 229 1312 265 turpi
1326 229 1403 257 lucro
1417 229 1535 264 deditus,
1552 239 1602 260 nec
1616 232 1678 261 Iide-

95 281 167 316 μὴτε
182 280 216 307 δὲ
229 279 403 314 ἐγγυᾶσθαι,
417 278 437 312 ἢ
452 278 648 312 συνηγορεῖν.“

67 325 94 359 ξ’.
115 328 180 355 οῖον
195 326 253 361 χρὴ
269 326 344 353 εἶναι
358 325 411 352 τὸν
422 324 622 360 μεμυημένον.

65 421 99 451 η’.
118 417 186 451 Περὶ
198 415 493 451 συκοφαντουμένου,
507 414 573 449 ἤτοι
587 413 794 449 ἐλεγχομένου.

65 512 96 538 θ.
118 511 181 538 ὀτι
194 507 418 543 ἀδωροδόκητον
437 507 513 534 εἶναι
528 505 586 540 χρὴ
601 505 654 532 τὸν
667 504 843 531 ἐπίσκοπον.

64 604 89 627 ι’.
117 601 181 627 ὐτι
202 601 219 626 ὁ
245 598 420 629 ἐπίσκοπος.
444 595 568 630 ἀκρίτως
594 593 767 629 φειδόμενος
793 591 846 618 τοῦ

97 645 310 682 ἡμαρτηκότος,
325 643 462 675 ὑπαίτιος
474 641 595 676 γίνεται.

63 697 108 720 ut.
129 694 227 725 ὀπως
236 689 294 725 χρὴ
308 689 362 716 τὸν
370 687 538 715 ἐπίσκοπον
551 685 664 720 κρίνειν
677 684 746 716 τοὺς
756 683 846 718 ἁμαρ-

97 738 251 765 tiret-mc.

133 747 152 764 ’δ’
171 747 225 764 ντα
245 757 251 764 ι

63 747 331 813 ιϐ’ἷαΔῗδασῗιαλία,
357 780 436 813 ὅπως
463 778 520 812 χρὴ
543 776 762 812 προσφέρεσθαι
784 773 846 807 τοῖς

92 836 282 865 μετανοουσι.

61 881 107 911 ιγ’.
129 877 192 903 Ὀτι
206 875 327 910 φεύγειν
341 872 398 908 χρὴ
411 870 471 898 τῶν
485 867 697 905 ἁμαρτημάτων
710 867 767 901 τὴν
782 865 845 893 πεῖ-
861 903 881 930 Β

59 931 192 1002 ιδ’φῆεῄ
204 966 418 1001 τῶνλεγόντων.
423 963 466 998 μὴ
479 962 619 996 δέχεσθαι
631 966 757 994 μετανοο
762 957 844 988 ΰντα,

93 1016 144 1043 καὶ
168 1016 213 1042 ὅτι
229 1009 432 1045 δίκαιος-,κᾶν
453 1008 599 1036 σύνεστιν
616 1002 786 1040 ἁμαρτωλῷ,
809 1003 846 1028 οὺ

93 1061 324 1090 συναπόλλυται
337 1055 426 1088 αὐτῷ.

58 1112 102 1136 ιε’.
124 1108 189 1134 Ὀτι
208 1106 243 1132 οὺ
267 1104 324 1139 χρὴ
348 1102 402 1129 τὸν
423 1099 500 1134 ίερέα
518 1097 634 1134 μήποτε
656 1093 790 1130 παρορᾶν
811 1093 847 1120 τὰ

93 1152 297 1190 ἀμαρττυιατα,
309 1149 384 1185 μήτε
399 1147 555 1181 πρόχειρον
568 1144 643 1171 εἶναι
656 1143 691 1169 ὲν
705 1141 745 1175 τῷ
761 1148 846 1175 τιμω-

91 1200 221 1236 ρεῖσθαι.
364 1219 366 1222 μ

59 1231 111 1280 ιςῖ.
130 1245 202 1280 Περὶ
214 1242 382 1279 μετανοίας,
398 1238 447 1266 καὶ
462 1238 506 1270 τίς
521 1235 615 1270 αὐτῆς
630 1236 646 1262 o'
659 1234 782 1268 τρόπος,
797 1231 847 1259 καὶ

94 1294 176 1325 ὅπως
189 1288 391 1324 κατφθοῦται.

58 1339 101 1371 ιζ’.
123 1339 187 1365 Ὅτι
199 1335 405 1367 ἀνεπίληπτον
427 1331 502 1358 εἶναι
524 1327 581 1363 χρὴ
603 1326 656 1353 τὸν
669 1325 845 1356 ἐπίσκοπον,

93 1386 136 1418 ὡς
149 1384 245 1411 τύπον
258 1380 318 1407 τῶν
330 1376 512 1413 ἀρχομένων.

58 1434 106 1465 ιη’.
124 1417 193 1456 ν”οτι
207 1427 264 1462 χρὴ
279 1426 332 1453 τὸν
353 1424 521 1451 ἐπίσκοπον
535 1418 710 1465 φροντίζειν,
731 1417 818 1465 ὅπως.
831 1417 847 1442 ὁ

93 1477 170 1508 ,ιαῢς
183 1474 225 1509 μὴ
240 1469 410 1506 πλημιιελῇ,
426 1468 474 1495 διὰ
488 1467 519 1494 τὸ
534 1464 710 1493 εἷναιαὺτὸν
720 1462 846 1509 σκοπόνι

57 1525 104 1550 ιϐ’.
204 1507 252 1546 θοαὶ
267 1520 282 1545 ὁ
297 1516 407 1551 ποιμὴν
421 1513 537 1549 ἀμελῶς
555 1512 717 1546 φερόμενος
731 1507 798 1542 περὶ
812 1508 848 1534 τὰ

93 1568 238 1602 πρόϐατα,
253 1565 341 1598 δίκην
354 1563 503 1592 τίννυσιν,
519 1558 613 1585 καὶτὸ
638 1555 786 1590 πρόϐατον
803 1553 846 1589 μὴ

90 1612 276 1647 πειθαρχοῦν
290 1610 330 1642 τῷ
344 1607 472 1643 ποιμένι,
487 1603 649 1634 κολάζεται.

54 1666 92 1689 κ’.
115 1661 216 1691 Ὅπως
235 1657 292 1691 χρὴ
313 1655 383 1688 τοὺς
397 1652 581 1689 ἀρχομένους
596 1648 766 1683 πειθαρχεῖν
786 1648 847 1678 τοῖς

91 1707 241 1741 ἄρχουσιν
255 1702 438 1733 ἐπισκόποις.

52 1739 117 1780 καί
132 1739 199 1777 ζΟτι
215 1748 355 1780 κίνδυνος
367 1743 516 1781 μονομερῆ
536 1743 636 1777 κρίσιν
655 1739 846 1772 ﬂammma!"

91 1797 143 1825 καὶ
166 1795 304 1830 τιμωρίαν
328 1793 426 1827 ὁρίσαι
445 1789 519 1818 κατὰ
539 1788 592 1815 τοῦ
619 1786 742 1822 μηδέπω
763 1783 848 1818 ἐλεγ-

90 1843 228 1878 χθέντος.

133 1889 199 1915 Ὀτι
217 1885 294 1922 μέγα
315 1882 495 1918 παράδειγμα
516 1879 675 1915 μετανοίας
698 1876 848 1910 πρόκειται

92 1933 195 1965 Δασὶδ,
216 1932 265 1960 καὶ
278 1930 436 1961 Νινευῖται,
460 1927 587 1961 Ἐζεχίας
601 1933 633 1952 τε
649 1923 698 1950 καὶ
712 1924 727 1949 ὀ
741 1922 848 1949 τούτου

90 1981 162 2013 υἱὸς
175 1977 352 2010 Μανασσῆς.

50 2030 113 2062 κγ.
133 2025 215 2059 Πρὸς
227 2023 298 2055 τοὺς
315 2022 349 2048 ἐκ
364 2018 611 2055 καταφρονήσεως
625 2014 848 2051 ἁμαρτάνοντας

94 2073 178 2099 ἔστω
193 2069 375 2104 παράδειγμα
395 2065 497 2101 Ἁλιῶν.

51 2118 113 2145 κδ’.
124 2117 191 2142 Ὀτι
197 2114 321 2149 Χριστὸς
335 2111 563 2147 Ἰησοῦς-Κύριος
575 2107 749 2144 παρεγένετο
756 2105 848 2139 ἁμαρ-

91 2161 213 2194 τωλοὺς
226 2159 321 2187 σῶσαι
335 2159 384 2185 διὰ
394 2156 562 2193 μετανοίας.

49 2213 108 2236 κε’.
130 2206 204 2241 Περὶ
217 2204 357 2240 ἀπαρχῶν
367 2203 416 2231 καὶ
429 2201 570 2233 δεκατῶν,
585 2200 633 2228 καὶ
643 2200 721 2231 ὅπως
736 2196 849 2231 ὀφείλει

92 2257 111 2282 δ
139 2254 316 2285 ἐπίσκοπος,
340 2250 359 2285 ἢ
379 2249 470 2282 αὐτὸς
482 2245 720 2283 μεταλαμϐάνειν
740 2242 773 2275 ἐξ
795 2242 848 2268 αὺ-

89 2301 168 2331 τῶν,
183 2299 203 2333 ἢ
217 2298 327 2332 ἑτέροις
343 2296 500 2331 διανέμειν.

47 2350 115 2380 κς.
137 2346 193 2378 Εἰς
206 2345 286 2376 τινος
298 2343 393 2370 τύπον
413 2341 462 2368 καὶ
481 2340 570 2373 ἀξίαν
590 2339 716 2371 ἕκαστος
736 2337 795 2364 τῶν
814 2336 848 2363 ἑν

89 2391 136 2425 τῷ
152 2390 252 2426 κλήρῳ
266 2389 400 2416 τέτακται
413 2387 493 2421 παρὰ
507 2385 577 2419 Θεῷ.

45 2436 106 2468 ac.
130 2437 198 2463 Ὀτι
210 2434 361 2470 φρικῶδες,
372 2433 525 2467 ἄνθρωπον
538 2431 653 2458 σαυτὸν
666 2430 848 2464 ἐπιρῤίπτειν

88 2481 242 2516 ἀξιώματί
263 2489 321 2507 τινι
344 2478 491 2514 ὶερατικῷ⁴
516 2479 556 2510 ὡς
584 2478 613 2504 οἱ
637 2477 778 2511 Κορεῒται,
807 2475 847 2508 ὡς

89 2527 209 2559 Σαοὺλ,
222 2527 262 2559 ὡς
282 2524 383 2558 Ὀζῗας.

44 2578 112 2609 κη’.
134 2573 210 2608 Περὶ
227 2571 330 2606 δοχῆς,
354 2570 403 2598 καὶ
424 2570 503 2603 ὅπως
525 2569 582 2603 χρὴ
603 2568 732 2595 ἕκαστον
752 2568 848 2601 τατμα

86 2619 150 2646 τοῦ
174 2617 289 2653 κλήρου
310 2617 368 2645 ὑπὸ
388 2615 448 2644 τῶν
469 2613 739 2650 προσκαλουμένων
763 2611 846 2647 τιμᾶ.-

85 2666 177 2692 σθαι.

41 2712 109 2738 κθ.
129 2711 182 2744 Τίς
196 2711 216 2745 ή
232 2710 303 2743 ἀξία
315 2710 368 2738 τοῦ
382 2709 557 2740 ἐπισκόπου,
569 2707 618 2735 καὶ
630 2707 683 2734 τοῦ
696 2707 845 2734 διακόνου.

41 2758 90 2785 Χ-
115 2756 220 2790 ὀπως
233 2756 292 2791 χρὴ
306 2756 377 2789 τοὺς
390 2755 513 2788 ,λατκοὺς
527 2753 695 2788 πειθαρχεῖν
708 2753 770 2787 τοῖς
783 2753 846 2780 δια-

85 2801 207 2835 κύνας.

43 2849 110 2876 λα’.
135 2847 202 2876 ὀτι
213 2847 260 2883 μὴ
275 2847 334 2882 χρὴ
347 2848 400 2877 τὸν
419 2847 558 2877 διάκονον
572 2848 644 2875 ἄνευ
658 2847 710 2874 τοῦ
727 2846 847 2875 ἐπισκό-

83 2901 153 2923 που
166 2903 195 2924 τι
207 2894 358 2930 πράττειν.

857 1599 879 1628 C

860 2274 883 2302 D

928 277 1031 311 jussor,
1049 283 1099 303 nec
1115 275 1273 303 advocatus.

898 322 951 350 VII.
968 322 1080 355 Qualem
1102 325 1208 357 oportet
1230 329 1292 350 esse
1315 329 1377 349 eum
1391 322 1437 357 qui
1451 330 1498 358 per
1512 321 1678 358 baptismum

929 375 971 396 est
982 369 1113 396 initiatus.

896 414 962 443 VIII.
980 415 1017 442 De
1032 422 1064 442 eo
1075 415 1122 450 qui
1145 415 1173 442 in
1192 415 1366 448 calumniam,
1382 416 1424 443 vel
1441 415 1678 450 reprehensionem

932 461 1057 488 incurrit.

896 506 942 534 IX.
963 507 1126 542 Episcopum
1150 514 1205 534 non
1228 506 1328 534 debere
1352 514 1414 535 esse
1440 507 1600 535 muneribus
1617 514 1678 543 per-

931 553 1016 580 vium.

897 598 930 627 X.
946 599 1024 632 Quod
1050 599 1204 634 episcopus,
1221 599 1268 635 qui
1295 603 1407 627 tcmere‘
1422 600 1508 635 parcit
1530 599 1676 635 peccatori,

931 645 1011 680 culpa
1025 653 1078 672 non
1092 649 1194 673 careat.
1495 638 1498 641 ’

896 691 941 718 XI.
962 691 1021 724 Quo
1049 691 1130 718 modo
1155 695 1280 726 oporteat
1308 695 1465 726 peccatores
1495 691 1528 718 ab
1551 690 1679 727 episcopo

929 736 1060 771 iudicari.

896 782 953 810 XII.
972 783 1098 810 Doctrina
1124 783 1157 811 de
1177 785 1258 812 modo
1278 792 1332 820 quo
1359 785 1523 820 pmnitentes
1542 783 1678 811 tractandi

932 833 1005 857 sunt.

899 875 966 904 XIII.
988 875 1154 913 Fugiendam
1169 884 1230 904 esse
1244 877 1404 904 delictorum
1419 876 1622 911 experientiam.

896 965 964 993 XIV.
987 965 1023 993 De
1038 967 1071 994 iis
1086 966 1133 1001 qui
1157 965 1290 992 afﬁrmant
1312 973 1366 992 non
1391 965 1490 992 debere
1517 963 1600 999 recipi
1617 970 1678 998 pm-

931 1013 1076 1046 nitentem;
1098 1015 1124 1040 et
1145 1012 1178 1039 de
1190 1012 1276 1047 justo,
1288 1011 1361 1047 quod
1378 1011 1441 1038 licet
1456 1018 1516 1038 cum
1535 1014 1679 1045 peccatore

931 1062 1066 1090 versetur,
1082 1066 1136 1086 non
1151 1062 1242 1085 tamen
1257 1065 1318 1085 cum
1334 1064 1366 1084 eo
1382 1060 1484 1092 pereat.

895 1103 953 1132 XV.
973 1104 1050 1137 Quod
1075 1105 1203 1132 sacerdos
1221 1112 1270 1131 nec
1289 1109 1399 1140 peccata
1415 1103 1552 1139 negligere
1570 1102 1677 1133 debeat,

930 1158 981 1178 nec
999 1155 1142 1186 promptus
1156 1158 1217 1178 esse
1233 1150 1267 1178 ad
1280 1150 1439 1178 vindictam.

897 1237 966 1266 XVI.
987 1238 1024 1266 De
1046 1239 1216 1274 paenitentia,
1233 1243 1259 1267 et
1281 1239 1343 1274 quis
1364 1239 1438 1267 illius
1451 1238 1560 1271 modus,
1575 1242 1602 1266 et
1625 1245 1680 1273 quo

931 1288 1011 1320 pacto
1025 1289 1180 1320 peragatur.

897 1330 978 1358 XVII.
999 1330 1162 1366 Episcopum
1188 1330 1287 1358 debere
1312 1339 1372 1359 esse
1394 1330 1678 1366 irreprehenstbilem.

931 1380 1024 1412 utpote
1038 1376 1152 1404 formam
1168 1377 1362 1411 subjectorum.

898 1422 990 1451 XVIII.
1009 1423 1087 1457 Quod
1113 1427 1220 1458 oportet
1241 1424 1398 1459 episcopum
1417 1431 1524 1456 curare.
1541 1430 1575 1450 ne
1588 1426 1681 1458 peccet

933 1470 1018 1505 plebs,
1037 1470 1100 1505 quia
1115 1470 1173 1505 ipse
1188 1475 1230 1498 est
1243 1471 1408 1506 speculator.

898 1515 967 1544 XIX.
989 1515 1066 1549 Quod
1085 1520 1178 1551 pastor
1196 1524 1286 1544 ovuum
1303 1518 1454 1552 negligens,
1467 1524 1562 1552 poenas
1573 1517 1680 1550 solvat;

935 1566 962 1590 et
974 1563 1044 1596 ovis,
1057 1570 1112 1590 non
1127 1563 1256 1590 obcdiens
1271 1562 1384 1598 pastori,
1400 1564 1538 1598 puniatur.

898 1651 956 1679 XX.
973 1650 1032 1684 Quo
1055 1652 1136 1679 modo
1164 1652 1279 1687 subjecti
1306 1652 1459 1687 praepositis
1478 1652 1530 1680 sibi
1545 1652 1682 1687 episc0pis

931 1698 1041 1725 obedire
1057 1698 1184 1726 debeant.

898 1744 967 1771 XXI.
987 1744 1062 1777 Quod
1091 1745 1241 1779 periculurn
1271 1745 1318 1778 sit,
1342 1752 1394 1771 una
1411 1747 1516 1771 tantum
1534 1747 1611 1779 parte
1629 1751 1681 1770 au-

933 1790 999 1822 dita,
1015 1790 1147 1825 judicare.
1162 1794 1189 1818 et
1212 1798 1320 1825 pmnam
1343 1790 1489 1825 decernere
1511 1795 1606 1818 contra
1618 1798 1681 1818 eum

933 1837 980 1871 qui
995 1837 1114 1864 nondum
1129 1837 1271 1864 convictus
1282 1841 1333 1864 est.

898 1882 979 1911 XXII.
1000 1883 1078 1916 Quod
1110 1891 1238 1918 magnum
1275 1883 1440 1918 paenitentiae
1467 1883 1619 1918 exemplum
1652 1882 1681 1910 in

934 1930 1033 1958 Davide
1044 1933 1227 1965 proponatur;
1242 1929 1307 1957 item
1319 1930 1346 1956 in
1357 1928 1494 1962 Ninivitis,
1510 1929 1538 1956 in
1553 1928 1679 1961 Ezechia,

933 1980 961 2003 et
975 1976 1004 2003 in
1018 1976 1073 2002 tilio
1087 1976 1160 2003 illius
1179 1975 1313 2003 Manasse.

897 2020 993 2048 XXIII.
1016 2021 1046 2048 In
1060 2029 1118 2054 eos,
1140 2021 1187 2056 qui
1209 2029 1242 2048 ex
1271 2024 1429 2056 contemptu
1452 2025 1575 2056 peccant,
1590 2028 1681 2049 exem-

932 2069 1005 2103 plum
1022 2068 1059 2095 sit
1071 2068 1169 2095 Amon.

899 2113 993 2142 XXIV.
1015 2113 1091 2147 Quod
1104 2114 1230 2142 Christus
1245 2114 1324 2143 Jcsus
1339 2114 1469 2142 Dominus
1485 2114 1546 2142 ideo
1561 2113 1680 2146 advenit.

933 2165 963 2187 ut
979 2169 1027 2196 per
1040 2161 1229 2196 paenitentiam
1245 2164 1366 2188 servaret
1380 2164 1546 2196 peccatores.

899 2205 982 2234 XXV.
1001 2206 1038 2233 De
1053 2207 1180 2241 primitiis
1196 2211 1223 2234 et
1237 2207 1366 2240 decimis;
1378 2211 1405 2235 et
1421 2215 1476 2242 quo
1490 2207 1570 2235 modo
1585 2207 1682 2235 debeat

933 2253 1089 2287 episcopus,
1105 2260 1138 2280 ex
1164 2253 1205 2280 eis
1233 2253 1275 2281 vel
1304 2253 1362 2288 ipse
1388 2253 1523 2289 accipere,
1549 2253 1591 2281 vel
1621 2253 1682 2280 aliis

933 2298 1108 2326 distribuere.

897 2343 991 2371 XXVI.
1012 2344 1054 2371 Ad
1079 2345 1158 2380 cujus
1182 2345 1295 2372 formam
1311 2350 1338 2373 et
1352 2346 1509 2382 dignitatem
1533 2345 1681 2381 unusquis-

932 2398 985 2425 que
999 2391 1033 2418 de
1047 2391 1132 2425 clero,
1149 2399 1162 2417 a
1179 2390 1234 2418 Deo
1249 2391 1282 2418 sit
1300 2392 1451 2419 ordinatus.

897 2434 1002 2464 XXVII.
1015 2437 1093 2470 Quod
1108 2437 1244 2465 horrenda
1262 2446 1307 2465 res
1323 2438 1367 2470 sit,
1384 2437 1519 2465 hominem
1536 2437 1681 2465 immittere

933 2491 962 2510 se
978 2483 1006 2510 in
1021 2483 1139 2518 aliquam
1162 2484 1320 2518 dignitatem
1347 2483 1559 2518 sacerdotalem;
1585 2487 1614 2511 ut
1627 2483 1682 2512 Co-

931 2529 1001 2556 ritae.
1018 2533 1047 2556 ut
1063 2529 1139 2560 Saul,
1159 2533 1188 2556 ut
1204 2529 1294 2557 Ozias.

898 2573 1013 2602 XXVIII.
1035 2575 1073 2603 De
1094 2576 1235 2608 convivio;
1248 2580 1274 2603 et
1289 2583 1342 2611 qua
1358 2575 1467 2604 ratione
1486 2576 1600 2611 quilibet
1615 2577 1682 2605 cleri

933 2621 999 2648 ordo
1014 2628 1030 2648 a
1044 2621 1217 2649 vocatoribus
1234 2621 1408 2650 honorandus
1424 2623 1469 2650 sit.

897 2710 992 2738 XXIX.
1013 2711 1078 2744 Quae
1093 2712 1130 2739 sit
1143 2712 1260 2748 dignitas
1272 2713 1403 2748 episcopi,
1417 2717 1443 2740 et
1454 2712 1572 2740 diaconi.

899 2757 982 2784 XXX.
1003 2758 1063 2790 Quo
1077 2758 1157 2786 modo
1168 2763 1274 2793 oportet
1289 2759 1374 2787 laicos
1386 2759 1496 2786 obedire
1510 2757 1642 2785 diaconis.

901 2847 997 2875 XXXI.
1017 2847 1096 2881 Quod
1110 2855 1165 2876 non
1179 2852 1302 2884 oporteat
1316 2848 1460 2877 diaconum
1477 2848 1537 2876 sine
1550 2847 1680 2884 episcopo

932 2894 1080 2932 quidquam
1097 2894 1194 2925 facere.
