1884 3104
184 176 234 204 591,

591 173 619 202 S.
643 172 839 201 CLEMENTIS
855 173 866 201 I
883 172 969 201 'ROllI.
990 172 1096 201 PONT.
1113 172 1228 201 OPERA
1247 171 1360 200 DUBIA.

1750 171 1799 201 ΕΩ

183 230 292 260 XXXII.
310 230 388 265 Quod
404 238 459 259 non
474 233 598 267 oporteat
609 230 741 258 diaconus
760 234 857 265 praeter
872 230 968 257 volun-
982 242 991 269 λ

1048 230 1074 257 ς’.
1095 229 1159 258 ὀτι
1170 229 1213 265 μὴ
1228 229 1285 264 χρὴ
1299 229 1353 256 τὸν
1366 227 1506 257 διάκονον
1520 228 1600 263 παρὰ
1612 227 1734 263 τιν-ώμην
1750 230 1801 257 τοῦ

220 281 303 305 tatem
321 277 441 313 episcopi
470 276 515 304 det
529 277 669 312 cuipiam;
688 276 716 304 id
733 276 806 304 enim
820 276 848 303 in
863 276 967 303 calum-

218 323 291 350 niam
306 322 427 359 episcopi
446 331 598 352 cessurum.

182 368 300 398 XXXIII,
322 368 381 402 Quo
407 369 489 397 modo
525 373 648 405 oporteat
677 370 846 403 sacerdotes,
875 374 968 406 utpote

217 418 308 450 patres
332 415 500 450 spirituales,
522 416 656 444 honorare
677 424 711 444 ac
723 417 899 445 veneratione
924 416 968 444 di-

217 469 285 496 gnos
303 461 414 490 habere.

185 505 304 534 XXXIV.
325 507 403 540 Quod
420 508 588 544 principibus
599 515 631 536 ac
642 508 752 545 regibus
764 508 968 545 praestantiora

219 553 274 580 sint
291 553 457 581 sacerdotes.

182 599 291 626 XXXV.
346 599 424 634 Quod
460 599 581 628 Iudaicae
615 601 698 636 leges,
729 604 757 628 et
780 600 967 637 Evangelium.

217 646 378 682 praecipiant
399 655 542 675 munerum
569 647 744 676 oblationem.

182 692 303 720 XXXVI.
320 693 550 722 Commemoratio
580 695 674 723 decem
695 694 743 722 Dei
766 694 967 726 mandatorum,

218 743 246 767 et
261 747 316 775 quo
327 739 408 768 modo
421 748 452 768 ea
464 740 508 768 hic
522 741 688 769 edisserunt.

1052 276 1219 303 ἐπισκόπου
1241 276 1355 303 διδόναι
1376 274 1443 307 τινὶ,
1466 275 1516 302 ἐπὶ
1537 274 1664 310 διαϐολῇ
1684 276 1801 309 τὰρτοῦ

1051 322 1218 350 ἐπισκόπου
1232 322 1319 349 τοῦτο
1332 322 1446 356 πράξει.

1017 371 1071 404 λγ.
1095 370 1192 402 ὀπως
1205 368 1262 403 χρὴ
1272 368 1410 403 τιμᾶσθαι
1424 368 1493 401 τοὺς
1503 368 1600 402 Ιερεῖς,
1615 368 1666 396 καὶ
1676 369 1803 402 σεπτοὺς

1051 414 1196 449 ἡγεῖσθαι,
1210 414 1427 449 πνευματικοὺς
1442 414 1531 447 ὄντας
1542 414 1652 449 γονεῖς.

1017 504 1072 531 λδ.
1094 504 1157 531 Ὀτι
1171 503 1230 531 τῶν
1243 504 1396 540 ἀρχόντων
1409 503 1459 532 καὶ
1469 503 1624 536 ,βασιλέων
1637 504 1700 532 εισι
1712 505 1803 539 κρείτ-

1052 559 1124 584 τους
1139 552 1166 578 οι
1182 550 1278 585 ιερεῖς.

1017 598 1069 624 λε’.
1091 597 1154 624 ’Ὁτι
1168 597 1419 631 παρακελεύονται
1441 597 1468 624 οἱ
1489 597 1574 632 νόμοι
1594 598 1803 633 καρποφορεῖν·

1053 643 1193 677 ὡσαύτως
1206 644 1255 670 καὶ
1269 644 1301 671 τὺ
1308 643 1498 679 Εὑαγτέλιον.

1017 691 1076 722 λς’.
1103 689 1285 724 Ὑπόμνησις
1299 689 1358 716 τῶν
1371 689 1442 717 δέκα
1455 690 1508 717 τοῦ
1524 690 1597 718 Θεοῦ
1612 691 1736 726 λογίων,
1759 692 1807 719 καὶ

1053 735 1132 769 ὅπως
1150 736 1226 764 αὐτὰ
1238 736 1366 763 ἐνταῦθα
1379 736 1594 771 διαγορεύουσι.

181 784 312 814 XXXVII.
334 785 372 814 De
406 787 614 816 accusatoribus
655 791 683 815 et
718 786 904 819 delatoribus;
941 790 969 813 et

1048 781 1070 812 Ρ.
1091 782 1162 816 Περὶ
1176 782 1345 816 κατηγόρων
1358 782 1407 810 καὶ
1420 782 1637 817 συκοφαντῶν·
1659 783 1710 810 καὶ
1731 784 1807 817 ὅπως

216 832 289 868 quod
311 832 395 868 judex
423 841 478 860 non
504 833 602 861 debeat
626 833 681 861 illis
698 832 779 860 facile
790 832 913 863 credere.
925 832 967 860 vel

1053 827 1110 862 χρὴ
1122 828 1165 863 μὴ
1188 828 1351 863 προχείρως
1371 829 1525 856 πιστεύειν
1544 829 1564 864 ἣ
1580 830 1723 857 ἀπιστεῖν
1743 832 1807 857 τού-

217 886 272 906 non
292 879 414 911 credere,
430 879 478 907 sed
495 879 617 906 adhibita
638 879 760 915 diligenti
777 879 965 915 inquisitione.
983 912 991 943 1

1053 883 1116 908 τοις
1139 874 1192 902 τὸν
1213 875 1327 909 κριτὴν,
1349 875 1430 903 ἀλλὰ
1448 876 1524 910 μετὰ
1543 876 1686 910 ἀκριϐοῦς
1710 876 1809 908 ἐξετά-

1055 929 1141 943 REI-Ir,

1055 929 1141 954 σεως.

181 967 324 996 XXXVIII.
348 967 427 1001 Quod
458 971 583 1003 oporteat
614 968 804 1003 delinquentes
838 967 966 1004 privatim

1048 970 1073 1001 ι’.
1095 967 1159 994 ’Ότι
1181 967 1238 1002 χρὴ
1254 968 1324 1001 τοὺς
1337 968 1561 1003 ἁμαρτάνοντας
1575 967 1749 1002 ἰδιαζόντως
1761 969 1808 1001 ἑξ-

216 1021 341 1049 arguere.
362 1019 389 1042 et
404 1015 568 1050 pomitentes
583 1015 716 1050 recipere,
736 1014 886 1042 secundum
901 1022 968 1043 con-

1050 1014 1195 1049 ελέγχειν,
1206 1014 1255 1041 καὶ
1269 1014 1340 1048 τοὺς
1346 1015 1567 1050 μετανοοῦντας
1576 1015 1808 1050 προσδέχεσθαι,

217 1060 388 1087 stitutionem
404 1059 522 1087 Domini.

1051 1060 1127 1086 κατὰ
1139 1059 1195 1094 τὴν
1209 1060 1262 1088 τοῦ
1276 1061 1386 1095 Κυρίου
1400 1061 1544 1094 διάταξιν.

179 1105 304 1135 XXXIX.
324 1105 455 1142 Exempla
469 1106 647 1141 pcenitentiaa.

1048 1106 1071 1132 Γ.
1092 1105 1315 1141 Παραδείγματα
1328 1107 1396 1141 περὶ
1406 1107 1575 1142 μετανοίας.

181 1151 237 1179 XL.
257 1152 336 1185 Quod
355 1160 409 1179 non
425 1155 550 1188 oporteat
567 1152 703 1180 hostiliter
717 1151 788 1181 allici
803 1159 867 1189 erga
892 1152 967 1180 illum

1048 1172 1054 1178 .
1076 1152 1140 1179 Ὅτι
1155 1153 1191 1180 οὐ
1212 1152 1270 1187 γρὴ
1291 1153 1444 1188 ἐχθρωδῶς
1464 1153 1641 1186 διακεῖσθαι,
1666 1153 1739 1188 περὶ
1762 1154 1810 1181 τέν

215 1198 262 1233 qui
278 1198 363 1226 semel
376 1198 417 1226 vel
429 1198 527 1226 iterum
547 1198 679 1234 peccavit.

180 1242 251 1273 XLI.
269 1243 412 1277 Quomodo
432 1248 556 1280 oporteat
584 1244 706 1279 recipere
730 1244 918 1280 paenitentem.
942 1249 970 1272 et

216 1289 353 1325 quomodo
376 1297 456 1325 agere
480 1297 544 1317 cum
568 1290 770 1325 peccatoribus.
804 1296 831 1320 et
858 1292 970 1327 quando

217 1336 252 1363 ab
270 1335 394 1364 Ecclesia
408 1336 579 1365 abscindere.

182 1381 268 1409 XLII.
288 1381 412 1410 Iudicem
434 1389 490 1409 non
513 1382 613 1411 debere
623 1390 685 1411 esse
699 1387 898 1419 acceptatorem
909 1391 971 1420 per-

218 1435 360 1456 sonarum.

183 1473 274 1501 XLIII.
299 1473 443 1507 Quomodo
457 1478 580 1509 oporteat
591 1474 688 1510 punire
699 1474 921 1505 calumniatores.

182 1519 276 1547 XLIV.
296 1519 375 1552 Quod
399 1519 496 1547 debeat
511 1519 643 1547 diaconus
669 1520 811 1548 sublevare
823 1528 893 1549 onus
910 1522 968 1556 epi-

219 1567 306 1601 scopi.
323 1569 350 1594 et
364 1566 467 1594 leviora
482 1574 596 1602 qumque
605 1567 732 1602 dirigere.

183 1611 264 1640 XLV.
284 1612 363 1646 Quod
389 1621 444 1640 non
471 1613 635 1640 conveniant
665 1613 830 1642 Christianis
859 1618 970 1642 contro—

218 1659 314 1687 versia:
335 1663 362 1686 et
376 1659 577 1687 altercationes.

183 1702 274 1731 XLVI.
295 1704 373 1738 Quod
403 1712 458 1732 non
486 1710 610 1740 oporteat
634 1705 727 1734 ﬁdeles
751 1706 824 1741 apud
848 1706 970 1734 inﬁdeles

219 1750 345 1786 litigare;
361 1758 450 1786 neque
463 1758 496 1778 ex
511 1751 553 1778 his
568 1751 726 1786 quempiam
740 1759 840 1780 vocare
854 1752 881 1780 in
892 1752 971 1780 testi-

219 1797 341 1823 monium
358 1796 490 1824 adversus
504 1797 688 1825 Christianos.

183 1840 289 1869 XLVII.
310 1841 389 1875 Quod
419 1846 542 1878 oporteat
567 1843 596 1870 in
622 1843 742 1871 secunda
777 1843 969 1876 Sabbatorum,

220 1890 310 1915 torum
327 1896 417 1924 agere.

185 1933 301 1962 XLVIII.
323 1933 402 1969 Quod
426 1942 481 1963 non
507 1938 633 1970 oporteat
659 1935 783 1964 eamdem
809 1943 917 1971 pmnam
942 1936 971 1964 in

219 1980 295 2008 omni
315 1980 415 2008 delicto
435 1981 568 2018 irrogare,
585 1981 633 2009 sed
647 1982 761 2016 variam,
778 1989 827 2017 pro
841 1982 972 2010 varietate

221 2026 416 2062 delinquentis.

189 2072 281 2101 XLIX.
293 2073 393 2106 Quales
415 2080 478 2101 esse
495 2072 573 2101 decet
587 2077 772 2103 accusatores.
784 2077 811 2101 et
825 2076 921 2101 testes.

187 2161 217 2191 L.
239 2162 318 2196 Quod
341 2171 393 2191 usu
421 2163 523 2195 veniat.
551 2167 581 2190 ut
601 2162 759 2198 conjectura
780 2171 814 2190 ex
833 2163 971 2198 prioribus

222 2210 302 2238 malis
322 2209 415 2242 ducta,
435 2210 535 2246 aliquis
557 2210 637 2238 facile
667 2209 796 2237 credatur
821 2210 973 2246 posteriora

222 2255 392 2291 designasse.

187 2301 231 2330 LI.
252 2301 410 2335 Quod'non
435 2307 559 2337 oporteat
586 2302 613 2330 in
635 2302 796 2338 judicando,
827 2303 874 2330 uni
901 2303 971 2338 parti

226 2348 327 2377 favere.

189 2393 244 2422 LII.
265 2393 424 2430 Exemplum
445 2394 515 2429 justi
539 2394 636 2430 judicii
653 2395 778 2430 capiatur
790 2394 824 2423 de
833 2395 970 2427 cautione,

226 2447 307 2475 quam
323 2440 351 2467 in
371 2441 514 2469 sententiis
528 2441 634 2476 judices
648 2440 769 2470 Gentiles
783 2441 921 2469 adhibent.

190 2485 256 2514 LIII.
277 2485 356 2519 Quod
377 2495 432 2515 non
456 2491 579 2522 oporteat
606 2487 698 2516 ﬁdeles
722 2488 792 2516 inter
815 2496 845 2517 se
868 2488 973 2516 discor-

225 2531 301 2559 dare.

191 2577 259 2607 LIV.
276 2578 354 2612 Quod
377 2582 501 2614 oporteat
523 2580 668 2614 episcopos
687 2579 721 2607 de
735 2587 802 2614 pace
817 2587 866 2615 per
880 2580 967 2608 diaco-

230 2633 295 2652 num
310 2625 410 2660 pOpulo
430 2625 457 2652 in
476 2625 635 2653 memoriam
648 2633 802 2661 suggerere.

193 2669 249 2698 LV.
271 2670 447 2698 Enumeratio
467 2671 549 2698 variae
579 2671 764 2706 providentiae.
793 2676 820 2700 et
843 2671 975 2708 quemad-

229 2716 340 2744 modum
362 2716 396 2745 ab
414 2717 492 2744 initio
505 2717 576 2745 Deus
591 2725 640 2753 per
655 2718 778 2754 singulas
788 2718 976 2754 generationes

230 2762 264 2790 ad
277 2763 468 2799 pmnitentiam
480 2771 575 2792 omnes
586 2763 710 2792 homines
724 2764 840 2792 vocavit.

194 2808 263 2836 LVI.
285 2808 364 2843 Quod
387 2810 513 2838 voluntas
528 2809 575 2838 Dei
591 2810 637 2844 sit,
653 2815 683 2838 ut
697 2818 792 2838 omnes
806 2810 932 2838 homines
946 2810 975 2839 in

231 2854 331 2890 pietate
347 2857 530 2890 corseatiant,
546 2856 635 2885 instar
655 2857 805 2886 celestium
824 2855 974 2886 Virtutum.

1053 1198 1134 1230 ἅπαξ
1148 1198 1167 1232 ἢ
1183 1198 1323 1233 δεύτερον
1333 1199 1550 1234 ἁμαρτάνοντα.

1015 1248 1074 1280 μα’.
1092 1246 1189 1279 Ὅπως
1203 1245 1251 1273 δεῖ
1262 1245 1439 1279 προσίεσθαι
1460 1244 1514 1272 τὸν
1528 1246 1751 1280 μετανοοῦντα,
1766 1246 1810 1273 καὶ
1865 1282 1866 1285 η

1055 1291 1135 1325 ὅπως
1151 1291 1335 1326 δια-Γίνεσθαι
1351 1291 1425 1326 πρὸς
1434 1290 1669 1327 ἁμαρτάνοντας,
1680 1292 1733 1319 καὶ
1744 1292 1811 1318 ,πότε

1054 1337 1210 1364 ἐκκόπτειν
1223 1337 1278 1371 τῆς
1291 1337 1465 1371 ἐκκλησίας.

1018 1384 1074 1418 με’.
1097 1383 1159 1410 ὀτι
1174 1383 1231 1418 χρὴ
1246 1383 1524 1418 ἀπροσωπόληπτον
1537 1383 1615 1411 εἶναι
1627 1383 1684 1411 τὸν
1697 1383 1809 1418 κριτήν.
1865 1417 1866 1422 η

1019 1476 1076 1508 μγ.
1098 1472 1195 1506 Ὅπως
1211 1472 1268 1507 χρὴ
1284 1473 1355 1505 τοὺς
1368 1473 1563 1508 συκοφάντας
1577 1473 1780 1508 τιμωρεῖσθαι.

1019 1518 1077 1554 μδ.
1098 1519 1161 1546 Ὅτι
1175 1519 1232 1554 χρὴ
1247 1521 1301 1547 τὸν
1313 1519 1453 1547 διάκονον
1460 1519 1663 1554 ἐπικουφίζειν
1672 1519 1706 1546 τὸ
1721 1519 1812 1554 βάρος

1057 1565 1116 1592 τῶν
1128 1566 1310 1597 ἐπισκόπων,
1325 1567 1373 1594 καὶ
1386 1566 1553 1594 διευθύνειν
1565 1568 1603 1594 τὰ
1615 1568 1795 1602 κουφότερα.

1018 1614 1073 1645 με’.
1083 1612 1145 1638 ’Ὁτι
1156 1612 1199 1647 μὴ
1213 1612 1370 1647 προσῆκον
1383 1613 1569 1647 Χριστιανοῒς
1582 1612 1754 1648 ἀντιλογίαι
1768 1613 1814 1640 και

1054 1657 1294 1693 διαπληκτισμοί.

1018 1707 1079 1738 μς’.
1102 1704 1164 1732 Ὅτι
1178 1706 1214 1732 οὺ
1228 1704 1285 1740 χρὴ
1299 1704 1370 1738 τοὺς
1385 1706 1511 1739 πιστοὺς
1529 1705 1579 1732 ἐπὶ
1593 1705 1655 1732 τῶν
1678 1705 1814 1732 ἀπίστων
1865 1710 1866 1740 l

1055 1749 1231 1782 δικάζεσθαι,
1246 1751 1314 1778 οὔτε
1326 1751 1390 1785 μὴν
1403 1751 1438 1783 ἐξ
1451 1750 1550 1778 αὐτῶν
1562 1759 1630 1778 τινα
1646 1750 1756 1778 καλεῖν
1775 1751 1815 1783 εις

1053 1797 1219 1831 μαρτυρίαν
1232 1797 1291 1824 τῶν
1304 1797 1497 1831 Χριστιανῶν.

1019 1841 1074 1877 μζθ.
1096 1843 1159 1869 ’Ὁτι
1172 1842 1230 1877 χρὴ
1245 1843 1280 1870 ὲν
1293 1842 1416 1877 δευτέρᾳ
1431 1842 1585 1870 σαϐϐάτων
1599 1843 1752 1871 ποιεῖσθαι
1766 1843 1816 1876 τὰς

1056 1888 1150 1922 δίκας.

1018 1937 1078 1969 μη’.
1100 1934 1163 1961 ὀτι
1174 1934 1218 1970 μὴ
1241 1935 1300 1970 χρὴ
1321 1935 1434 1969 ταύτην
1454 1934 1577 1969 ἐπάγειν
1601 1936 1749 1970 τιμωρίαν
1769 1934 1815 1961 ἐπὶ

1056 1978 1158 2014 πάσης
1175 1981 1389 2016 πλημμελείας,
1404 1981 1486 2008 ἀλλὰ
1504 1980 1662 2016 διάφορον,
1686 1982 1765 2016 πρὸς
1786 1982 1815 2008 τὸ
1865 1989 1866 1994 ‘

1056 2025 1200 2061 διάφορον
1213 2027 1265 2054 τοῦ
1280 2026 1511 2062 ἁμαρτάνοντος.
1865 2023 1866 2026 Ἴ

1019 2073 1076 2107 μθ.
1103 2073 1239 2106 Ὀποίους
1264 2073 1340 2100 εἶναι
1368 2073 1426 2108 χρὴ
1449 2073 1521 2107 τοὺς
1542 2075 1745 2109 κατηγόρους,
1770 2074 1814 2101 καὶ

1053 2118 1214 2153 μάρτυρας-

1021 2168 1055 2192 ν¹.
1079 2165 1141 2192 Ὀτι
1154 2166 1285 2200 ἐγχωρεῖ,
1300 2166 1366 2193 τινὰ
1379 2165 1428 2193 καὶ
1441 2165 1476 2192 ὲκ
1490 2165 1641 2200 προτέρων
1659 2166 1765 2194 κακῶν
1775 2166 1814 2202 μὴ

1056 2211 1245 2240 ἀπιστεῖσθαι
1259 2212 1295 2239 τὰ
1307 2212 1439 2247 δεύτερα.

1022 2305 1077 2328 ra’.
1098 2302 1162 2328 Ὀτι
1184 2302 1219 2328 οὐ
1240 2301 1297 2336 χρὴ
1318 2300 1491 2337 μονομερεῖς
1510 2300 1564 2335 τὰς
1584 2302 1704 2336 κρίσεις
1727 2302 1813 2330 ποιεῖ-

1057 2349 1136 2375 σθαι.

1022 2394 1074 2420 νθ.
1096 2393 1282 2428 Παράδειγμα
1294 2393 1347 2420 τοῦ
1357 2393 1473 2420 δικαίου
1486 2393 1629 2427 κρίματος
1639 2394 1660 2428 ἡ
1675 2393 1738 2421 τῶν
1747 2394 1812 2426 ἔξω·

1057 2441 1108 2467 θεν
1122 2438 1271 2466 δικαστῶν
1284 2438 1351 2473 περὶ
1364 2438 1417 2472 τὰς
1430 2438 1600 2473 ἀποφάσεις
1613 2439 1780 2474 ἀσφάλεια.

1022 2489 1075 2520 νγ.
1098 2485 1160 2512 Ὀτι
1179 2484 1222 2520 μὴ
1242 2484 1299 2520 χρὴ
1320 2485 1383 2512 κατ’
1404 2483 1549 2519 ἀλλήλων
1571 2485 1656 2520 ἔχειν
1677 2487 1752 2520 τοὺς
1772 2494 1806 2512 at.

1058 2532 1159 2564 στούς.

1023 2577 1077 2604 νδ.
1099 2577 1162 2604 Ὅτι
1172 2576 1229 2611 χρὴ
1239 2575 1309 2610 τοὺς
1322 2576 1507 2610 ἐπισκόπους
1513 2577 1549 2605 τὰ
1558 2577 1625 2612 περὶ
1636 2578 1763 2613 εέρήνης
1769 2578 1811 2605 διὰ

1059 2623 1111 2651 τοῦ
1125 2623 1265 2650 διακόνου
1278 2622 1517 2658 ὑπομιμνήσκειν
1528 2623 1570 2656 τῷ
1582 2623 1658 2656 λαῷ.

1024 2672 1075 2697 re’.
1102 2669 1313 2704 Ἀπαρίθμησις
1335 2668 1477 2703 διαφόρου
1491 2669 1644 2703 προνοίας,
1666 2669 1718 2696 καὶ
1737 2669 1807 2701 ὅπως

1059 2715 1094 2749 ἐξ
1108 2715 1203 2750 ἀρχῆς
1216 2715 1280 2743 καθ’
1295 2714 1540 2750 ἑκάστην-γενεὰν
1552 2715 1731 2743 ἐκάλεσεν-ό
1744 2714 1806 2746 Θεό(

1059 2762 1104 2794 εις
1113 2760 1274 2796 μετάνοιαν
1283 2760 1407 2794 πάντας.

1025 2811 1082 2841 νς¹.
1103 2807 1167 2834 Ὅτι
1182 2806 1294 2842 θέλημα
1306 2807 1360 2834 τοῦ
1376 2806 1460 2838 Θεοῦ,
1475 2806 1646 2841 ὁμόφρονας
1654 2808 1730 2834 εἶναι
1743 2806 1803 2839 τοὺς

1060 2852 1234 2887 ἀνθρώπους
1252 2852 1319 2887 περὶ
1332 2852 1389 2887 τὴν
1406 2852 1572 2887 εὐσέϐειαν,
1594 2853 1802 2888 παραπλησίως

1062 2899 1125 2933 ταῖς
1137 2898 1171 2926 ἐν
1185 2898 1299 2933 οὐρανῷ
1312 2898 1464 2936 δυνάμεσι.
