1884 3104
39 143 79 171 605

38 199 91 229 Θεοῦ
104 198 197 234 ἧρξατο
220 196 326 233 πρῶτον
341 197 436 227 ποιεῖν,
456 196 503 223 καὶ
523 196 583 222 τότε
607 195 749 222 διδάσκειν·
766 196 804 228 ὥς
817 199 841 227 Α

38 255 78 273 πω
95 245 161 278 λέγει
183 243 237 278 (15)
253 243 267 269 ὁ
290 243 405 274 Λουκᾶς·
432 252 441 268 ι
461 240 511 268 Ὧν
539 242 639 278 ἧρξατο
663 243 678 268 ὁ
702 242 804 277 Ἰησοῦς

38 293 107 318 ποιεῖν
124 290 167 317 καὶ
183 289 342 316 διδάσκειν.»
360 289 405 314 Διό
419 296 511 323 φησιν·
533 297 541 313 ι
559 289 606 319 Ὂς
615 287 636 314 δ’
654 288 686 314 ἂν
703 288 803 324 ποιήσῃ

38 338 74 364 καὶ
89 335 182 371 διδάξῃ,
197 332 274 366 οὗτος
299 334 386 370 μέγας
407 334 571 370 κληθήσεται
587 335 615 360 ὲν
631 336 663 370 τῇ
683 335 805 370 βασιλείᾳ

37 384 74 410 τοῦ
89 382 158 410 Θεοῦ.
172 392 180 407 ι
198 381 318 413 Σκοποὺς
333 381 387 417 γάρ
403 378 471 407 εἶναι
490 381 530 407 δεῖ
547 382 619 416 ὑμᾶς
628 381 667 416 τῷ
678 381 733 416 λαῷ
743 383 805 413 τοὺς

39 429 189 460 ἐπισκόπους,
199 428 239 454 ὅτι
256 428 303 454 καὶ
319 427 398 462 ὑμεῖς
415 428 515 454 σκοπὸν
526 427 601 462 ἔχετε
617 428 662 454 τὸν
676 428 802 464 Χριστόν.

39 477 81 503 Καὶ
99 476 170 510 ὑμεῖς
189 472 235 500 οὖν
249 473 356 508 γίνεσθε
380 474 477 499 σκοποὶ
495 473 593 507 ἀγαθοὶ
615 473 654 509 τῷ
677 474 735 509 λαῷ
757 474 804 500 τοῦ

38 521 99 548 Θεοῦ·
117 521 154 547 ὃτι
169 520 242 554 λέγει
258 519 358 555 Κύριος
375 519 419 546 διὰ
441 519 487 546 τοῦ
512 519 638 556 Ἰεζεκιὴλ
655 520 723 556 πρὸς
741 520 805 546 ἕκα-

40 576 86 594 στον
99 567 167 602 ὑμῶν
180 565 300 601 φάσκων·
320 575 330 590 ι
343 565 389 592 Υἱὲ
403 565 557 601 ἀνθρώπου,
577 567 676 592 σκοπὸν
702 566 805 592 δέδωκά

39 622 61 640 σε
79 613 111 648 τῷ
130 613 192 647 οἴκῳ
217 611 334 647 Ἰσραὴλ,
353 612 400 638 καὶ
423 611 527 647 ἀκούσῃ
547 613 578 638 ἐκ
597 612 728 647 στόματός
754 621 804 647 μου

36 660 99 693 λόγον
117 660 159 685 καὶ
180 657 369 693 διαφυλάξεις,
390 658 437 684 καὶ
459 658 610 691 διαγγελεῖς
634 659 715 685 αὐτὸν
740 660 803 695 παρ’

37 704 98 741 ἐμοῖν
113 706 139 731 ὲν
159 704 197 739 τῷ
213 704 302 738 λέγειν
318 712 351 739 με
368 704 407 738 τῷ
423 704 525 739 ἀνόμῳ·
541 704 654 740 Θανάτῳ
669 705 803 740 ἀποθανῇ,

37 753 72 778 καὶ
83 752 126 778 οὐκ
140 750 271 785 ὲλάλησας
285 750 332 776 τοῦ
349 750 496 776 διαστεῖλαι
508 750 608 785 ἄνομον
625 751 657 776 ἐκ
675 750 725 785 τῆς
743 751 804 777 ἀνο-

39 798 88 832 μίας
107 797 194 828 αὑτοῦ,
214 797 228 823 ὁ
254 797 353 832 ἄνομος
374 797 475 828 ἐκεῖνος
494 797 522 822 ὲν
545 798 578 832 τῇ
599 796 697 832 ἀνομίᾳ
720 797 803 823 αὐτοῦ

37 843 196 873 ἀποθανεῖται,
208 843 256 869 καὶ
269 843 300 869 τὸ
314 840 383 877 αἷμα
395 842 480 868 αὑτοῦ
492 843 523 869 ἐκ
534 843 583 877 τῆς
597 843 686 879 χειρός
697 852 743 869 σου
759 845 803 870 ὲκ-

36 890 133 924 ζητήσω-
153 890 185 915 σὺ
208 889 236 915 δὲ
256 889 303 915 ἐὰν
329 889 466 925 διαστείλῃ
492 888 531 924 τῷ
554 889 646 925 ἀνόμῳ
678 890 732 916 ἀπὸ
755 890 804 925 τῆς
820 883 841 911 Β

35 935 81 961 ὁδοῦ
94 934 169 962 αὐτοῦ
181 935 352 970 ἀποστρέψαι
366 935 412 961 ἀπ’
424 935 518 970 αὐτῆς,
530 936 576 961 καὶ
588 935 624 970 μὴ
635 935 803 972 ἀποστρέψῃ,

36 981 99 1012 αὐτὸς
113 982 140 1007 ὲν
155 983 188 1016 τῇ
207 981 307 1016 ἀνομίᾳ
332 980 414 1007 αὐτοῦ
439 981 624 1013 ἀποθανεῖται,
644 982 690 1008 καὶ
708 983 739 1008 σὺ
757 982 805 1017 τὴν

35 1027 105 1062 ψλχήν
124 1035 168 1054 σου
187 1027 306 1063 ὲρῥύσω.
325 1027 462 1059 Ὡσαύτως
475 1028 502 1054 δὲ
519 1028 574 1063 (16)
591 1028 711 1064 μάχαιρα
727 1028 805 1054 πολέ-

37 1082 74 1108 μου
86 1073 128 1100 ἐὰν
180 1074 329 1110 ἐρχομένη,
349 1075 395 1101 καὶ
413 1075 499 1110 στήσῃ
518 1075 532 1100 ὁ
555 1074 618 1106 λαὸς
644 1075 744 1101 σκοπὸν
767 1076 805 1107 εἰς

35 1119 199 1155 προφυλακὴν,
216 1121 265 1147 καὶ
283 1120 343 1146 ἰδὼν
361 1120 445 1155 αὐτὴν
463 1121 624 1156 ἐρχομένην,
645 1121 680 1156 μὴ
695 1129 804 1156 προμη-

35 1167 97 1203 viai],
108 1168 151 1194 καὶ
165 1167 236 1203 λάϐῃ
251 1167 350 1203 ψυχὴν,
361 1168 378 1202 ἡ
391 1168 439 1202 μὲν
452 1167 524 1202 ψυχὴ
540 1168 572 1202 τῇ
584 1167 706 1203 ἁμαρτίᾳ
721 1167 806 1201 αὐτῆς

35 1213 131 1249 ἐλήφθη,
148 1214 178 1240 τὸ
192 1213 221 1240 δὲ
236 1211 305 1249 αἷμα
323 1213 355 1240 ἐκ
370 1213 460 1249 χειρὸς
473 1212 520 1239 τοῦ
538 1213 640 1239 σκοποῦ
656 1213 807 1248 ὲκζητηθή⁴

36 1267 104 1291 σεται,
121 1260 160 1286 ὅτι
172 1261 223 1286 οὐκ
238 1259 359 1295 ὲσήμανε
377 1260 411 1295 τῇ
435 1259 575 1293 σάλπιγγν
589 1259 636 1285 ἐὰν
651 1259 678 1285 δὲ
698 1259 805 1294 σημάνῃ

34 1307 58 1340 τῇ
75 1306 205 1341 κερατίνη,
224 1306 272 1332 καὶ
288 1305 325 1341 μὴ
344 1305 493 1340 φυλάξηται
507 1306 521 1331 ὁ
537 1305 665 1337 ἀκούσας,
681 1306 729 1331 καὶ
743 1306 806 1342 ἔλθῃ

33 1352 45 1384 ἠ
59 1352 177 1387 μάχαιρα,
193 1352 243 1378 καὶ
257 1351 326 1387 λάϐῃ
349 1352 441 1383 αὐτὸν,
457 1352 487 1378 τὸ
515 1349 583 1387 αἷμα
602 1351 684 1378 αὑτοῦ
701 1353 745 1378 ἐπ’
759 1353 807 1379 αὺ-

33 1397 67 1422 τᾶν
81 1397 159 1429 ἔσται,
173 1399 214 1424 ὅτι
230 1399 280 1425 οὐκ
296 1398 445 1433 ἐφυλάξατο
460 1397 578 1429 ἀκούσας
588 1398 637 1433 τῆς
652 1399 805 1433 κερατίνης,

33 1444 77 1469 ξιόὲ
90 1444 284 1479 φυλαξάμενος,
298 1443 347 1480 τὴν
361 1444 448 1479 ψυχὴν
468 1443 550 1470 αὐτοῦ
570 1444 715 1480 ἐρρύσατο,
733 1445 779 1470 καὶ
793 1445 807 1470 ὀ

36 1489 118 1522 σκοπὸς
139 1491 178 1516 ὃτι
203 1491 336 1525 ὲσήμανε,
357 1489 413 1525 ζωῇ
438 1490 558 1525 ζήσεται.
575 1500 583 1515 ι
604 1491 732 1526 Μάχαιροι
758 1490 806 1526 μέν

33 1536 91 1561 ἐστιν
105 1537 120 1571 ἡ
135 1537 235 1572 κρίσις·
251 1536 367 1570 σάλπιγξ
379 1536 407 1562 δὲ
422 1536 488 1571 (17),
506 1536 536 1562 τὸ
553 1536 623 1572 ἱερὸν
632 1537 804 1570 Εὐαγγέλιον·
821 1552 841 1579 C

34 1580 116 1612 σκοπὸς
124 1581 160 1614 δὲ,
170 1583 184 1608 ὁ
199 1582 380 1613 κατασταθεὶς
395 1583 426 1617 τῇ
445 1582 590 1617 Ἐκκλησία
604 1582 761 1614 ἐπίσκοπος,
776 1582 805 1609 ὃν

32 1626 63 1652 δεῖ
75 1627 242 1662 κηρύσσοντα
255 1627 491 1664 διαμαρτύρασθαι
505 1628 553 1654 καὶ
571 1628 624 1664 (18)
640 1628 807 1655 διαϐεϐαιοῦ-

34 1672 83 1698 σθαι
104 1675 163 1709 περὶ
182 1674 235 1709 τῆς
258 1675 382 1710 κρίσεως.
409 1674 471 1701 Ἐάν
502 1674 538 1710 μὴ
557 1674 736 1710 διαγγείλητε,
760 1675 807 1702 καὶ

32 1719 237 1756 διαμαρτύρησθε
255 1721 293 1756 τῷ
303 1720 371 1756 λαῷ,
389 1722 429 1752 εἰς
444 1721 515 1756 ὑμᾶς
535 1722 552 1756 ἡ
569 1722 691 1757 ἁμαρτία
706 1722 759 1747 τῶν
777 1722 808 1747 ἀ-

32 1766 165 1797 γνοούντων
176 1766 364 1803 εὑρεθήσεται.
380 1767 426 1793 Aio
440 1767 503 1799 τοὺς
517 1768 768 1803 ἀναστρεφομένους
779 1769 808 1794 έν

31 1811 175 1849 ἀπαιδευσίᾳ
202 1813 259 1849 l9)
275 1813 434 1844 νουθετεῖτε,
452 1813 498 1840 καὶ
511 1813 635 1849 ἐλέγχετε
653 1813 720 1849 μετὰ
737 1815 808 1850 παῤ-

33 1859 124 1892 ρησίας,
142 1861 204 1892 τοὺς
224 1859 390 1894 ἀγνοοῦντας
413 1859 562 1892 διδάσκετε,
578 1861 640 1891 τοὺς
659 1861 808 1896 ἐπισταμέ-

30 1912 82 1935 νους
97 1905 246 1941 στηρίζετε,
255 1907 318 1937 τοὺς
333 1906 557 1941 πεπλανημένους
571 1907 756 1942 ἐπιστρέφετε.
768 1907 807 1933 Τὰ

32 1950 89 1976 αὐτὰ
104 1952 164 1987 περὶ
185 1951 241 1978 τῶν
261 1951 351 1978 αὐτῶν
367 1951 500 1986 λέγοντες,
519 1951 637 1986 ἀδελφοὶ,
652 1953 700 1987 οὐχ
719 1953 808 1988 ἀμαρ-

32 1996 163 2031 τησόμεθα.
188 1997 237 2024 Ἐκ
251 1998 306 2033 γὰρ
320 1997 367 2024 τοῦ
378 1997 507 2030 πολλάκις
516 1997 635 2029 ἀκούειν,
647 1999 718 2030 εἰκός
732 2008 807 2030 τινας

32 2041 226 2077 ὀνσωπηθέντας
244 2043 296 2070 κᾶν
310 2043 384 2076 ἅπαξ
406 2053 432 2070 τι
445 2045 498 2071 τῶν
517 2044 606 2071 καλῶν
629 2045 741 2079 ποιῆσαι
761 2046 808 2072 καὶ

32 2089 76 2115 τῶν
84 2090 204 2126 πονηρῶν
217 2090 447 2126 παραιτήσασθαι.
460 2090 540 2125 Λέγει
549 2090 604 2127 γὰρ
611 2090 654 2117 διὰ
665 2092 805 2126 προφήτου

32 2135 44 2159 ὁ
55 2135 120 2167 Θεὸς
137 2146 146 2162 ι
156 2136 341 2173 Διαμαρτύρει
351 2138 442 2168 αὐτοῖς
456 2137 552 2169 ταῦτα,
566 2138 630 2168 ἴσως
644 2137 807 2165 ἀκούσονταί

34 2189 71 2207 σου
84 2183 130 2218 τῆς
140 2183 241 2218 φωνῆς.
256 2193 265 2209 ι
287 2184 342 2210 Καὶ
357 2184 447 2210 πάλιν·
466 2193 475 2209 ι
496 2184 558 2210 Ἐὰν
572 2184 626 2220 ἄρα
643 2185 804 2217 ἀκούσωσιν,

472 137 773 167 CONSTITL'TlONES
789 137 1131 166 APOSTOLICAS.—LIB.
1149 138 1181 166 ll.

1588 137 1640 166 606

856 195 987 224 Dominus
1008 200 1035 223 et
1055 196 1152 223 doctor
1181 199 1274 223 noster
1295 195 1376 223 Jesus
1397 195 1536 227 Christus.
1554 195 1641 223 Filius

855 241 912 273 Dei,
928 242 1045 277 primum
1058 243 1142 277 erepit
1157 241 1256 274 facere,
1271 242 1369 269 deinde
1381 241 1494 274 docere;
1511 243 1585 276 quod
1599 242 1642 269 his

854 288 945 315 verbis
961 288 1060 315 alicubi
1075 288 1203 322 exprimit
1225 287 1334 316 Lucas:
1354 297 1363 313 ι
1379 287 1445 320 Quae
1461 289 1545 322 cmpit
1560 287 1642 315 Jesus

855 333 946 362 facere
960 338 986 362 et
1001 334 1100 361 docere
1111 334 1145 362 ⁵⁸.
1159 344 1168 360 ι
1194 334 1329 367 Quocirca
1346 334 1417 361 idem
1435 334 1564 369 Magister
1579 335 1617 362 ait
1634 345 1640 362 :

857 389 867 406 ι
883 380 935 413 Qui
953 385 1043 408 autem
1063 380 1158 408 fecerit
1180 386 1206 407 et
1221 380 1362 410 docuerit.
1392 380 1436 406 liie
1463 388 1579 414 magnus
1596 389 1644 408 vo-

855 426 963 453 cabitur
973 427 1000 453 in
1011 434 1095 461 regno
1111 426 1156 453 Dei
1168 427 1202 454 ".
1219 435 1229 452 ι
1245 425 1358 461 Oportet
1368 430 1458 452 autem
1473 430 1502 452 ut
1519 434 1566 454 vos
1579 425 1642 461 Epi-

855 473 948 507 scopi,
978 474 1077 508 populo
1103 473 1163 500 sitis
1180 473 1386 508 speculatores;
1406 473 1479 508 quod
1500 480 1548 500 vos
1574 479 1644 507 quo-

855 526 908 553 que
920 519 1118 554 speculatorem
1135 519 1259 546 habeatis
1274 519 1426 546 Christum.
1449 519 1481 545 Et
1496 527 1544 546 vos
1560 519 1643 554 igitur

854 569 941 592 estote
956 566 1034 600 probi
1050 566 1235 600 speculatores
1252 566 1338 600 plebis
1353 565 1416 599 Dei;
1432 566 1495 600 quia
1513 565 1643 593 Dominus

854 618 903 645 per
925 610 1092 638 Ezechielem
1116 619 1177 638 cuni
1203 619 1368 646 unoquoque
1383 617 1505 639 vestrum
1528 612 1644 646 loquens

855 657 893 683 ait
910 666 916 684 :
934 667 943 682 ι
958 657 1008 684 Fili
1032 657 1167 689 hominis,
1188 657 1389 692 speculatorem
1411 657 1475 685 dedi
1501 662 1527 685 te
1550 658 1644 686 domui

855 703 1023 737 Israeliticae;
1037 708 1065 732 et
1079 704 1175 732 audies
1189 712 1222 731 ex
1238 712 1285 731 ore
1300 711 1360 731 meo
1376 712 1542 737 sermonem,
1555 708 1582 731 et
1596 712 1645 731 ca—

855 758 918 778 vere
934 750 1027 781 facies,
1040 754 1068 777 et
1082 758 1115 777 ex
1131 758 1174 777 me
1191 749 1386 777 aiinuntiabis:
1404 758 1465 776 cum
1482 750 1578 778 dixero
1592 751 1644 777 iiii-

855 805 930 831 quo:
947 797 1033 824 Morte
1047 797 1189 829 morieris;
1204 797 1227 822 si
1243 803 1297 823 non
1314 796 1421 823 loeutus
1437 796 1533 827 fueris,
1552 799 1581 822 ιιι
1600 801 1645 823 re-

855 843 944 870 trahat
959 851 988 871 se
1007 843 1118 878 iniquus
1133 843 1168 869 ab
1187 842 1331 877 iniquitate
1346 850 1410 874 sua,
1428 842 1538 877 iniquus
1554 843 1599 870 ille
1616 843 1643 870 iii

857 889 999 924 iniquitate
1010 897 1058 916 sua
1074 889 1216 920 morietur,
1231 892 1257 915 et
1271 889 1430 923 sanguinem
1443 889 1503 922 ejus
1517 889 1550 916 de
1561 897 1643 916 manu

856 940 902 962 tua
918 935 1072 970 requiram;
1090 940 1117 962 tu
1132 939 1222 962 autem
1239 935 1262 962 si
1277 935 1482 962 denuntiaveris
1499 935 1594 970 iniquo
1609 935 1643 962 de

856 983 899 1009 via
917 990 977 1012 sua,
991 987 1020 1008 ut
1035 982 1069 1007 ab
1085 989 1115 1008 ea
1134 989 1163 1009 se
1186 985 1305 1012 avertat.
1326 985 1353 1008 et
1376 989 1431 1007 non
1454 989 1483 1008 se
1503 982 1642 1014 averterit,

857 1028 954 1063 ipsein
970 1027 1112 1062 iniquitate
1126 1035 1175 1055 sua
1190 1027 1337 1060 morietur;
1352 1032 1379 1053 et
1393 1031 1421 1054 tu
1437 1027 1554 1054 an‘inam
1570 1032 1643 1054 tuani

856 1074 989 1102 liberasti.
1006 1073 1137 1101 Similiter
1152 1078 1254 1105 autem,
1276 1074 1298 1101 si
1314 1073 1420 1100 venerit
1438 1073 1502 1100 belli
1518 1073 1643 1108 gladius;

856 1124 882 1148 et
899 1120 1024 1147 statuerit
1047 1119 1164 1154 populus
1179 1119 1379 1155 speculatorem
1404 1119 1437 1145 ad
1461 1119 1601 1154 vigiliam;
1617 1125 1645 1146 et

857 1165 881 1194 is
891 1166 987 1193 videns
1000 1166 1118 1201 gladium
1133 1165 1317 1197 accedentem,
1334 1173 1388 1192 non
1403 1165 1643 1200 prmnuntiaverit;

857 1218 883 1241 et
904 1213 1009 1248 gladius
1025 1213 1118 1240 tulerit
1134 1213 1269 1245 animam;
1286 1212 1375 1238 anima
1394 1211 1504 1246 quidem
1529 1216 1644 1247 peccato

858 1267 908 1287 suo
932 1259 1038 1287 sublata
1061 1263 1118 1292 est;
1135 1264 1162 1286 at
1184 1259 1296 1293 sanguis
1317 1258 1350 1285 de
1365 1266 1447 1285 manu
1463 1259 1645 1293 speculatoris

857 1306 1022 1341 requirctur,
1041 1306 1105 1340 quia
1122 1313 1177 1332 non
1194 1305 1358 1340 signiﬁcavit
1382 1305 1467 1337 tuba;
1486 1305 1528 1332 sin
1553 1309 1644 1332 anteiit

857 1353 1053 1388 significaverit
1068 1352 1200 1384 buccina,
1217 1356 1244 1379 et
1269 1351 1315 1386 qui
1339 1351 1460 1384 audivit,
1476 1360 1530 1378 non
1547 1359 1576 1379 se
1595 1353 1646 1378 ob-

858 1399 1018 1432 servaverit,
1049 1399 1208 1433 venerilque
1230 1398 1353 1433 gladius,
1373 1401 1400 1424 et
1420 1399 1509 1433 ipsum
1533 1398 1644 1430 tulerit,

858 1445 968 1480 sanguis
982 1445 1041 1479 ejus
1056 1452 1139 1479 super
1155 1445 1241 1479 ipsum
1255 1444 1319 1477 erit;
1336 1444 1401 1479 quia
1421 1443 1512 1470 audita
1529 1444 1646 1471 buccina

858 1491 912 1519 sibi
930 1499 983 1519 non
1003 1491 1138 1526 providit;
1161 1490 1207 1525 qui
1230 1493 1320 1518 autem
1345 1490 1428 1522 cavit,
1445 1490 1570 1517 liberavit
1583 1490 1644 1517 ani-

859 1545 931 1564 mam
956 1545 1048 1570 suam;
1072 1541 1098 1564 et
1120 1537 1286 1571 speculator,
1311 1537 1374 1571 quia
1397 1536 1571 1571 signiﬁcavit,
1588 1536 1646 1564 vita

859 1585 931 1612 vivet
943 1585 976 1612 ⁵⁷.
992 1594 999 1609 ι
1020 1583 1132 1611 Gladius
1148 1583 1259 1618 quidem
1274 1587 1316 1610 est
1329 1583 1481 1617 judicium;
1498 1583 1563 1610 tuba
1580 1591 1646 1611 vero

858 1637 966 1656 sacrum
983 1630 1177 1665 Evangelium;
1193 1629 1346 1664 speculator
1360 1632 1461 1659 autem,
1483 1629 1511 1655 in
1523 1629 1646 1656 Ecclesia

858 1679 979 1703 statutus
999 1676 1156 1711 episcopus,
1169 1683 1250 1710 quem
1265 1679 1372 1710 oportet
1385 1674 1530 1709 dejudicio
1545 1674 1645 1709 praedi—

858 1731 932 1756 care,
949 1723 1095 1754 allirmare,
1116 1722 1275 1749 contestari.
1294 1721 1323 1748 Si
1346 1728 1399 1748 non
1418 1720 1645 1747 denuntiaveritis

859 1770 959 1804 populo
974 1774 1000 1796 et
1016 1769 1144 1796 obtestati
1162 1768 1281 1798 fueritis,
1298 1767 1325 1793 in
1341 1774 1390 1794 vos
1408 1765 1584 1793 inscienlium
1600 1773 1646 1793 er—

857 1821 947 1844 ratum
968 1815 1142 1843 redundabit.
1159 1815 1293 1848 Quocirca
1316 1813 1457 1848 imperitos
1479 1816 1598 1845 monete,
1618 1817 1646 1839 et

858 1870 920 1889 cum
937 1862 1061 1889 libertate
1076 1861 1191 1896 arguite,
1207 1861 1317 1896 ignaros
1331 1859 1435 1891 docete,
1447 1858 1569 1886 eruditos
1582 1866 1646 1885 con-

858 1909 973 1940 ﬁrmate,
990 1908 1149 1935 aberrantes
1171 1907 1304 1934 reducite.
1328 1905 1383 1933 Nec
1406 1905 1429 1932 si
1451 1904 1546 1932 eadem
1561 1904 1646 1931 verba

857 1955 954 1982 iisdem
971 1954 1005 1982 de
1021 1953 1104 1980 rebus
1120 1953 1304 1988 proferamus,
1327 1951 1395 1979 vitio
1410 1951 1491 1978 nobis
1511 1954 1643 1981 vertetur,

858 2000 967 2028 fratres.
993 1999 1102 2027 Scilicet
1136 1998 1267 2026 credibile
1290 2003 1348 2030 est,
1375 1997 1523 2024 nonnullos
1547 1995 1644 2023 iterata

858 2047 939 2074 toties
955 2046 1095 2073 auditione
1111 2045 1270 2080 pudcl’actos
1287 2045 1331 2072 vel
1347 2044 1431 2071 semel
1452 2042 1555 2077 aliquid
1580 2041 1645 2069 boni

858 2097 994 2129 gesturos,
1013 2097 1039 2119 et
1055 2092 1117 2118 mali
1141 2091 1335 2118 declinatnros.
1357 2090 1402 2117 Ait
1417 2089 1490 2117 enim
1510 2096 1558 2123 per
1579 2095 1645 2123 pro-

858 2139 968 2174 phetam
994 2138 1065 2166 Deus
1079 2148 1085 2165 :
1105 2148 1114 2163 ι
1130 2137 1290 2165 Testilicare
1306 2136 1361 2163 illis
1376 2136 1445 2169 haec,
1462 2135 1532 2162 forte
1549 2142 1644 2162 vocem

859 2190 933 2212 tuam
954 2185 1063 2212 audient
1075 2185 1109 2212 ⁵⁸.
1124 2195 1132 2210 ι
1151 2184 1183 2211 Ει
1206 2184 1325 2211 iterum:
1345 2193 1353 2208 ι
1370 2182 1399 2209 Si
1423 2182 1492 2209 forte
1517 2181 1644 2212 audiant,

35 2226 72 2252 ἐὰν
97 2228 147 2264 ἄρα
174 2229 280 2256 ὲνόῶσι.
297 2239 305 2255 i
335 2230 390 2256 Καὶ
413 2231 426 2256 ὁ
453 2231 556 2265 Μωσῆς
581 2238 647 2264 φησι
674 2230 713 2265 τῷ
740 2230 806 2265 λαῷ

912 2231 981 2258 forte
1006 2231 1159 2258 concedant
1171 2230 1205 2257 '9.
1221 2240 1230 2256 ι
1248 2229 1281 2256 Et
1305 2229 1412 2264 Moyses
1434 2228 1535 2263 populo
1556 2227 1643 2255 dicit:

36 2281 42 2297 I
66 2273 114 2300 Εὰν
128 2275 183 2311 (20)
194 2276 262 2312 ἀκοῇ
277 2276 397 2312 ἀκούσης
407 2277 509 2312 Κυρίου
523 2276 570 2303 τοῦ
585 2277 663 2308 Θεοῦ,
673 2277 719 2303 καὶ
733 2278 808 2313 ποιή-

35 2326 76 2353 σ’ῃς
95 2321 124 2347 τὸ
143 2321 247 2356 ἀγαθὸν
261 2324 308 2349 καὶ¹
330 2323 360 2349 τὸ
380 2323 457 2354 εὺθὲς
470 2324 499 2349 ὲν
518 2323 666 2358 ὀφθαλμοῖς
687 2323 779 2349 αὑτοῦ.
795 2333 804 2348 ›

35 2364 80 2391 Καὶ
101 2367 188 2394 πάλιν·
216 2378 224 2394 ι
241 2369 349 2400 Ἀκουε,
373 2369 495 2405 Ἰσραὴλ,
521 2369 622 2405 Κύριος
636 2370 650 2395 ὀ
667 2369 732 2400 Θεός
751 2378 808 2400 σου,

34 2409 122 2447 Κύριος
131 2413 170 2446 εἷς
184 2415 252 2441 ἐστι.
268 2425 277 2440 ι
288 2416 342 2442 Καὶ
351 2417 364 2442 ὁ
379 2416 479 2452 Κύριος
493 2417 521 2443 ὲν
531 2415 570 2451 τῷ
580 2416 737 2451 Εὑαῐγελίῳ
751 2416 811 2441 πολ-

63 2493 84 2509 ¹⁸
99 2493 155 2522 Act.
173 2503 197 2525 i.
212 2495 237 2523 1.

36 2535 72 2559 ιιι,
88 2528 129 2556 ll.
167 2530 190 2546 ‘°
206 2530 292 2559 Exod.
306 2539 352 2563 xv,
368 2531 413 2559 26.
452 2531 474 2546 ⁶¹
491 2531 569 2558 Deut.
583 2539 620 2564 vi,
637 2532 669 2564 L;
688 2531 770 2558 Marc.
791 2539 839 2562 xu,

657 2606 836 2635 VABIORUM

68 2684 182 2720 (15)”Ως
190 2693 247 2713 που
254 2686 333 2721 λέγει
347 2694 433 2721 usque
444 2686 477 2713 ad
489 2685 651 2713 διδάσκειν.
666 2684 767 2712 Desunt
783 2686 808 2712 iii

39 2718 116 2746 altero
129 2729 180 2748 nis.
192 2718 371 2756 videnturque
385 2718 473 2749 deleta
485 2731 500 2748 ιι
512 2722 619 2751 critico,
633 2721 679 2755 qui
697 2721 810 2756 putabat

38 2761 92 2795 rion.
108 2762 189 2795 posse
212 2756 304 2795 induci
329 2755 472 2795 commode
494 2757 633 2791 apostolos
650 2756 751 2782 Lucani
774 2755 808 2782 ad

37 2791 213 2818 testimonium
225 2792 352 2820 citantes.
364 2793 449 2820 Cum.

66 2824 121 2861 (lg)
139 2825 185 2861 Δέ.
202 2825 319 2861 Uterque
333 2827 417 2855 codex
433 2828 488 2854 καί.
505 2827 542 2854 lo.

69 2859 121 2897 (17)
139 2860 185 2889 Δί.
202 2859 295 2891 Melius
309 2863 419 2891 omittas
430 2870 491 2891 cum
505 2868 619 2898 utroque
634 2862 736 2890 codice.
750 2861 787 2889 lo.

276 2495 298 2511 "
313 2495 406 2523 Matth.
420 2504 447 2527 v,
465 2493 507 2522 19.
545 2496 566 2512 ⁸⁷
583 2496 682 2524 Ezecli.
706 2503 805 2527 χχχιιι,
819 2495 837 2522 2
853 2499 880 2522 et
896 2503 954 2530 seq.

864 2286 873 2302 ι
888 2276 916 2304 Si
943 2277 1037 2304 auditu
1063 2277 1184 2304 audieris
1209 2274 1353 2304 Dominum
1378 2275 1478 2306 Deum.
1500 2278 1527 2301 et
1550 2273 1647 2300 feceris

861 2323 962 2350 bonum
979 2331 1010 2350 ac
1027 2328 1130 2350 rectum
1153 2323 1179 2349 in
1196 2322 1283 2349 oeulis
1302 2322 1363 2356 ejus
1373 2322 1406 2348 °°.
1422 2331 1430 2347 ι
1447 2320 1622 2354 Rursumque
1636 2327 1645 2344 :

862 2378 871 2394 ι
887 2369 957 2396 Audi
973 2369 1067 2401 Israel,
1083 2369 1214 2396 Dominus
1230 2368 1301 2396 Deus
1326 2373 1400 2399 tuus.
1420 2367 1554 2394 Dominus
1573 2372 1646 2392 unus

863 2419 905 2442 est
916 2415 949 2442 “.
964 2426 974 2441 ι
1000 2415 1033 2442 Et
1055 2415 1186 2443 Dominus
1209 2415 1235 2441 in
1261 2414 1408 2449 Evangelio
1430 2421 1502 2448 sape
1523 2417 1645 2440 comme-

993 2495 1016 2510 "
1034 2494 1089 2522 Jcr.
1107 2503 1186 2526 xxv1,
1203 2495 1238 2526 5;
1255 2492 1352 2520 EI.L'Cll.
1370 2499 1408 2524 ii,
1426 2491 1451 2518 'l.
1498 2490 1524 2507 "
1542 2489 1632 2519 Ezech

854 2530 899 2557 29.

856 2607 972 2635 NOTAE.

897 2684 953 2719 (18)
974 2684 1029 2711 Καὶ
1042 2683 1290 2719 διαϐεϐαιοῦσθαι.
1306 2682 1381 2719 Alter
1394 2680 1506 2719 oni_iltit_.
1519 2680 1557 2707 In.

897 2715 954 2756 (19)
981 2719 1181 2756 Ἀπαιᾷουσίςι.
1197 2717 1272 2744 Alter
1287 2717 1362 2756 addit
1376 2715 1530 2756 αὐτῶνκιι).

898 2722 942 2756 (19
981 2722 1181 2752 Ἀπαιδευσίςι.
1197 2722 1272 2744 Alter
1287 2722 1362 2744 addit
1376 2722 1474 2742 αυτων.
1492 2722 1530 2742 ιι).

898 2722 954 2791 (2οζ
979 2756 1058 2782 Ἐάν.
1077 2754 1139 2782 Haec
1163 2761 1218 2791 vos
1238 2761 1300 2780 cuni
1319 2752 1352 2791 η
1365 2750 1554 2791 sequentibus,
1576 2756 1646 2791 qua-

859 2787 921 2819 rum
940 2787 1077 2825 postrema
1099 2795 1140 2819 est
1172 2788 1270 2820 πάλιν,
1298 2787 1399 2815 omissa
1425 2789 1491 2818 sunt
1514 2787 1543 2812 in
1569 2787 1645 2811 utro-

859 2835 922 2863 que.
938 2827 974 2854 lo.
