1884 3104
33 149 76 177 €05

477 143 778 173 CONSTITUTIONES
794 144 1136 173 APOSTOLICE.—I.l8.
1155 145 1186 172 ll.

1593 144 1645 172 606

33 205 88 234 Θεοῦ
101 203 198 239 ἦρξατο
222 202 331 239 πρῶτον
346 203 442 234 ποιεῖν,
461 203 508 229 καὶ
528 202 588 229 τότε
611 202 754 229 διδάσκειν·
771 202 808 234 ὧς

884 203 991 230 ominus
1013 207 1039 230 et
1060 203 1157 230 doctor
1185 206 1279 230 noster
1300 202 1381 230 Iesus
1401 201 1541 234 Christus.
1559 201 1645 230 Filius

34 260 74 278 που
92 250 160 284 λέγει
183 249 240 284 (15)
257 250 272 276 6
297 250 410 280 Λουκᾶς
437 258 446 274 ι
466 246 516 275 ’Ὧν
543 248 644 284 ἧρξατο
668 249 682 274 6
707 249 809 284 Ἰησοῦς

33 299 105 324 ποιεῖν
122 296 167 322 καὶ
183 295 346 322 διδάσκειν.)
365 295 410 321 Διό
425 302 516 330 φησιν·
537 303 546 319 ι
563 295 611 326 Ὃς
620 294 641 320 δ’
659 294 691 321 ἂν
708 295 808 330 ποιήσῃ

33 344 71 370 καὶ
87 341 182 377 διδάξῃ,
199 337 280 372 οὗτος
305 341 390 376 μέγας
412 341 576 376 κληθήσεται
591 341 620 367 ἐν
636 343 668 376 τῇ
688 341 810 376 βασιλείᾳ

32 390 70 415 τοῦ
87 388 158 415 Θεοῦ.
172 398 181 413 ι
199 387 323 419 Σκοποὺς
337 387 392 423 γὰρ
408 385 476 414 εἶναι
495 387 535 414 δεῖ
552 388 624 423 ὑμᾶς
633 387 672 423 τῷ
682 387 738 423 λαῷ
748 389 810 420 τοὺς

34 435 190 466 ἐπισκόπους,
200 435 242 460 ὅτι
260 434 308 460 καὶ
324 434 402 469 ὑμεῖς
419 434 520 460 σκοπὸν
530 433 606 469 ἔχετε
622 434 666 461 τὸν
681 435 807 470 Χριστόν.

34 483 78 508 Καὶ
98 482 171 516 ὑμεῖς
190 478 238 506 οὖν
252 479 361 514 γίνεσθε
385 480 482 506 σκοποὶ
500 479 598 514 ἀγαῡοὶ
620 480 659 516 τῷ
682 480 739 516 λαῷ
762 480 808 506 τοῦ

34 527 98 554 Θεοῦθ
115 527 154 553 ὅτι
170 526 244 560 λέγει
262 525 363 561 Κύριος
380 525 424 552 διὰ
445 525 492 552 τοῦ
516 526 643 562 Ἰεζεκιὴλ
660 526 728 562 πρὸς
746 527 809 553 ἕκα-

35 581 84 599 στον
97 572 168 608 ὑμῶν
182 571 305 607 φάσκων·
325 581 334 596 ι
347 572 394 598 Υἱὲ
408 571 562 607 ἀνθρώπου,
582 573 681 599 σκοπὸν
707 572 810 599 δέδωκά

35 628 58 645 σε
76 618 110 654 τῷ
130 618 194 653 οἴκῳ
220 618 339 653 Ἰσραὴλ,
358 619 405 644 καὶ
428 618 531 653 ἀκούσῃ
551 619 583 644 ὲκ
601 619 733 654 στόματός
758 627 808 653 μου

34 666 98 698 λόγον
116 665 161 691 καὶ
182 663 374 698 διαφυλάξεις,
395 665 442 690 καὶ
464 664 614 698 διαγγελεῖς
639 665 719 691 αὑτὸν
745 666 808 701 παρ’

33 710 97 746 ἐμοῦ·
112 711 140 736 ὲν
160 710 198 745 τῷ
215 711 307 744 λέγειν
323 719 356 746 με
373 709 411 745 τῷ
428 710 529 745 ἀνόμῳ⁴
546 710 659 746 Θανάτῳ
674 711 808 746 ἀποθανῇ,

34 759 71 783 καὶ
83 758 127 783 οὐκ
141 757 275 791 ἐλάλησας
290 756 336 782 τοῦ
354 756 500 782 διαστεῖλαι
512 756 613 792 ἄνομον
630 757 662 783 ἐκ
680 756 730 791 τῆς
748 758 808 784 ἀνο-

36 804 87 838 μίας
107 802 196 833 αὐτοῦ,
216 803 231 829 6
257 803 358 838 ἄνομος
378 803 480 834 ἐκεῖνος
498 803 527 828 ὲν
549 804 582 838 τῇ
603 803 702 839 ἀνομίᾳ
725 803 807 829 αὐτοῦ

35 849 199 879 ἀποθανεῖται,
211 849 259 875 καὶ
274 849 305 875 τὸ
318 847 388 884 αἷμα
400 848 485 875 αὑτοῦ
497 849 528 875 ἐκ
538 849 588 884 τῆς
601 850 691 885 χειρός
702 858 747 876 σου
763 851 808 876 ἐκ-

33 895 134 930 ζητήσω’
156 896 186 922 σὺ
210 895 239 921 δὲ
259 895 308 922 ἐὰν
333 895 471 932 διαστείλῃ
497 895 536 931 τῷ
559 895 651 931 ἀνόμῳ
682 896 736 922 ἀπὸ
759 896 809 931 τῆς
825 890 846 917 Β

34 940 82 966 ὸὼῦ
95 940 172 967 αὑτοῦ
183 941 356 977 ἀποστρέψαι
370 941 417 968 ἀπ’
428 941 523 976 αὐτῆς,
534 942 581 968 καὶ
592 941 628 976 μὴ
639 942 808 978 ἀποστρέψῃ,

34 987 100 1018 αὐτὸς
115 987 142 1012 ὲν
158 989 190 1022 τῇ
209 987 312 1023 ἀνομίᾳ
336 987 418 1014 αὐτοῦ
443 987 629 1019 ἀποθανεῖται,
649 989 695 1014 καὶ
713 989 744 1015 σὺ
761 989 809 1023 τὴν

34 1032 107 1068 ψυχήν
126 1041 171 1060 σου
189 1034 310 1069 ὲῤῥύσω.
329 1034 466 1065 Ὡσαύτως
479 1034 507 1060 δὲ
524 1034 578 1070 (16)
595 1035 715 1070 μάχαιρα
732 1035 810 1061 πολέ-

35 1087 75 1113 μου
88 1079 130 1106 ἐὰν
183 1081 333 1116 ἐρχομένη,
353 1081 400 1107 καὶ
417 1081 503 1116 στήσῃ
522 1082 536 1106 6
559 1080 623 1113 λαὸς
648 1081 748 1108 σκοπὸν
771 1083 810 1113 εἰς

35 1125 202 1161 προῳυλακὴν,
219 1127 270 1153 καὶ
287 1126 347 1153 ἰδὼν
365 1126 450 1162 αὐτὴν
467 1127 629 1162 ἐρχομένην,
649 1127 685 1163 μὴ
700 1135 809 1163 προμη-

35 1172 99 1208 νύσῃ,
111 1174 155 1199 καὶ
168 1173 238 1209 λάϐῃ
254 1173 354 1209 ψυχὴν,
365 1175 382 1209 ἡ
396 1174 444 1209 μὲν
456 1173 528 1208 ψυχὴ
545 1174 576 1208 τῇ
588 1173 710 1209 ἁμαρτίᾳ
725 1173 810 1208 αὐτῆς

36 1217 134 1254 ἐλήφθη,
152 1219 181 1245 τὺ
195 1220 223 1246 δὲ
237 1217 309 1255 αἷμα.
328 1220 360 1246 ἐκ
375 1220 464 1255 χειρὸς
477 1219 524 1245 τοῦ
543 1219 644 1245 σκοποῦ
660 1219 811 1255 ἐκζητηθή-

37 1271 107 1295 σεται,
125 1266 163 1291 ὅτι
176 1266 226 1292 οὐκ
241 1266 363 1301 ὲσήμανε
381 1267 415 1301 τῇ
439 1265 579 1300 σάλπιγγι’
594 1265 640 1291 ἐὰν
655 1265 682 1292 δὲ
702 1265 809 1301 σημάνῃ

36 1311 62 1345 τῇ
78 1311 208 1347 κερατίνῃ,
226 1313 276 1338 καὶ
292 1311 329 1348 μὴ
349 1311 497 1346 φυλάξηται
512 1313 525 1337 6
541 1311 670 1343 ἀκούσας,
686 1312 733 1338 καὶ¹
747 1312 810 1348 ἔλθῃ

37 1356 49 1389 ή
63 1356 181 1392 μάχαιρα,
197 1358 244 1384 καὶ
261 1358 330 1393 λὰὁῃ
354 1358 445 1389 αὐτὸν,
460 1358 491 1384 τὸ
519 1356 588 1393 αἷμα
607 1357 688 1384 αὐτοῦ
706 1359 749 1385 ἐπ’
763 1360 812 1386 αὺ-

36 1401 72 1426 τὸν
86 1402 163 1433 ἔσται,
177 1405 217 1430 ὅτι
232 1405 284 1431 οὐκ
300 1404 449 1438 ἐφυλάξατο
464 1404 583 1436 ἀκούσας
592 1405 641 1439 τῆς
656 1405 810 1440 κερατίνης,

37 1447 82 1474 ὅδὲ
95 1448 287 1485 φυλαξάμενος,
302 1450 351 1486 τὴν
365 1450 452 1486 ψυχὴν
471 1450 554 1476 αὐτοῦ
574 1450 719 1486 ἐρρύσατο,
737 1452 783 1477 καὶ
797 1451 811 1476 ὁ

40 1494 124 1526 σκοπὺς
144 1496 183 1522 ὅτι
207 1497 340 1532 ὲσήμανε,
361 1495 417 1531 ζωῇ
442 1497 562 1531 ζήσεται.
579 1506 588 1521 ι
608 1497 737 1532 Μάχαιρα
763 1497 810 1532 μέν

38 1539 125 1586 ἐστινὴ
140 1543 236 1577 κρίσις·
255 1542 371 1576 σάλπιγξ
384 1542 411 1568 δὲ
427 1542 492 1577 (l7),
510 1542 540 1568 τὸ
557 1543 627 1578 ἱερὸν
637 1543 809 1577 Εὐαγγέλιον⁹
825 1558 845 1586 C

39 1585 122 1617 σκοπὸς
130 1586 165 1619 δὲ,
175 1588 189 1614 6
203 1588 384 1620 κατασταθεὶς
399 1590 430 1623 τῇ
449 1588 594 1624 Ἐκκλησία
608 1588 765 1620 ἐπίσκοπος,
780 1588 809 1615 ὃν

39 1629 70 1655 δεῖ
83 1632 245 1666 κηρύσσοντα
259 1634 495 1670 διαμαρτύρασθαι
509 1634 557 1660 καὶ
574 1635 628 1671 (18)
644 1634 811 1661 διαϐεΰαιοῦ-

40 1675 90 1702 σθαι
111 1679 169 1714 περὶ
188 1681 237 1716 τῆς
262 1681 386 1716 κρίσεως.
413 1681 475 1707 Ἐὰν
505 1681 542 1717 μὴ
561 1681 740 1717 διαγγείλητε,
764 1682 811 1708 καὶ

40 1721 240 1761 διαμαρτύρησθε
259 1727 297 1762 τῷ
307 1727 375 1762 λαῷ,
393 1729 433 1758 εἰς
447 1727 519 1763 ὑμᾶς
539 1729 556 1763 ἡ
573 1728 695 1763 ἁμαρτία
709 1728 763 1754 τῶν
781 1728 812 1754 ἁ-

40 1769 171 1800 γνοούντων
181 1773 368 1809 εὑρεθήσεται.
384 1773 429 1799 Διὸ
443 1774 507 1805 τοὺς
521 1774 772 1810 ἀναστρεφομένους
783 1775 812 1800 ἐν

40 1813 180 1854 ἀπαιδευσίᾳ
207 1819 263 1855 (19)
279 1820 438 1851 νουθετεῖτε,
455 1821 502 1846 καὶ
515 1820 639 1856 ἐλέγχετε
657 1820 724 1855 μετὰ
741 1822 812 1856 παῤ-

41 1861 132 1895 ρησίας,
149 1866 208 1897 τοὺς
228 1866 394 1900 ἀγνοοῦντας
417 1866 566 1898 διδάσκετε,
581 1868 644 1898 τοὺς
663 1867 812 1902 ἐπισταμέ-

41 1914 92 1938 Ws
106 1911 249 1946 στηρίζετε,
259 1913 322 1943 τοὺς
337 1913 560 1948 πεπλανημένους
574 1913 760 1948 ἐπιστρέφετε.
771 1913 811 1940 Τὰ

41 1952 98 1979 αὐτὰ
113 1957 170 1991 περὶ
190 1957 244 1984 τῶν
265 1957 355 1984 αὐτῶν
371 1958 503 1992 λέγοντες,
523 1958 641 1993 ἀδελφοὶ,
656 1959 704 1994 οὐχ
723 1959 812 1994 ἁμαρ-

42 1999 170 2034 τησόμεθα.
193 2003 241 2030 ‘Ex
255 2003 310 2039 γὰρ
324 2004 370 2030 τοῦ
382 2004 511 2036 πολλάκις
520 2003 639 2036 ἀκούειν,
651 2005 722 2036 εἰκός
736 2014 811 2037 τινας

42 2041 229 2081 δυσωπηθέντας
247 2049 300 2076 κᾶν
314 2050 388 2082 ἅπαξ
410 2059 435 2076 τι
449 2050 502 2077 τῶν
521 2051 609 2077 καλῶν
633 2051 744 2086 ποιῆσαι
765 2052 812 2078 καὶ

43 2091 86 2117 τῶν
94 2096 208 2130 ποήιρῶν
220 2096 451 2132 παραιτήσασθαι.
464 2097 543 2131 Λέγει
553 2097 607 2132 γὰρ
614 2097 657 2123 διὰ
669 2098 809 2133 προφήτου

44 2135 55 2160 ὁ
66 2136 129 2170 Θεός·
146 2150 154 2166 ι
163 2143 345 2179 Διαμαρτύρει
355 2144 446 2175 αὐτοῖς
460 2143 556 2175 ταῦτα,
570 2144 634 2175 ἴσως
647 2143 810 2171 ἀκούσονταί

46 2189 83 2208 σω
94 2185 138 2220 τῆς
147 2189 245 2224 φωνῆς.
259 2199 268 2215 ι
291 2190 346 2216 Καὶ
361 2189 451 2216 πάλιν·
469 2200 478 2215 ι
500 2191 562 2217 Ἐὰν
576 2191 628 2226 ἄρα
647 2191 808 2223 ἀκούσωσιν,

46 2227 83 2254 ἐὰν
107 2231 155 2267 ἄρα
180 2235 309 2262 ὲνδῶσι.)
339 2237 394 2262 Καὶ
416 2237 430 2262 ὁ
457 2237 559 2271 Μωσῆς
585 2245 651 2271 φησι
678 2237 716 2272 τῷ
744 2237 809 2272 λαῷ”
831 2244 851 2272 D

48 2281 55 2297 ί
79 2275 123 2303 Εὰν
137 2279 188 2316 (20)
197 2282 266 2317 ἀκοῇ
281 2282 400 2318 ἀκούσῃς
410 2283 513 2318 Κυρίου
527 2283 574 2309 τοῦ
589 2283 666 2314 Θεοῦ,
677 2284 723 2310 καὶ
737 2285 811 2319 ποιή-

48 2326 88 2365 ξτες
106 2324 133 2350 τὸ
152 2326 251 2361 ἀγαθὸν
265 2330 312 2355 καὶ
333 2329 364 2355 τὺ
384 2329 460 2361 εὐοὲς
474 2330 503 2356 ὲν
522 2329 670 2365 ὀφθαλμοῖς
690 2329 783 2356 αὑτοῦ.
799 2339 808 2354 ι

47 2363 92 2411 δαὶ
111 2370 192 2399 πάλιν·
219 2384 229 2400 ‹
245 2375 353 2407 Ἀκουε,
377 2375 499 2411 Ἰσραὴλ,
524 2376 625 2411 Κύριος
640 2376 654 2401 6
670 2376 735 2407 Θεός
754 2384 812 2407 σου,

49 2409 132 2448 Κύριος
141 2416 176 2451 εἷς
189 2421 256 2447 ἔστι.
272 2432 280 2447 ι
291 2422 345 2448 Καὶ
355 2423 368 2448 6
383 2409 483 2459 1059.6;
497 2423 525 2449 ἐν
535 2409 574 2458 τῷ
584 2422 740 2458 Εὑαγγελίῳ
755 2423 815 2448 πολ-

77 2494 162 2537 ἠλεί,
176 2508 200 2537 Δι,
279 2502 301 2518 ⁸⁸
316 2502 410 2530 Matth.
424 2510 451 2534 ν,
469 2500 510 2528 19.
549 2503 570 2518 ⁵⁷
587 2502 685 2530 Ezech.
709 2510 809 2534 xxxm,

900 2510 957 2537 seq.
997 2501 1020 2517 ⁵³
1037 2501 1092 2528 Jcr.
1110 2509 1190 2533 xxvr,
1207 2501 1241 2533 ὃς
1259 2499 1356 2526 Ειεριι.
1373 2507 1411 2531 ιι,
1430 2499 1454 2526 7,

860 248 917 280 Dei,
933 249 1050 283 primum
1063 249 1147 284 cmpit
1162 248 1261 280 facere,
1276 248 1374 276 deinde
1386 248 1498 281 docere;
1515 250 1589 283 quod
1603 249 1646 276 his

859 295 950 322 verbis
965 294 1064 322 alicubi
1080 295 1209 329 exprimit
1231 294 1319 322 Lucas
1332 304 1338 322 :
1359 304 1368 320 ι
1383 294 1450 327 Qum
1465 296 1549 329 cmpit
1564 294 1646 322 Jesus

860 340 950 368 facere
965 345 991 368 et
1005 341 1104 368 docere
1116 341 1150 368 ".
1164 351 1173 366 ι
1199 341 1334 374 Quocirca
1351 341 1421 368 idem
1439 341 1568 376 Magister
1583 342 1621 368 ait
1638 352 1644 369 ε

863 396 872 412 ι
888 386 939 420 Qui
958 391 1048 414 autem
1068 386 1163 414 fecerit
1184 392 1211 414 et
1226 387 1367 417 docuerit.
1397 387 1441 413 hic
1467 395 1583 421 magnus
1600 396 1648 414 vo-

859 433 968 460 cabitur
978 433 1004 460 in
1016 441 1099 468 regno
1116 433 1161 460 Dei
1173 433 1207 460 ".
1224 442 1233 458 ι
1250 432 1362 468 Oportet
1372 437 1462 459 autent
1477 437 1506 459 ut
1523 441 1570 461 vos
1583 433 1646 468 Epi—

860 479 953 514 scopi,
982 481 1082 515 populo
1107 479 1168 507 sitis
1185 480 1390 515 speculatores;
1411 480 1483 515 quod
1504 487 1552 507 vos
1578 486 1648 514 quo-

859 533 912 560 que
925 526 1123 560 speculatorem
1139 526 1264 553 habeatis
1279 526 1430 553 Christum.
1452 525 1485 552 Et
1501 534 1549 553 vos
1564 526 1648 560 igitur

859 576 945 598 estote
960 572 1039 606 probi
1055 572 1240 606 sperulatores
1256 573 1343 607 plebis
1357 572 1420 606 Dei;
1436 573 1500 607 quia
1517 572 1647 599 Dominus

859 624 908 651 per
929 617 1097 645 Ezechielem
1120 626 1181 645 cum
1208 626 1372 652 unoquoque
1386 624 1509 646 vestrum
1533 619 1648 654 loquens

860 663 921 690 ait:
939 673 947 689 ι
963 663 1013 690 Fili
1037 664 1171 696 hominis,
1193 664 1394 698 speculatorem
1415 665 1480 692 dedi
1505 669 1531 692 te
1554 665 1648 692 domui

859 709 1027 744 Israeliticae;
1042 715 1069 738 et
1084 711 1180 738 audies
1193 719 1226 738 ex
1243 718 1290 738 ore
1305 718 1365 738 meo
1381 718 1546 744 sermonem,
1559 715 1586 738 ct.
1600 719 1649 738 ca-

859 764 923 784 vere
939 757 1031 787 facies,
1044 761 1073 784 et
1087 765 1120 784 ex
1136 765 1179 784 me
1195 757 1390 784 annuntiabis:
1408 765 1470 783 cum
1486 756 1582 784 dixero
1596 757 1649 784 ini-

860 811 934 838 quo:
952 803 1037 830 Morte
1052 803 1194 836 morieris;
1209 803 1231 829 si
1247 810 1302 829 non
1318 803 1426 830 locutus
1441 803 1538 834 fueris,
1556 807 1585 830 ut
1604 810 1649 830 re»

859 850 949 877 trahat
963 857 992 877 se
1012 849 1122 884 iniquus
1139 849 1173 876 ab
1191 849 1336 884 iniquitate
1350 856 1414 881 sua,
1432 849 1542 883 iniquus
1558 850 1604 877 ille
1621 850 1647 877 in

861 895 1003 930 iniquitate
1015 903 1062 922 sua
1079 895 1220 927 morietur,
1236 899 1262 922 et
1275 895 1434 929 sanguinem
1447 895 1508 930 ejus
1521 896 1554 922 de
1565 904 1647 923 manu

862 946 907 969 tua
922 942 1077 977 requiram;
1094 947 1121 968 tu
1136 945 1226 968 autem
1243 942 1267 968 si
1281 941 1487 968 denuntiaret-is
1503 942 1598 976 iniquo
1614 942 1648 969 de

861 989 904 1015 via
921 996 981 1019 sua,
995 993 1025 1015 ut
1040 989 1074 1014 ab
1089 995 1119 1015 ea
1138 996 1168 1015 se
1191 992 1310 1018 avertat,
1331 991 1358 1015 et
1381 995 1436 1014 non
1459 996 1487 1015 se
1507 989 1646 1020 averterit,

861 1034 958 1069 ipsein
974 1034 1117 1068 iniquitate
1130 1041 1180 1061 sua
1195 1034 1342 1067 morietur;
1357 1038 1383 1060 et
1398 1037 1426 1060 tu
1440 1035 1558 1060 an'mam
1573 1039 1647 1061 tuam

860 1080 993 1108 liberasti.
1011 1079 1141 1107 Similiter
1156 1085 1259 1112 autem,
1280 1080 1302 1108 si
1318 1080 1424 1107 venerit
1442 1080 1506 1107 belli
1522 1080 1648 1115 gladius;

860 1130 887 1154 et
903 1127 1028 1154 statuerit
1052 1127 1168 1161 populus
1184 1126 1384 1161 speculatorem
1408 1125 1442 1152 ad
1465 1126 1605 1161 vigiliam;
1621 1132 1649 1153 et

861 1172 885 1200 is
896 1173 991 1200 videns
1004 1172 1122 1208 gladium
1137 1172 1322 1204 accedentem,
1339 1179 1392 1199 non
1407 1172 1648 1207 prmnuntiaverit;

861 1224 888 1247 et
908 1220 1014 1255 gladius
1029 1220 1122 1246 tulerit
1139 1220 1273 1252 animam;
1291 1219 1380 1246 anima
1398 1218 1508 1253 quidem
1533 1223 1648 1254 peccato

862 1274 912 1294 suo
936 1266 1042 1293 sublata
1065 1269 1122 1299 est;
1139 1270 1166 1292 at
1188 1265 1300 1300 sanguis
1321 1265 1354 1292 de
1370 1273 1451 1292 manu
1467 1266 1649 1300 speculatoris

861 1312 1026 1347 requirctur,
1045 1313 1110 1347 quia
1127 1320 1181 1339 non
1199 1311 1363 1347 signiﬁcavit
1386 1311 1472 1344 tuba;
1490 1312 1532 1339 sin
1557 1316 1648 1339 autem

862 1359 1057 1395 signiﬁcaverit
1072 1359 1204 1390 buccina,
1221 1363 1248 1386 et
1273 1358 1319 1393 qui
1343 1358 1464 1391 audivit,
1480 1367 1534 1385 non
1551 1366 1580 1386 se
1599 1359 1650 1385 ob-

862 1406 1021 1439 servaverit,
1053 1406 1212 1440 veneritque
1235 1405 1356 1440 gladius,
1377 1408 1404 1431 et
1424 1406 1512 1440 ipsum
1537 1405 1648 1437 tulerit,

862 1452 972 1487 sanguis
986 1452 1045 1486 ejus
1061 1459 1143 1486 super
1159 1452 1245 1485 ipsum
1259 1451 1323 1484 erit;
1340 1451 1404 1486 quia
1424 1450 1516 1477 audita
1532 1451 1650 1478 buccina

863 1498 916 1526 sibi
934 1505 988 1525 non
1007 1497 1142 1533 providit;
1165 1497 1211 1532 qui
1234 1500 1325 1524 autem
1349 1497 1432 1529 cavit,
1449 1497 1573 1524 liberavit
1587 1498 1649 1524 ani-

863 1551 935 1570 mam
960 1551 1052 1577 suam;
1076 1548 1102 1570 et
1124 1543 1290 1578 speculator,
1315 1543 1377 1578 quia
1401 1542 1575 1577 signiﬁcavit,
1592 1543 1650 1571 vita

862 1591 935 1618 vivet
947 1591 980 1618 ⁵⁷.
996 1601 1003 1616 ι
1024 1590 1136 1618 Gladius
1152 1590 1263 1625 quidem
1278 1593 1320 1616 est
1333 1590 1485 1624 judicium;
1502 1590 1567 1617 tuba
1584 1598 1650 1618 vero

863 1644 970 1663 sacrum
987 1637 1180 1672 Evangelium;
1197 1636 1350 1671 speculator
1364 1639 1465 1666 autem,
1488 1635 1514 1662 in
1527 1635 1649 1663 Ecclesia

862 1686 983 1710 statutus
1003 1682 1160 1717 episcopus,
1173 1690 1254 1717 quem
1269 1685 1376 1716 oportet
1388 1681 1534 1716 dejudicio
1549 1681 1649 1716 praedi-

862 1738 936 1763 care,
953 1730 1099 1761 at‘hrmare,
1120 1728 1279 1755 contestari.
1297 1727 1327 1754 Si
1349 1735 1404 1754 non
1422 1727 1649 1754 denuntiaveritis

863 1777 963 1811 populo
978 1781 1004 1802 et
1020 1775 1148 1802 obtestati
1166 1774 1285 1805 fueritis,
1303 1774 1328 1800 in
1345 1781 1394 1800 vos
1412 1772 1588 1800 inscienlium
1604 1780 1649 1800 cr—

861 1828 951 1850 ratum
972 1822 1146 1850 redundabit.
1163 1821 1297 1854 Quocirca
1320 1820 1461 1855 imperitos
1482 1823 1602 1852 monete,
1622 1823 1650 1846 et

862 1876 924 1896 cum
941 1869 1064 1896 libertate
1080 1867 1195 1903 arguite,
1211 1867 1320 1902 ignaros
1335 1866 1439 1898 docete,
1451 1864 1574 1892 eruditos
1586 1873 1650 1891 con-

862 1915 978 1947 ﬁrmate,
994 1914 1153 1941 aberrantes
1175 1913 1308 1940 reducite.
1332 1912 1387 1940 Nec
1410 1912 1433 1938 si
1455 1911 1550 1939 eadem
1565 1911 1649 1937 verba

861 1961 957 1989 iisdem
975 1961 1009 1988 de
1024 1960 1107 1987 rebus
1124 1959 1307 1994 proferamus,
1330 1958 1399 1986 vitio
1414 1957 1495 1984 nobis
1514 1961 1647 1988 vertetur,

861 2006 971 2034 fratres.
997 2006 1106 2033 Scilicet
1140 2005 1270 2033 credibile
1293 2009 1352 2037 est,
1378 2003 1527 2031 nonnullos
1550 2002 1648 2030 iterata

862 2053 943 2080 toties
960 2052 1098 2079 auditione
1114 2051 1274 2086 pudefactus
1292 2052 1334 2078 vcl
1351 2050 1435 2078 semel
1456 2048 1558 2084 aliquid
1584 2048 1649 2075 boui

861 2104 997 2135 gesturos,
1016 2103 1043 2125 et
1058 2098 1121 2124 mali
1145 2098 1340 2125 declinaturos.
1361 2097 1406 2124 Ait
1421 2095 1494 2124 enim
1514 2103 1562 2130 per
1582 2102 1648 2130 pro-

862 2145 971 2180 phetam
997 2144 1068 2172 Deus
1083 2154 1089 2172 :
1109 2154 1117 2170 ι
1134 2144 1294 2171 Testilicare
1309 2143 1364 2170 illis
1380 2143 1449 2176 haec,
1466 2142 1536 2169 forte
1553 2149 1648 2169 vocem

863 2196 937 2218 tuam
957 2192 1067 2219 audient
1079 2191 1113 2218 ⁵⁸.
1127 2201 1136 2216 ι
1155 2191 1186 2218 Et
1209 2191 1329 2218 iterum:
1348 2199 1357 2214 ι
1374 2188 1402 2216 Si
1427 2189 1495 2216 forte
1521 2188 1648 2219 audiant,

864 2237 887 2264 si
915 2238 984 2265 forte
1010 2237 1163 2264 concedant
1175 2237 1209 2264 ".
1224 2247 1233 2263 ι
1252 2236 1284 2263 Ει
1309 2236 1416 2271 Moyses
1438 2235 1538 2270 populo
1559 2234 1646 2261 dicit:

868 2293 876 2308 ι
891 2283 920 2310 Si
947 2285 1040 2311 auditu
1067 2283 1187 2311 audieris
1212 2280 1357 2311 Dominum
1382 2281 1482 2313 Deum,
1503 2284 1531 2308 et
1553 2279 1650 2307 feceris

865 2330 966 2356 bonum
982 2337 1014 2357 ac
1031 2334 1134 2357 rectum
1156 2329 1183 2356 in
1200 2329 1287 2356 oculis
1306 2329 1366 2363 cjus
1377 2328 1410 2355 ⁶⁰.
1425 2338 1435 2354 ι
1451 2327 1625 2361 Rursumque
1639 2334 1648 2351 :

866 2385 875 2400 ι
891 2376 960 2403 Audi
977 2375 1071 2407 Israel,
1087 2376 1218 2403 Dominus
1233 2375 1305 2402 Deus
1329 2379 1404 2406 tuus,
1424 2374 1558 2401 Dominus
1577 2379 1649 2399 unus

867 2425 908 2449 est
920 2421 952 2449 ⁶¹.
967 2432 977 2447 ι
1003 2422 1036 2449 Ει
1058 2422 1190 2449 Dominus
1212 2421 1239 2448 in
1264 2421 1412 2456 Evangelio
1434 2428 1505 2455 saepe
1526 2425 1648 2448 comme-

1502 2497 1527 2514 ⁶⁹
1545 2497 1635 2525 Ezech

52 2535 86 2560 ¹¹¹ι
102 2530 138 2559 Η-
173 2530 199 2551 “V
209 2536 295 2565 Exod.
310 2546 355 2570 xv,
371 2538 416 2566 Q6.
446 2530 477 2552 7"
495 2537 573 2565 Deut.
587 2546 624 2570 γι,
640 2538 673 2571 4;
691 2537 773 2564 Marc.
794 2530 817 2564 si

884 2537 903 2563 ).

661 2613 840 2641 VAlilORUM
860 2613 975 2641 NOTAE.

83 2684 129 2722 ('5)
139 2690 186 2724 Ὧς
193 2700 250 2719 που
258 2692 338 2727 λέγει
351 2700 437 2728 usque
448 2693 481 2720 ad
492 2692 654 2719 διδάσκειν.
670 2691 771 2728 Desunt
786 2692 812 2718 in

57 2718 126 2763 altera
139 2718 184 2754 ms'.
196 2718 480 2763 viaehidéqaéaéieii
489 2718 504 2754 ει
516 2718 622 2757 critico.
636 2727 682 2763 qui
700 2727 813 2763 putabat

56 2760 105 2798 {‘2'},
120 2765 192 2798 posse
215 2763 308 2790 induci
333 2760 476 2790 commode
498 2763 636 2798 apostolos
654 2760 754 2789 Ludam
778 2762 812 2788 ad

56 2791 215 2826 testiinonium
229 2799 356 2826 citantes.
367 2799 452 2826 CLEB.

147 2831 187 2868 Δέ.
203 2832 322 2868 Uterque
336 2825 420 2861 codex
437 2825 492 2860 καί.
509 2833 546 2861 In.

84 2860 131 2898 (Π)
147 2867 187 2894 Μ.
204 2860 298 2897 Meﬁtis
312 2860 423 2897 omittas
433 2877 495 2897 cum
509 2875 622 2904 utroque
638 2868 740 2897 codice.
754 2867 791 2896 Ιιι.

901 2691 957 2724 (18)
977 2690 1033 2718 Καὶ
1046 2689 1293 2717 διαϐεϐαιοῦσθαι.
1310 2688 1384 2724 Alter
1397 2687 1510 2724 omittit.
1522 2687 1560 2714 1ο.

900 2722 957 2763 (19δ
985 2726 1184 2763 Ἀσιαιὸζεςυσίςι.
1201 2724 1276 2751 Alter
1290 2723 1366 2763 addit
1380 2722 1534 2763 absévﬂn.

901 2757 957 2797 (‘20)
983 2762 1062 2789 Ἐάν.
1081 2761 1143 2789 Haec
1160 2757 1221 2797 'vox_
1241 2768 1303 2786 cum
1323 2759 1355 2797 l'l
1369 2757 1557 2797 sequentibus,
1579 2763 1649 2797 qna-

863 2793 924 2826 rum
944 2793 1081 2832 postrema
1102 2801 1144 2825 est
1175 2795 1273 2827 πάλιν,
1301 2793 1402 2822 omissa
1429 2796 1494 2820 sunt
1517 2793 1546 2820 in
1573 2794 1649 2818 utro-

862 2841 926 2869 que.
941 2833 977 2861 ln.
1128 2839 1132 2844 ’
1160 2844 1163 2846 ·
