1884 3104
205 147 257 175 607

630 145 659 173 S.
677 144 876 173 CLEMENTIS
893 145 901 172 l
921 145 1006 173 ROM.
1023 145 1125 174 PONT.
1143 145 1262 174 OPERA
1276 145 1391 175 DUBIA.

1785 150 1843 177 608

206 208 296 232 morat
315 209 347 230 ac
368 202 454 230 dicit:
476 212 485 228 ι
499 202 550 236 Qui
568 203 650 231 habet
677 211 757 231 aures
782 203 922 235 audiendi,
944 211 995 230 au-
1008 208 1032 236 Α

1073 204 1125 236 ἱκις
1145 205 1341 241 μνημονεύεται
1359 205 1455 239 λέγων·
1475 215 1485 231 ι
1503 206 1532 233 '0
1550 205 1620 242 ἔχων
1638 204 1697 233 ὦσα
1718 207 1844 241 ἀκούειν,

204 250 263 278 diat
275 249 308 276 “.
323 258 333 274 ι
350 248 383 275 Ει
399 249 509 284 sapiens
533 249 664 276 Salomon
681 259 687 277 :
707 260 717 275 ι
730 250 811 281 Audi,
828 250 926 285 inquit,
943 251 992 283 tili,

203 296 378 332 disciplinam
399 296 485 330 intris
502 296 552 327 tui,
568 299 596 323 et
616 304 650 322 ne
672 296 788 330 ahjicias
802 296 874 330 leges
899 297 994 324 matris

203 348 257 371 tua:
271 343 303 370 ⁸³.
319 353 328 368 ι
349 342 475 369 Proiecto
489 343 621 369 hactenus
637 350 690 369 non
708 342 870 374 audierunt;
886 351 948 369 nam
965 351 995 370 se

203 389 326 416 audiisse
349 393 487 424 putantes,
513 397 654 424 perperam
678 389 838 422 audierunt;
863 389 994 417 derelicto

203 444 260 463 uno
275 444 307 463 ae
322 436 381 463 solo
396 443 460 462 vero
476 435 540 465 Deo.
554 439 581 462 et
601 435 634 462 ad
651 435 819 470 perniciosas
843 442 925 470 atque
945 444 995 463 ex-

203 482 352 510 secrabiles
373 482 492 509 haereses
514 481 656 514 distracti,
680 481 714 508 de
734 482 837 517 quibus
857 482 929 509 infra
952 482 994 510 di-

201 537 308 557 centus.

501 584 617 612 CAPUT
637 584 695 612 VII.

240 633 352 666 Qualem
368 636 468 666 oportet
483 639 543 671 esse
552 640 610 672 eum
626 632 672 666 qui
686 639 732 666 per
745 631 904 666 baptismum
918 637 958 659 est

535 672 668 694 Imitatus.

241 714 356 745 Scitote,
370 712 537 744 charissimi,
552 713 625 748 quod
641 713 686 748 qui
702 713 730 740 in
750 717 865 740 mortem
886 712 992 740 Domini

203 759 269 787 Jesu
285 762 349 787 sunt
373 758 515 793 baptizati,
533 766 586 786 non
606 759 706 786 debent
729 759 849 794 amplius
867 766 992 794 peccare.

202 805 271 832 Nam
287 805 359 833 sicut
372 804 483 835 mortui,
500 805 603 839 peccati
616 812 732 839 capaces
745 812 801 831 non
817 808 899 837 sunt;
915 805 951 831 ita
966 809 994 832 et

201 851 314 878 Christo
348 850 529 883 commortui,
559 854 700 884 peccatum
734 850 906 878 committere
942 858 992 878 ne-

1044 251 1197 278 ἀκουέτω.»
1219 252 1274 278 Καὶ
1295 253 1310 278 ό
1332 252 1413 288 σοφὸς
1431 252 1556 288 Σολομὼν
1579 261 1672 288 φησιν·
1701 263 1710 279 ι
1727 254 1842 286 'Ams,

1045 297 1096 328 υἱὲ,
1107 297 1230 324 παιδείαν
1247 298 1349 333 πατρός
1360 307 1417 329 σου,
1429 299 1476 325 καὶ
1492 298 1528 334 μὴ
1543 299 1641 334 ἁπώσῃ
1652 298 1774 334 θεσμοὺς
1788 308 1843 334 μη.

1043 344 1107 379 τρός
1122 352 1179 370 σου.
1193 354 1202 369 ι
1219 345 1274 370 Καὶ
1291 346 1370 380 μέχρι
1385 346 1504 381 σήμερον
1518 346 1568 372 οὐκ
1585 346 1716 381 ἥκουσαν·
1735 347 1784 372 καὶ
1797 346 1844 373 δο-

1044 389 1155 421 κσῦντες
1178 390 1232 425 γὰρ
1248 390 1302 426 (21)
1322 391 1480 426 ἀκηκοέναι,
1505 393 1696 427 παρήκουσαν,
1711 392 1843 418 καταλεί-

1043 435 1142 470 ψαντες
1155 437 1200 463 τὸν
1214 437 1262 463 ἕνα
1283 438 1329 464 καὶ
1345 438 1424 472 μόνον
1438 438 1562 474 ἀληθινὸν
1583 438 1660 470 Θεὸν,
1674 439 1724 465 καὶ
1738 439 1778 470 είς
1791 438 1843 470 τὰς

1043 481 1180 518 ὀλεθρίους
1194 484 1241 510 καὶ
1261 483 1349 516 δεινὰς
1362 484 1481 520 αἱρέσεις
1495 485 1706 521 κατασυρέντες,
1721 485 1788 521 περὶ
1801 481 1840 511 ὧν

1043 526 1122 560 αὖθις
1136 529 1264 565 ἐροῦμεν.

1308 587 1505 614 ΚΕΦΑΛΑΙΟΝ
1524 587 1559 614 Ζ’.

1182 633 1252 661 οἷον
1266 633 1324 668 χρὴ
1339 634 1415 661 εἶναι
1429 634 1483 660 τὸν
1493 633 1697 668 μεμυημένον.

1078 711 1199 738 Γνωστὸν
1221 711 1249 738 δὲ
1270 711 1339 738 ἔστω
1359 712 1432 747 ὑμῖν,
1453 712 1599 748 ἀγαπητοὶ,
1615 713 1656 739 ὅτι
1681 714 1706 739 οἱ
1724 713 1841 748 βαπτισ-

1043 755 1134 788 θέντες
1155 758 1195 788 εἰς
1218 757 1264 783 τὸν
1287 757 1401 784 θάνατον
1424 757 1471 784 τοῦ
1496 759 1598 794 Κυρίου
1619 759 1721 794 Ἰησοῦ,
1746 760 1840 788 οὐκέτι

1043 802 1195 837 ὀφείλουσιν
1211 803 1378 838 ἁμαρτάνειν
1392 804 1416 830 οἱ
1439 803 1564 831 τοιοῦτοι.
1586 805 1629 836 Ὠς
1650 805 1707 841 γὰρ
1721 805 1749 831 οἱ
1771 807 1840 832 ἀπο-

1043 848 1166 880 θανόντες
1174 849 1347 884 ἁνενέργητοι
1357 850 1425 885 πρὸς
1434 851 1570 885 ἁμαρτίαν
1579 851 1761 886 ὑπάρχουσιν,
1768 851 1841 879 οὕτω

201 901 316 932 queunt.
339 896 442 932 ltatpte,
460 895 572 928 fratres,
594 904 648 923 non
673 896 813 923 credimus
836 896 991 931 quempiam
1010 884 1031 914 Β

1073 895 1091 920 tl.
1115 895 1139 921 οἱ
1164 895 1392 928 συναποθανόντες
1412 896 1451 932 τῷ
1475 897 1584 932 Χριστῷ
1605 897 1746 932 ἄπρακτοι
1770 898 1841 933 πρὸς

201 944 264 971 vitae
277 944 389 970 lavacro
402 943 499 974 lotum,
514 942 603 969 adhuc
625 942 782 977 iniquorum
801 943 894 977 ﬂagitii
910 950 939 970 se
955 942 992 970 in«

200 991 325 1024 quinare.
341 989 392 1022 Qui
408 993 498 1016 autem
514 993 576 1024 post
591 989 756 1024 baptismum
772 989 928 1023 deliquerit.
947 990 992 1016 hic

201 1036 255 1063 nisi
276 1036 420 1070 resipiscat
442 1042 474 1062 ac
495 1042 611 1070 peccare
634 1035 754 1067 desinat,
777 1034 811 1062 ad
838 1035 991 1070 gehennam

201 1081 437 1109 condemnabitur.

495 1172 610 1200 CAPUT
633 1172 697 1200 Vill.

202 1218 242 1246 De
251 1228 280 1246 eo
293 1219 338 1254 qui
349 1220 376 1246 in
390 1220 563 1251 calumniam,
575 1220 614 1246 vel
626 1219 850 1254 reprehensionem
866 1219 988 1247 incurrit.

237 1265 315 1299 Quod
330 1266 352 1293 si
371 1266 471 1301 aliquis
486 1266 520 1293 ab
543 1266 708 1298 inﬁdelibus,
727 1266 791 1300 quia
807 1274 860 1292 non
876 1270 917 1293 est
932 1273 990 1291 am-

200 1313 274 1347 plius
289 1320 383 1340 eorum
400 1313 529 1347 nequitia:
542 1320 669 1343 consors,
686 1312 873 1338 calumniosas
888 1311 990 1345 patitur

200 1359 369 1392 delationes;
386 1359 455 1386 sciat
479 1359 524 1386 ille
539 1366 568 1386 se
586 1358 693 1385 beatum
709 1365 773 1385 esse
795 1356 867 1392 apud
884 1356 988 1384 Deum:

200 1404 430 1438 quemadmodum
445 1408 472 1431 et
488 1403 620 1431 Dominus
636 1405 663 1430 in
678 1404 826 1439 Evangelio
848 1404 969 1439 loquitur
979 1413 988 1431 :

204 1460 214 1476 ι
231 1451 305 1478 Beati
321 1451 388 1478 estis
402 1458 465 1478 cum
481 1451 673 1478 maledixerint
688 1450 776 1482 vobis,
792 1451 833 1478 vel
853 1451 990 1485 persecuti

198 1505 248 1524 vos
265 1497 376 1527 fuerint,
390 1497 431 1524 vel
443 1497 559 1524 dixerint
576 1497 720 1524 adversum
730 1505 779 1524 vos
795 1504 875 1524 omne
887 1497 989 1524 malum

198 1543 326 1575 verbum,
342 1544 517 1575 mentientes.
539 1548 651 1578 Propter
677 1551 720 1571 me
735 1553 741 1570 :
764 1543 880 1579 gaudete
895 1547 923 1570 et
941 1551 989 1571 ει·
1003 1563 1024 1591 C

198 1591 318 1622 sultate,
340 1591 470 1626 quoniam
500 1598 606 1617 merces
636 1594 726 1617 vestra
752 1589 863 1624 copiosa
891 1593 933 1617 est
958 1590 987 1617 in

196 1637 275 1664 cuilis
286 1637 319 1664 θ’.
333 1647 343 1663 ι
359 1636 410 1670 Qui
433 1637 516 1671 igitur
531 1636 709 1664 mendacibus
735 1637 871 1671 appetitur
892 1636 988 1663 convi-

196 1683 258 1715 ciis,
274 1683 297 1711 is
319 1691 381 1710 vere
404 1683 499 1710 beatus
522 1687 582 1716 est;
600 1683 820 1718 quandoquidem
844 1681 988 1718 Scriptura

195 1729 282 1756 dicit:
301 1737 310 1754 ι
325 1729 372 1756 Vir
384 1729 518 1764 reprobus
535 1736 588 1755 non
606 1732 728 1756 tentatur
739 1737 754 1755 a
769 1728 825 1756 Deo
836 1729 886 1756 ⁸⁵.)
901 1729 988 1756 Porro

196 1775 243 1812 qui
258 1775 321 1802 mali
337 1775 478 1810 quidpiam
496 1775 586 1810 egisse
602 1775 792 1806 convincetur,
809 1775 855 1802 ille
871 1783 925 1802 non
941 1783 988 1802 so.

197 1822 253 1849 lum
269 1822 361 1849 nocuit
377 1821 438 1853 sibi,
451 1829 545 1849 verum
560 1821 641 1848 etiam
659 1821 686 1848 in
698 1829 843 1849 commune
860 1821 987 1849 Ecclesia:

195 1875 298 1904 corpus
319 1871 346 1895 et
371 1868 398 1895 in
424 1875 531 1896 sacram
557 1868 709 1895 doctrinam
736 1867 888 1901 injuriosus
915 1868 985 1901 fuit;

195 1915 276 1950 quasi
288 1923 348 1942 eam
364 1915 535 1942 honestatem
550 1922 632 1950 quam
648 1914 840 1948 praedicamus,
856 1915 986 1950 operibus

195 1968 251 1988 non
268 1961 424 1995 probemus,
441 1968 648 1995 mercamurque
665 1960 748 1987 etiam
766 1968 816 1988 nos
840 1960 914 1987 illam
937 1968 986 1988 ex-

196 2007 398 2042 probrationem
421 2015 436 2033 a
458 2006 572 2034 Domino
591 2006 705 2034 audire:
726 2016 735 2032 ι
752 2006 860 2040 Dicunt,
880 2010 908 2034 et
930 2015 985 2034 non

196 2053 343 2080 faciunt".
358 2063 367 2078 ν
391 2053 564 2088 Quapropter
588 2053 713 2080 homines
737 2052 909 2088 hujnsmodi,
937 2052 985 2089 qui

1043 942 1189 977 ἁμαρτίαν.
1207 943 1244 969 Οὐ
1267 942 1430 977 πιστεύομεν
1451 940 1507 973 οὖν,
1529 942 1647 977 ἀδελφοὶ,
1669 943 1840 978 λουσάμενόν

1041 997 1101 1014 τινα
1110 989 1140 1015 τὸ
1149 989 1198 1024 τῆς
1210 988 1282 1023 ζωῆς
1291 988 1412 1024 λουτρὸν,
1423 988 1462 1014 ἔτι
1479 988 1610 1024 πράσσειν
1619 989 1652 1015 τὰ
1662 990 1717 1015 τῶν
1728 989 1841 1024 ἀνόμων

1041 1034 1230 1069 ἀσελγήματα.
1253 1035 1281 1061 '0
1302 1034 1329 1061 δὲ
1352 1035 1514 1070 ἁμαρτήσας
1536 1034 1604 1070 μετὰ
1625 1035 1656 1062 τδ
1681 1034 1841 1070 βάπτισμα,

1041 1076 1118 1111 οὗτος
1134 1080 1181 1107 ἐὰν
1198 1080 1235 1116 μὴ
1259 1080 1394 1115 μεταγνῷ,
1417 1081 1464 1107 καὶ
1479 1080 1616 1116 παύσηται
1636 1080 1686 1108 τοῦ
1708 1081 1842 1118 πλημμε-

1041 1126 1106 1159 λεῖν,
1122 1128 1162 1158 εἰς
1177 1127 1290 1161 γέενναν
1308 1126 1550 1163 κατακριθήσεται.

1304 1173 1501 1200 ΚΕΦΑΛΑΙΟΝ
1520 1174 1560 1200 H’.

1093 1217 1164 1252 Περὶ
1177 1219 1474 1254 συκοφαιτουμένσυ,
1490 1220 1555 1254 ἢτοι
1567 1220 1783 1255 ἐλεγχομένου-

1076 1264 1107 1290 Et
1122 1264 1150 1290 δέ
1163 1272 1204 1295 τις
1219 1265 1271 1291 ὑπὸ
1286 1265 1408 1292 ἀπίστων
1424 1266 1612 1302 συκοφαντηθῇ
1627 1266 1670 1293 διὰ
1685 1268 1717 1293 τδ
1737 1267 1840 1302 μηκέτι

1041 1312 1132 1343 αὐτοῖς
1157 1311 1386 1346 συνασελγαίνειν,
1412 1313 1568 1346 γινωσκέτω
1590 1313 1632 1339 ὃτι
1661 1313 1802 1349 μακάριος
1826 1314 1840 1339 ὁ

1040 1356 1160 1388 τοιοῦτος
1173 1358 1290 1393 ὑπάρχει
1302 1358 1360 1393 Θεῷ
1370 1358 1435 1394 (22)·
1453 1358 1544 1390 καθὼς
1557 1359 1604 1385 καὶ
1618 1359 1632 1385 ὁ
1641 1359 1747 1395 Κύριος
1761 1360 1790 1386 ὲν
1799 1359 1842 1394 τῷ

1041 1403 1199 1439 Εὑαγγελίῳ
1213 1403 1296 1438 λέγει·
1316 1413 1325 1430 ι
1339 1404 1478 1439 Μακάριοι
1494 1405 1565 1435 ὲστε,
1580 1405 1644 1432 ὅταν
1667 1405 1841 1432 ὀνειδίσωσιν

1041 1449 1124 1484 ὑμᾶς,
1138 1449 1154 1484 ἢ
1169 1449 1314 1482 διώξωσιν,
1333 1450 1350 1485 ἦ
1366 1451 1463 1477 εἴπωσι
1478 1450 1538 1477 καθ’
1554 1451 1630 1486 ὑμῶν
1646 1452 1700 1477 πᾶν
1715 1452 1842 1486 πονηρὸν

1042 1496 1129 1532 ρἦα,
1144 1495 1312 1531 ψευδόμενοι,
1337 1497 1428 1523 ἕνεκεν
1443 1496 1521 1532 ὲμοῦο
1538 1497 1657 1532 χαίρετε,
1680 1497 1728 1523 καὶ
1751 1497 1842 1531 ἀγαλ-

1040 1541 1194 1573 λιᾶσθε,ὅτι
1205 1543 1218 1568 ὁ
1235 1542 1328 1578 μισθὸς
1344 1542 1419 1578 ὑμῶν
1431 1542 1513 1574 πολὺς
1526 1543 1554 1569 ἐν
1565 1544 1620 1574 τοῖς
1635 1543 1790 1578 οὐραγεῑς.»
1807 1544 1841 1570 Εἰ

1041 1587 1087 1615 οὖν
1094 1597 1136 1620 τις
1145 1587 1352 1624 βλασφημηθείη
1366 1588 1413 1615 ὲπὶ
1426 1588 1571 1625 ψεύσματι,
1584 1589 1740 1625 μακάριοςό
1753 1589 1843 1616 τοιοῦ-

1040 1643 1096 1667 τος.
1112 1636 1192 1669 Λέγει
1210 1635 1264 1671 γὰρ
1279 1637 1295 1671 ἡ
1317 1636 1422 1671 Γραφή·
1442 1645 1451 1661 ‹
1471 1635 1551 1671 Ἀνὴρ
1565 1635 1704 1670 ἀδόκιμος,
1718 1636 1842 1671 ἀπείρα-

1043 1689 1104 1713 στος
1124 1681 1200 1717 παρὰ
1216 1681 1284 1716 Θεῷ.
1298 1691 1308 1707 r
1325 1681 1357 1708 Et
1376 1681 1405 1708 δέ
1419 1690 1461 1713 τις
1475 1681 1588 1717 ἐλεγχθῇ
1603 1680 1711 1716 πράξας
1733 1690 1762 1708 τι
1776 1682 1842 1709 ἀνο-

1043 1736 1102 1763 μον,
1109 1728 1123 1754 ὁ
1130 1727 1249 1759 τοιοῦτος
1257 1728 1287 1754 οὐ
1297 1727 1374 1763 μόνον
1383 1728 1479 1755 ἑαυτὸν
1489 1728 1612 1762 ἔϐλαψεν,
1621 1728 1689 1755 ἀλλὰ
1699 1729 1747 1755 καὶ
1759 1728 1841 1763 βλασ-

1042 1783 1078 1810 φη
1083 1774 1147 1810 μίαν
1157 1773 1322 1810 προσέτριψε
1335 1774 1374 1809 τῷ
1388 1774 1469 1809 κοινῷ
1479 1774 1528 1809 τῆς
1543 1775 1705 1810 Ἐκκλησίας
1716 1775 1839 1810 σώματι,

1041 1821 1089 1848 καὶ
1101 1822 1134 1856 τῇ
1148 1820 1317 1856 διδασκαλίᾳ,
1333 1821 1371 1852 ὼς
1387 1820 1424 1856 μὴ
1439 1821 1588 1848 ποιούντων
1603 1822 1707 1854 ἐκεῖνα,
1721 1821 1741 1848 ἃ
1759 1822 1839 1856 λέγο-

1041 1875 1089 1902 μεν
1104 1864 1172 1893 εἶναι
1190 1866 1271 1898 καλὰ,
1286 1867 1333 1893 καὶ
1355 1867 1592 1903 όνειδισθησόμεθα
1614 1869 1663 1895 καὶ
1683 1869 1767 1904 ἡμεῖς
1783 1869 1838 1895 ὑπὸ

1038 1911 1086 1939 τοῦ
1102 1913 1214 1948 Κυρίου,
1228 1913 1270 1939 ὅτι
1286 1922 1296 1938 ι
1311 1913 1438 1948 Λέγουσι,
1462 1914 1552 1940 καὶού
1575 1913 1710 1940 ποιοῦσιν.
1727 1923 1737 1940 ι
1756 1915 1837 1942 Ὅθεν

1038 1959 1102 1990 τοὺς
1122 1958 1260 1990 τοιούτους
1281 1959 1458 1994 ἐλεγχθέντας
1481 1959 1606 1995 ἀληθῶς,
1630 1961 1836 1996 παραιτήσεται

1040 2004 1108 2040 μετὰ
1131 2006 1288 2041 παρρησίας
1305 2006 1320 2032 ὁ
1338 2005 1498 2038 ἐπίσκοπος,
1517 2007 1542 2033 εί
1566 2005 1604 2042 μὴ
1627 2007 1835 2042 μεταόἁλωνται

1037 2050 1083 2077 τὸν
1097 2051 1206 2086 τρόπον.

196 2108 261 2128 τρι-θ
277 2100 394 2127 convicti
418 2099 529 2131 fuerint,
545 2100 598 2126 nisi
618 2107 708 2126 mores
726 2099 900 2132 mutaverint,
921 2099 1070 2135 episcopus
1085 2096 1199 2125 ﬁdenter
1212 2098 1360 2127 abdicabit.

501 2188 616 2216 CAPUT
638 2188 683 2216 IX.

232 2235 391 2270 Episcopatu
406 2244 458 2262 non
472 2235 564 2262 debere
576 2244 632 2262 esse
650 2235 801 2262 muneribus
816 2235 945 2270 pervium.

232 2282 345 2317 Oportet
367 2281 440 2309 enim
465 2281 622 2316 episcopum
639 2289 694 2308 nou
717 2281 797 2308 modo
813 2281 983 2316 inculpatum

197 2336 269 2359 esse,
284 2328 332 2356 sed
347 2331 373 2354 et
385 2334 564 2362 personarum
581 2335 635 2354 non
655 2331 867 2362 acceptatorem,
882 2328 984 2363 quique

196 2379 355 2409 peceatores
368 2373 524 2401 humaniter
535 2373 660 2408 castiget.
676 2372 755 2405 Quod
771 2373 793 2400 si
810 2373 862 2400 sibi
874 2381 984 2409 quoque

197 2421 267 2448 male
289 2420 430 2452 conscius,
455 2424 482 2447 et
506 2420 590 2447 certis
617 2419 743 2454 personis
769 2420 919 2454 gratiﬁcari
934 2427 982 2447 cu-

197 2467 285 2502 piens,
308 2466 420 2493 sordide
441 2465 561 2501 aeeeptis
586 2466 756 2497 muneribus,
777 2467 915 2494 sceleroso
937 2475 985 2502 pe-

197 2513 328 2548 percerit,
344 2521 462 2548 eumque
485 2513 512 2540 in
535 2512 655 2540 Ecclesia
679 2521 789 2540 manere
813 2514 983 2548 permiserit,

195 2564 223 2586 et
249 2559 399 2594 neglexerit
425 2559 533 2587 divinas
550 2567 581 2586 ac
602 2559 759 2588 Dominicas
774 2568 869 2593 voces,
890 2561 984 2588 dicen-

1001 2206 1023 2234 D

240 2639 263 2654 ⁶¹
278 2638 372 2666 Matth.
387 2646 413 2665 xu
431 2642 458 2666 et
478 2646 539 2666 xm.
587 2638 610 2654 "
625 2638 706 2666 Prov.
724 2647 748 2671 ι,
765 2639 791 2666 8.

846 2639 868 2654 θ’
887 2637 985 2666 Matth.
999 2647 1025 2670 v.

1309 2190 1506 2217 ΚΕΦΑΛΑΙΟΝ
1524 2189 1562 2217 Θ¹.

1039 2239 1102 2266 Ὀτι
1114 2237 1337 2272 ἀδωροδόκητον
1351 2237 1427 2264 εἶναι
1440 2236 1498 2271 χρὴ
1512 2237 1565 2263 τὸν
1583 2236 1758 2264 ἐπίσκοπον
1767 2238 1830 2273 (23).

1073 2285 1110 2311 Οὺ
1120 2284 1174 2320 γὰρ
1190 2283 1268 2319 μόνον
1277 2283 1450 2318 ἀπρόσκοπον
1460 2281 1529 2309 εἶναι
1544 2282 1596 2318 χρὴ
1611 2283 1657 2309 τὸν
1668 2283 1831 2315 ἐπίσκοπον,

1038 2329 1105 2357 ἀλλὰ
1119 2330 1166 2356 καὶ
1186 2328 1446 2365 ὰπροσωπόληπτον,
1460 2330 1489 2355 ὲν
1510 2329 1674 2364 χρηστότητι
1698 2330 1832 2365 σωφρονὲ-

1037 2375 1116 2408 ζοντα
1126 2376 1188 2406 τοὺς
1203 2375 1418 2411 ἁμαρτάνοντας.
1433 2375 1465 2402 Et
1480 2375 1508 2402 δὲ
1520 2375 1567 2401 καὶ
1577 2375 1658 2406 αὐτὸς
1667 2375 1719 2402 οὐκ
1735 2377 1831 2402 εὐσυν-

1037 2421 1140 2456 είδητος
1171 2421 1311 2457 ὑπάρχων,
1338 2421 1574 2457 προσωπολήπτης
1601 2422 1758 2457 γενόμενος,
1786 2422 1830 2449 διὰ

1034 2475 1095 2494 τινα
1114 2467 1294 2504 αἰσχροκερδῆ
1310 2467 1490 2503 δωροληψίαν,
1506 2468 1628 2503 φείσεται
1649 2467 1696 2494 τοῦ
1719 2468 1829 2503 ἀνόμως

1035 2514 1214 2550 ἁμαρτόντος,
1236 2514 1318 2546 ἐάσας
1351 2515 1380 2540 ὲν
1391 2515 1424 2550 τῇ
1450 2514 1595 2550 Ἐκκλησία
1619 2514 1710 2549 μένειν
1733 2515 1825 2543 αὐτὸν,

1035 2560 1213 2597 παρακούσας
1230 2561 1281 2596 τῆς
1295 2560 1369 2592 θείας
1382 2561 1428 2587 xui.
1439 2560 1580 2596 Κυριακῆς
1595 2559 1688 2595 φωνῆς
1702 2561 1752 2596 τῆς
1771 2561 1826 2595 (ξι)

1040 2638 1084 2666 ll.
1123 2639 1146 2654 "
1160 2637 1262 2672 Jac.r,
1280 2638 1333 2671 12,
1356 2639 1400 2666 l5.
1439 2639 1462 2655 “
1478 2638 1574 2666 Matth.
1598 2647 1684 2671 xxm,
1703 2639 1730 2666 5.

854 2725 1032 2754 V'ARIORUM
1049 2726 1152 2754 ΝΟΤᾹΞ
1159 2747 1166 2754 .

231 2805 290 2847 (21),
307 2805 363 2832 Καὶ
390 2805 550 2838 δοκοῦντες
577 2804 642 2840 γάρ.
664 2805 696 2831 Οἱ
720 2805 743 2830 δ.
764 2804 792 2831 δέ
810 2825 817 2836 ,
836 2804 905 2832 alter
932 2811 982 2831 c0-

191 2842 252 2870 dc-x.
272 2842 357 2868 (lum.

227 2879 286 2909 I22)
307 2876 376 2910 Θεῷ.
392 2875 467 2904 Alter
481 2876 566 2904 codex
578 2874 657 2903 Vind.
674 2873 747 2910 παρὰ
762 2874 830 2909 Θεῷ.
847 2874 880 2903 In.

1071 2805 1127 2842 (25)
1148 2805 1293 2842 Inscriptio
1310 2806 1366 2833 hate
1381 2806 1457 2834 deest
1473 2806 1501 2834 in
1520 2811 1637 2842 utroque
1659 2808 1766 2836 codice.
1782 2809 1820 2836 In.

1071 2841 1127 2876 (2t)
1150 2841 1216 2875 Τῆς.
1239 2841 1300 2869 Πίου
1320 2842 1416 2869 vocula
1441 2842 1517 2870 deest
1538 2842 1565 2870 in
1590 2843 1677 2870 altero
1700 2843 1762 2872 cod.
1783 2843 1819 2871 In
