1884 3104
213 159 264 187 619

635 159 663 185 S.
683 155 880 185 CLEMENTIS
896 156 906 183 l
923 155 1006 183 ROM.
1024 153 1123 182 PONT.
1142 153 1255 181 OPERA
1271 151 1385 181 DUBIA.

1779 149 1829 177 620

213 222 282 245 tum.
298 216 331 243 Et
346 217 368 244 si
386 215 488 243 fuerint
503 219 559 243 tres
574 222 626 242 vtrt
641 215 668 242 in
686 214 776 242 medio
789 214 849 250 ejus
859 234 866 246 ,
885 213 953 248 Noe,
970 217 997 240 et

1092 211 1167 247 μέσῳ
1181 212 1275 246 αὐτῆς,
1290 211 1362 242 Νῶε,
1378 211 1424 238 καὶ
1443 209 1564 241 ’1ὼ6,καὶ
1577 208 1687 244 Δανιὴλ,
1693 205 1770 234 οὗτοι
1779 208 1830 244 (56)

212 263 264 290 Job
274 283 282 294 ,
297 266 324 290 et
339 261 432 289 Daniel
451 271 458 295 ;
473 261 526 296 ipsi
541 261 568 288 in
584 268 633 288 sua
649 261 756 295 justitia
771 261 921 289 servabunt
935 261 994 287 atti-

213 316 272 336 mas
295 315 377 339 suas.
405 307 444 334 ait
467 306 572 334 Adonai
602 306 732 334 Dominus
744 307 776 334 θ’.
795 307 994 342 »Δροι-ιίεείιιιθ

213 354 363 382 declaravit
379 352 538 388 Scriptura,
551 352 656 388 justum
675 360 737 380 cum
757 353 860 388 injusto
880 361 994 381 conver-

213 404 336 432 santem,
350 407 404 426 una
417 406 479 426 cum
494 406 527 426 eo
541 406 595 426 non
609 399 732 426 intcrire.
748 398 887 435 Siquidem
902 400 928 427 in
942 399 994 427 hoc

213 445 316 473 mundo
336 445 403 480 justi
427 449 454 472 et
478 445 574 479 i‘njusti
595 444 677 472 simul
699 450 908 480 congregantur,
933 446 995 473 vita).

213 491 428 523 communitate,
445 498 500 517 non
515 490 597 518 etiam
612 491 766 518 sanctitatis
779 499 786 524 ;
802 498 855 526 qua
870 491 897 518 in
912 496 994 519 causa

213 536 294 563 amici
308 536 356 564 Dei
376 544 430 563 non
453 540 586 571 peccant,
607 536 729 571 quinimo
746 545 756 562 t
778 536 886 564 Patrem
914 545 994 564 suum

213 583 259 617 qui
272 582 299 609 in
312 581 390 610 cmlis
400 585 465 609 est-i
482 582 634 613 imitantur,
651 590 660 607 ι
676 582 722 617 qui
735 582 819 609 solem
832 591 912 610 suum
927 583 994 611 oriri

214 628 279 655 facit
301 636 382 663 super
404 628 494 662 justos
514 632 542 655 et
562 628 698 662 injustos.
714 631 741 655 et
755 638 764 654 ι
779 628 894 656 imbrem
914 637 994 657 suum

217 674 308 708 «pluit
325 681 406 708 super
427 674 513 702 malos
537 677 564 701 et
587 674 673 702 bonos
683 674 717 701 ’⁸.
736 683 746 701 ι
759 675 782 690 ’⁸
792 674 885 710 Neque
909 675 994 702 ullum

215 719 279 747 inde
292 719 443 754 periculum
458 720 517 747 viro
531 719 606 754 justo
621 729 627 753 ;
645 727 707 747 nam
724 720 751 747 in
768 720 857 748 stadio
876 721 995 749 victores

213 765 295 792 victis
315 769 379 792 sunt
398 765 542 800 permisti;
564 770 592 792 at
611 765 638 792 in
658 773 765 793 coronae
779 766 926 794 donatione
944 767 994 794 soli

214 815 306 838 astant
329 811 376 846 qui
402 811 509 839 fortiter
534 815 745 847 pugnaverunt,
775 819 824 839 nec
848 812 994 848 quisquam

214 861 372 890 coronatur,
387 857 439 885 nisi
455 857 502 892 qui
516 857 635 892 legitime
651 857 796 885 certaverit
807 858 840 884 "'.
864 857 888 874 ’⁸
904 857 995 886 Unus-

1046 259 1075 284 ὲν
1089 259 1123 293 τῇ
1137 257 1291 292 δικαιοσύνῃ
1314 256 1403 283 αὐτῶν
1427 255 1542 283 σώσουσι
1561 254 1610 286 τὰς
1624 254 1717 290 ψυχὰς
1733 254 1830 285 αὐτῶν.

1044 305 1119 339 λέγει
1139 303 1249 331 ’Δδωναῖ
1263 303 1374 338 Κύριος.
1391 312 1400 328 ι
1415 302 1574 337 Σαφέστατα
1587 301 1644 337 (57)
1657 300 1829 335 δεδήλωκενή

1045 351 1151 387 Γραφὴ,
1166 350 1208 376 δτι
1235 348 1322 377 συνὼν
1354 348 1456 380 δίκαιος
1475 347 1560 383 ἀδίκῳ
1580 347 1612 374 οὐ
1637 345 1831 373 συναπόλλυται

1047 399 1104 434 μετ’
1123 396 1216 424 αὺτοῦ.
1243 396 1287 423 Ἑν
1301 395 1356 430 γὰρ
1367 394 1406 430 τῷ
1415 394 1510 429 κόσμῳ
1518 393 1605 429 τούτῳ
1613 393 1662 420 καὶ
1673 393 1775 419 δίκαιοι
1790 393 1832 419 καὶ

1044 444 1131 471 ἄδικοι
1147 442 1271 478 ἀλλήλοις
1286 439 1508 476 συναγελάςονται
1521 438 1648 474 κοινωνίᾳ
1658 438 1729 473 βίον,
1739 438 1772 464 οὐ
1781 436 1832 473 μὴν

1045 491 1091 518 καὶ
1105 489 1254 524 ὁσιότητος
1271 487 1317 514 καὶ
1330 488 1416 521 τούτῳ
1433 486 1482 521 οὐχ
1504 484 1707 521 ἁμαρτάνουσιν
1727 484 1755 510 οἱ
1779 483 1832 509 θεο-

1045 536 1140 572 φιλεῖς
1159 534 1274 571 μιμηταὶ
1292 533 1346 568 γάρ
1368 533 1421 559 εισι
1442 531 1489 558 τοῦ
1510 530 1616 567 Πατρδς
1629 529 1724 556 αὐτῶν
1745 529 1793 555 τοῦ
1806 530 1832 555 ὲν

1044 584 1101 613 τοῖς
1116 582 1250 617 οὐρανοῖς,
1260 579 1307 605 τοῦ
1323 578 1368 605 τὸν
1381 578 1456 614 ἥλιον
1478 576 1560 605 αὐτοῦ
1581 575 1778 607 ἀνατέλλοντος
1789 576 1832 601 ἐπὶ

1043 627 1163 659 δικαίους
1180 626 1227 654 καὶ
1241 625 1359 656 ἀδίκους,
1376 624 1422 651 καὶ
1438 623 1580 659 βρέχοντος
1593 622 1676 650 αὑτοῦ
1690 621 1740 648 τὸν
1759 621 1831 648 ὑετὸν

1044 675 1090 701 ἐπὶ
1104 673 1247 709 πονηροὺς,
1262 671 1309 698 καὶ
1323 669 1452 704 ἀγαθούς.
1471 669 1526 696 Καὶ
1540 668 1615 695 οὐδὲν
1636 667 1805 695 κινδυνεύσει
1818 667 1831 692 ὁ

1025 721 1145 758 1δίκαιος
1159 721 1191 747 ὲκ
1205 719 1308 746 τούτου·
1325 718 1353 744 ὲν
1367 717 1421 753 γὰρ
1435 716 1474 752 τῷ
1489 715 1587 751 σταδίῳ
1600 715 1648 742 καὶ
1657 714 1833 749 νικηταὶ,καὶ

1044 767 1186 803 νικώμενοί
1200 767 1279 798 εἰσιν,
1295 765 1324 792 ὲν
1337 765 1365 792 δὲ
1379 764 1419 800 τῷ
1433 763 1558 798 στεφάνῳ
1573 762 1648 798 μόνοι
1661 762 1688 788 οἱ
1702 761 1832 795 γενναίως

1044 814 1255 850 ἀγωνισάμενοι,
1276 812 1362 843 οὐδεὶς
1375 811 1404 838 δὲ
1428 809 1615 845 στεφανοῦται,
1640 809 1690 834 ἐὰν
1705 807 1745 843 μὴ
1760 807 1833 842 νομὶ-

1046 871 1104 898 μως
1125 861 1240 896 ἀθλήσῃ.
1264 860 1399 890 Ἕκαστος
1421 857 1475 893 γὰρ
1497 856 1563 892 περὶ
1587 854 1684 882 ἑαυτοῦ
1706 853 1834 889 ἐξομολο-

213 903 330 938 quisque
344 903 376 930 de
391 891 480 938 seipse
502 891 676 931 conﬁtebitur
695 911 726 931 ac
740 903 931 940 respondebit,
946 912 994 932 tte—

1092 891 1157 935 ίεται
1167 891 1202 938 ἦ,
1216 891 1264 933 καὶ
1277 906 1308 932 οὐ
1320 904 1356 940 μὴ
1372 891 1541 938 συναπολέσῄ
1554 903 1568 929 ὁ
1582 901 1648 933 Θεὸς
1660 901 1709 927 τὸν
1731 900 1835 927 δίκαιον

212 957 267 984 que
277 949 383 984 justum
399 957 462 976 cum
478 949 581 984 injuste
595 949 667 977 Deus
689 950 801 985 perdet;
823 950 995 986 quandoqui-

212 995 274 1022 dem
289 996 361 1030 apud
374 1003 436 1023 eum
453 995 584 1031 quidquid
600 996 687 1031 culpae
701 1004 755 1023 non
770 1001 812 1024 est
826 997 993 1031 obnoxium,

211 1048 264 1068 nec
284 1041 383 1068 ultioni
401 1042 554 1076 subjectum
573 1045 625 1069 est.
644 1041 737 1077 Neque
756 1042 828 1069 enim
848 1042 932 1070 Noem
947 1043 995 1070 de-

211 1087 331 1119 mersit,
354 1095 444 1122 neque
469 1086 567 1114 Letum
593 1088 732 1122 incendit,
756 1096 845 1125 neque
872 1089 994 1117 Raabam

212 1132 308 1167 patria:
326 1133 433 1160 excidio
456 1133 681 1168 comprehendit;
697 1137 725 1161 et
747 1134 771 1162 si
792 1134 874 1167 libet,
898 1140 994 1163 nostra

212 1185 322 1212 quoque
348 1185 501 1213 cognosce,
526 1178 611 1207 Iudas
635 1179 737 1207 sodalis
762 1185 868 1213 uoster,
892 1185 994 1209 sortem

211 1223 358 1251 ministerii
372 1224 516 1252 nobiscum
531 1232 701 1252 communem
718 1226 842 1260 accepit,
858 1231 885 1254 et
900 1225 994 1254 Simon

211 1269 309 1305 llagus
324 1270 458 1306 baptismo
475 1270 581 1298 Domini
599 1271 722 1306 signatus
737 1271 806 1305 fuit;
824 1280 918 1300 verum
932 1281 994 1300 cum

212 1320 328 1351 uterque
343 1324 443 1352 pravus
465 1317 634 1349 exstitisset,
652 1317 697 1345 ille
719 1318 829 1353 quidem
848 1319 945 1354 laqueo
965 1327 995 1347 se

212 1363 376 1398 suspendit;
393 1363 439 1390 hic.
451 1371 516 1390 vero
531 1367 630 1398 praeter
641 1364 783 1392 hominum
802 1369 927 1392 naturam
947 1373 995 1393 vo-

211 1408 311 1441 litans,
325 1409 402 1445 gravi
417 1416 483 1436 casu
499 1409 600 1438 fractus
613 1414 665 1438 est.
680 1411 720 1438 Ad
735 1411 792 1438 haec
802 1431 809 1444 ,
826 1411 895 1439 Area
911 1411 994 1439 Noem

213 1459 242 1483 et
264 1454 335 1483 ﬁlios
353 1456 415 1490 ejus
436 1456 686 1491 complectebatur;
711 1457 759 1485 sed
779 1458 854 1486 solus
875 1457 995 1486 Chamus

212 1508 329 1537 nequam
355 1505 497 1537 repertus,
521 1502 549 1529 in
573 1501 628 1529 lilio
651 1510 747 1538 poenas
766 1503 850 1531 dedit.
873 1503 951 1537 Quod
971 1505 994 1532 si

1046 954 1114 990 μετά
1132 952 1180 980 τοῦ
1197 952 1300 983 ἀδίκου,
1320 949 1433 985 ἐπείπερ
1450 949 1515 984 παρ’
1530 947 1603 983 αὐτῷ
1625 946 1656 973 τὸ
1673 945 1835 982 ἀναμάρτη-

1045 1009 1090 1026 τον
1101 997 1282 1034 ἀτιμώρητον.
1298 995 1366 1022 Οὔτε
1389 995 1443 1030 γὰρ
1462 993 1507 1020 τὸν
1525 994 1586 1020 Νῶε
1600 992 1782 1022 κατέκλυσεν,
1795 991 1836 1018 οὖ-

1043 1054 1074 1072 τε
1088 1045 1133 1071 τδν
1146 1043 1207 1071 Λὼτ
1219 1041 1392 1077 κατέφλεξεν,
1407 1040 1467 1067 οὔτε
1482 1039 1532 1076 τὴν
1545 1039 1628 1066 Ῥαὰό
1645 1038 1833 1065 συναπώλεσε·

1044 1092 1068 1117 εί
1083 1091 1111 1117 δὲ
1129 1089 1255 1126 βούλεσθε
1275 1087 1375 1122 γνῶναι
1400 1087 1447 1114 καὶ
1468 1085 1503 1112 τὰ
1525 1086 1567 1120 ἐφ’
1580 1084 1660 1120 ἡμῶν
1688 1084 1835 1119 γενόμενα,

1051 1136 1151 1168 Ἰούδας
1171 1136 1220 1163 σὺν
1241 1136 1308 1170 ἡμῖν
1321 1133 1370 1166 ὢν,
1385 1132 1464 1159 ἔλασε
1487 1131 1532 1159 τὸν
1551 1131 1652 1166 κλῆρον
1667 1131 1721 1165 τῆς
1745 1130 1836 1157 διακο-

1043 1183 1113 1215 νίας,
1129 1183 1158 1209 BV
1172 1182 1219 1209 καὶ
1231 1182 1323 1216 ἡμεῖς,
1338 1180 1385 1207 καὶ
1398 1179 1490 1214 Σίμων
1504 1179 1518 1204 ὸ
1527 1177 1622 1211 Μάγος
1631 1177 1681 1212 τὴν
1695 1177 1725 1202 ὲν
1740 1176 1837 1211 Κυρίῳ

1045 1228 1188 1264 σφραγῖδαι
1204 1227 1260 1254 ἀλλ’
1277 1226 1406 1262 ἑκάτερος
1421 1224 1510 1252 αὐτῶν
1530 1222 1697 1258 ἀναδειχθεὶς
1721 1221 1834 1256 φαῦλος.

1043 1276 1058 1302 ὁ
1074 1275 1122 1311 μὲν
1135 1273 1277 1310 ἀπήγξατο
1291 1272 1359 1308 (58),
1382 1271 1397 1298 ὸ
1417 1271 1446 1298 δὲ
1467 1270 1543 1306 παρά
1568 1269 1649 1304 φύσιν
1673 1267 1837 1303 ῑπτάμενος,

1045 1320 1189 1356 συνετρίϐη
1204 1318 1271 1355 (59).
1289 1319 1345 1346 Καὶ
1360 1318 1389 1345 ὲν
1403 1318 1437 1352 τῇ
1451 1315 1570 1351 κιϐωτῷ,
1585 1314 1648 1341 Νῶε
1671 1314 1720 1341 καὶ
1740 1313 1768 1339 οἱ
1784 1313 1838 1339 υἱοὶ

1043 1366 1128 1394 αὐτοῦ
1143 1366 1277 1402 ὑπῆρχον·
1292 1364 1360 1392 ἀλλὰ
1373 1363 1516 1399 πονηρὺςδ
1526 1362 1587 1397 Χὰμ
1604 1360 1728 1396 εὑρεθεὶς
1745 1359 1837 1395 μόνος,

1044 1414 1083 1445 εἰς
1091 1413 1136 1439 τὸν
1145 1412 1202 1439 υἱδν
1212 1410 1319 1444 ἐδέξατο
1327 1409 1459 1446 τιμωρίαν
1467 1408 1533 1445 (60).
1543 1408 1573 1434 El.
1583 1407 1611 1434 δὲ
1620 1406 1677 1442 (61)
1688 1406 1738 1433 καὶ
1750 1405 1838 1432 πατέ-

1045 1467 1091 1494 ρες
1105 1458 1174 1493 ὑπὲρ
1188 1457 1291 1484 παίδων
1302 1457 1332 1483 οὺ
1347 1455 1542 1492 τιμωροῦνται,
1557 1454 1618 1481 οὔτε
1633 1454 1689 1480 υἱοὶ
1702 1453 1775 1489 ὑπὲρ
1789 1461 1841 1479 πα-

1031 1505 1141 1540 ·τέρων,
1155 1504 1245 1540 δῆλον,
1267 1503 1306 1535 ὡς
1319 1503 1381 1530 οὔτε
1401 1503 1529 1537 γυναῖκες
1543 1501 1612 1536 ὑπὲρ
1635 1499 1754 1535 ἀνδρῶν,
1775 1499 1840 1525 οὔτε

212 1551 304 1582 patres
318 1555 368 1582 pro
385 1547 448 1575 llliis
462 1555 517 1575 non
533 1549 696 1584 puniuntur,
713 1557 802 1584 neque
817 1549 864 1576 lilii
882 1557 930 1585 pro
945 1558 1010 1585 pa”

1092 1550 1146 1576 ἐται
1160 1550 1230 1585 ὑπὲρ
1247 1548 1396 1581 δεσποτῶν,
1411 1547 1472 1575 οὔτε
1487 1548 1627 1581 συγγενεῖς
1649 1547 1720 1582 ὑπὲρ
1736 1554 1841 1581 συγγε-

211 1592 301 1621 tribus
314 1613 321 1626 ,
336 1594 421 1629 liquet
433 1594 506 1630 quod
521 1602 610 1630 neque
622 1602 723 1623 uxores
737 1603 787 1630 pro
801 1595 907 1623 maritis
917 1615 924 1629 ,
942 1603 992 1624 ne-

210 1647 265 1675 que
276 1640 370 1668 famuli
381 1647 431 1675 pro
442 1640 572 1673 dominis,
580 1648 668 1676 neque
678 1642 785 1677 cognati
797 1649 846 1677 pro
857 1641 991 1677 cognatis,

211 1693 301 1722 neque
316 1687 397 1714 amici
412 1695 462 1723 pro
477 1687 574 1715 amicis
584 1707 591 1720 ,
611 1695 700 1722 neque
711 1687 778 1723 justi
796 1696 845 1723 pro
859 1688 970 1723 mjustis
984 1697 993 1724 ;

209 1736 238 1760 ιι
251 1732 324 1767 quod
344 1733 445 1768 singuli
464 1733 498 1761 de
517 1733 576 1761 suis
600 1734 730 1768 aperibus
750 1734 992 1763 examinabuntur.

209 1777 278 1805 Nam
294 1786 309 1805 a
324 1777 381 1806 Noe
396 1786 446 1814 pro
460 1779 563 1806 mundo
574 1787 662 1814 paena:
675 1787 730 1807 non
743 1784 807 1807 sunt
817 1784 929 1812 exactae.
942 1788 993 1808 nec

209 1823 295 1852 Lotus
309 1832 358 1860 pro
375 1824 501 1853 Sodomis
515 1825 643 1853 incendio
657 1825 835 1862 conﬂagravit
845 1846 853 1859 ,
870 1834 921 1854 nec
936 1825 992 1854 Ra-

211 1870 262 1896 aba
278 1877 327 1904 pro
342 1869 560 1900 Hierichuntinis
575 1872 698 1907 jugulata
714 1876 774 1905 est,
790 1880 841 1900 nec
863 1872 993 1900 Israelita

209 1921 260 1948 pro
282 1913 416 1950 Egyptiis
439 1916 574 1944 submersi
591 1922 664 1945 sunt.
681 1917 895 1945 Contubernium
919 1917 993 1944 enim

207 1958 298 1993 justos
307 1960 472 1993 injustorum
483 1962 652 1991 damnationi
663 1971 716 1991 non
726 1963 850 1995 involvit.
861 1962 909 1991 sed
922 1970 993 1990 una-

210 2004 332 2033 nimitas.
345 2005 431 2041 Igitur
439 2006 578 2034 attendere
586 2014 639 2033 non
652 2006 783 2036 debemus
797 2008 856 2035 istis
872 2008 992 2036 homini-

209 2049 273 2082 bus,
283 2050 316 2077 ad
326 2051 426 2079 caedem
437 2058 545 2087 semper
554 2053 699 2087 promptis,
710 2053 890 2081 humanitatis
902 2054 993 2082 osori-

209 2095 272 2128 bus,
293 2097 495 2126 eriminationis
514 2098 656 2132 studiosis,
670 2103 697 2127 et
716 2100 839 2135 quicum
862 2104 994 2135 praetextu

209 2145 326 2170 mortem
348 2143 494 2179 Jinl‘erunt.
536 2145 613 2172 Alter
643 2146 716 2173 enim
751 2153 800 2180 pro
822 2147 908 2174 altero
937 2155 993 2175 non

209 2188 339 2221 moritur.
346 2190 393 2218 sed
404 2199 413 2216 ι
421 2190 532 2220 funibus
539 2199 651 2219 suorum
659 2199 833 2227 peccatorum
840 2194 992 2229 unusquis-

245 2277 269 2293 ”
280 2276 376 2306 Ezech.
393 2287 449 2311 xtv,
468 2279 511 2308 15,
551 2280 574 2297 ’⁸
590 2279 684 2308 Matth.
705 2290 732 2313 v,
749 2282 792 2309 45.

208 2310 379 2346 Anastasius,
396 2319 491 2350 quaest.
509 2315 553 2343 55.
610 2310 735 2344 "Anast'.
752 2310 958 2352 ἀπολογήσεται.

1044 1597 1108 1628 νῶν,
1124 1596 1186 1623 οὔτε
1206 1596 1278 1631 φίλοι
1299 1596 1370 1631 ὑπὲρ
1384 1595 1478 1630 φίλων,
1494 1594 1555 1621 οὔτε
1567 1594 1666 1621 δίκαιοι
1688 1593 1763 1629 ὑπὲρ
1776 1594 1840 1620 ἀδί-

1043 1651 1109 1669 κων·
1134 1642 1190 1669 ἀλλ’
1205 1642 1318 1673 ἕκαστος
1333 1641 1404 1677 ὑπὲρ
1417 1640 1463 1668 τοῦ
1478 1640 1580 1667 οἰκείου
1600 1639 1681 1676 ἔργου
1695 1639 1743 1666 τὸν
1757 1639 1842 1673 λόγον

1043 1687 1269 1723 ἀπαιτηθήσεται.
1292 1686 1361 1714 Οὒτε
1374 1686 1429 1722 γάρ
1450 1686 1512 1713 Νῶε
1526 1686 1596 1721 ὑπὲρ
1609 1685 1656 1712 τοῦ
1676 1685 1783 1721 κόσμου
1799 1685 1843 1712 δί-

1044 1741 1096 1768 κην
1110 1732 1289 1768 είσεπράχθη,
1313 1732 1374 1759 οὔτε
1396 1731 1458 1759 Λὼτ
1479 1731 1550 1767 ὑπὲρ
1572 1731 1696 1767 Σοδόμων
1710 1731 1841 1767 tat-opno-

1043 1778 1123 1815 λήθη.
1138 1778 1200 1805 οὗτε
1218 1778 1314 1810 Ῥαὰϐ,
1328 1779 1399 1814 ὑπὲρ
1419 1777 1628 1814 Ἰεριχουντείων
1639 1777 1760 1813 ἐσφάγη,
1775 1777 1842 1803 οὔτε

1043 1826 1058 1852 ὁ
1079 1825 1185 1861 Ἰσραὴλ
1206 1824 1261 1861 (62)
1282 1825 1352 1861 ὑπὲρ
1371 1824 1527 1859 Αἰγυπτίων
1548 1823 1598 1840 ¹⁰⁶·
1620 1824 1651 1850 οὐ
1664 1823 1718 1859 γάρ
1733 1824 1752 1857 ἡ
1775 1831 1842 1849 συν-

1043 1871 1150 1906 οίκησις
1169 1870 1327 1906 κατακρίνει
1347 1870 1410 1902 τοὺς
1431 1869 1552 1901 δικαίους
1573 1869 1622 1896 σὺν
1641 1870 1698 1899 τοῖς
1717 1867 1842 1899 ἀδίκοις,

1042 1917 1099 1945 ἀλλ’
1114 1918 1131 1953 ἡ
1144 1917 1194 1953 τῆς
1207 1916 1319 1952 γνώμης
1332 1917 1452 1952 ὁμόνοια.
1468 1916 1505 1942 οὗ
1520 1915 1574 1951 χρὴ
1598 1913 1644 1941 οὖν
1657 1914 1714 1945 τοῖς
1728 1914 1842 1948 ἑτοιμο-

1044 1963 1178 1995 θανάτοις,
1193 1963 1241 1991 καὶ
1255 1962 1311 1999 (65)
1328 1962 1540 1998 μισανθρώποις,
1563 1961 1611 1988 καὶ
1626 1959 1841 1995 φιλεγκλήμοσι,

1044 2010 1091 2037 καὶ
1113 2009 1180 2045 μετά
1202 2009 1365 2045 προφάσεως
1387 2008 1573 2039 θανατοποιοϊς
1598 2006 1745 2042 προσέχειν
1771 2005 1840 2041 (64).

1044 2056 1157 2092 ’Ἕτερος
1169 2054 1224 2090 γὰρ
1238 2055 1308 2091 ὑπὲρ
1323 2055 1416 2091 ἐτέρου
1430 2054 1480 2081 οὐκ
1494 2053 1668 2081 ἀποθανεῖται
1684 2051 1754 2088 (65)”
1773 2052 1843 2079 ἀλλά

1045 2110 1056 2128 ι
1074 2103 1179 2138 σειραῖς
1191 2101 1245 2128 τῶν
1259 2101 1356 2128 ἑαυτοῦ
1371 2100 1513 2136 ἁμαρτιῶν
1523 2100 1637 2131 ἕκαστος
1651 2099 1813 2134 σφίγγεται.
1829 2109 1838 2125 ι

1042 2148 1108 2175 Καί·
1121 2157 1131 2174 t
1148 2148 1214 2175 Ἰδοὺ
1228 2147 1382 2184 ἄνθρωπος,
1391 2148 1439 2174 καὶ
1451 2147 1482 2174 τὸ
1496 2147 1575 2183 ἔργον
1589 2145 1672 2173 αὐτοϋ
1683 2145 1739 2182 πρὸ
1754 2155 1841 2182 προσ-

1044 2195 1119 2222 ώπου
1133 2194 1225 2223 αὑτοῦ.
1244 2203 1254 2221 ι
1267 2195 1313 2221 Δεῖ
1325 2195 1356 2223 δὲ
1368 2194 1442 2231 ἡμᾶς
1454 2194 1560 2231 βοηθεῖν
1581 2194 1639 2226 τοῖς
1655 2192 1770 2220 συνοῦσι
1782 2191 1839 2232 (66)

831 2282 888 2319 “Vl.
905 2282 992 2317 lgnat.
1025 2284 1152 2319 interpol.
1176 2284 1210 2312 ad
1235 2284 1342 2314 Philad.
1368 2286 1396 2314 '5.
1443 2285 1467 2304 "’
1482 2284 1504 2312 Il
1529 2284 1600 2313 Tim.
1612 2293 1644 2318 tt,
1661 2285 1689 2313 5.
1727 2284 1839 2313 “Cito!

1009 2319 1043 2334 ¹⁰⁰
1071 2319 1166 2347 Anast.
1195 2320 1352 2355 Αἰγυπτίων
1378 2320 1584 2356 κατεποντίσθη.
1625 2345 1629 2350 .

857 2413 1039 2443 VARIORUM
1055 2414 1171 2443 NOTAE.

254 2499 299 2532 PS6)
316 2500 413 2527 οὗτοι.
431 2499 460 2528 In
475 2501 571 2529 eodem
587 2501 731 2530 omittitur.
744 2502 829 2531 Cum.

253 2534 297 2571 ᾕῖ)
313 2535 498 2571 Σαρέστατα.
513 2536 651 2571 νΡι-ωροηίι
667 2545 737 2564 unus
748 2538 936 2570 ὲνταῦθα,1ιίε.
953 2539 993 2568 ID.

319 2570 490 2608 ᾉπήτξᾳζο.
505 2570 538 2608 in
557 2569 670 2608 utroque
680 2572 790 2608 ἧγξατο.
806 2573 844 2600 In.

253 2604 298 2639 59)
313 2606 486 2639 Συνετριῦη.
503 2604 811 2639 Ρι-ιρίίςίιέιῐοὶιπεσών.
830 2607 868 2636 In.

253 2628 297 2678 eo)
312 2628 365 2678 ῇῑξ
377 2628 514 2678 ᾢῖἱὲὶὶδιέ
527 2628 811 2678 ἒὲξὲἇτὲἒῖλιῶἱλῖἕιὲξ
829 2628 930 2678 ὶῖίῇιίο
940 2652 994 2678 ρω-

206 2682 255 2714 nqs
274 2675 347 2714 dedit
360 2683 370 2702 :
384 2675 661 2714 Cha_naan,eql_3enes.
675 2675 718 2714 tx,
731 2675 780 2705 '25.
798 2675 893 2706 Notavi
912 2675 993 2714 porro

206 2709 241 2747 ad
263 2710 414 2747 marginem
432 2711 572 2740 Anastasii
586 2712 751 2746 quaestiones
763 2721 858 2742 carere
871 2709 992 2747 voéulis,

205 2745 246 2776 εἰς
270 2744 315 2772 τὸν
325 2744 412 2779 ‘uldy;
430 2747 477 2774 sed
498 2752 562 2774 tunc
577 2744 631 2774 non
647 2747 767 2775 videram
790 2756 842 2776 ms.
867 2744 989 2777 codicem

206 2779 285 2819 valde
298 2781 439 2816 antiquum
443 2786 477 2819 _et
488 2782 594 2819 bonum
600 2781 690 2817 Begize
701 2782 884 2819 Bibliotheca,
897 2785 925 2812 in
936 2794 990 2819 quo

208 2815 340 2855 scriptum
361 2815 413 2855 est,
429 2815 470 2849 εἷς
482 2817 536 2844 τῶν
550 2817 625 2849 υἱῶν,
640 2815 713 2853 quod
730 2823 756 2855 et
771 2819 878 2847 videtur
893 2815 991 2855 legisse

209 2848 359 2889 Geutianus
383 2851 516 2890 Her-vetus
529 2848 622 2890 earum
643 2848 824 2890 quaestionum
840 2848 989 2890 interpres,

211 2887 352 2921 magisque
365 2887 493 2916 convenit
508 2887 600 2917 sensui
613 2887 695 2924 hujus
710 2889 774 2918 loci.
793 2889 892 2918 Postea
907 2887 990 2919 simili

288 2535 298 2635 ξ

1009 2510 1034 2540 D
1048 2506 1154 2534 ratione
1169 2514 1184 2534 e
1199 2506 1315 2543 scripto,
1331 2505 1470 2543 versione,
1488 2511 1521 2531 ac
1533 2510 1626 2543 sensu,
1641 2501 1788 2543 legendum
1807 2502 1838 2528 in

1045 2542 1203 2576 Anastasio,
1226 2536 1334 2569 ut'hie:
1354 2540 1423 2576 οὔτε
1445 2540 1543 2576 δίκαιοι
1649 2536 1706 2563 τῶν
1718 2536 1837 2576 ¹ἀδξκπειινν.

1046 2575 1160 2603 Demum
1180 2571 1264 2604 verbo
1279 2574 1478 2610 κατεποντίσθη
1497 2571 1635 2601 auctionis
1649 2578 1683 2598 ac
1699 2571 1839 2606 pleniores

1046 2615 1110 2639 sunt
1121 2612 1296 2639 quastiones.
1311 2611 1380 2639 Cor.

1093 2640 1138 2679 61)
1151 2647 1187 2673 El
1199 2646 1243 2674 δέ.
1260 2646 1321 2673 Ὅτι
1334 2646 1373 2676 δέ.
1388 2641 1610 2679 ιιιθτιιιιθνῐηίηιιε
1620 2640 1713 2679 Δδοιαὶ.
1727 2640 1810 2679 βιεε.

1093 2675 1137 2716 62)
1159 2681 1190 2708 '0
1212 2681 1349 2716 Ἰσραήλ,
1360 2675 1392 2708 Οἱ
1413 2675 1673 2716 ἰσρᾳηᾏῐταιητξιιοι-
1684 2676 1782 2704 codex.
1796 2675 1835 2716 lu.

1093 2710 1137 2751 65)
1159 2710 1417 2751 Ἐτοιιῖοθὰνάτοις
1498 2710 1602 2751 Desunt
1614 2710 1835 2751 in__utt;oque._ln.

1091 2746 1139 2786 64)
1152 2746 1327 2786 Προσὲχειν.
1349 2746 1432 2777 Addit
1445 2748 1513 2774 alter
1530 2756 1537 2774 :
1555 2746 1614 2773 ὀτι
1636 2746 1664 2773 δὲ
1678 2746 1767 2778 οὕτως
1779 2746 1836 2780 ἔχει

1041 2786 1098 2813 καί.
1115 2786 1153 2814 lo.

1090 2820 1135 2856 βξ)
1155 2821 1181 2848 Ἀ
1187 2819 1366 2856 ποθανεῒτρι.
1380 2817 1456 2856 Alter
1467 2817 1635 2856 τιμωρεῖται.
1650 2815 1692 2856 [υ.

1090 2820 1127 2847 65'
1155 2820 1366 2848 Ἀποθανεῒται.
1380 2820 1456 2845 Alter
1467 2820 1635 2852 τιμωρεῖται.
1653 2820 1692 2843 ω.

1090 2820 1135 2891 soi
1152 2856 1296 2883 Συνοῦσι.
1319 2851 1480 2891 Ἐησινοῦσι.
1497 2851 1573 2880 Alter
1585 2850 1706 2883 νοσοῦσι,
1722 2856 1751 2879 ut
1766 2851 1835 2878 bene

1044 2888 1162 2927 conjecit
1177 2890 1340 2919 Cotclerius.
1356 2888 1394 2917 lo.
