1884 3104
518 161 818 191 CONSTITUTIONES
832 160 1170 190 APOSTOLICE.—LIB.
1188 161 1218 188 ΙΙ.

1630 161 1683 190 622

65 227 108 253 καὶ
121 224 320 255 κινδυνεύουσι,
334 222 382 250 καὶ
396 221 598 257 σφαλλομένοις,
618 222 665 248 καὶ
678 222 739 248 ὅσον
753 219 806 248 οἷόν
820 231 831 248 τ

930 229 955 249 Ie
979 219 1178 255 constringitur
1194 220 1213 246 ‘.
1231 228 1240 245 ι
1262 217 1312 246 Et:
1329 228 1339 244 ι
1355 217 1425 246 Ecce
1449 218 1549 252 homo,
1563 222 1590 246 et
1613 226 1683 254 opus

64 274 94 309 τῇ
107 271 269 308 παραινέσει
289 270 335 296 τοῦ
348 269 427 303 λόγου
451 267 573 302 ὑγιάζειν
593 268 701 300 αὐτοὺς,
723 268 770 295 καὶ
792 268 850 303 ῥύε-

65 319 122 345 σθαι
135 319 166 344 ὲκ
181 317 310 344 θανάτου.
329 325 338 342 ι
357 315 395 342 Οὐ
410 315 504 351 χρείαν
517 314 572 350 γὰρ
585 314 691 350 ἔχουσιν
704 314 729 341 οἱ
745 314 849 350 ἰσχύον-

64 374 104 397 τες
127 363 231 400 ἰατροῦ,
257 363 314 390 ἀλλ’
335 363 361 389 οἱ
383 362 476 394 κακῶς
496 361 600 397 ἔχοντες
623 360 689 397 (67).
709 370 718 387 ν
741 361 848 397 Ἐπειδὴ

66 420 75 437 ι
91 411 137 438 οὐκ
156 410 214 436 ἔστι
239 409 347 445 θέλημα
359 408 512 445 ἔμπροσθεν
525 403 571 434 τοῦ
593 407 709 443 Πατρὸς,
724 407 768 434 ἵνα
781 407 848 434 ἀπό-

62 457 135 493 ληται
145 454 184 488 εἷς
198 457 254 483 τῶν
268 456 383 492 μικρῶν.
400 465 409 481 ι
426 455 464 482 UO
477 454 531 490 γὰρ
544 454 593 490 τὴν
607 454 661 481 τῶν
676 454 847 490 σκληροκαρ-

62 504 120 531 δεων
134 502 239 539 ἀνδρῶν
256 501 383 538 βούλησιν
398 502 475 537 ίστᾷν
495 501 559 538 χρὴ,
574 500 643 528 ἀλλὰ
655 501 704 537 τὴν
718 501 765 527 τοῦ
779 500 847 527 Θεοῦ

64 550 106 576 καὶ
119 548 226 584 Πατρδς
240 548 296 575 τῶν
310 548 377 574 ὅλων
387 547 436 583 τὴν
445 546 489 574 διὰ
509 547 595 583 Ἰησοῦ
609 547 728 583 Χριστοῦ
737 547 783 574 τοῦ
791 548 847 574 Κυ-

64 596 117 632 ρίου
131 595 220 630 ἡμῶν,
236 591 260 628 ᾧ
280 595 298 630 ἡ
312 593 374 626 δόξα
388 595 428 625 εἰς
441 593 504 625 τοὺς
523 593 632 625 αἰῶνας.
662 594 756 629 ’Δμήν.
780 593 847 620 Οὐδὲ

62 640 111 677 γὰρ
123 641 224 667 δίκαιον
239 640 361 676 κεφαλὴν
376 640 438 666 δντα
450 649 491 672 σε,
501 637 523 666 ὦ
537 640 680 672 ἐπίσκοπε,
690 640 758 676 οὐρᾷ
768 646 847 676 προσ-

63 687 138 722 έχειν,
157 686 283 713 τουτέστι
304 686 392 721 λαῖκῷ
408 686 547 713 στασιώδει
569 686 715 722 ἀνθρώπῳ,
731 687 771 718 είς
789 687 847 713 ἐτέ-

64 742 106 770 ρου
125 733 275 766 ἀπώλειαν,
291 733 360 760 ἀλλὰ
372 733 431 768 Θεῴ
447 733 528 768 μόνῳ.
546 734 656 769 Ἀρχειν
678 733 733 769 γάρ
748 742 778 760 σε
793 734 846 770 χρὴ

62 780 110 806 τῶν
123 780 264 815 ὑπηκόων,
280 779 311 806 οὐ
324 777 378 814 μὴν
397 779 444 806 καὶ
458 780 504 805 ὑπ’
519 779 607 806 αὐτῶν
621 779 766 815 ἄρχεσθαιο
784 779 846 806 οὔτε

61 826 110 862 γὰρ
123 826 179 857 υίὸς
192 827 274 862 ἄρχει
289 826 400 861 πατρὸς,
412 825 483 852 κατὰ
490 825 535 852 τὸν
549 826 598 861 τῆς
611 826 743 860 γενέσεως
756 826 844 861 λόγον,

62 872 116 898 οὔτε
135 872 228 904 δοῦλος
249 871 299 898 τοῦ
319 872 415 907 κυρίου
438 870 531 904 αὑτοῦ,
553 871 624 898 κατὰ
643 872 688 899 τὸν
701 873 751 908 τῆς
771 872 846 905 ἐξου-

62 919 125 950 σίας,
140 917 201 945 οὔτε
218 918 346 954 μαθητὴς
358 918 529 951 διδασκάλου,
544 916 605 944 οὔτε
620 919 788 954 στρατιώτης
803 919 846 954 βα-

63 965 158 996 σιλέως,
173 963 235 991 οὕτε
247 965 304 1001 μὴν
318 964 408 996 λαῖκδς
422 965 580 991 ἐπισκόπου.
596 965 664 1001 Περὶ
677 966 730 1001 γὰρ
744 965 790 992 τοῦ
807 965 844 1000 μὴ

61 1010 140 1036 δοκεῖν
153 1011 218 1042 τοὺς
233 1009 436 1045 πλησιάζοντας
450 1011 564 1042 ἀδίκοις,
578 1012 611 1046 τῇ
626 1011 672 1037 τοῦ
686 1011 765 1046 λόγου
778 1012 846 1039 διδα-

61 1057 91 1091 χῇ
105 1055 157 1091 (68)
179 1056 402 1092 συμμολύνεσθαι
417 1057 433 1092 ἢ
449 1057 587 1084 κοινωνεῖν
606 1059 666 1089 ταῖς
687 1057 740 1094 (69)
756 1059 846 1095 ἁμαρ-

59 1102 132 1134 τίαις,
147 1103 161 1129 ὁ
181 1102 315 1138 Ἰεζεκιὴλ
328 1103 469 1130 ἐκκόπτων
482 1104 531 1140 τὴν
551 1104 605 1131 τῶν
623 1104 765 1140 κακοήθων
779 1105 845 1132 ὑπό-

60 1156 124 1175 νοιαν
137 1148 222 1183 λέγει·
242 1159 253 1175 ι
274 1149 306 1176 Τί
321 1149 399 1185 ὑμεῖς
413 1150 506 1184 λέγετε
521 1150 611 1182 αὐτοῖς
625 1151 673 1187 τὴν
688 1151 844 1187 παραϐολὴν

59 1196 152 1232 ταύτην
178 1197 225 1223 ἐπὶ
258 1196 311 1232 γῆς
344 1196 460 1233 Ἰσραήλ·
483 1197 514 1224 Οί
536 1197 652 1233 πατέρες
673 1197 773 1232 ἔφαγον
799 1198 845 1234 δμ-

60 1251 125 1276 eam
146 1242 213 1278 (70),
235 1243 286 1270 καὶ
300 1242 325 1269 οἱ
346 1243 449 1275 ὀδόντες
470 1243 524 1270 τῶν
544 1244 647 1270 τέκνων
667 1243 842 1278 ᾑμωδίασανς

60 1289 94 1320 ζῶ
107 1289 170 1324 ἐγὼ,
184 1289 264 1324 λέγει
291 1289 403 1316 Ἀδωναῖ
422 1290 536 1325 Κύριος,
551 1291 575 1316 εἱ
589 1290 629 1317 ἔτι
644 1290 699 1325 (71)
719 1290 794 1317 ἔσται
815 1291 844 1317 ὲν

59 1335 116 1372 ὑμῖν
129 1336 264 1372 λεγομένη
279 1337 296 1372 ἠ
310 1336 451 1372 παραϐολὴ
465 1336 534 1372 αὕτη
548 1337 578 1363 ὲν
598 1336 636 1372 τῷ
657 1337 780 1373 Ἰσραήλ·
803 1337 843 1364 ὃτι

60 1383 137 1409 πᾶσαι
152 1383 179 1409 αἱ
190 1382 279 1418 ψυχαὶ
293 1383 357 1418 ἐμαί
372 1383 450 1409 είσιψ
465 1383 495 1409 ὃν
508 1383 608 1419 τρόπον
622 1383 638 1418 ὴ
652 1383 725 1419 ψυχὴ
739 1383 786 1410 τοῦ
796 1392 845 1410 πα-

59 1427 125 1464 τρὸς,
147 1428 234 1461 οὕτως
252 1429 269 1464 ἡ
291 1428 364 1465 ψυχὴ
384 1429 431 1455 τοῦ
452 1429 510 1456 υἱοῦ
531 1430 584 1465 ἐμή
599 1430 671 1456 ἐστιν
683 1438 689 1444 ·
708 1431 725 1465 ἡ
739 1429 811 1466 ψυχὴ
825 1430 842 1465 ὴ

59 1475 247 1510 ἁμαρτάνουσα
262 1475 330 1511 αὐτὴ
342 1474 397 1511 (72)
409 1475 593 1503 ἀποθανεῖται.
615 1476 643 1503 Ὀ
652 1476 680 1503 δὲ
689 1475 842 1512 ἄνθρωπος,

57 1520 83 1552 ὃς
96 1521 167 1548 ἔσται
180 1520 298 1554 δίκαιος,
313 1522 397 1548 ποιῶν
411 1523 498 1558 κρῖμα
511 1522 558 1548 καὶ
571 1522 753 1558 δικαιοσύνην,
775 1531 783 1547 ι
796 1523 843 1549 κα)¹

898 269 959 303 ejus
975 272 1039 295 ante
1055 267 1152 294 faciem
1172 266 1247 294 illius
1260 266 1298 293 ’.ι
1314 265 1324 280 ³
1335 264 1392 293 Nos
1407 269 1498 293 autem
1515 268 1622 301 oportet
1632 273 1684 294 no-

898 314 964 341 stris
986 313 1117 344 infirmis,
1133 316 1160 339 et
1179 311 1400 346 periclitantibus
1415 315 1441 338 et
1461 311 1582 347 deceptis
1604 320 1683 347 opem

898 360 987 392 ferre;
1002 363 1028 387 et
1043 358 1132 394 quoad
1147 357 1206 385 fieri
1221 361 1328 393 potest,
1343 357 1478 385 sermonis
1492 358 1684 387 exhortatione

898 413 997 434 sanare
1018 413 1082 438 eos,
1102 409 1183 440 atque
1205 412 1221 431 a
1240 407 1329 431 morte
1350 403 1468 439 eripere.
1484 413 1493 430 ι
1507 403 1568 431 Non
1584 413 1593 431 ι
1610 404 1684 432 enim

901 461 910 477 ι
926 459 996 486 opus
1017 451 1118 479 habent
1140 450 1247 478 medico
1263 470 1271 482 ,
1294 450 1341 485 qui
1360 450 1469 483 valent,
1482 450 1531 478 sed
1546 451 1592 486 qui
1613 451 1684 479 male

888 497 999 525 habent
1007 498 1029 525 ⁸.
1043 507 1052 524 ι
1066 497 1292 532 Quandoquidem
1308 506 1317 522 ι
1330 504 1384 524 non
1396 501 1439 524 est
1451 497 1579 525 voluntas
1591 505 1684 525 coram

897 542 990 576 Patre,
1002 547 1033 570 ut
1045 547 1138 578 pereat
1150 551 1222 571 unus
1237 543 1270 570 de
1283 543 1391 578 pusillis
1402 543 1423 570 '.
1438 552 1448 569 ›
1459 542 1518 570 Non
1533 543 1605 571 enim
1620 550 1684 578 per-

898 590 1071 626 pendendum
1094 595 1153 622 est,
1173 598 1234 625 qua:
1255 593 1307 617 stet
1331 589 1473 616 hominum
1489 588 1585 616 immiti
1600 588 1683 616 corde

897 636 1032 664 sententia
1043 656 1051 668 ,
1068 636 1115 664 sed
1131 643 1191 672 quae
1206 635 1253 663 Dei
1269 639 1296 663 et
1317 634 1407 663 Patris
1429 635 1550 662 omnium
1572 643 1682 669 rerum,

896 690 957 718 quae
971 688 1014 711 est
1029 690 1077 717 per
1092 681 1186 710 Jesum
1210 681 1349 710 Christum
1369 681 1514 708 Dominum
1536 685 1683 716 nostrum;

896 729 940 756 cui
960 728 1046 764 gloria
1071 729 1098 756 in
1121 728 1232 756 smcula.
1254 728 1353 756 Amen.
1370 727 1464 763 Neque
1477 727 1563 755 etiam
1575 735 1683 764 aequum

896 779 949 809 est,
964 782 981 803 ο
1003 775 1148 810 episcope,
1172 778 1203 802 ut
1219 778 1247 801 tu
1271 774 1319 810 qui
1341 777 1422 809 caput
1447 781 1495 806 es,
1522 774 1684 802 assentiaris

897 821 1008 854 caudae,
1027 821 1081 849 hoc
1097 825 1141 848 est
1159 820 1247 854 laico,
1263 820 1368 848 homini
1390 820 1537 853 seditioso,
1555 821 1637 856 idque
1654 821 1682 848 in

897 867 1009 895 alterius
1024 867 1192 902 perniciem;
1206 867 1253 895 sed
1269 866 1325 895 Deo
1341 866 1393 894 soli
1407 867 1428 894 ‘.
1447 866 1515 894 Nam
1534 871 1642 902 oportet
1656 871 1684 896 te

862 901 882 928 Β
896 901 1036 948 subjectos
1049 921 1160 948 regere,
1176 921 1231 941 non
1253 913 1288 941 ab
1310 913 1345 941 iis
1365 913 1422 948 regi
1438 922 1446 947 ;
1462 921 1523 940 cum
1539 901 1590 941 nec
1611 913 1683 941 ﬁlius

896 960 1011 995 imperet
1033 959 1103 994 patri
1123 959 1275 987 secundum
1297 959 1432 987 rationem
1445 963 1540 991 ortus,
1559 966 1609 986 nec
1622 967 1682 986 ser-

896 1014 946 1034 vus
958 1006 1069 1034 domino
1083 1013 1134 1033 suo
1150 1009 1276 1041 respectu
1292 1005 1435 1041 potestatis
1445 1025 1452 1037 ,
1467 1013 1517 1032 nec
1531 1005 1683 1040 discipulus

895 1053 1042 1089 magistro,
1066 1060 1118 1080 nec
1139 1052 1218 1080 miles
1243 1051 1423 1087 imperatori;
1439 1058 1490 1078 nec
1510 1058 1575 1087 ergo
1595 1051 1683 1079 laicus

901 1100 1040 1135 episcopo.
1053 1099 1188 1127 Caeterum
1203 1106 1238 1126 ne
1250 1098 1433 1130 existimetur,
1449 1105 1497 1125 eos
1513 1097 1560 1133 qui
1576 1097 1683 1133 impron

895 1146 945 1174 bos
959 1145 1152 1181 frequentant,
1168 1144 1303 1172 sermonis
1316 1152 1410 1172 eorum
1424 1143 1596 1173 documentis
1609 1145 1683 1172 coin-

895 1192 1018 1227 quinari,
1034 1191 1078 1219 vel
1092 1194 1205 1226 peccata
1225 1198 1321 1218 eorum
1342 1190 1508 1225 participare
1523 1199 1530 1223 ;
1556 1189 1682 1218 Ezechiel

895 1237 1046 1273 praecidens
1062 1237 1133 1264 hanc
1148 1244 1322 1264 morosorum
1334 1236 1476 1264 hominum
1493 1236 1680 1272 suspicionem

895 1284 933 1311 ait
947 1294 954 1311 z
969 1293 978 1309 α
995 1283 1085 1316 Quare
1109 1283 1182 1310 inter
1205 1290 1254 1310 vos
1277 1282 1370 1310 dicitis
1389 1282 1547 1317 parabolam
1563 1282 1634 1309 hanc
1650 1282 1678 1309 in

895 1333 968 1358 terra
982 1329 1067 1358 Israel
1079 1339 1085 1356 :
1099 1328 1194 1356 Patres
1209 1328 1389 1356 comederunt
1402 1336 1483 1356 uvam
1499 1328 1624 1356 acerbam
1634 1347 1641 1360 ,
1655 1333 1683 1356 et

894 1375 990 1403 dentes
1003 1375 1122 1403 filiorum
1134 1376 1337 1410 obstupuerunt
1347 1375 1358 1401 ?
1368 1374 1436 1402 Vivo
1450 1382 1516 1410 ego,
1530 1373 1596 1401 dicit
1609 1373 1683 1401 Ado-

895 1422 939 1449 nai
954 1421 1087 1449 Dominus
1097 1442 1104 1453 ,
1121 1422 1145 1450 si
1159 1422 1231 1449 ultra
1247 1422 1274 1449 in
1289 1421 1367 1450 vobis
1381 1421 1433 1449 erit
1444 1441 1452 1454 ,
1468 1425 1499 1449 ut
1511 1421 1618 1449 dicatur
1630 1428 1682 1456 pa-

894 1468 989 1495 rabola
1015 1467 1073 1495 hate
1094 1468 1122 1495 in
1149 1466 1270 1500 lsraele;
1292 1467 1358 1502 quia
1380 1474 1478 1495 omnes
1499 1467 1597 1494 animae
1615 1474 1682 1495 mea

894 1519 958 1543 sunt
973 1525 979 1542 :
995 1514 1133 1550 quomodo
1156 1514 1247 1541 anima
1265 1513 1351 1548 patris
1362 1534 1369 1546 ,
1392 1513 1431 1540 ita
1446 1512 1538 1540 anima
1556 1513 1601 1540 lilii
1621 1521 1682 1541 mea

58 1567 114 1603 ἑξῆς
131 1568 268 1602 ὲπιλέγων
287 1567 337 1600 τὰς
357 1567 453 1600 λοιπὰς
472 1567 587 1604 ἀρετὰς,
617 1568 830 1603 ὲπισφραγίζετα

930 1566 955 1595 t;
972 1562 1064 1588 anima
1080 1568 1140 1596 qua:
1152 1560 1325 1595 peccaverit,
1346 1559 1408 1595 ipsa
1428 1560 1570 1587 morietur.
1594 1559 1682 1587 Homo

58 1612 146 1648 λέγων’
171 1623 180 1640 ι
206 1614 237 1641 '0
252 1614 371 1646 τοιοῦτος
384 1614 486 1646 δίκαιος
495 1614 612 1650 ὑπάρχει
622 1635 629 1647 ,
646 1613 702 1650 ζωῇ
719 1613 840 1649 ζήσεται,

57 1660 124 1695 λέγει
143 1660 259 1688 Ἀδωνατ
273 1660 390 1696 Κύριος·
405 1660 453 1688 καὶ
467 1660 514 1687 ἐὰν
528 1661 646 1696 γεννήσῃ
663 1660 720 1687 υἱὸν
734 1660 840 1696 λοιμὸν,

57 1706 178 1742 ἐκχέοντα
191 1706 276 1743 αἷμα,
297 1707 327 1733 ὲν
340 1708 373 1743 τῇ
388 1707 440 1743 ὁδῷ
460 1707 508 1734 τοῦ
523 1707 626 1742 πατρὸς
640 1707 722 1734 αὑτοῦ
736 1707 784 1734 τοῦ
803 1708 843 1734 δι-

57 1754 126 1780 καίου
140 1754 189 1780 οὐκ
203 1752 351 1790 ἐπορεύθη·
379 1763 388 1780 ι
405 1754 452 1781 καὶ
466 1753 613 1789 ἐπαγαγὼν
635 1753 670 1781 τὰ
684 1753 758 1789 ἑξῆς,
773 1754 841 1781 ἐπά-

56 1807 94 1833 γει
111 1801 166 1832 τοῖς
180 1800 357 1832 τελευταίοις
382 1809 392 1826 (
410 1802 471 1836 Ζωῇ
486 1801 516 1827 οὐ
532 1800 652 1836 ζήσεται·
682 1800 773 1832 πάσας
793 1801 842 1833 τὰς

55 1845 161 1881 ἀνομίας
187 1847 291 1879 ταύτας
317 1847 440 1882 ἐποίησε,
462 1846 569 1882 θανάτῳ
582 1846 775 1873 ’ἀποθανεῖταισ
811 1847 842 1874 τὸ

55 1888 118 1926 αἷμα
131 1893 212 1919 αὐτοῦ
235 1893 279 1919 ἐπ’
294 1893 374 1920 αὑτὸν
397 1893 482 1920 ἔσται·
512 1894 559 1920 καὶ
579 1893 708 1929 ὲρεϊταιθ·
729 1894 769 1920 δτι
785 1892 840 1929 (75)

54 1937 98 1964 οὐκ
111 1938 204 1966 ἐλαϐεν
218 1940 234 1966 ὁ
249 1939 305 1970 υίὸς
319 1940 368 1975 τὴν
382 1939 488 1966 ἀδικίαν
501 1939 548 1966 τοῦ
564 1939 676 1975 πατρὸς,
699 1939 716 1975 ἢ
739 1939 788 1976 τὴν
803 1940 842 1966 δι-

54 1985 192 2021 καιοσύνην
217 1985 311 2017 αὐτοῦ,
329 1986 502 2022 δικαιοσύνην
517 1987 563 2013 καὶ.
579 1986 651 2018 ἕλεος
666 1986 840 2021 πεποιηκώς;

54 2030 96 2057 καὶ
108 2032 178 2067 ἐρεῖς
193 2032 295 2064 αὐτοῖς·
317 2032 348 2059 Ἦ
363 2032 434 2069 ψυχὴ
449 2033 465 2068 ἡ
482 2032 675 2068 ἁμαρτάνουσα
689 2032 759 2068 αὑτὴ
771 2033 840 2059 ἀπο-

53 2075 174 2104 Θανεῖται*
198 2079 257 2110 υἱὸς
271 2079 301 2105 οὐ
314 2079 427 2114 λήψεται
442 2079 548 2106 ἀδικίαν
562 2078 674 2115 πατρὸς,
690 2079 737 2106 καὶ
750 2078 840 2115 πατὴρ

52 2124 79 2150 οὐ
91 2123 203 2161 λήψεται
218 2126 325 2153 ἀδικίαν
340 2125 409 2152 υίοῦ·
426 2125 580 2161 δικαιοσύνη
594 2125 698 2152 δικαίου
707 2126 750 2151 ἐπ’
759 2125 840 2152 αὑτὸν

53 2169 132 2203 ἔσται,
148 2173 195 2199 καὶ
210 2172 312 2208 ἀνομία
327 2172 428 2207 ἀνόμου
443 2172 486 2198 ἐπ’
500 2171 581 2198 αὑτὸν
590 2170 675 2197 ἔσται.
689 2180 698 2197 ι
716 2171 770 2198 Καὶ
781 2172 839 2206 μετ’

52 2215 124 2250 ὀλίγα
143 2219 238 2254 φησίν·
270 2228 280 2243 ‹
304 2218 349 2244 Ἐν
371 2218 411 2254 τῷ
425 2217 594 2252 ἀποστρέψαι
616 2217 718 2243 δίκαιον
739 2218 772 2244 ὲκ
790 2217 839 2252 τῆς

893 1611 984 1635 autem
1002 1607 1049 1643 qui
1068 1606 1152 1634 fuerit
1168 1606 1280 1641 justus,
1306 1605 1354 1641 qui
1378 1605 1474 1634 fecerit
1495 1605 1632 1640 judicium
1654 1610 1682 1634 et

890 1653 1026 1689 justitiam
1040 1653 1063 1686 ",
1081 1663 1091 1680 ›
1104 1657 1131 1680 et
1146 1653 1276 1688 deinceps
1290 1651 1405 1687 reliquis
1419 1652 1565 1680 virtutibus
1581 1651 1682 1680 additis

892 1699 1050 1731 concludit,
1065 1699 1161 1727 dicens
1175 1709 1181 1726 :
1197 1708 1206 1725 ι
1221 1698 1272 1726 Hic
1281 1698 1374 1734 justus
1391 1703 1450 1732 est;
1466 1698 1522 1726 vita
1538 1698 1624 1731 vivet,
1643 1698 1682 1726 ait

891 1745 998 1773 Adonai
1012 1745 1156 1773 Dominus.
1172 1744 1251 1778 Quod
1269 1745 1291 1772 si
1308 1744 1433 1780 genuerit
1447 1743 1533 1771 ﬁlium
1549 1744 1682 1779 pestilen-

892 1796 964 1824 tem,
987 1791 1170 1819 eﬂ‘undentem
1195 1791 1378 1826 sanguinem;
1404 1788 1432 1817 in
1453 1790 1498 1817 via
1519 1790 1604 1825 patris
1633 1790 1676 1817 sui

890 1838 959 1874 justi
979 1846 1035 1866 non
1058 1838 1225 1869 ambulavit,
1251 1846 1261 1864 ι
1283 1841 1311 1865 et
1331 1837 1473 1872 sequentia
1494 1836 1679 1872 subjungens,

892 1887 1030 1920 postremo
1045 1883 1138 1911 subdit
1151 1893 1157 1910 :
1174 1892 1184 1909 ι
1199 1882 1260 1910 Vita
1275 1890 1331 1910 non
1347 1883 1419 1910 vivet
1434 1892 1440 1910 :
1456 1890 1551 1910 omnes
1564 1882 1613 1910 has
1626 1882 1680 1910 ini-

889 1930 1010 1965 quitates
1023 1929 1106 1963 fecit;
1123 1933 1212 1957 morte
1224 1929 1358 1957 morietur
1371 1938 1378 1957 :
1394 1929 1507 1964 sanguis
1520 1928 1580 1964 ejus
1597 1936 1680 1964 super

891 1976 983 2012 ipsum
1007 1976 1079 2008 erit;
1104 1979 1132 2003 et
1151 1974 1270 2003 dicetis:
1290 1975 1382 2008 Quare
1398 1982 1454 2002 non
1476 1975 1583 2010 accepit
1605 1975 1679 2003 filius

891 2022 1062 2058 iniquitatem
1091 2022 1177 2056 patris
1200 2025 1247 2049 aut
1262 2021 1397 2056 justitiam
1413 2021 1488 2056 ejus,
1501 2021 1638 2056 justitiam
1652 2025 1680 2049 et

890 2068 1107 2096 misericordiam
1123 2068 1274 2103 operatus!
1289 2067 1323 2094 Et
1335 2068 1411 2096 dices
1425 2068 1465 2095 eis
1479 2075 1486 2093 :
1503 2068 1600 2095 Anima
1614 2075 1679 2103 pec-

890 2123 975 2148 cans,
993 2115 1053 2150 ipsa
1068 2115 1223 2142 morietur:
1245 2114 1319 2142 ﬁlius
1338 2121 1393 2142 non
1412 2114 1529 2149 accipiet
1547 2113 1678 2149 iniquita—

890 2166 945 2190 tem
962 2162 1067 2197 patris;
1083 2164 1110 2188 et
1125 2164 1202 2195 pater
1217 2168 1272 2188 non
1290 2161 1407 2195 accipiet
1422 2160 1593 2195 iniquitatem
1609 2159 1656 2186 filii
1669 2167 1676 2185 :

889 2208 997 2243 justitia
1011 2207 1078 2242 justi
1095 2214 1178 2241 super
1194 2205 1284 2241 ipsum
1301 2206 1371 2237 erit,
1391 2210 1417 2233 et
1437 2205 1571 2241 iniquitas
1589 2205 1678 2240 iniqui

52 2261 217 2299 δικαιοσύνης
231 2264 324 2296 αὑτοῦ,
339 2264 385 2291 καὶ
399 2264 505 2299 ποιήσει
515 2263 630 2295 ἀδικίαν,
647 2264 732 2290 πᾶσαι
746 2263 800 2300 (74)
810 2271 831 2290 αη

930 2262 974 2289 per
990 2254 1079 2289 ipsum
1094 2254 1146 2280 erit
1157 2253 1178 2280 '.
1195 2262 1204 2278 ι
1218 2252 1251 2279 Et
1267 2253 1348 2288 paulo
1362 2256 1424 2288 post
1434 2262 1442 2281 :
1454 2261 1464 2278 ‹
1475 2252 1556 2284 Cum,
1572 2252 1676 2288 inquit,

51 2306 212 2337 δικαιοσύναι
224 2310 317 2343 αὑτοῦ,
331 2310 402 2337 κατὰ
413 2311 504 2342 πάσας
513 2309 562 2342 τὰς
572 2309 686 2344 ἀνομίας
698 2308 791 2341 αὐτοῦ,
804 2309 837 2342 ἃς

85 2377 93 2413 ξ
109 2378 188 2413 l’rov.
205 2389 232 2413 ν,
251 2380 293 2407 22

83 2412 93 2429 ⁸
106 2412 183 2442 Deut.
214 2412 311 2448 ixvln,
342 2417 386 2448 l5,
400 2416 444 2444 Η.
482 2416 492 2431 ⁷
511 2412 624 2443 Ειοοίιῖ
640 2422 725 2448 xvnr,
738 2416 766 2444 2.

890 2301 1019 2328 averterit
1030 2308 1059 2328 se
1068 2299 1161 2334 justus
1172 2306 1187 2326 a
1195 2299 1302 2334 justitia
1317 2306 1366 2326 sua
1375 2318 1382 2331 ,
1394 2303 1421 2326 et
1437 2298 1532 2326 fecerit
1545 2299 1678 2334 iniquita-

334 2382 343 2396 ¹
359 2380 410 2408 lsa.
428 2388 495 2411 an,
511 2380 555 2406 11.
573 2380 583 2396 ³
598 2381 685 2416 Ignat.
702 2381 829 2416 interpol.
848 2382 881 2409 ad
899 2381 1009 2417 Smyrn.
1030 2382 1058 2410 9.
1096 2381 1108 2397 ⁸
1120 2380 1215 2408 Matth.
1232 2389 1270 2411 Ix.
1291 2380 1337 2407 12.
1375 2380 1385 2395 ⁵
1397 2379 1494 2407 Matth.
1526 2387 1593 2407 XVIII
1605 2399 1614 2412 ν
1631 2380 1676 2408 14.

342 2417 386 2444 15.
400 2416 444 2444 Η.
482 2416 492 2431 ⁷
511 2415 610 2443 ELech.
640 2422 707 2443 xvnr
718 2436 725 2444 .
738 2416 766 2444 2.
820 2418 831 2432 ⁸
846 2417 867 2444 f.
882 2418 978 2444 ἐρεῖτε.
998 2418 1008 2433 ν
1021 2416 1199 2444 Anastasius.
1215 2416 1282 2443 ibid.

860 2437 867 2444 .
882 2424 978 2453 ερειτε.
998 2424 1008 2433 ¹
1021 2424 1199 2448 Anastasms,
1215 2424 1282 2443 ιυια.

700 2484 881 2513 VARIORUM
898 2486 962 2514 ΝΟἸ
972 2486 1016 2517 2E.

83 2538 137 2575 (67)
152 2541 301 2578 Ἐχοντες.
326 2542 401 2570 Alter
422 2542 498 2569 addit
519 2551 526 2569 :
546 2543 630 2577 Φησὶν
653 2543 667 2568 ὁ
689 2542 783 2578 Σωτὴρ
805 2544 834 2570 ὲν

83 2551 137 2575 (οι)
163 2551 301 2575 uxor-28c.
326 2551 401 2570 Alter
422 2551 498 2569 autut
519 2551 526 2569 :
546 2551 630 2577 φησιν
653 2551 667 2568 ο
689 2551 731 2568 ιω
768 2552 783 2578 ρ
805 2551 834 2570 εν

53 2574 232 2645 gagatem,
247 2578 294 2604 καὶ
309 2577 400 2610 πάλιν,
414 2578 517 2605 omisso
533 2577 605 2612 quod
618 2551 835 2612 sequitunmt-

85 2630 90 2635 .
107 2619 181 2638 ιλιειι
186 2632 192 2638 .

83 2644 137 2680 (68)
155 2646 195 2680 Τῇ
209 2646 262 2682 τσῦ
276 2647 369 2682 λόγου
383 2647 501 2682 διδαχῇ.
514 2648 607 2675 Potest
618 2655 726 2682 quoque
736 2647 833 2676 referri

54 2680 84 2720 ad
94 2681 283 2720 praecedentia,
291 2680 360 2720 τοὺς
368 2680 565 2720 πλησιάζοντας
579 2680 692 2720 ἀδίκοις,
707 2683 834 2720 ponendo

54 2716 179 2754 virgulam
195 2719 256 2754 post
271 2716 374 2754 διδαχῇ,
389 2716 420 2744 ut
431 2718 608 2753 significetur,
623 2719 694 2753 quod
707 2716 773 2753 justi
784 2719 832 2754 qni

55 2750 150 2790 iniquis
161 2750 334 2779 familiariter
341 2750 470 2790 'iituntur',
490 2761 545 2787 quo
559 2761 607 2780 eos
621 2750 649 2780 in
662 2750 770 2789 pietatis
785 2750 829 2780 of-

54 2784 118 2813 (iciis
142 2787 292 2820 instruant;
317 2795 371 2814 non
396 2784 573 2822 inquinentur
597 2784 670 2816 cum'
687 2789 753 2821 illis,
778 2797 829 2816 nec

56 2825 161 2853 peccato
182 2829 275 2860 eorum
292 2822 465 2860 participem.
484 2823 620 2860 Atquerea
641 2824 828 2860 interpretatio

55 2857 329 2895 Inlncmagisiplacet.
346 2858 382 2895 ob
400 2865 431 2885 ea
446 2866 507 2893 qua:
521 2857 602 2895 paulo
614 2864 676 2887 ante
690 2857 828 2895 ponuntur

57 2891 109 2918 sic:
124 2891 168 2918 Δεῖ
178 2891 205 2919 δὶ
218 2891 292 2929 ἡμᾶς
305 2892 409 2928 βοηθεῖν
420 2891 474 2926 τοῖς
485 2891 603 2927 συνοῦσι,
619 2900 674 2928 aut,
690 2891 718 2923 ut
736 2896 827 2931 legunt

886 2544 1062 2580 lnterpretes,
1079 2545 1197 2580 νοσοῦσι,
1212 2545 1259 2572 καὶ
1267 2543 1450 2571 κινδυνεύουσι
1465 2543 1512 2580 κα),
1526 2542 1677 2580 σφαλλομέ-

886 2589 952 2616 νοις,
962 2578 1014 2607 νκαὶ
1023 2581 1085 2607 ὅσον
1098 2578 1153 2607 οἷόν
1167 2589 1195 2606 τε
1211 2582 1244 2616 τῇ
1260 2579 1418 2615 παραινέσει
1442 2578 1489 2605 τοῦ
1504 2578 1583 2612 λόγου
1599 2578 1677 2612 ὑγιά-

886 2615 942 2647 ζειν
956 2616 1063 2647 αὐτούς.
1080 2616 1148 2643 Cor.

933 2650 977 2683 69)
996 2651 1070 2683 Ταῖς.
1087 2651 1169 2678 Addit
1184 2654 1298 2685 uterque
1313 2650 1412 2677 αὐτῶν.
1426 2649 1510 2676 CLI-2n.

932 2685 977 2718 70)
996 2687 1143 2720 Ὄμφακιι.
1158 2686 1234 2713 Alter
1246 2686 1384 2721 ὀμφακας.
1402 2685 1440 2714 In.

932 2721 977 2755 7'1)
997 2717 1066 2747 Ἐἰῇ
1084 2721 1169 2748 Abest
1187 2722 1243 2748 haec
1256 2717 1390 2755 particula
1406 2720 1439 2746 ab
1455 2723 1581 2755 utroque.
1599 2717 1627 2744 lo

931 2753 975 2791 72)
994 2756 1085 2789 Αὺτή.
1102 2756 1174 2791 Αὐτὴ
1189 2756 1236 2782 καί
1253 2753 1333 2783 habet
1343 2756 1411 2791 alter
1424 2755 1520 2782 codex.
1534 2753 1571 2780 lo.

929 2789 974 2818 75)
989 2791 1059 2818 Ὅτι.
1075 2789 1218 2818 Οιιιὶιιῖιυι-
1229 2791 1256 2818 in
1274 2799 1337 2818 uno.
1351 2789 1389 2818 ID.

930 2823 974 2859 74)
997 2826 1105 2853 Πᾶσαι.
1132 2826 1194 2853 Haec
1209 2834 1271 2857 vox,
1297 2833 1359 2854 cum
1380 2825 1469 2853 tribus
1493 2823 1670 2859 sequentibus

882 2859 1018 2889 oniittitur
1059 2863 1085 2889 in
1103 2865 1227 2897 utroque.
1245 2859 1283 2888 In.

918 2723 928 2861 ἔ
