1884 3104
199 155 252 184 623

621 158 649 186 S.
666 157 866 187 CLEMENTIS
880 160 890 187 1
908 159 989 189 ROM.
1008 161 1108 190 PONT.
1126 160 1240 190 OPERA
1255 160 1367 190 DUBIA.

1766 163 1819 192 GM

200 217 254 240 tem
267 221 275 245 ;
290 219 385 240 omnes
395 211 510 247 jnstitixe
520 212 580 248 ejus
589 233 596 246 ,
609 215 760 242 secundum
772 223 867 244 omnes
878 217 979 253 iniqui:

1053 219 1169 255 ποίησεν,
1184 219 1214 246 οὐ
1236 219 1272 255 μὴ
1289 218 1452 255 μνησθῶσιν,
1474 219 1504 246 ὲν
1522 220 1556 255 τῇ
1578 219 1672 256 ἀδικίᾳ
1685 220 1786 252 αὑτοῦ.

199 262 270 285 tates
285 265 354 293 quas
369 257 449 291 fecit,
463 266 519 286 non
534 260 776 295 memorabuntur;
794 262 822 289 in
838 261 980 298 iniquitate

199 311 250 332 sua
266 311 319 339 qua
334 304 426 339 inique
435 305 506 340 egit,
520 309 547 332 et
561 305 588 332 in
603 310 716 340 peccato
730 314 782 334 suo
795 307 868 343 quod
883 316 980 344 pecca-

198 350 255 382 vit,
271 350 300 376 in
314 349 382 384 ipsis
397 351 540 379 morietur.
557 361 566 377 ι
583 351 615 378 Et
630 356 691 387 post
707 360 793 388 pauca
809 355 910 389 verba,
931 356 980 382 ad»

196 395 257 430 jicit
270 404 278 423 :
292 404 302 421 ι
314 395 382 423 Cum
401 397 530 424 averterit
542 405 572 425 se
583 397 694 433 iniquus
705 399 739 427 ab
751 399 895 435 iniquitate
909 408 958 428 sua
970 421 977 434 ,

198 448 280 475 quam
294 440 374 474 fecit;
388 446 415 470 et
436 441 532 470 fecerit
554 443 690 478 judicium
709 449 737 472 et
755 445 911 481 justitiam;
934 447 979 475 hic

198 486 317 513 animam
333 494 410 514 suam
426 488 561 522 servavit,
577 494 605 517 et
624 490 723 518 avertit
742 498 772 519 se
794 492 829 519 ab
847 493 976 522 omnibus

197 532 384 566 impietatibus
398 533 456 561 suis
467 553 475 566 ,
493 542 562 570 quas
581 535 667 569 fecit;
690 536 744 564 vita
761 537 852 572 vivet,
866 542 894 566 et
920 545 976 567 non

198 577 341 606 morietur.
358 588 368 604 ι
386 578 419 606 Ει
433 579 504 607 infra
520 589 527 608 :
546 589 556 606 ι
577 580 803 618 Unumquemque
820 583 898 618 juxta
917 585 977 612 vias

199 626 304 651 vestras
325 623 454 659 judicabo
466 633 525 659 vos.
544 626 643 656 domus
662 627 763 661 Israel,
785 629 852 656 dicit
871 629 977 658 Adonai

198 667 330 697 Dominus
346 670 377 698 ’⁸.
393 679 403 696 ι

485 747 601 776 CAPUT
621 749 680 778 XV.

215 812 292 846 Quod
308 815 430 858 sacerdos
447 824 492 858 nec
510 818 762 858 peccata-negligere
780 817 891 853 debeat,
913 827 959 846 nec

370 856 504 884 promle
522 860 578 879 esse
597 852 631 879 ad
650 852 800 881 uindictam.

232 903 325 932 Videte
335 926 343 938 ,
360 905 408 933 ﬁlii
422 907 509 934 nostri
523 908 680 937 charissimi
690 930 697 943 ,
711 918 766 945 quo
786 914 867 946 pacto
882 910 974 939 Domi-
990 913 1011 941 B

196 957 248 978 nus
263 950 333 979 Deus
347 956 451 985 noster,
466 961 527 980 cum
541 953 649 989 justitia
665 955 821 984 misericors
841 961 900 990 est,
924 957 976 985 bo-

196 1003 249 1024 nns
260 1000 287 1024 et
301 997 440 1025 hominum
455 1006 568 1033 amans;
587 1009 596 1026 ι
611 1005 638 1028 et
652 1001 796 1030 absolvens
810 1010 865 1030 non
886 1003 977 1032 absol-

195 1048 240 1070 vet
254 1051 331 1071 reum
346 1044 366 1060 ”
379 1053 386 1077 ;
403 1054 413 1070 ι
427 1052 590 1073 conversqu
604 1046 750 1076 admittens
771 1051 799 1076 et
818 1048 974 1083 viviﬁcans,

195 1097 250 1116 non
267 1090 425 1125 relinquens
443 1091 608 1126 suspicionis
627 1093 717 1120 locum
738 1093 773 1122 iis
795 1095 842 1130 qui
864 1096 977 1131 cupiunt

197 1135 374 1164 inclementer
385 1136 527 1171 judicare,
543 1141 570 1165 et
586 1142 743 1173 peceatores
765 1141 878 1168 omnino
899 1149 977 1168 aver-

195 1181 249 1206 sari
261 1200 269 1213 ,
285 1189 335 1208 nec
350 1189 412 1209 cum
426 1182 466 1210 eis
479 1184 684 1212 communicare
698 1185 740 1212 vel
755 1185 783 1213 in
801 1188 975 1216 sermonibus

196 1225 338 1255 hortativis
355 1231 382 1255 ct
397 1228 607 1262 consolatoriis,
623 1230 722 1266 quibus
741 1236 854 1266 possent
875 1233 975 1260 adduci

195 1271 228 1298 ad
244 1272 450 1307 paenitentiam:
469 1278 565 1302 contra
582 1283 653 1310 quos
668 1275 740 1304 Deus
754 1285 803 1312 per
821 1278 920 1306 lsaiam
936 1280 975 1307 ait

193 1317 330 1354 episcopis
353 1328 361 1346 :
380 1327 389 1344 ι
406 1319 594 1348 Consolamini
608 1343 615 1356 ,
635 1323 815 1351 consolamini
844 1325 974 1360 populum

195 1371 285 1390 meum
297 1364 463 1398 sacerdotes,
471 1366 611 1401 loquimini
623 1368 656 1396 ad
663 1376 711 1396 cor
720 1368 912 1406 Hierosolyma;
922 1371 954 1398 ".
962 1380 972 1398 ι

194 1407 250 1436 Vos
262 1409 344 1444 igitur
357 1415 466 1445 oportet
476 1431 483 1444 ,
497 1413 656 1448 prophetam
669 1414 822 1448 audientes,
837 1417 974 1444 consolari

193 1459 221 1481 ct
253 1455 391 1483 adhortari
411 1462 584 1492 peccatores,
609 1459 643 1487 ad
664 1460 856 1495 paenitentiam
878 1462 975 1498 impel-

194 1499 268 1534 lere,
284 1506 310 1528 et
330 1501 364 1529 ad
383 1503 514 1537 optimam
535 1512 611 1540 spem
632 1505 788 1541 adducere;
807 1514 863 1534 non
883 1512 974 1535 autem

195 1545 331 1580 suspicari
357 1548 430 1582 quod
451 1556 500 1584 per
519 1550 680 1578 charitatem
699 1559 763 1588 erga
782 1559 830 1581 eos
854 1553 975 1588 peccatis

193 1600 286 1619 eorum
299 1583 505 1630 participabitis.
518 1595 646 1625 Libenter
658 1605 723 1633 ergo
731 1583 902 1634 vpmnitentes
912 1607 975 1628 sus-
988 1583 1009 1612 ο

193 1637 289 1673 cipite;
302 1639 336 1667 de
349 1647 444 1668 eorum
464 1643 643 1671 conversione
655 1644 727 1678 laeti;
741 1649 900 1680 peccatores
911 1653 974 1673 cum

193 1685 381 1714 misericordia
404 1691 432 1715 et
451 1688 675 1718 miserationibus
693 1690 825 1725 judicate.
851 1690 881 1718 Si
901 1692 974 1719 enim

193 1732 378 1761 ambulantem
391 1733 469 1769 juxta
483 1734 583 1763 flumen
597 1740 625 1764 et
642 1737 842 1770 labescentem,
859 1737 975 1766 furcillis

194 1777 330 1812 propellas
342 1786 374 1806 ac
389 1779 416 1806 in
429 1786 536 1808 amnem
550 1781 675 1817 dejicias,
687 1790 749 1810 cum
761 1783 853 1818 potius
863 1791 974 1811 manum

195 1824 334 1859 porrigere
361 1824 527 1860 debuisses;
556 1827 668 1855 fratrem
696 1832 773 1856 tuum
802 1828 973 1858 interemisti.

194 1867 312 1897 Prwstat
326 1870 417 1906 itaque
430 1871 531 1900 labanti
565 1873 704 1902 dexteram
725 1874 832 1902 tradere
841 1896 848 1908 ,
862 1882 897 1903 ne
911 1875 975 1902 fun-

194 1915 268 1944 ditus
283 1916 415 1951 intereat;
430 1921 459 1945 ut
469 1922 497 1946 et
508 1920 625 1954 populus
639 1920 827 1953 admoneatur,
840 1924 867 1948 et
878 1928 975 1956 pecca-

193 1966 236 1989 tor
247 1970 302 1990 non
313 1965 423 1992 omnino
436 1969 538 2000 pereat.
551 1965 664 2000 Oportet
676 1969 767 1993 autem
780 1970 817 1999 te,
835 1967 972 2001 episcope,

193 2017 280 2044 neque
296 2015 408 2045 peccata
422 2011 516 2046 populi
532 2011 669 2046 negligere
679 2031 687 2044 ,
703 2019 792 2047 neque
808 2012 973 2047 pmnitentes

193 2055 332 2089 fastidire;
348 2064 382 2084 ne
396 2061 524 2092 tanquam
539 2057 693 2092 imperitus,
708 2058 818 2086 Domini
832 2059 902 2086 ovile
915 2058 974 2087 dis-

193 2101 308 2136 perdas,
334 2110 488 2138 nomenque
508 2103 611 2131 Christi
642 2111 757 2137 novum,
777 2105 851 2140 quod
871 2105 972 2140 popqu

229 2171 251 2188 "
265 2171 378 2204 Anast..
400 2172 466 2201 ibid.
483 2173 503 2188 “
523 2172 640 2206 Nahum,
657 2182 681 2206 ι,
698 2174 728 2207 3;
747 2173 831 2201 Exod.
862 2181 953 2206 xulv,
968 2172 1011 2206 Π,

1030 265 1169 301 ἠδίκησεν,
1185 266 1231 293 καὶ
1251 267 1280 292 ὲν
1293 267 1326 302 τῇ
1350 265 1470 302 ἁμαρτίᾳ
1482 261 1610 302 αὖτοῦ.ᾖ
1632 266 1770 302 ἥμαρτεν,
1789 269 1820 294 ἐν

1032 311 1101 346 αὐτῇ
1122 311 1306 338 ἀποθανεῖται.
1327 321 1337 337 ι
1360 311 1416 338 Καὶ
1437 312 1495 347 μετ’
1510 310 1587 346 ὀλίγα
1606 312 1716 346 ἐπάγει·
1742 322 1752 339 ι
1776 313 1820 341 Ἑν

1031 355 1071 392 τῷ
1092 357 1261 393 ἀποστρέψαι
1280 358 1380 393 ἄνομον
1401 357 1456 384 ἀπὸ
1477 359 1527 394 ἰῆς
1549 358 1664 394 ἀνομίας
1686 358 1773 386 αὐτοῦ
1786 357 1819 395 ἦς

1031 402 1153 438 ἐποίησε,
1177 404 1224 431 καὶ
1240 404 1348 440 ποιήσει
1367 405 1452 440 κρῖμα
1473 405 1521 432 καὶ
1534 404 1720 440 δικαιοσύνην,
1743 402 1819 438 οὗτος

1029 449 1078 484 τὴν
1094 449 1182 486 ψυχὴν
1197 450 1279 476 αὐτοῦ
1293 450 1419 486 ἐφύλαξε,
1442 450 1489 477 καὶ
1503 450 1675 486 ἀπέστρεψεν
1697 451 1754 478 ἀπὸ
1769 459 1821 477 πα-

1030 495 1084 521 σῶν
1103 495 1158 522 τῶν
1172 496 1302 523 ἀσεϐειῶν
1322 496 1405 523 αὑτοῦ
1419 493 1456 523 ὧν
1470 497 1592 532 ἐποίησε,
1608 497 1664 532 ζωῇ
1688 497 1820 532 ζήσεται,

1028 541 1077 568 καὶ
1090 542 1140 568 οὐκ
1159 541 1342 568 ἀποθανεῖται.
1358 552 1367 568 ι
1390 543 1445 568 Καὶ
1459 541 1533 577 ἑξῆς·
1568 551 1578 568 ι
1597 543 1737 569 Ἕκαστον
1751 543 1820 569 κατὰ

1029 587 1079 620 τὰς
1093 588 1170 621 ὁδοὺς
1183 588 1260 624 ὑμῶν
1273 588 1360 625 κρινῶ
1375 588 1457 624 ὑμᾶς,
1471 586 1545 620 οἶκος
1566 588 1674 625 Ἰσραὴλ
1691 588 1762 624 (75),
1776 589 1819 615 λέ-

1029 642 1072 668 γει
1087 634 1198 662 ’Δδωναῖ
1206 634 1317 670 Κύριος.
1329 644 1339 661 ι

1279 746 1474 772 ΚΕΦᾹΛΑΙΟΝ
1494 747 1543 773 ΙΕ’.

1029 814 1092 841 ὀτι
1108 813 1165 848 χρὴ
1180 813 1242 849 ’τὸν
1256 813 1334 847 ιερέα
1346 813 1463 848 μήποτε
1476 813 1610 848 παρορᾷν
1631 815 1669 842 τὰ
1687 814 1819 849 ἁμαρτή-

1043 857 1132 884 ματα,
1145 847 1221 883 μήτε
1235 847 1393 882 πρόχειρον
1406 849 1483 876 εἶναι
1498 849 1533 876 ἐν
1546 847 1586 882 τῷ
1601 847 1801 884 τιμωρέῖσΘαι.

1066 906 1173 941 Ὁρᾶτε,
1192 905 1276 932 τέκνα
1297 905 1376 940 ἡμῶν
1399 906 1576 942 ἡγαπημένα,
1599 908 1658 939 πῶς
1681 907 1821 942 εὐσπλαγ-

1028 961 1090 988 χνος
1106 952 1174 987 μετὰ
1188 951 1361 987 δικαιοσύνης
1377 952 1479 987 Κύριος
1491 953 1506 978 6
1528 953 1594 985 Θεὸς
1609 953 1701 988 ἡμῶν,
1717 954 1821 988 ἀγαθὸς

1027 999 1074 1025 καὶ
1088 997 1287 1034 φιλάνθρωπος,
1311 1008 1320 1023 ι
1339 998 1386 1025 καὶ
1400 997 1496 1025 ἀθωῶν
1509 999 1559 1026 οὐκ
1573 999 1697 1026 ἀθωώσει
1711 1000 1759 1026 τὸν
1769 1000 1822 1027 ένο-

1027 1053 1074 1080 χον
1092 1044 1158 1080 (76),
1179 1053 1188 1070 ι
1214 1044 1262 1071 καὶ
1280 1043 1326 1071 τὸν
1348 1044 1547 1081 ἐπιστρέφοντα
1567 1045 1752 1081 προσιέμενος
1775 1047 1821 1073 καὶ

1027 1090 1176 1123 ζωοποιῶν,
1195 1089 1233 1126 μὴ
1252 1090 1409 1117 καταλιπὼν
1429 1090 1510 1117 τόπον
1525 1091 1654 1122 ὑπονοίας
1674 1093 1735 1123 τοῖς
1748 1091 1822 1127 ἁπη-

1026 1137 1079 1169 νῶς
1095 1137 1266 1172 βουλομένοις
1287 1137 1401 1172 κρίνειν,
1422 1136 1470 1163 καὶ
1491 1136 1581 1163 τέλεον
1597 1136 1821 1172 ἀποστρέφεσθαι

1026 1184 1089 1215 τοὺς
1102 1183 1318 1219 ἁμαρτάνοντας,
1333 1183 1380 1209 καὶ
1404 1182 1441 1218 μὴ
1463 1184 1599 1210 κοινωνεῖν
1613 1183 1708 1214 αὐτοῖς
1734 1183 1822 1218 λόγων

1026 1229 1239 1265 παρακλητικῶν
1253 1229 1322 1264 πρὸς
1333 1228 1477 1264 μετάνοιαν
1487 1229 1631 1263 ὲναγαγεῖν
1647 1229 1819 1265 δυναμένων·

1025 1273 1066 1308 οἷς
1080 1276 1113 1303 ὲκ
1126 1275 1181 1303 τῶν
1201 1275 1330 1302 ἐναντίων
1350 1275 1365 1301 ό
1379 1275 1444 1307 Θεὸς
1457 1274 1502 1302 διὰ
1522 1275 1633 1302 Ἡσαΐου
1655 1275 1732 1310 λέγει
1752 1275 1820 1311 πρὸς

1025 1322 1088 1354 τοὺς
1096 1321 1269 1353 ἐπισκόπους·
1282 1331 1290 1347 ι
1302 1321 1499 1357 Παρακαλεὴε,
1508 1321 1692 1357 παρακαλεῖτε
1699 1322 1748 1349 τὸν
1758 1321 1821 1348 λαόν

1028 1376 1088 1403 μου,
1109 1368 1200 1403 ἱερεῖς,
1215 1358 1350 1403 λαλήσατε
1359 1368 1399 1399 είς
1413 1367 1461 1403 τὴν
1475 1367 1590 1402 καρδίαν
1603 1367 1794 1403 Ἰερουσαλήμ.
1810 1377 1819 1392 ι

1025 1414 1086 1450 Χρὴ
1093 1412 1139 1441 οὖν
1147 1415 1218 1450 ὑμᾶς
1226 1413 1308 1440 αὐτοῦ
1315 1413 1473 1445 ἀκούοντας,
1482 1412 1650 1449 παρακαλεῖν
1657 1412 1722 1444 τοὺς
1729 1413 1747 1448 ἡ
1752 1421 1823 1448 μαρ-

1025 1460 1152 1496 τηκάτας,
1163 1460 1210 1486 καὶ
1220 1459 1276 1496 (77)
1285 1459 1353 1496 πρὸς
1363 1459 1506 1495 μετάνοιαν
1515 1459 1674 1494 παρορμᾷν,
1690 1459 1739 1485 καὶ
1749 1457 1823 1485 εὐέλι

1025 1506 1104 1538 πιδας
1132 1507 1229 1538 ποιεῖν,
1251 1506 1298 1533 καὶ
1322 1505 1359 1541 μὴ
1382 1506 1522 1537 ὑπονοεῖν,
1542 1505 1580 1537 ὡς
1601 1505 1751 1536 κοινωνοὺς
1779 1513 1823 1538 τι-

1025 1552 1153 1588 νομένους
1165 1553 1219 1578 τῶν
1234 1551 1483 1587 πλημμεληθέντων
1497 1551 1598 1583 αὐτοῖς,
1615 1551 1709 1578 ἕνεκεν
1718 1551 1772 1586 τῆς
1781 1552 1822 1583 εἰς

1025 1598 1124 1630 αὐτοὺς
1147 1597 1266 1633 ἀγάπης.
1303 1597 1440 1633 ’Δσμένως
1469 1597 1497 1624 δὲ
1528 1598 1592 1628 τοὺς
1619 1596 1823 1632 μετανοοῦντας

1025 1643 1217 1680 προσδέχεσθε,
1231 1643 1373 1679 χαίροντες
1393 1644 1437 1670 ἐπ’
1452 1643 1555 1675 αὐτοῖς,
1572 1643 1641 1679 μετὰ
1655 1643 1751 1675 ἐλέους
1773 1643 1824 1669 καὶ
1881 1676 1882 1679 η

1025 1690 1174 1726 οἰκτιρμῶν
1196 1689 1335 1726 κρίνοντες
1356 1690 1422 1721 τοὺς
1443 1688 1659 1725 ἁμαρτάνοντας.
1688 1688 1754 1716 Ἐὰν
1766 1689 1823 1724 γὰρ

1025 1735 1070 1763 τὸν
1084 1735 1160 1771 παρὰ
1173 1735 1296 1770 ποταμὸν
1319 1734 1461 1770 βαδίζοντα
1482 1735 1530 1762 καὶ
1551 1734 1682 1770 μέλλοντα
1701 1733 1824 1761 ὀλισθαί-

1025 1790 1080 1809 νειν
1095 1781 1219 1817 κεραίαις
1235 1781 1291 1818 (78)
1304 1781 1379 1814 ὦσας
1402 1781 1458 1818 (79)
1473 1782 1514 1813 είς
1527 1781 1573 1808 τὸν
1588 1780 1711 1816 ποταμὸν
1733 1780 1824 1816 ἑμὸά»

1028 1827 1077 1864 λῃς
1090 1827 1150 1854 ἀντὶ
1162 1827 1210 1854 τοῦ
1224 1829 1302 1862 χεῖρα
1314 1827 1413 1864 μᾶλλον
1427 1826 1531 1863 ὀρέξαι,
1547 1826 1698 1861 ἐφόνευσας
1712 1834 1762 1852 σου
1771 1826 1823 1851 τὸν

1027 1873 1149 1908 ἀδελφόν*
1182 1873 1241 1900 δέον
1274 1873 1374 1909 μᾶλλον
1409 1873 1449 1909 τῷ
1475 1873 1654 1900 ὸλισθαίνοντι
1680 1872 1823 1899 ἐπιδοῦναι

1026 1918 1125 1951 δεξιὰν,
1147 1919 1192 1946 tvo.
1214 1918 1252 1956 μὴ
1273 1919 1382 1952 τελείως
1396 1919 1547 1954 ἀπόληται,
1569 1919 1644 1951 ὅπως
1658 1919 1708 1945 καὶ
1728 1919 1744 1945 6
1757 1919 1823 1951 λαὸς

1026 1965 1195 2001 νουθετῆται,
1211 1966 1258 1993 καὶ
1280 1966 1295 1992 6
1317 1966 1480 2002 ἁμαρτήσας
1503 1965 1626 2002 μὴκατὰ
1641 1966 1696 1992 πᾶν
1719 1965 1822 2001 ἀπόλη-

1026 2019 1082 2038 ται.
1097 2011 1142 2038 Δεῖ
1154 2011 1183 2038 δέ
1197 2020 1237 2043 σε.
1252 2009 1275 2038 ὧ
1286 2012 1430 2044 ἐπίσκοπε,
1449 2012 1518 2048 μήτε
1540 2012 1665 2047 παρορᾷν
1679 2012 1716 2038 τὰ
1731 2012 1822 2047 ἀμαρ-

1025 2057 1135 2093 τήματα
1149 2057 1196 2084 τοῦ
1212 2057 1288 2090 λαοῦ,
1306 2059 1374 2094 μήτε
1387 2058 1451 2091 τοὺς
1466 2057 1665 2094 μετανοοῦντας
1681 2058 1820 2094 ἁποοτρέ-
1875 2070 1876 2073 π

1025 2102 1134 2138 φεσθαι,
1143 2103 1218 2136 ὅπως
1229 2104 1266 2140 μὴ
1279 2103 1449 2141 διαφθείρῃς,
1464 2104 1502 2136 ὡς
1511 2104 1634 2141 ἄπειρος,
1645 2103 1677 2130 τὸ
1692 2104 1820 2141 ποίμνιον
1874 2133 1875 2138 η

1031 2173 1058 2201 in
1072 2173 1152 2203 LXX.
1190 2175 1212 2190 ¹¹
1224 2173 1278 2203 lsa.
1291 2181 1335 2207 ιι,
1351 2174 1376 2202 1.

820 2254 1004 2284 VARIORUM
1019 2255 1140 2284 ΝΟΤᾹΞ.

226 2325 294 2362 (75)-
311 2324 406 2360 Ὺμᾶς,
430 2325 511 2358 οἷκος
531 2324 662 2359 Ἰσραήλ.
691 2324 861 2352 Omittuntur
882 2325 910 2352 in
936 2324 976 2351 al-

1053 2323 1135 2362 ὶωῶν,
1148 2321 1425 2362 idqueeditiograeca
1438 2325 1643 2362 repmsentat_3_
1652 2321 1680 2348 in
1692 2321 1816 2362 testimo-

191 2360 460 2442 ‘elg‘tifllgidodw
473 2407 528 2433 οὐκ
541 2406 672 2433 ἀθωώσει
685 2405 738 2433 τὸν
751 2405 869 2442 ἔνοχον.
886 2404 976 2433 Verba

193 2441 335 2483 Hebraica.
348 2450 434 2478 Exod.
448 2458 542 2482 xxxw,
555 2450 585 2484 7;
601 2449 670 2477 Nab.
684 2457 702 2482 ι,
714 2450 816 2494 διῆρεν
829 2441 866 2479 n5
876 2454 940 2489 npn
949 2454 975 2477 et
989 2493 995 2502 ‘

193 2495 349 2523 absolvenda
364 2504 416 2523 non
430 2496 554 2523 absolvet.
578 2495 664 2522 Graeci
684 2495 873 2526 reddiderunt,
889 2495 973 2530 priori

192 2531 253 2558 loco
268 2539 300 2558 ex
312 2539 404 2563 sensu,
417 2531 464 2558 καὶ
477 2531 507 2558 οὐ
522 2530 648 2565 καθαριεῖ
661 2529 705 2556 τὸν
719 2530 819 2565 ἔνοχον,
834 2529 920 2557 altero
936 2531 971 2558 ad

191 2566 315 2598 verbum,
339 2567 387 2593 καὶ
400 2566 495 2593 ἀθωῶν
511 2566 561 2592 οὐκ
574 2564 705 2600 αθωώςει.
721 2564 807 2598 Quam
830 2569 974 2600 utramque

192 2601 346 2629 versionem
361 2601 504 2635 conjunxit
520 2605 623 2628 noster.
649 2598 712 2627 Scio
730 2600 841 2627 Bavium
855 2604 882 2628 et
899 2598 971 2628 Tur-

192 2636 300 2664 rianum
321 2635 544 2663 Comtitutionum
572 2636 732 2670 interpretes
748 2635 845 2670 legisse
865 2635 972 2670 ᾁθῶον.

192 2677 273 2706 atque
288 2671 324 2698 ita
339 2673 502 2706 impressum
514 2677 576 2697 esse
587 2670 615 2697 in
625 2669 744 2706 editione
754 2669 971 2706 Greco-Latina.

193 2705 256 2742 Scio
265 2705 446 2742 quoque’eam
462 2705 626 2742 scripturam
639 2705 794 2742 confirmari
807 2706 974 2742 editionihus

193 2740 282 2773 LXX;
290 2745 317 2768 et
328 2740 525 2768 commentario
539 2740 567 2768 S.
579 2740 747 2775 Hieronymi,
759 2740 822 2768 licet
832 2741 858 2767 in
870 2748 903 2767 eo
911 2749 974 2775 per-

192 2784 287 2812 peram
298 2780 325 2804 et
336 2780 431 2812 contra
439 2779 558 2812 (mentem
572 2776 661 2810 magni
670 2775 795 2812 Doctoris
810 2775 973 2812 excudatur,

191 2810 239 2839 καὶ
259 2811 354 2839 ἀθωῶν
368 2811 419 2838 οὐκ
433 2811 565 2842 ἀθωὼσει,
580 2814 662 2844 atque
676 2810 710 2837 Et
722 2814 854 2837 nocentem
867 2819 918 2837 non
931 2811 974 2844 fa-

194 2847 264 2874 ciens
279 2847 456 2885 innocentem,_
472 2853 525 2885 pro
544 2846 597 2885 xat
611 2844 710 2885 ἀθῶον3
724 2852 828 2880 proque
844 2844 878 2871 Et
899 2846 974 2885 iuno:

197 2886 304 2909 autem.
330 2881 429 2911 Verum
449 2880 478 2908 in
505 2881 744 2911 Constitutionibus
771 2887 870 2908 sensus
892 2880 975 2915 exigit

1028 2359 1075 2385 nio
1086 2362 1175 2385 autem
1186 2356 1307 2384 Nahumi
1319 2356 1414 2383 ἀθωῶν
1429 2360 1541 2384 servant
1559 2356 1681 2391 Cyrillus
1699 2357 1733 2391 (si
1751 2357 1816 2383 bene

1028 2393 1145 2428 legatur)
1166 2397 1194 2420 et
1207 2391 1401 2428 Theodoritus,
1418 2391 1625 2428 necnon‘codex
1634 2391 1736 2428 Regius
1747 2391 1813 2421 229.

1027 2425 1074 2462 qui
1087 2425 1204 2455 sedecim
1220 2427 1366 2462 prophetas
1382 2433 1435 2454 una
1447 2434 1509 2462 cum
1522 2425 1697 2462 diversorum
1709 2426 1815 2462 Gnaeo-

1027 2461 1088 2490 rum
1103 2461 1325 2497 interpretatione
1339 2461 1545 2497 complectitur;
1558 2465 1587 2488 ut
1601 2461 1670 2487 nihil
1682 2461 1772 2487 dicam
1782 2461 1814 2487 de

1027 2506 1080 2526 ms.
1091 2495 1284 2528 Alexandrino,
1293 2501 1319 2524 et
1331 2495 1410 2530 aliis;
1423 2504 1437 2523 a
1446 2495 1649 2532 Theophylacto
1661 2503 1725 2523 vero
1741 2500 1814 2522 utra~

1027 2541 1080 2569 que
1091 2533 1177 2569 lectio
1192 2533 1412 2569 proponitur,_ac
1423 2530 1586 2569 explicatur.
1601 2530 1670 2557 Cor.

1062 2568 1118 2604 (77)
1131 2565 1319 2604 Παρακὰλεῖν
1332 2566 1403 2604 τοὺς
1413 2565 1621 2604 ῂμὰρτηκότας
1636 2566 1696 2592 καί.
1711 2565 1812 2594 Desunt

1027 2603 1054 2631 in
1067 2601 1155 2630 altero
1168 2601 1264 2630 codice
1278 2601 1395 2628 Vindob.
1412 2601 1495 2628 Cum.

1062 2638 1117 2674 (78)
1134 2638 1284 2674 Κεραζαιςη
1303 2635 1445 2674 Qmittitur
1460 2635 1518 2674 ___in
1541 2635 1628 2661 altero
1640 2634 1705 2674 _cod.
1718 2637 1810 2669 Vind,

1026 2670 1100 2708 quod
1108 2670 1195 2700 'vertit
1210 2672 1374 2703 Cotelerius,
1397 2670 1523 2706 furcillis,
1537 2677 1570 2697 ex
1585 2670 1746 2708 conjectura
1756 2690 1764 2701 ,
1781 2675 1808 2708 ut

1027 2705 1105 2743 puto,
1132 2709 1224 2743 potius
1249 2714 1330 2743 quam
1355 2705 1553 2743 ex'comperto
1578 2712 1630 2731 usu
1657 2705 1747 2743 vocis,
1766 2705 1809 2740 qui

1026 2739 1151 2778 cxemplo
1164 2739 1321 2778 probandus
1335 2745 1404 2778 erat,
1421 2741 1444 2768 si
1459 2739 1535 2778 quod
1548 2739 1775 2778 suppetcba_t._lo.

1062 2774 1122 2813 (79)
1134 2774 1324 2813 fabagAlter
1338 2776 1420 2813 habet
1442 2774 1591 2813 παντελῶς,
1600 2774 1681 2813 quod
1697 2774 1808 2801 infertur

1026 2809 1204 2854 λειεμϐάλῃς.
1213 2809 1285 2839 Ὓίιὶί
1305 2810 1444 2874 (ιιιὶὰειτιπι
1454 2809 1567 2838 subesse
1582 2809 1702 2843 videtur,
1716 2817 1808 2846 quain-

1026 2855 1070 2874 vis
1083 2850 1217 2874 sententia
1232 2854 1288 2874 non
1302 2851 1338 2874 snt
1352 2853 1368 2873 0
1388 2852 1478 2874 scura.
1492 2844 1531 2873 In.

1026 2847 1070 2876 vis
1083 2844 1217 2876 sententia
1232 2854 1288 2875 non
1302 2844 1338 2875 sit
1352 2844 1478 2874 obscura.
1492 2844 1531 2873 In.
