1884 3104
80 160 137 189 69$

549 158 847 188 CONSTITUTIONES
863 159 1100 189 APOSTOLICE.
1107 161 1210 189 ~LIB.
1230 162 1262 189 ll.

1649 165 1703 193 626
1719 156 1722 158 ⁷

79 217 194 253 Κυρίου,
215 215 266 243 καὶ
287 215 421 252 φαυλίσῃς
434 214 517 242 αὑτοῦ
531 215 562 242 τὸ
575 215 660 252 ὄνομα
686 215 717 242 τὸ
737 215 829 243 καινὸν
843 216 873 243 τὸ
886 228 909 256 Α
925 217 999 244 illius
1012 217 1066 252 imp

928 217 999 244 illius
1012 217 1170 252 impositum
1181 222 1237 251 est,
1252 219 1305 246 vile
1318 219 1433 252 habeas,
1449 223 1477 247 et
1490 220 1548 256 ipse
1565 220 1637 250 feras
1652 231 1688 258 op

77 265 119 294 είς
133 263 180 289 τὸν
193 262 258 289 λαδν
280 261 364 289 αὑτοῦ
385 261 518 294 ὲπιτεθὲν,
533 262 581 288 καὶ
595 262 774 300 ὀπιδισθὴσῃ,
789 263 872 291 καθά-

78 318 134 345 περ
149 309 197 336 καὶ
210 309 235 335 οί
250 308 362 335 παλαιοὶ
375 308 514 343 ποιμένες,
537 309 601 344 περὶ
614 305 651 335 ὧν
674 308 764 343 ἔλεγεν
777 310 792 336 ό
808 310 873 342 Θεὸς

77 355 119 390 τῷ
140 355 269 391 Ἱερεμία-
295 363 304 380 ι
323 354 454 390 Ποιμένες
474 353 566 381 πολλοὶ
581 354 735 390 διέφθειραν
753 355 799 382 τδν
821 356 873 391 ἁμ-

78 401 192 428 πελῶνᾶ
206 409 268 436 μου,
284 400 417 436 ὲμόλυναν
431 399 480 436 τὴν
503 399 686 437 κληρονομίαν
702 409 763 436 μου.
783 411 792 427 ι
819 402 874 428 Καὶ

79 447 111 473 ἐν
126 447 226 478 ἄλλοις·
246 456 256 473 ι
282 447 343 473 Ἐπὶ
355 447 418 478 τοὺς
439 446 571 482 ποιμένας
585 446 748 482 παρωξύνθη
761 447 775 474 ὁ
789 447 874 482 θυμός

80 502 147 528 μου,
170 493 218 520 καὶ
238 493 286 519 ἐπὶ
304 493 368 524 τοὺς
389 493 492 528 ἀμνοὺς
507 492 716 528 ὀργισθήσομαι.
737 503 746 519 ι
770 494 825 520 Καὶ
844 494 873 520 ὲν

79 539 198 574 ιιιτέροις⁸
225 548 235 565 ι
260 539 353 574 Ὑμεῖς
373 539 398 565 οἱ
414 539 495 574 ἱερεῖς
509 539 535 565 οί
557 539 731 574 φαυλίζοντες
745 540 775 566 τὸ
788 539 873 576 ὄνομά

81 594 177 621 μου.)

341 642 537 670 ΚΕΦΑΛΔΙΟΝ
557 644 614 677 ιφ.

80 711 154 747 Περὶ
164 712 335 748 μετανοίας,
350 710 399 739 καὶ
408 711 453 744 τίς
462 710 558 752 αὐτῆς
571 713 587 738 ὁ
601 712 718 746 τρόπος,
733 713 780 740 καί
793 713 871 748 ὅπως

377 749 577 781 κατορθοῦται.

124 813 199 841 Ἰδιῖιν
212 814 241 841 δὲ
256 814 289 841 σὺ
301 813 347 842 τὸν
362 813 552 849 ἡμαρτηκότα,
571 815 730 850 πικρανθεὶς
745 816 870 844 κέλευσον

78 861 166 889 αὑτὸν
182 860 235 893 ἔξω
249 859 389 896 βληθῆναι,
405 860 452 887 καὶ
461 859 595 892 ἐξελθόντι
608 860 683 896 αὐτῷ
694 861 715 878 ¹⁶
728 862 870 898 πικραινέ-

924 264 1064 300 probrium
1081 264 1310 299 quemadmodum
1329 269 1437 293 veteres
1455 266 1494 293 illi
1514 271 1654 302 pastores,
1671 269 1705 297 de

922 310 1022 345 quibus
1036 309 1108 338 Deus
1121 310 1229 338 dicebat
1243 310 1366 338 Jeremia:
1379 321 1385 338 :
1401 321 1410 337 ι
1427 311 1553 340 Pastores
1566 315 1643 341 multi
1658 314 1705 343 de-

921 360 1082 383 struxerunt
1097 356 1204 384 vineam
1220 364 1307 385 meam
1318 377 1326 388 ,
1348 358 1503 392 polluerunt
1520 359 1704 387 hatreditatem

923 410 1010 430 meam
1032 403 1062 430 “.
1081 412 1090 430 ι
1105 402 1138 429 Et
1161 403 1245 430 alibi:
1272 412 1281 428 ι
1299 403 1387 438 Super
1409 409 1533 439 pastores
1553 407 1706 436 concitatus

922 452 965 475 est
977 448 1052 475 furor
1063 457 1150 480 meus,
1160 453 1187 476 et
1198 456 1281 484 super
1293 457 1378 485 agnos
1391 450 1495 478 irascar
1505 450 1536 478 “.
1550 461 1559 477 ι
1573 451 1607 478 Ει
1616 452 1684 480 alias
1695 462 1703 481 :

925 503 934 519 ι
950 493 1005 523 Vos
1017 495 1176 524 sacerdotes
1186 515 1194 528 ,
1210 495 1258 531 qui
1271 495 1414 531 despicitis
1428 504 1528 525 nomen
1542 504 1634 526 meum
1649 498 1680 526 ¹⁵.
1691 508 1702 526 ι

1214 639 1328 668 CAPUT
1347 640 1417 668 XVI.

921 707 959 735 De
980 708 1141 742 pauitantia,
1163 713 1187 735 et
1209 709 1268 744 quis
1286 709 1359 736 illius
1381 709 1483 742 modus,
1507 715 1532 737 et
1554 719 1605 745 quo
1628 718 1704 746 pacto

1230 749 1380 779 peragatur.

955 810 1023 838 Cum
1050 810 1151 839 videris
1167 811 1285 847 aliquem
1311 812 1470 848 deliquisse,
1494 814 1593 842 acerbe
1614 814 1705 843 femus

920 856 986 891 jube
999 865 1060 884 eum
1076 857 1137 892 ejiei
1153 857 1244 892 foras;
1261 865 1315 893 quo
1329 862 1447 887 exeunte
1467 859 1576 888 diaconi
1591 861 1704 890 moleste

79 907 192 934 σθωσαν
206 907 231 933 ot
245 906 374 938 διάκονοι,
391 906 437 934 καὶ
460 905 651 942 ἐπιζητοῦντες
687 908 872 944 κατεχέτωσαν
887 911 909 940 Β
923 902 1004 930 etiam
1022 902 1066 930 feri

928 902 1004 930 etiam
1022 902 1121 935 ferant,
1143 907 1170 931 et
1184 903 1344 938 inquisitum
1356 904 1498 933 detineant
1515 911 1592 933 extra
1614 907 1704 935 eccle-

78 953 164 980 αὐτὸν
180 952 233 984 ἔξω
246 953 296 988 τῆς
311 951 468 987 ἐκκλησίας,
484 952 531 980 καὶ
551 951 715 984 εἰσελθόντες
735 953 804 989 ὑπὲρ
820 954 867 981 αὐ-

77 999 128 1026 τοῦ
143 1008 175 1026 σε
190 999 246 1034 (80)
263 999 450 1034 ὲρωτάτωσαν.
467 999 521 1026 Καὶ
536 998 589 1034 γὰρ
603 999 672 1034 ὑπὲρ
682 998 736 1026 τῶν
750 1000 871 1036 ἡμαρτη-

79 1045 169 1072 κότων
184 1047 199 1072 ὁ
213 1045 309 1081 Σοηὴρ
328 1045 374 1071 τὸν
396 1044 506 1080 Πατέρα
519 1044 607 1080 ἠξίου,
621 1045 659 1076 ὡς
674 1045 826 1080 γέγραπται
840 1046 870 1072 ὲν

78 1091 120 1126 τῷ
135 1091 305 1126 Εὺαγγελίῳ·
326 1100 335 1117 ι
350 1090 451 1127 Πάτερ,
462 1091 529 1125 ᾶφες
546 1091 686 1122 αὑτοῖς,οὺ
701 1090 756 1126 γὰρ
768 1092 870 1119 οἴδασιν

78 1137 94 1162 ὃ
109 1135 229 1163 ποιοῦσι.
248 1145 258 1163 ι
275 1136 341 1163 Τάτε
365 1136 397 1163 σὺ
412 1136 549 1168 κελεύσεις
568 1135 698 1163 εἰσελθεῖν
715 1137 806 1170 αὑτὸν,
823 1138 870 1165 καὶ

78 1183 234 1218 ἀνακρίνας
249 1183 273 1210 εί
290 1183 424 1218 μετανοεῖ,
439 1183 486 1210 καὶ
500 1182 573 1216 ἄξιός
587 1183 661 1209 ἐστιν
675 1184 714 1214 είς
723 1183 870 1219 ἐκκλησίαν

78 1229 151 1260 ὅλως
174 1228 394 1264 παραδεχθῆναι,
421 1228 556 1261 πιὸώσας
584 1229 666 1257 αὐτὸν
691 1229 797 1265 ἡμέρας
823 1238 870 1266 νη-

80 1275 180 1302 στειῶν
201 1274 257 1311 (Si)
278 1275 349 1302 κατὰ
370 1276 400 1302 τὸ
420 1275 582 1311 ἁμάρτημα,
606 1275 755 1310 ἑϐδομάδας
774 1276 831 1307 δύο,
853 1277 870 1312 ἢ

79 1323 168 1356 τρεῖς,
180 1320 196 1356 ἢ
208 1321 298 1353 πέντε,
313 1321 329 1356 ἥ
345 1321 426 1353 ἑπτὰ,
442 1321 528 1352 οὕτως
542 1321 622 1348 αὐτὸν
631 1321 775 1353 ἀπόλυσον,
786 1321 870 1350 εἰπὼν

78 1366 157 1402 αὐτῷ
180 1367 232 1393 ὅσα
253 1365 368 1402 ἁρμόζει
388 1367 559 1404 ἡμαρτηκότι
582 1368 622 1400 εἰς
648 1367 788 1395 νουθεσίαν
809 1369 870 1394 ἐπι-

79 1413 240 1448 πλήσσοντα
253 1412 389 1440 διδάσκειν
403 1414 448 1441 καὶ
463 1415 616 1450 παραινεῖν,
631 1414 704 1446 ὅπως
716 1415 796 1451 μείνῃ
806 1416 870 1450 παρ’

78 1459 173 1494 ἑαυτῷ
189 1459 417 1495 ταπεινοφρονῶν,
436 1460 485 1486 καὶ
497 1459 622 1495 δεόμενος
635 1459 683 1486 τοῦ
697 1459 765 1486 Θεοῦ
779 1461 870 1494 τυχεῖν

78 1505 165 1533 αὐτοῦ
180 1505 309 1541 εὐμενοῦς
324 1505 391 1542 (82),
406 1506 453 1533 καὶ
481 1506 580 1541 λέγειν·
599 1507 620 1522 ¹⁸
639 1516 648 1532 ι
673 1505 735 1534 Ἐὰν
757 1507 871 1542 ἀνομίας

79 1551 277 1587 παρατηρήσῃ,
296 1551 392 1587 Κύριε,
417 1551 515 1588 Κύριε,
542 1551 585 1584 τίς
610 1553 809 1588 ὑποστήσεταις
830 1553 870 1580 ὃτι

79 1596 161 1632 παρὰ
178 1597 219 1623 σοὶ
231 1586 372 1632 όνίλασμός
386 1598 452 1626 ἐστι.
463 1586 482 1624 ν»
495 1597 619 1625 Τοιοῦτον
629 1598 683 1634 γάρ
696 1586 722 1626 τι
737 1599 871 1634 ὑπεμφαί-
883 1586 904 1615 C

79 1651 123 1668 νει
138 1643 187 1669 καὶ
200 1642 231 1669 τὸ
244 1643 274 1669 ὲν
283 1644 317 1678 τῇ
327 1643 433 1671 Γενὲσει
443 1644 586 1679 εἰρημένον
595 1644 633 1680 τῷ
643 1644 722 1671 Καῖν·
735 1654 745 1670 ι
761 1645 870 1680 Ἥμαρ-

79 1696 146 1721 τες;
170 1688 321 1724 ἡσύχασον·
338 1699 347 1715 ι
371 1689 504 1722 τουτέστι,
529 1690 567 1726 μὴ
592 1690 722 1726 προσθῇς.
740 1691 800 1717 Ὅτι
815 1691 869 1727 γὰρ

79 1734 129 1760 τὸν
145 1734 342 1770 ἁμαρτήσαντα
355 1735 395 1762 δεῖ
408 1736 478 1772 ὑπὲρ
493 1735 540 1762 τοῦ
555 1737 653 1764 οίκείου
669 1737 869 1772 πλημμελήμα-

78 1788 128 1812 τος
151 1780 337 1816 αἰσχύνεσθαι,
360 1781 450 1809 ἰκανὸν
473 1782 503 1809 τὺ
520 1782 608 1816 λόγιον
630 1783 669 1818 τῷ
690 1783 784 1810 Μωσεί
798 1783 869 1818 ὑπὲρ

80 1826 194 1862 Μαρίας
208 1827 362 1863 εἰρημένον,
376 1828 457 1863 ἡνίκα
469 1828 547 1864 ἡξίου
561 1828 693 1865 ἀφεθῆναι
706 1830 785 1865 αὐτῇ·
801 1830 869 1865 Φησὶ

79 1871 139 1908 γὰρ
152 1872 228 1908 αὐτῷ
241 1874 256 1900 δ
268 1873 344 1905 Θεός·
370 1883 379 1900 ι
391 1874 424 1901 El
438 1874 452 1901 ὀ
466 1874 557 1910 πατὴρ
566 1874 650 1910 αὐτῆς
660 1874 752 1902 πτύων
762 1875 870 1901 ἐνέπτυ-

80 1927 129 1945 σεν
143 1920 184 1951 εἰς
196 1919 228 1946 τὸ
241 1920 385 1955 πρόσωπον
397 1920 492 1956 αὐτῆς,
508 1920 558 1947 οὐκ
569 1920 624 1956 (85)
634 1920 771 1957 ὲνετράπη
781 1929 789 1953 ;
801 1920 871 1947 ἑπτὰ

79 1965 191 2001 ἡμέρας
212 1966 384 2001 ἁφορισθήτω
406 1965 459 1998 ἔξω
472 1965 521 2001 τῆς
535 1966 720 2002 παρεμϐολῆς,
741 1967 788 1994 καὶ
803 1966 872 2002 μετὰ

78 2011 172 2038 ταῦτα
184 2011 374 2038 εἰσελεύσεται.
390 2020 399 2037 ι
415 2011 509 2043 Οὕτως
522 2010 568 2038 οὖν
584 2012 631 2039 καὶ
646 2013 719 2048 ἡμᾶς
733 2012 791 2039 δέον
813 2013 871 2039 ἐστὶ

78 2058 182 2089 ποιεῖν,
195 2058 259 2089 τοὺς
276 2057 319 2092 ἐφ’
334 2057 471 2093 ἁμαρτίας
485 2057 613 2092 λέγοντας
634 2059 786 2094 μετανοεῖν,
803 2059 870 2092 ἀφο-

115 2135 138 2151 ¹³
157 2135 214 2164 Jer.
229 2145 277 2170 xu,
297 2137 339 2164 l0.
379 2137 401 2152 “
417 2137 501 2165 Zacb.
520 2146 547 2170 ι,
564 2137 591 2165 3.
631 2138 652 2154 ’³
668 2137 729 2165 Mal.
749 2146 768 2169 ι,
784 2137 810 2164 6.

81 2171 106 2187 ¹⁹
123 2171 170 2200 Ps.
184 2179 276 2199 cxxtx.
293 2173 320 2200 3.
362 2172 385 2188 ’⁸
397 2171 464 2200 Gen.
481 2180 516 2206 Iv,
535 2173 550 2199 7
571 2173 642 2207 apud
662 2173 746 2201 LXX.

921 949 1004 982 siam;
1016 953 1164 984 posteaque
1174 950 1301 985 ingressi,
1312 958 1361 985 pro
1370 950 1429 986 ipso
1446 955 1540 986 rogent
1549 957 1584 979 te.
1597 951 1703 980 Etenim

922 993 1046 1022 Salvator
1070 1003 1120 1031 pro
1141 996 1330 1031 peccatoribus
1356 996 1463 1024 Patrem
1488 997 1594 1031 oravit,
1622 1002 1651 1025 ut
1675 999 1703 1026 in

923 1041 1066 1078 lvangelio
1080 1043 1212 1077 scriptum
1224 1047 1265 1070 est
1282 1052 1289 1070 :
1307 1051 1316 1068 ι
1332 1041 1536 1073 Pater,dimitte
1551 1043 1624 1078 illis;
1648 1052 1703 1071 non

920 1089 992 1116 enim
1007 1089 1098 1116 sciunt
1105 1089 1171 1124 quid
1187 1087 1290 1116 faciunt
1302 1089 1334 1116 ".
1347 1098 1356 1114 ι
1374 1088 1451 1116 Tune
1463 1089 1573 1123 jubebis
1586 1097 1648 1117 eum
1660 1090 1703 1116 in-

919 1138 1015 1162 trare:
1032 1137 1059 1162 et
1073 1134 1199 1163 examine
1222 1134 1306 1167 facto,
1328 1142 1362 1161 an
1385 1134 1503 1162 ducatur
1525 1135 1702 1170 poenitentia,

920 1180 1074 1215 dignusque
1085 1181 1121 1208 sit
1134 1180 1181 1216 qui
1198 1180 1226 1207 in
1245 1180 1391 1208 ecclesiam
1406 1181 1517 1209 omnino
1529 1180 1703 1214 admittatur;

920 1227 1049 1254 amictum
1063 1227 1176 1262 jejuniis
1193 1234 1238 1262 per
1255 1226 1314 1254 dies
1328 1227 1558 1254 hebdomadarum
1574 1231 1620 1255 aut
1635 1228 1704 1254 dua-

920 1281 992 1305 rum,
1008 1278 1055 1300 aut
1067 1274 1161 1306 trium,
1178 1279 1224 1302 aut
1244 1274 1375 1310 quinque.
1398 1278 1445 1301 aut
1464 1277 1576 1309 septem,
1594 1282 1644 1309 pro
1660 1282 1704 1301 ra-

919 1321 994 1348 tione
1007 1320 1118 1354 delicti;
1135 1321 1172 1348 ita
1188 1320 1263 1348 illum
1286 1320 1418 1353 dimittes,
1440 1327 1471 1348 ea
1488 1320 1594 1348 loeutus
1615 1327 1674 1354 quae
1688 1327 1704 1346 a

920 1366 1084 1402 castigatore
1104 1367 1252 1394 salubriter
1277 1366 1370 1394 doceri
1398 1373 1430 1393 ac
1452 1366 1558 1393 moneri
1578 1366 1704 1393 convenit

921 1416 1110 1447 peccatorem;
1125 1420 1180 1448 quo
1195 1412 1265 1448 apud
1279 1420 1308 1440 se
1320 1412 1460 1440 humiliter
1471 1415 1590 1444 maneat,
1606 1411 1703 1444 Deum,

921 1462 951 1486 ut
963 1459 1000 1486 sit
1014 1458 1068 1486 sibi
1079 1459 1226 1494 propitius,
1239 1458 1401 1494 deprecans,
1414 1466 1446 1486 ac
1458 1458 1552 1486 dicens
1564 1468 1570 1485 ;
1587 1468 1596 1484 ε
1612 1457 1641 1485 Si
1653 1458 1705 1485 ini-

920 1505 1039 1540 quitates
1053 1505 1253 1538 observaveris,
1271 1504 1394 1536 Domine,
1419 1504 1543 1536 Domine,
1558 1504 1621 1539 quis
1641 1512 1704 1532 sus-

922 1551 1037 1579 tinebit?
1049 1551 1185 1584 Quoniam
1205 1551 1276 1586 apud
1295 1555 1321 1578 te
1333 1551 1490 1586 propitiatio
1509 1554 1552 1578 est
1562 1550 1593 1577 ".
1611 1559 1620 1576 I
1638 1549 1704 1577 Nam

921 1598 975 1625 tale
987 1597 1052 1632 quid
1064 1597 1154 1625 innuit
1165 1597 1232 1624 illud
1246 1605 1364 1632 quoque,
1380 1596 1454 1632 quod
1469 1596 1495 1623 in
1508 1595 1606 1624 Genesi
1619 1595 1705 1623 Caino

921 1644 1024 1671 dictum
1038 1648 1080 1672 est
1101 1653 1108 1672 :
1134 1653 1143 1669 ι
1165 1643 1307 1671 Peceasti?
1323 1641 1439 1676 Quiesce
1468 1643 1522 1668 "it
1547 1643 1574 1669 id
1598 1647 1650 1673 est,
1670 1650 1704 1669 ne

921 1698 1018 1726 pergas
1032 1698 1154 1725 peccare.
1167 1690 1189 1708 ¹¹
1202 1690 1280 1723 Quod
1293 1690 1366 1717 enim
1378 1697 1440 1717 eum
1454 1697 1501 1724 qm
1515 1689 1638 1724 deliquit,
1651 1697 1704 1724 pu-

921 1736 986 1764 dere
1001 1737 1084 1764 errati
1104 1736 1206 1771 proprii
1223 1739 1358 1770 oporteat,
1381 1735 1449 1763 satis
1462 1735 1631 1762 demonstrat
1642 1742 1705 1762 ora-

921 1782 1014 1809 culum
1029 1783 1096 1810 illud
1111 1782 1178 1810 Mosi
1202 1782 1229 1810 in
1253 1790 1337 1809 causa
1362 1781 1452 1808 Maria:
1471 1780 1575 1814 datum,
1592 1788 1654 1808 cum
1675 1783 1706 1807 ut

923 1828 987 1855 huic
1014 1828 1216 1856 condonaretur
1230 1827 1276 1855 ille
1295 1831 1396 1855 oraret.
1411 1827 1456 1854 Ait
1470 1827 1542 1854 enim
1556 1826 1626 1853 Deus
1640 1826 1679 1852 illi
1695 1847 1703 1853 .

924 1884 934 1900 ι
953 1874 983 1902 Si
1003 1879 1080 1910 pater
1097 1874 1158 1909 ejus
1183 1882 1284 1909 spuens
1309 1873 1407 1901 fuisset
1430 1873 1457 1900 in
1476 1872 1573 1900 faciem
1611 1872 1703 1904 illius,

922 1929 1011 1948 nonne
1026 1920 1197 1949 erubuisset?
1212 1919 1320 1955 Septem
1341 1919 1437 1946 diebus
1453 1922 1610 1954 segregetur
1626 1921 1704 1945 extra

921 1971 1022 1999 castra,
1035 1971 1062 1995 et
1076 1972 1169 2002 postea
1184 1966 1353 2002 ingredietur
1363 1967 1395 1993 ".
1422 1975 1432 1991 ι
1451 1965 1497 1992 Sic
1517 1972 1583 2000 ergo
1607 1968 1634 1992 et
1653 1972 1703 1991 uos

921 2021 1034 2041 necesse
1044 2017 1087 2041 est
1101 2013 1202 2045 facere,
1218 2013 1359 2043 nimirum.
1373 2019 1420 2039 eos
1435 2012 1482 2047 qui
1494 2019 1523 2039 se
1541 2011 1575 2038 de
1592 2014 1705 2046 peccato

921 2067 1000 2095 agere
1015 2059 1202 2095 paenitentiam
1219 2058 1392 2094 proﬁtentur,
1408 2065 1456 2093 per
1466 2062 1574 2092 tempus
1586 2064 1702 2092 propor-

850 2137 872 2153 “
885 2138 920 2164 al.
934 2137 1066 2170 ἐξελθόντε

934 2137 1084 2170 ἐξελθόντος
1100 2138 1191 2165 αὑτοῦ.
1231 2139 1251 2154 ¹¹¹
1268 2137 1333 2166 Luc.
1357 2145 1433 2166 “In.
1450 2138 1495 2164 54.
1534 2137 1555 2152 ¹⁸
1571 2136 1590 2164 f.
1605 2136 1701 2171 λέγων.

797 2173 818 2188 ¹¹
849 2171 955 2200 Citatur
971 2174 1005 2200 ab
1019 2175 1163 2202 Anastasio
1178 2177 1274 2208 quatst.
1289 2174 1315 2200 6.
1355 2174 1376 2189 "
1396 2172 1476 2201 Num.
1491 2180 1540 2204 xu,
1556 2172 1599 2199 14.

731 2251 910 2280 VARIORUM
926 2252 1043 2281 NOTAE.

128 2341 164 2369 80

128 2376 161 2403 8i

78 2410 256 2446 ac'pluribus
270 2410 440 2446 documentis
453 2411 648 2446 aggrediuntur
661 2411 863 2446 demonstrare,

78 2445 147 2474 ante
171 2445 292 2472 Montani
315 2445 450 2474 haeresim.
467 2453 521 2472 non
537 2445 584 2473 diu
605 2446 732 2474 excluSos
752 2445 863 2473 fuissea

77 2481 277 2509 communione
296 2481 483 2508 ecclesiastica
505 2485 663 2515 peccatores
681 2481 862 2516 paenitentes;
880 2506 883 2510 .

79 2519 271 2552 pertempora
291 2519 382 2543 autem
405 2517 478 2552 inter
499 2515 656 2542 Montanum
678 2523 710 2543 ac
725 2515 863 2552 Novatum

80 2550 186 2582 inedia,
200 2550 320 2578 crevisse
331 2551 515 2582 severitatem,
526 2557 581 2577 non
594 2554 683 2578 tamen
697 2551 765 2577 adeo
777 2556 807 2577 ut
819 2559 863 2578 ve-

192 2340 239 2367 Σέ.
256 2339 336 2368 Deest
352 2340 380 2368 in
397 2341 482 2368 altero
498 2339 602 2369 codice.
619 2340 704 2368 Cutn.

195 2375 316 2410 Ἡμέρας
322 2375 477 2409 νηστειῶν,
492 2384 519 2402 κ.
530 2384 555 2402 τ.
563 2376 587 2401 λ.
597 2376 679 2402 Aiunt
691 2375 845 2403 virieruditi
856 2396 864 2407 ,

79 2594 136 2614 mae
159 2593 235 2612 mora
254 2585 396 2620 biennium
417 2593 538 2620 unquam
559 2585 712 2613 excederet.
738 2585 793 2613 Nec
813 2593 864 2620 ego

79 2625 180 2649 contra
196 2619 289 2648 tendo.
303 2620 420 2648 Tantum
435 2619 507 2652 dico,
530 2621 602 2655 quod
617 2620 696 2647 iidem
712 2628 767 2647 non
782 2619 864 2654 supe-

80 2660 137 2688 ret,
154 2655 204 2682 hae
219 2663 326 2690 quoque
342 2655 369 2682 in
384 2660 460 2690 parte
467 2655 588 2683 variasse
603 2655 787 2690 disciplinam.
799 2655 866 2688 Quis

79 2692 158 2719 enim
173 2693 258 2725 putet,
275 2698 370 2718 omnes
385 2697 443 2721 eos,
459 2691 506 2725 qui
528 2691 611 2717 semel
629 2691 762 2717 duntaxat
777 2690 866 2725 pomi-

80 2726 199 2754 teutiam
216 2725 320 2760 suscipi
340 2725 542 2760 permittebant,
566 2725 647 2752 breve
668 2729 776 2760 tempus
797 2725 863 2752 deii-

81 2761 188 2789 nivisse
198 2761 231 2787 ad
243 2760 466 2795 satisfaciendum
480 2759 590 2795 Deojpro
605 2760 730 2795 plurimis
741 2760 823 2787 etiam
832 2768 864 2787 ac

81 2795 256 2831 gravissimis
269 2795 396 2831 delictis?
411 2794 543 2831 Praeterea
558 2794 715 2831 Victorinus
727 2802 866 2831 commcna

80 2830 156 2859 tario
171 2830 200 2866 in
212 2830 413 2866 Apocalypsim,
429 2830 522 2866 nescio
536 2830 606 2866 unde
619 2834 768 2861 mutuatus,
785 2830 865 2857 Nico-

82 2866 159 2894 laitis
175 2864 248 2893 hunc
261 2864 382 2893 errorem
403 2864 497 2891 tribuit
517 2874 524 2892 :
543 2864 576 2891 Ut
590 2866 735 2900 quicunque
749 2865 864 2899 fornica-

81 2906 126 2929 tus
140 2906 218 2935 esset,
229 2905 322 2929 octava
336 2899 377 2928 die
390 2908 479 2935 pacem
492 2900 629 2935 acciperet.
640 2899 734 2929 Plures
748 2900 864 2936 denique

884 2346 906 2373 ι)
921 2341 960 2368 illi
981 2342 1112 2377 episcopi,
1128 2342 1161 2369 ad
1172 2350 1242 2376 quos
1258 2342 1286 2370 S.
1299 2342 1452 2377 Cyprianus
1464 2341 1584 2377 destinat
1596 2341 1699 2377 episto-

919 2377 972 2403 lam
985 2376 1030 2408 5‘5,
1047 2376 1222 2409 dubitabant,
1239 2378 1265 2404 in
1287 2376 1369 2404 causa
1386 2376 1526 2403 favorabili
1543 2376 1625 2402 trium
1641 2376 1700 2410 lap-

918 2420 1022 2443 sorum,
1037 2414 1084 2446 qui
1100 2420 1160 2438 cum
1175 2420 1272 2439 nomen
1286 2411 1391 2439 Domini
1407 2412 1523 2439 fuissent
1531 2409 1700 2442 confessi,’et

917 2455 1066 2478 carcerem,
1080 2447 1178 2478 minas,
1188 2455 1219 2474 ac
1231 2448 1315 2474 multa
1330 2447 1446 2478 diutina,
1464 2446 1634 2481 repetitaque
1643 2449 1700 2481 tor-

917 2487 1019 2512 menta,
1035 2490 1084 2517 pro
1105 2481 1156 2508 fide
1180 2483 1207 2509 in
1222 2482 1362 2510 Christum
1378 2480 1700 2517 pertulissentttandem

917 2516 1027 2552 diritate
1036 2515 1211 2544 wcruciatuum
1227 2517 1343 2549 subacti,
1364 2515 1397 2544 de
1411 2516 1496 2552 gradu
1512 2515 1606 2550 glorim
1626 2516 1701 2552 deei-

916 2551 1023 2584 derant,
1039 2556 1120 2586 atque
1135 2552 1169 2579 ab
1179 2560 1211 2579 eo
1226 2556 1346 2586 tempore
1358 2560 1405 2586 per
1416 2551 1567 2579 triennium
1580 2558 1596 2577 a
1615 2551 1702 2585 potni-

918 2587 1002 2614 tentia
1031 2587 1135 2622 agenda
1163 2595 1217 2614 nou
1242 2591 1434 2620 cessaverant;
1464 2586 1636 2622 dubitabant,
1660 2587 1703 2622 in-

917 2630 1009 2657 quam,
1028 2621 1117 2648 utrum
1143 2622 1184 2649 fas
1205 2625 1286 2652 esset.
1305 2629 1352 2649 eos
1370 2622 1461 2656 lapsos
1482 2621 1514 2647 ad
1531 2621 1702 2657 communio-

918 2655 980 2684 nem
1004 2657 1157 2688 admittere,
1181 2657 1346 2691 insuperque
1373 2655 1498 2684 volebant
1519 2663 1551 2682 ea
1570 2655 1701 2691 deﬂqnze-

918 2693 1009 2720 stione
1027 2692 1174 2720 concilium
1192 2690 1381 2726 episcoporum
1397 2691 1511 2726 agitari;
1526 2690 1700 2726 non__disp:iri

919 2728 1020 2767 vigore,
1037 2731 1118 2762 atque
1130 2724 1300 2767 conspicitur
1314 2730 1407 2767 postea
1417 2724 1456 2753 ‘in
1465 2761 1472 2767 _
1492 2724 1645 2767 canoniluls
1656 2732 1702 2767 sy:

916 2757 980 2789 novdi
1005 2757 1155 2797 Ancy'ranze
1189 2757 1221 2788 ac
1250 2757 1323 2788 Petri
1351 2759 1539 2797 Alexandrini.
1571 2757 1637 2785 Vide
1666 2757 1700 2785 ad

915 2805 1046 2825 canonem
1062 2796 1239 2832 apostolicum
1257 2797 1300 2827 17,
1317 2805 1364 2823 seu
1378 2796 1423 2823 24.
1439 2796 1508 2832 Cu}.

950 2832 1005 2867 (82)
1020 2830 1181 2867 Εὐμενοῦς.
1197 2832 1269 2858 Alter
1284 2832 1367 2867 codex
1384 2831 1514 2867 εὐμενῷς.
1529 2830 1577 2858 CL.

951 2863 1005 2903 (85)
1016 2863 1084 2895 Div}.
1098 2863 1216 2902 Uterque
1229 2865 1374 2894 cod.Vind.
1391 2863 1439 2893 οὔκ
1453 2865 1495 2899 ἅν,
1506 2874 1559 2893 non
1571 2865 1650 2892 male.
1661 2863 1698 2892 lo.
