1893 3109
212 140 266 169 6‘2?

643 138 671 167 S.
689 137 885 167 CLEMENTIS
901 138 912 166 Ι
929 137 1011 166 ROM.
1029 137 1128 166 PUN'I.
1146 138 1262 166 UPEHA
1278 139 1388 166 DUBIA.

1782 143 1829 171 628

209 200 282 227 tione
295 198 387 227 delicti
403 197 544 227 definitum
567 205 728 234 segregare;
745 203 840 233 postea
862 198 998 234 pteniteno
1010 203 1035 231 Α

1049 197 1134 234 ρίζειν
1161 197 1257 233 χρόνον
1280 197 1433 234 ὡρισμένον
1455 198 1526 225 κατὰ
1545 198 1596 235 τὴν
1621 199 1768 234 ἀναλογίαν
1788 202 1830 229 τοῦ

208 250 250 274 tes
261 246 411 280 suscipere,
427 248 558 280 tanquam
572 248 664 280 patres
683 243 766 272 ﬁlios.

496 343 612 372 CAPUT
631 343 713 372 XVII.

209 391 367 426 Episcopum
381 391 473 418 debere
485 399 541 418 esse
556 390 821 431 irreprehensibilem,
836 394 924 423 utpote
939 389 996 424 far-

466 435 538 454 mam
553 430 741 461 subjectorum.

245 471 274 500 Si
288 479 354 501 vero
371 472 584 508 episcOpusipse
597 471 663 507 quid
678 471 831 503 offenderit,
847 477 902 505 quo
915 470 996 498 modo

208 519 298 547 adhuc
318 519 430 546 audebit
454 518 482 546 in
509 518 623 545 alterius
646 517 751 545 crimen
774 517 927 552 inquirere,
949 521 997 544 aut

208 565 326 600 aliquem
343 565 502 600 increpare,
525 563 549 592 si
568 567 614 591 aut
630 564 700 598 ipse,
712 566 760 590 aut
781 562 888 590 diaconi
904 563 932 590 in
949 571 995 590 ac~

208 611 333 646 ceptione
347 618 471 646 personat
485 610 528 638 vol
545 610 679 642 muneris,
692 609 889 637 conscientiam
903 617 997 637 sense-

208 659 263 687 rint
277 657 494 687 accusatricem?
505 657 622 693 Quando
638 656 710 684 enim
725 655 901 691 magistratus
916 656 995 693 petit,

207 709 236 734 et
252 705 337 740 judex
354 704 465 740 accipit,
477 703 612 739 judicium
626 711 680 730 non
697 701 842 730 deducitur
858 701 892 728 ad
904 701 994 730 finem.

210 760 220 777 ι
234 750 386 788 Participes
404 760 413 776 ι
429 754 520 778 autem
538 759 547 775 ι
563 748 666 781 furum.
687 752 714 776 et
727 747 833 783 judicio
853 747 995 775 viduarum

208 805 263 825 non
278 797 452 824 attendentes
464 796 486 812 “
503 805 513 822 ι
531 795 578 831 qui
594 795 646 823 sub
663 794 795 830 episcopo
810 798 884 826 sunt.
899 794 925 822 ei
940 801 995 821 non

208 847 336 879 poterunt
352 843 381 870 in
400 842 592 878 oppugnandis
615 841 689 868 vitiis
713 840 854 874 auxiliari;
875 847 938 868 nam
954 839 996 867 di.

207 887 270 917 ceiit
297 889 427 925 episcopo
450 887 522 923 quod
548 888 577 915 in
599 887 745 922 Evangelio
769 886 902 922 scriptum
923 889 966 914 est
987 895 994 914 :
1012 882 1033 909 Β

209 944 220 962 ι
238 934 309 968 Quid
331 935 409 966 vides
431 933 563 962 festucam
587 933 615 960 in
634 933 714 960 oculo
741 932 834 960 fratris
856 933 908 965 tui,
939 936 995 960 tra-

205 976 269 1009 bem
296 985 386 1008 autem
414 988 474 1016 quae
493 980 521 1008 in
536 980 617 1008 oculo
636 983 684 1007 tuo
711 980 768 1013 est',
788 986 843 1006 non
867 978 995 1006 conside-

207 1034 253 1056 ras
291 1026 349 1054 “?i
372 1026 507 1055 Vereatur
532 1034 598 1062 ergo
617 1026 763 1065 episcopus
783 1033 846 1053 cum
870 1024 995 1053 diaconis

205 1074 276 1107 suis,
293 1077 324 1103 ut
337 1073 448 1110 aliquod
464 1074 599 1109 ejusmodi
615 1073 729 1100 verbum
740 1072 834 1100 audiat
847 1081 854 1099 :
869 1075 922 1100 hoc
939 1075 992 1105 est,

205 1129 260 1151 non
276 1121 394 1157 prebeat
408 1119 595 1148 occasionem.
612 1118 753 1154 Siquidem
770 1122 915 1155 peccator,
930 1127 994 1146 cum

204 1167 304 1195 viderit
312 1168 429 1203 aliquem
440 1167 492 1195 sibi
503 1166 632 1202 operibus
641 1165 771 1198 similem,
780 1165 814 1192 ad
828 1164 922 1193 eadem
932 1172 995 1201 per-

205 1214 339 1250 petranda
362 1213 584 1247 confirmabitur;
609 1213 647 1240 ita
675 1211 818 1248 improbus
837 1219 886 1247 per
908 1219 993 1239 unum

205 1252 343 1288 hominem
359 1263 468 1295 sumpto
483 1263 626 1295 praetextu,
643 1259 671 1286 in
686 1259 755 1286 alios
765 1262 909 1293 operatur;
921 1258 994 1293 quod

205 1306 296 1334 absit!
325 1307 422 1342 sicque
446 1309 618 1342 pervertetur
645 1305 731 1338 ovile;
765 1308 793 1332 et
821 1311 875 1340 quo
901 1305 994 1340 plures

205 1357 287 1380 erunt
315 1344 516 1388 delinquentes,
548 1359 581 1379 eo
609 1351 695 1387 magis
727 1350 826 1378 existet
849 1358 898 1385 per
921 1351 995 1386 ipsos

205 1398 353 1431 commissa
367 1391 499 1434 nequitia.
514 1398 538 1414 "
564 1397 696 1425 Delictum
712 1397 813 1432 quippe
827 1404 883 1424 non
901 1404 995 1432 repre~

205 1445 333 1478 hensum,
359 1445 451 1481 seipso
466 1444 589 1472 deterius
604 1444 644 1477 fit,
669 1448 696 1471 et
709 1443 738 1471 in
756 1447 871 1472 caeteros
886 1451 995 1479 grassa-

204 1495 267 1526 tur;
282 1482 412 1531 quoniam
426 1500 436 1517 ι
449 1491 588 1518 modicum
597 1490 761 1518 fermentum
775 1493 860 1517 totam
875 1497 994 1518 massam

204 1538 358 1573 corrumpit
369 1537 409 1572 ὀς
429 1545 440 1564 ι
464 1540 492 1565 et
516 1536 561 1564 fur
584 1545 654 1564 unus
678 1536 832 1564 universam
856 1536 994 1564 nationem
1008 1557 1029 1586 ο

206 1583 337 1619 infamat;
352 1585 380 1610 et
392 1591 402 1608 ι
422 1590 523 1611 musca
546 1587 661 1615 mortua:
681 1582 866 1618 putrefaciunt
881 1590 994 1617 compo—

205 1628 332 1658 sitionem
356 1629 487 1664 unguenti
511 1629 654 1656 aromatici
674 1629 714 1663 '9;
731 1636 851 1664 cumque
867 1637 914 1656 rex
935 1636 994 1657 ser-

205 1674 280 1702 moni
303 1674 397 1709 iniquo
420 1682 514 1702 aurem
529 1675 640 1710 praebet,
659 1683 755 1703 omnes
779 1675 854 1703 illius
874 1675 994 1703 ministri

206 1721 293 1761 iniqui
305 1724 370 1749 sunt
381 1721 421 1756 ";
443 1731 452 1748 ι
471 1722 511 1749 sic
526 1722 586 1749 ovis
604 1721 742 1754 scabiosa,
760 1721 814 1749 nisi
828 1729 844 1749 a
859 1721 935 1749 sanis
950 1729 994 1749 se-

205 1771 328 1802 paretur,
352 1767 478 1795 morbum
494 1775 574 1796 suum
589 1775 652 1795 cum
675 1767 730 1796 illis
745 1768 945 1801 communicat;
966 1772 994 1795 et

203 1813 288 1841 homo
310 1818 386 1849 peste
405 1814 546 1847 laborans,
557 1814 683 1850 pluribus
701 1813 884 1841 formidabilis
898 1817 955 1848 est;
967 1818 994 1842 et

205 1859 283 1892 canis
299 1860 375 1888 rabie
388 1868 544 1897 possessus,
560 1861 689 1888 omnibus
705 1868 775 1897 quos
792 1860 913 1896 attigerit
925 1861 996 1896 peri-

205 1905 300 1933 culum
314 1910 399 1934 creat.
417 1905 446 1934 Si
461 1914 527 1942 ergo
543 1906 683 1934 hominem
708 1913 825 1942 nequam
850 1906 884 1933 ab
900 1905 994 1934 Eccle-

206 1951 247 1983 sia
261 1950 310 1979 Dei
325 1960 381 1979 non
395 1960 565 1991 separemus,
581 1960 614 1980 ex
630 1952 711 1980 domo
724 1952 771 1979 Dei
787 1952 919 1980 faciemus
931 1959 994 1987 spe-

205 1996 315 2025 luncam
337 1998 484 2026 latronum.
500 1999 520 2018 ι¹
544 1997 604 2026 Non
618 1998 690 2026 enim
707 2001 813 2033 oportet
831 2002 993 2033 peccatores

242 2053 265 2070 ’⁸
279 2053 332 2082 lsa.
351 2062 372 2086 1,
388 2054 434 2082 25.
469 2055 492 2070 ’⁸
503 2054 571 2082 Luc.
583 2062 621 2087 vi,
635 2055 680 2082 Η.

1047 244 1156 280 ἀμαρτή
1161 252 1254 279 ματος,
1263 243 1358 270 ἔπειτα
1369 243 1564 279 μετανοοῦντας
1573 245 1828 281 προσλαμᾱὶνεσθαι,

1047 290 1086 322 ὡς
1100 290 1219 325 πατέρες
1233 289 1308 322 υίούς
1321 289 1388 326 (84).

1307 347 1505 374 ΚΕΦΑΛΔΙΟΝ
1524 348 1572 375 IZ'.

1048 392 1113 420 Ὅτι
1134 392 1342 431 ἀνεπίληπτον
1363 393 1439 431 εἷεν-αι
1451 393 1520 431 -χρὴ
1539 393 1593 431 τὸν
1606 394 1784 428 ἐπίσκοπον,
1795 397 1829 431 ὡς

1258 428 1355 455 τύπον
1367 427 1428 455 τῶν
1441 429 1624 464 ἀρχομένων.

1084 474 1116 501 Εἰ
1129 473 1158 501 δὲ
1172 474 1186 501 ό
1201 473 1350 505 ἐπίσκοπος
1363 474 1444 506 αὐτὸς
1458 475 1488 501 ὲν
1503 475 1698 511 προσκόμματι
1712 477 1827 513 ὑπάρχει,

1046 519 1106 551 πῶς
1120 519 1160 547 ἔτι
1180 519 1319 552 ἐπεξέλθοι
1329 519 1477 556 ἐκζητῆσαι
1492 521 1614 557 ἀδίκημά
1627 530 1712 554 τινος,
1726 523 1743 558 ἢ
1757 523 1829 551 tum.

1048 566 1085 602 μῆ
1089 567 1132 593 σαί
1139 574 1203 599 τινι,
1211 566 1256 593 διὰ
1263 566 1503 603 προσωποληψίαν,
1514 567 1531 603 ἢ
1539 567 1583 594 διὰ
1589 568 1761 605 δωροληψίαν
1770 569 1825 605 (85),

1046 612 1063 648 ἢ
1086 612 1179 644 αὐτὸς,
1204 612 1220 648 ἦ
1236 613 1260 639 οἱ
1279 612 1407 646 διάκονοι,
1430 613 1479 648 οὐχ
1495 613 1666 649 ὑπάρχοντες
1686 615 1826 651 εὐσυνείδη-

1046 666 1104 691 τοις
1120 658 1184 685 ὅταν
1197 657 1252 694 γὰρ
1265 659 1280 685 ὁ
1293 659 1384 694 ἄρχων
1408 660 1483 695 αἰτῇ,
1500 659 1547 686 καὶ
1559 661 1573 686 ό
1589 660 1689 696 κριτὴς
1702 660 1825 698 λαμὸάνῃ,

1046 703 1092 730 καὶ
1107 703 1137 730 οὐ
1149 703 1300 738 διεξάγεται
1314 705 1354 736 είς
1368 704 1442 736 τέλος
1455 705 1553 741 κρίσις.
1572 715 1582 731 ι
1595 706 1730 733 Κοινωνοὶ
1742 707 1827 733 stm-

1047 749 1122 777 π-ιῶν
1136 750 1183 777 καὶ
1196 750 1286 786 κρίσει
1306 751 1399 787 χηρῶν
1422 751 1453 778 οὐ
1473 751 1666 788 προσέχοντες,
1685 762 1696 778 ι
1714 753 1745 780 οὐ
1759 753 1824 789 δυνή-

1047 803 1137 823 σονται
1151 796 1176 823 οι
1198 796 1252 823 ὑπὸ
1265 796 1311 823 τὸν
1333 797 1481 824 ἐπίσκοπον
1504 799 1701 833 συνεπιμαχεω
1722 799 1759 834 τῷ
1776 800 1825 825 ἐπι-

1048 842 1152 878 σκόπῳ·
1180 842 1274 879 ἐροῦσι
1289 842 1343 880 γὰρ
1365 843 1439 880 αὐτῷ
1461 844 1492 871 τὸ
1507 845 1537 872 ὲν
1555 844 1595 880 τῷ
1614 845 1772 880 Εὐαγγελίῳ
1787 854 1824 880 γτν

1046 888 1215 924 γραμμένον·
1235 899 1244 916 ι
1263 890 1296 917 Τί
1311 889 1419 925 βλέπεις
1432 889 1462 917 τὸ
1477 890 1583 926 κάρφος
1595 890 1626 917 τὸ
1641 891 1674 917 ὲν
1687 890 1726 926 τῷ
1740 890 1823 925 ὀφθαλ-

1048 933 1091 970 μῷ
1113 933 1160 961 τοῦ
1176 935 1291 970 ἀδελφοῦ
1314 944 1373 969 σου,
1395 936 1446 972 τὴν
1463 937 1493 964 δὲ
1510 936 1588 964 δοκὸν
1608 937 1662 973 τὴν
1676 938 1706 964 ὲν
1720 938 1757 973 τῷ
1776 938 1822 973 ἰδίῳ

1046 979 1180 1017 ὀφθαλμῷ
1199 982 1229 1008 οὐ
1245 983 1403 1015 κατανοεῖς;
1422 991 1432 1008 ι
1448 982 1621 1009 Εὐλαὸείσθω
1637 981 1686 1009 οὖν
1702 985 1716 1010 ό
1730 984 1823 1010 Enim

1045 1034 1106 1059 πος,
1123 1027 1172 1054 σὺν
1180 1029 1237 1059 τοῖς
1245 1028 1379 1060 διακόνοις
1389 1027 1483 1061 αὑτοῦ,
1493 1028 1609 1056 ἀκοῦσαι
1624 1029 1705 1065 ῥῆμά
1715 1038 1740 1056 τι
1749 1029 1822 1056 τοιοῦ-

1043 1082 1100 1101 τον·
1127 1074 1259 1107 τουτέστι,
1284 1074 1321 1110 μὴ
1343 1074 1437 1102 διδότω
1455 1075 1591 1111 ἀφορμήν.
1621 1075 1653 1102 '0
1674 1075 1729 1111 γὰρ
1749 1076 1822 1111 ἀμαρ-

1044 1119 1134 1147 τὰνων
1148 1120 1219 1147 ἐπὰν
1233 1120 1277 1157 ῐδῃ
1298 1120 1360 1147 τινὰ
1373 1121 1453 1156 ὃμοια
1473 1120 1548 1156 αὐτῷ
1561 1119 1682 1156 δρῶντα,
1698 1121 1822 1157 οἰκοδομη-

1044 1166 1155 1203 θήσεται
1165 1167 1205 1198 είς
1218 1166 1290 1193 τὸτὰ
1304 1166 1373 1194 αὐτὰ
1387 1167 1482 1193 ποιεῖν·
1498 1164 1558 1193 εἶτα
1570 1167 1585 1193 ό
1599 1167 1719 1203 πονηρὸς
1732 1167 1763 1194 δι’
1773 1167 1821 1199 ἑνὸς

1044 1213 1170 1249 ἀφορμὴν
1177 1212 1276 1245 λαϐὼν,
1291 1214 1331 1245 είς
1341 1213 1450 1248 ἐτέρους
1459 1213 1572 1248 ὲνεργεϊ”
1583 1213 1597 1239 ὃ
1606 1213 1645 1249 μὴ
1656 1213 1758 1248 γένοιτο
1766 1213 1819 1248 (86)·

1044 1260 1091 1286 καὶ
1107 1259 1192 1291 οὕτως
1205 1259 1433 1295 διατι-τραφήσεται
1447 1259 1478 1285 τὸ
1490 1259 1614 1295 ποίμνιον
1623 1267 1630 1274 ·
1647 1259 1771 1287 πλειόνων
1777 1258 1820 1295 γὰρ

1043 1305 1128 1332 όντων
1135 1305 1188 1332 τῶν
1196 1305 1416 1341 ἁμαρτανόντων,
1428 1304 1526 1332 πλείων
1534 1304 1611 1332 ἐσται
1620 1306 1671 1332 καὶ
1678 1306 1695 1341 ὴ
1706 1305 1737 1332 δι’
1746 1305 1819 1332 αὐτῶν

1044 1350 1239 1387 ἐπιτελουμένη
1248 1351 1340 1378 κακία.
1350 1351 1483 1387 Ἀμαρτία
1487 1350 1542 1387 γὰρ
1547 1351 1773 1387 ἀνέλεγκτος(87),
1778 1351 1818 1386 χεὶ-

1045 1406 1099 1433 ρων
1113 1397 1213 1433 ἑαυτῆς
1227 1397 1342 1431 γίνεται,
1351 1397 1399 1423 καὶ
1413 1398 1452 1428 είς
1459 1397 1556 1429 ἄλλους
1565 1397 1620 1433 (88)
1639 1397 1691 1433 τὴν
1708 1397 1819 1432 διανομὴν

1043 1442 1176 1479 λαμϐάνει
1190 1443 1257 1479 (89),
1273 1443 1335 1469 ἐπεὶ
1349 1443 1396 1470 καὶ
1412 1452 1422 1469 ι
1441 1442 1514 1479 ζύμη
1531 1443 1619 1479 μικρὰ
1633 1443 1768 1479 πλήρωμα
1782 1451 1819 1476 φυ-

1045 1489 1166 1525 ράματος
1178 1489 1274 1516 δολοῖ¹⁷
1285 1484 1352 1525 (90),
1366 1498 1376 1515 ι
1393 1489 1441 1516 καὶ
1455 1486 1496 1521 εἷς
1510 1488 1629 1524 κλέπτης
1642 1490 1683 1521 είς
1689 1490 1746 1516 ὅλον
1758 1488 1819 1518 ἔθνος

1044 1535 1075 1562 τὸ
1084 1536 1168 1571 μύσος
1177 1534 1232 1571 (91)
1242 1535 1375 1571 ἐπήγαγε,
1388 1544 1398 1561 ι
1408 1536 1455 1563 καὶ
1465 1536 1540 1571 μυῖαι
1552 1534 1682 1563 θανοῦσαι
1694 1534 1818 1570 σαπριοῡοι

1047 1581 1193 1608 σκευασίαν
1208 1581 1360 1618 ἡδύσματος
1371 1581 1473 1615 ἐλαίου,
1487 1582 1535 1609 καὶ
1545 1581 1679 1617 βασιλέως
1689 1580 1818 1608 ὑπακούον-

1045 1638 1091 1661 τος
1104 1628 1182 1663 λόγον
1195 1628 1297 1661 ἄδικον,
1321 1628 1422 1660 πάντες
1435 1628 1460 1655 οἱ
1475 1628 1522 1655 ὑπ’
1535 1627 1616 1655 αὐτὸν
1632 1628 1762 1664 ὑπηρέται
1777 1634 1818 1653 πο·
1864 1641 1865 1647 ι

1048 1675 1170 1711 ράνομον
1187 1684 1197 1701 ι
1207 1674 1279 1701 οὕτω
1296 1675 1343 1702 καὶ
1357 1675 1494 1710 πρόϐατον
1509 1673 1652 1711 ψωραλέον
1663 1674 1817 1710 μεταδίδωσιν
1863 1691 1864 1701 ι

1047 1723 1150 1758 ἑτέροις
1163 1722 1213 1758 τῆς
1225 1722 1315 1754 νόσου,
1331 1721 1367 1757 μὴ
1381 1720 1514 1757 χωρισθὲν
1526 1720 1580 1747 τῶν
1595 1720 1721 1755 ὑγιεινῶν
1733 1718 1818 1756 προϐά-

1046 1777 1110 1801 των,
1121 1769 1167 1795 καὶ
1180 1768 1227 1795 ἄνθ
1232 1776 1322 1804 ρωπος
1335 1766 1494 1803 λοιμώσσων
1507 1766 1615 1798 πολλοῖς
1628 1765 1815 1802 φυλακταῖοςπ.

1046 1815 1094 1842 καὶ
1116 1814 1189 1841 κύων
1207 1814 1293 1850 λύσσῃ
1313 1812 1454 1849 συσχεθεὶς
1472 1813 1644 1844 ἐπικίνδυνος
1663 1813 1754 1843 παντὶ,
1771 1808 1816 1845 ib?

1045 1861 1078 1888 ἂν
1087 1860 1281 1898 προσάψῃωῖ).
1291 1859 1352 1887 Ἐὰν
1360 1858 1406 1886 οὖν
1414 1860 1461 1887 καὶ
1466 1859 1513 1887 ἄνθ
1518 1868 1608 1896 ρωπον
1615 1859 1672 1895 (95)
1680 1858 1815 1895 παράνομον

1046 1907 1084 1943 μὴ
1090 1908 1139 1943 τῆς
1152 1907 1312 1942 Ἑκκλησίας
1317 1905 1364 1932 τοῦ
1371 1905 1438 1932 Θεοῦ
1445 1905 1554 1942 χωρίσω
1557 1914 1616 1941 μεν,
1632 1906 1774 1941 ποιήσομεν
1781 1904 1814 1930 τὸν

1044 1951 1119 1980 οἷκον
1133 1953 1236 1990 Κυρίου
1252 1953 1382 1989 σπήλαιον
1395 1952 1510 1989 λῃστῶν.
1525 1953 1570 1979 Δεῖ
1583 1951 1639 1988 γὰρ
1654 1953 1700 1978 ἐπὶ
1713 1951 1762 1987 (94)
1773 1950 1814 1976 τῶν

1047 1999 1256 2036 ἁμαρτανόντων
1272 1999 1309 2035 μὴ
1325 1999 1516 2034 παρασιωπᾷν,
1531 1998 1588 2025 ἀλλ’
1598 1998 1728 2034 ἐλέγχειν,
1741 1996 1813 2024 νουθε-

719 2054 741 2091 ζδ
757 2054 839 2091 Citat.
867 2054 1041 2087 Anaslasius,
1067 2061 1163 2091 quaest.
1179 2056 1224 2088 60,
1263 2056 1286 2072 "
1299 2055 1358 2083 Gal.
1373 2064 1405 2087 ν,
1426 2055 1454 2084 9.
1500 2055 1522 2071 "
1534 2056 1561 2082 in
1589 2055 1734 2083 Anastasio
1750 2054 1818 2089 ςυμοῖι

207 2087 231 2107 "
251 2087 340 2116 Eccle.
353 2097 381 2122 ι,
401 2090 427 2123 ί,
465 2090 488 2106 ¹⁹
504 2089 585 2118 Prov.
609 2098 685 2122 uix,
704 2089 744 2122 l2.
786 2089 808 2104 ³⁰
827 2089 921 2119 Anast.
941 2090 1037 2125 φυλακ’

1048 2087 1102 2123 eo}.
1139 2092 1161 2107 ³¹
1173 2087 1268 2119 Matth.
1292 2099 1349 2125 nl,
1362 2091 1406 2118 l3.

863 2157 1047 2186 VARIORUM
1063 2158 1180 2188 NOTE.

243 2213 298 2250 (84)
318 2215 366 2248 Ὧς
381 2214 505 2255 πατέρες
520 2215 614 2248 υἱούς.
636 2214 679 2242 Al.
705 2213 837 2255 πατέρας.
847 2214 996 2255 porrigere
1011 2226 1034 2255 ι)

1048 2217 1197 2250 Anastasii,
1219 2217 1312 2255 verba.
1329 2224 1390 2255 quae
1410 2224 1425 2243 a
1440 2217 1562 2252 margine
1581 2217 1610 2244 in
1625 2219 1727 2255 textum
1741 2214 1809 2255 irrepit

207 2249 298 2278 autem
313 2254 420 2285 oportet
435 2250 516 2277 etiam
537 2257 571 2277 ex
587 2258 653 2277 mss.
670 2256 701 2276 ac
711 2257 745 2277 ex
759 2249 870 2278 Niconis
884 2249 995 2277 ἀνεκδό-

207 2294 264 2317 τοις
274 2285 453 2317 Collectaneis
464 2292 547 2312 serm.
562 2285 607 2316 51,
620 2285 716 2312 vitium
728 2285 854 2312 lectionis
870 2285 898 2312 in
909 2285 996 2312 Anas-

207 2321 324 2349 tasianis
342 2321 551 2356 quaestionibus,
576 2319 670 2356 ὥσπερ
695 2320 780 2352 υἱούς,
801 2320 846 2348 cui
860 2321 994 2356 originem

212 2356 288 2384 dedit
303 2356 461 2383 abbreviata
475 2356 621 2389 scriptura.
635 2355 703 2382 Cor.

243 2391 298 2427 (85)
316 2391 354 2427 Ἦ
361 2390 625 2427 διὰνόωροληψίαν.
636 2390 815 2427 _Exciderunt
826 2391 884 2418 hzec
899 2398 936 2427 ex?
952 2391 993 2427 al-

207 2424 267 2464 tero
285 2424 359 2459 cod.,
374 2426 439 2464 quia
455 2433 507 2464 vos
528 2424 694 2464 antecedens
709 2426 803 2464 eodem
819 2426 909 2464 modo
921 2426 996 2452 dcsi-

208 2463 259 2490 nit.
274 2469 334 2496 qua!
348 2460 393 2489 res
409 2460 572 2496 emissiones
587 2460 743 2495 frequentes
758 2461 786 2488 in
806 2461 928 2496 antiquis
948 2469 995 2488 c0-

207 2493 316 2524 dicibus
329 2496 441 2531 peperit.
454 2493 539 2523 CLER.

254 2531 298 2565 86)
313 2530 501 2565 Μὴίτένοιτο.
516 2530 599 2558 Addit
617 2531 685 2558 alter
697 2531 736 2561 εἰς
751 2531 832 2565 ὑμᾶς.
849 2530 886 2558 In.

254 2565 306 2628 87)l
321 2565 521 2600 Ἀνέλεγ-κτος.
546 2565 668 2602 Uterque
682 2565 743 2593 cod.
759 2565 840 2594 Vind.
854 2565 995 2606 ἀνεξέλεγ-

254 2610 280 2628 κ.
309 2609 335 2628 D.

208 2609 280 2633 κτος.
297 2609 335 2629 In.

256 2637 300 2669 88)
317 2637 458 2669 Ἄλλους.
475 2635 550 2665 Alter
563 2635 729 2669 ἀλλήλους.
747 2637 784 2664 lo.

256 2640 290 2664 88
317 2640 458 2669 Ἀλλους.
475 2640 550 2665 Alter
563 2640 729 2669 ἀλλήλους.
747 2640 784 2664 lo.

245 2640 300 2710 iss;
314 2671 462 2710 Διαηομῂν
475 2672 630 2710 ᾴαμϐάγει.
641 2672 720 2710 _Alter
763 2671 831 2710 νομὴ
846 2671 935 2710 τέρπει,
949 2671 995 2698 de-

209 2706 295 2742 pastio
312 2706 403 2741 serpit.
418 2707 495 2742 Νομή
511 2706 551 2735 est
564 2707 664 2735 ulceris
678 2706 835 2738 virulentia,
851 2706 904 2741 qua
920 2706 950 2733 ﬁt
964 2710 994 2733 ut

209 2742 373 2778 depascatur
385 2742 500 2778 vicinam
525 2750 647 2774 carnem,
664 2743 797 2777 serpendo
820 2749 993 2778 quaquaver-

211 2776 270 2809 sus,
293 2778 347 2805 ἀπὸ
361 2777 407 2804 τοῦ
422 2776 562 2812 νέμεσθαι
578 2778 693 2812 depasci.
707 2776 799 2812 itaque
815 2779 854 2809 εἰς
864 2777 994 2813 ἀλλήλους

210 2814 278 2854 νομὴ
292 2814 371 2854 ἕρπει
385 2817 441 2854 εει,⁸
455 2814 525 2854 virus
547 2814 626 2854 serpit
639 2814 768 2845 vicissim;
784 2814 835 2840 hoc
849 2817 902 2846 est,
925 2812 993 2840 alios

211 2849 257 2875 alii
272 2848 347 2875 vitiis
362 2849 420 2875 suis
436 2848 570 2880 inliciunt.
588 2848 624 2876 In.

246 2884 301 2919 (90)
325 2883 471 2920 Πλήρωμα
486 2883 657 2920 φιιράματος
679 2884 772 2913 δολοῖ.
789 2883 865 2913 Tolle
880 2891 895 2912 e
915 2882 993 2912 libris

1049 2260 1120 2284 sere,
1133 2247 1247 2287 quaeque
1261 2247 1345 2279 etiam'
1358 2252 1458 2279 absunt
1470 2259 1485 2278 a
1498 2247 1564 2279 mss.
1578 2257 1696 2287 suntque
1708 2247 1807 2287 Apostoli

1047 2287 1057 2314 l
1073 2287 1136 2314 Cor.
1149 2295 1177 2319 v,
1190 2287 1217 2319 6,
1229 2291 1256 2314 et
1267 2286 1326 2314 Gal.
1343 2296 1370 2318 ν,
1383 2287 1407 2317 9,
1425 2287 1484 2313 ὅλον
1498 2287 1528 2314 τὸ
1537 2287 1651 2320 φύραμα
1665 2286 1748 2320 ζυμοτ.
1761 2283 1807 2310 Pan

1095 2295 1136 2314 or.
1149 2295 1177 2319 v,
1190 2295 1217 2319 ο,
1229 2295 1256 2314 et
1267 2295 1326 2314 bal.
1343 2296 1370 2318 ν,
1383 2295 1407 2317 υ,
1425 2295 1484 2313 οΑον
1498 2295 1528 2314 το
1537 2295 1651 2319 φυραμα
1665 2295 1748 2319 ςυμοι.

1048 2295 1057 2314 I
1073 2295 1136 2314 Lor.
1149 2295 1177 2319 v,
1190 2295 1217 2319 ι),
1229 2295 1256 2314 et
1267 2295 1326 2314 bal.
1343 2296 1370 2318 ν,
1383 2295 1407 2317 υ,
1425 2295 1484 2313 οΛον
1498 2295 1528 2314 το
1537 2295 1651 2322 φυραμα
1665 2295 1748 2320 ςυμοι.
1761 2295 1807 2310 rarl

1048 2323 1128 2349 modo
1145 2323 1225 2350 iidem
1237 2323 1346 2356 codices
1353 2322 1427 2354 Regii
1439 2325 1533 2356 postea
1545 2322 1645 2350 melius
1658 2321 1760 2349 habent.
1770 2327 1807 2356 χιιι-

1047 2357 1150 2392 ρισθέν,
1172 2360 1202 2384 ut
1234 2353 1450 2385 Constitutioites'.
1473 2357 1524 2390 Qui
1546 2361 1636 2384 autem
1661 2353 1806 2392 sequitur‘in

1046 2390 1203 2420 Anastasio.
1227 2391 1381 2419 Salomonis
1403 2393 1490 2422 locus.
1509 2400 1540 2418 ex
1560 2396 1635 2426 parte
1647 2392 1741 2426 petitus
1752 2390 1806 2426 este

1043 2426 1267 2455 Constitutionum
1293 2427 1340 2454 lib.
1353 2434 1386 2464 ll.
1406 2428 1508 2464 ca_p.‘9.
1523 2426 1638 2464 Reliqua
1655 2433 1716 2464 vero
1734 2428 1805 2464 enim:

1046 2464 1243 2493 Anastasiana.
1272 2471 1325 2489 non
1353 2459 1448 2489 inveni
1474 2462 1501 2488 in
1527 2459 1632 2489 nostris
1658 2459 1803 2497 Diataxibus.

1045 2497 1115 2525 Cor.
1127 2497 1197 2524 —ln
1207 2498 1292 2525 altero
1299 2497 1359 2524 cod.
1370 2497 1523 2524 Vindobon.
1532 2497 1631 2532 legitur
1644 2496 1729 2531 πλήρη
1739 2500 1804 2528 φωρι-

1047 2541 1129 2568 ματα,
1145 2541 1199 2559 non
1215 2534 1295 2560 male.
1311 2532 1395 2568 (Σιενιι.

1081 2561 1135 2603 (91')
1154 2568 1188 2594 Τὸ
1201 2569 1310 2602 μύσος.
1333 2567 1415 2603 Addit
1439 2567 1508 2594 alter
1530 2564 1749 2603 πολλάκιςΝοτίο
1760 2572 1769 2603 εν
1780 2561 1803 2588 ιιι

1046 2599 1131 2630 totam
1143 2599 1245 2637 gentem
1258 2603 1342 2629 scelus
1356 2602 1474 2632 inducit;
1490 2603 1541 2629 hoc
1555 2607 1607 2634 est,
1625 2609 1684 2629 eam
1697 2599 1728 2627 ad
1743 2599 1802 2625 latro

1046 2638 1194 2666 cinandum
1209 2638 1334 2672 exemplo
1349 2637 1461 2671 pellicit.
1477 2637 1516 2663 In.

1147 2671 1304 2710 Προσᾴψῄ.
1320 2672 1395 2699 Alter
1410 2672 1586 2710 poddn;tqt._
1595 2671 1634 2710 In.

1080 2704 1135 2744 (95)
1153 2704 1555 2744 Kalpdi‘lipwnor.fuerint
1575 2707 1653 2744 ἡμεῖς
1670 2704 1799 2744 ἄνθρωπφύ

1045 2738 1091 2770 nos
1103 2738 1202 2779 quicque
1213 2738 1341 2770 hominem
1354 2744 1386 2769 ab
1402 2741 1533 2773 Ecclesia,
1549 2738 1602 2769 etc.
1618 2740 1692 2774 Quod
1702 2738 1748 2766 non
1759 2738 1790 2763 dis

1065 2779 1138 2805 licet.
1156 2779 1194 2804 In.

1045 2787 1138 2876 wgf-ii).
1239 2813 1379 2841 Omittitur
1394 2821 1422 2840 in
1435 2812 1532 2846 altero,
1547 2819 1694 2848 perperam.
1710 2805 1793 2836 'Eriliii

1045 2856 1074 2876 es
1103 2857 1174 2876 craa.
1202 2857 1228 2876 υ.

1045 2853 1085 2877 est
1103 2857 1174 2886 erga.
1191 2853 1228 2878 lu.
