1893 3109
64 154 110 182 ϐἳθ

508 146 806 176 CONSTITUTIONES
824 145 1163 174 APOSTOLICIE.—LIB.
1181 145 1214 171 II.

1615 143 1668 173 030

61 211 119 241 τεῖν,
139 207 304 240 ὐποπιέζειν,
327 205 435 234 πιὸοὖν
452 205 603 240 νηστείαις,
623 205 697 235 ὅπως
715 203 762 230 καὶ
780 203 835 234 τοίς

891 202 1059 230 conniventia
1082 209 1114 228 ac
1151 200 1261 229 silentio
1290 199 1444 235 praaterire;
1465 200 1588 235 quinimo
1622 209 1667 228 ar-

62 257 155 291 ἑτέροις
167 254 306 283 εὐλάϐειαν
325 253 472 288 ἐμποιήσῃ.
490 261 499 277 1
518 251 646 282 Εὺλαὸεῖς
664 250 727 285 γὰρ,
744 249 834 285 φησὶν,

62 303 181 338 ποιήσατε
193 302 256 332 τοὺς
269 301 343 331 υἱοὺς
363 298 480 334 Ἰσραήλ.
499 307 509 324 ι
525 297 587 333 Χρὴ
600 296 655 333 γὰρ
668 296 713 323 τὸν
727 295 837 322 ἐπίσκο-

62 356 103 374 πον
118 348 161 375 καὶ
172 347 217 373 τὸν
231 345 370 382 ἁμαρτιῶν
385 344 508 380 κωλυτὴν
522 343 566 370 διὰ
579 343 628 378 τῆς
642 342 781 373 νουθεσίας
795 341 836 375 γί-

65 395 156 426 ιεσθαι,
174 393 220 420 καὶ
239 393 289 428 τῆς
311 390 484 425 δικαιοσύνης
504 389 614 421 σκοπὸν,
632 389 678 415 καὶ
698 387 750 414 τῶν
768 388 837 423 ἡτοι-

65 441 198 477 μασμένων
216 438 270 466 ὑπὸ
287 436 355 464 Θεοῦ
375 436 484 471 ἀγαθῶν
503 436 622 471 κήρυκα,
643 434 688 461 καὶ
705 433 754 469 τῆς
775 433 836 468 μελ-

64 487 150 521 λούσης
162 485 245 521 ὀργῆς
259 485 288 511 ἐν
301 484 336 519 τῇ
350 483 439 519 κρίσει
451 481 639 516 διαγγελτῆρα-
655 480 729 511 ὅπως
741 479 778 514 μὴ
791 487 838 505 κα-

63 531 219 567 ταφρονήσας
236 530 286 566 τῆς
308 529 355 556 τοῦ
379 527 446 555 Θεοῦ
469 527 644 563 φυτουργίας,
667 525 771 560 ἀκούσῃ
793 524 836 551 διὰ

65 578 189 613 ἀμέλειαν,
203 576 233 603 τὸ
248 577 278 603 ὲν
293 575 332 611 τῷ
352 575 430 610 Ὠσηὲ
444 573 599 610 εἰρημένον·
618 582 627 598 1
642 572 700 599 Ἵνα
712 571 738 598 τί
752 579 836 606 παρε-

65 624 204 660 σιιινιτήσατε
217 622 356 655 ἀσέϐειαν,
384 621 431 648 καὶ
443 620 489 648 τὸν
503 619 609 656 καρπὸν
623 619 707 654 αὐτῆς
721 618 835 653 ἐτρυγή-

67 678 130 704 cura;
147 679 156 696 ι

305 745 501 773 ΚΕΦΑΔΑΙΟΝ
520 746 573 771 IH'.

66 816 120 842 Ὀτι
132 815 186 850 χρὴ
199 815 255 842 τὸν
268 814 439 850 ἐπίσκοπα
450 812 624 850 φροντίζεινς,
640 812 718 845 ὅπως
732 813 752 850 ὁ.
762 812 837 845 λαὸς

107 847 155 884 μὴ’
161 847 334 885 ςίλημμελῇ,
349 849 398 877 διὰ
411 848 444 876 τὸ
452 847 534 876 εἶναι
548 847 641 875 αὑτὸν
654 847 780 874 σκοπόν.

94 919 195 946 Πάντων
210 916 257 945 οὖν
272 916 438 953 φροντιζέτω
451 917 466 943 ὁ
485 916 644 947 ἐπίσκοπος,
663 914 777 942 καὶτῶν
800 914 837 950 μὴ

66 965 259 1000 ἡμαρτηκότων,
280 964 325 990 ἵνα
349 963 476 998 μείνωσιν
499 961 696 998 ἀναμάρτητοι,
723 960 838 987 καὶτῶν

67 1011 271 1046 ἁμαρτανόντων,
293 1009 338 1036 ἴνα
357 1008 516 1044 μετανοῶσι.
535 1008 616 1042 Λέγει
633 1007 688 1043 γὰρ
706 1008 720 1034 ὁ
738 1006 838 1042 Κύριος

67 1057 125 1093 πρὸς
141 1057 210 1092 ὑμᾶς
228 1055 296 1091 (95)·
325 1064 335 1081 1
359 1055 454 1090 Ὁρᾶτε
477 1054 516 1090 μὴ
534 1054 757 1089 καταφρονήσητε
779 1053 839 1084 ἐνὸς

66 1104 111 1130 τῶν
123 1103 222 1139 μικρῶν
234 1102 348 1129 τούτων.
361 1110 370 1126 ι
386 1101 441 1128 Καὶ
456 1100 511 1137 (96)
525 1101 581 1132 τοῖς
592 1099 764 1136 μετανοοῦσιν
778 1099 840 1133 ἀφε-

68 1158 103 1176 σιν
114 1149 206 1176 διδόναι
220 1149 285 1184 χρὴ.
303 1148 335 1174 Ἀ
341 1156 378 1183 μα
390 1146 445 1182 γὰρ
457 1146 496 1182 τῷ
511 1147 597 1173 εἰπεῖν
611 1154 673 1173 τινα
686 1145 739 1172 τῶν
753 1145 839 1180 πλημ-

68 1195 226 1231 μελησάντων
244 1194 347 1229 γνησίᾳ
365 1193 496 1220 διαθέσει·
514 1201 524 1218 1
548 1191 711 1228 Ἠμάρτηκα
728 1190 767 1226 τῷ
783 1191 839 1217 Κυ-

69 1241 123 1277 ρίῳξ
142 1250 150 1267 ι
165 1240 341 1276 ἀποκρίνεται
355 1239 385 1265 τὺ
402 1239 479 1274 ἆγιον
492 1237 619 1273 Πνεῦμα·
642 1246 652 1263 1
670 1237 725 1264 Καὶ
738 1236 839 1272 Κύριος

67 1286 145 1322 ἀφῆκέ
157 1296 195 1314 σοι
207 1287 257 1322 τὴν
273 1285 420 1322 ἁμαρτίαν,
436 1284 541 1320 θάρσει,
556 1285 586 1311 οὺ
604 1283 641 1320 μὴ
659 1283 807 1320 ἀποθάνῃς.
827 1292 836 1308 ›

68 1332 172 1369 Γνὼριζε
184 1331 240 1366 οὖν,
254 1329 279 1358 ὧ
293 1332 435 1363 ἐπίσκοπε,
449 1331 480 1357 τὸ
493 1330 601 1366 ἀξίωμά
616 1338 673 1361 σου,
688 1329 728 1356 ὅτι
741 1329 779 1360 ὡς
791 1328 838 1356 τοῦ

67 1379 160 1414 δεσμεῖν
173 1378 323 1415 ὲκληρώσω
336 1378 384 1414 τὴν
398 1377 533 1410 ἐξουσίαν,
548 1376 619 1402 οὕτω
633 1376 680 1403 καὶ
693 1375 740 1402 τοῦ
755 1374 836 1401 λύειν.

73 1425 197 1458 Ἐξουσίαν
210 1424 258 1452 οὖν
273 1425 343 1460 ἔχων
356 1423 403 1451 τοῦ
421 1423 505 1455 λύειν,
520 1421 635 1458 γνώριζε
650 1422 772 1453 σεαυτὸν,
792 1421 838 1448 καὶ

67 1471 139 1503 ἀξίως
150 1471 194 1498 τοῦ
207 1471 292 1498 τόπου
308 1479 354 1497 σου
368 1471 397 1496 ἐν
409 1469 476 1505 τῷδε
488 1469 527 1504 τῷ
542 1468 591 1504 βίῳ
605 1467 785 1503 ἁναστρέφου,
798 1467 837 1493 εί-

68 1517 112 1549 δὼς
119 1518 157 1544 ὅτι
164 1518 272 1545 πλείονα
279 1516 360 1548 αὐτὸς
367 1515 539 1551 ἀπαιτηθήσῃ
548 1514 592 1541 τὸν
603 1514 693 1548 λόγον·
704 1522 713 1539 1
724 1509 760 1546 ᾯ
772 1512 837 1548 γὰρ,

69 1563 135 1598 φησὶ,
143 1563 290 1600 παρέθεντο
298 1562 375 1595 πολὺ,
387 1561 578 1597 περισσότερον
587 1560 837 1595 ἀπαιτήσουσιπαρ¹

69 1608 150 1636 αὑτοῦ.
168 1619 177 1635 ι
204 1608 408 1645 Ἀναμάρτητος
428 1608 476 1643 μὲν
500 1606 556 1643 γὰρ
579 1605 729 1642 ἀνθρώπων
751 1604 838 1636 οὐδεὶς

69 1654 145 1690 παρὲξ
160 1654 204 1682 τοῦ
226 1654 373 1690 γενομένου
395 1654 428 1680 δι’
443 1653 515 1688 ἡμᾶς
537 1651 678 1687 ἀνθρώπου
689 1660 695 1666 ·
720 1651 781 1677 ἐπεὶ
793 1651 839 1685 γέ-

69 1709 188 1736 γραπται·
206 1710 215 1728 1
233 1701 330 1732 Οὐδεὶς
343 1699 463 1735 καθαρὸς
484 1699 538 1726 ἀπὸ
554 1698 651 1734 ῥύπου,
674 1698 727 1724 οὐδ’
742 1697 775 1724 ἂν
791 1697 840 1733 μία

69 1747 149 1783 ἡμέρα
162 1746 214 1783 (97)
235 1748 253 1782 ἡ
268 1746 326 1781 ζωὴ
339 1744 431 1773 αὐτοῦ.
451 1754 461 1771 ι
478 1744 527 1771 Διὰ
545 1743 624 1771 τοῦτο
636 1744 683 1770 καὶ
701 1743 754 1769 τῶν
774 1752 841 1779 προ-

69 1793 243 1829 γεγενημένων
259 1792 316 1827 (98)
329 1791 441 1819 δικαίων
454 1799 484 1817 τε
499 1791 545 1817 καὶ
559 1789 735 1826 πατριαρχῶν
749 1790 774 1816 οί
789 1789 840 1824 βίοι

71 1839 110 1864 καὶ
129 1839 154 1865 αι
176 1838 344 1874 ἀναστροῳαὶ
363 1837 571 1873 ἀνεγράφησαψ
595 1836 643 1871 οὐχ
665 1836 708 1863 ἵνα
721 1836 842 1867 ἐκείνους

69 1883 226 1920 ὀνειδίζωμεν
253 1882 495 1918 ἀναγινώσκοντες,
523 1883 579 1909 ἀλλ’
596 1882 642 1909 ἴνα
662 1882 741 1917 ἡμεῖς
761 1889 841 1917 μετα-

70 1929 171 1966 νοῶμεν,
190 1932 235 1958 καὶ
254 1930 393 1961 εὐέλπιδες
406 1928 547 1965 γενώμεθα
565 1928 604 1960 ὡς
617 1927 738 1962 ἀφέσεως
751 1927 842 1959 τευξὸ-

71 1985 145 2011 μενοι.
159 1977 198 2004 Τὰ
210 1977 266 2013 γὰρ
281 1977 393 2003 ἐκείνων
407 1975 491 2011 ρύπη,
506 1973 629 2010 ἡμετέρα
649 1973 782 2007 ἀσφάλεια
795 1974 842 2000 καὶ

852 1543 872 1571 C

71 2023 224 2058 παραίνεσις,
244 2023 286 2050 ὃτι
300 2023 346 2049 καὶ
364 2022 444 2057 ἡμεῖς
457 2020 672 2056 ἁμαρτήσαντες,
692 2018 740 2045 ἐὰν
759 2027 841 2054 μετα-

70 2069 206 2105 νοήσωμεν,
218 2068 383 2104 συγγνώμην
392 2066 487 2102 ἕξομεν
497 2075 503 2081 -
516 2066 577 2092 ἐπεὶ
588 2066 754 2101 γέγραπται·
773 2074 782 2090 1
794 2065 842 2096 Τίς

71 2117 221 2152 καυχήσεται
243 2115 328 2150 ἁγνὴν
347 2114 418 2149 ἐχειν
435 2114 485 2149 τὴν
502 2113 623 2149 καρδίαν,
642 2112 659 2147 ἢ
672 2112 714 2144 τίς
732 2112 841 2147 παρρη-

72 2160 179 2188 σιάσεται
201 2161 320 2196 καθαρὸς
336 2157 405 2187 εἶναι
419 2159 473 2187 ἀπὸ
491 2159 642 2195 ἁμαρτίας;
662 2167 671 2184 ι
688 2158 781 2189 Οὐδεὶς
796 2156 843 2184 οὖν

886 257 978 284 guere,
1002 255 1124 279 monere,
1153 247 1343 281 comprimere,
1368 245 1481 280 jejuniis
1509 254 1667 281 macerare,

886 303 941 330 quo
965 295 1056 323 caeteri
1072 295 1106 323 ad
1130 295 1182 323 sibi
1198 294 1348 322 cavendum
1367 293 1551 321 inducantur:
1573 302 1583 320 1
1602 293 1671 321 Cau-

887 345 929 369 tos
953 342 1037 374 enim,
1060 340 1159 376 inquit,
1183 340 1266 367 facile
1283 339 1354 367 ﬁlios
1378 340 1488 367 Israelis
1514 340 1561 365 ι’.»
1588 339 1670 368 Decet

887 387 987 422 quippe
1016 387 1177 423 episcopum
1196 386 1357 414 delictorum
1386 386 1600 421 propulsatorem
1622 394 1670 420 per

887 432 1099 461 admonitionem
1122 432 1328 468 eiIici,justiti:e
1350 432 1560 468 speculatorem,
1583 432 1670 459 bono-

886 487 947 507 rum
963 487 978 507 a
992 479 1047 507 Deo
1070 484 1281 514 prwparatorum
1297 486 1459 514 praeconem,
1475 483 1503 506 et
1526 478 1624 505 futurae
1642 480 1671 506 in

884 526 989 561 judicio
1003 526 1046 553 ira
1059 525 1293 558 denuntiatorem;
1314 532 1347 552 ne
1363 528 1517 559 contempta
1534 523 1579 551 Dei
1594 524 1672 559 plau-

887 572 989 599 tatione
1013 572 1116 604 audiat,
1134 575 1244 607 propter
1267 570 1473 606 negligentiam,
1497 569 1570 604 quod
1598 570 1670 604 apud

886 616 984 645 Oscam
998 617 1101 644 dictum
1116 621 1158 645 est
1176 627 1181 644 :
1201 625 1211 642 1
1230 616 1301 650 Quid
1318 616 1467 644 reticuistis
1483 616 1649 651 impietatem
1661 636 1668 648 ,

886 667 914 690 et
926 662 1045 690 fructum
1060 663 1135 690 illius
1150 662 1338 691 vindemiastis
1375 657 1426 688 '3?-

1165 740 1279 769 CAPUT
1299 740 1391 768 XVIII.

888 810 963 844 Quod
972 815 1069 844 oportet
1094 810 1242 844 episcopum
1257 817 1359 839 curare.
1372 817 1403 835 ne
1416 814 1500 842 peccet
1515 807 1596 843 plebs,
1608 808 1670 843 quia

1137 845 1190 879 ipse
1203 850 1241 872 est
1255 844 1414 879 speculator.

925 913 1052 941 Omnium
1076 913 1168 948 itaque
1188 919 1282 940 curam
1304 911 1403 939 habeat
1422 911 1587 946 episcopus;
1612 913 1671 938 tum

889 971 983 991 eorum
998 964 1044 998 qui
1066 970 1122 990 non
1144 966 1302 998 peccarunt,
1327 966 1356 988 ut
1378 961 1448 989 tales
1467 968 1529 988 esse
1544 968 1671 996 perseve-

890 1017 966 1048 rent;
989 1017 1049 1041 tum
1071 1020 1167 1041 eorum
1191 1012 1237 1048 qui
1261 1011 1444 1047 deliquerunt,
1459 1015 1488 1038 ut
1510 1010 1671 1046 poenitentia

890 1065 1034 1093 ducantur.
1049 1064 1090 1091 Ad
1105 1071 1154 1091 vos
1167 1064 1239 1091 enim
1253 1063 1320 1091 dicit
1332 1061 1464 1090 Dominus
1481 1070 1489 1088 ι
1507 1070 1516 1086 1
1531 1060 1627 1088 Videte
1636 1069 1671 1088 ne

890 1116 1071 1144 contemnatis
1084 1122 1167 1142 unum
1179 1122 1213 1142 ex
1225 1113 1268 1141 his
1283 1113 1391 1149 pusillis
1401 1112 1433 1140 ".
1449 1122 1457 1138 1
1471 1111 1672 1140 Ρωιιίιειιιὶϋιιε

890 1170 981 1194 autem
995 1166 1074 1193 venia
1089 1164 1263 1192 concedenda
1279 1167 1330 1191 est.
1347 1162 1414 1190 Nam
1432 1162 1513 1190 simul
1529 1169 1560 1189 ac
1575 1169 1672 1197 pecca-

889 1222 933 1245 tor
947 1218 1082 1253 quispiam
1106 1217 1215 1244 sincero
1235 1215 1332 1243 affectu
1348 1214 1533 1250 pronuntiavit
1550 1223 1557 1241 :
1575 1222 1584 1239 1
1607 1212 1672 1240 Pec-

890 1269 950 1297 cavi
971 1268 1102 1300 Domino;
1122 1277 1131 1293 ι
1150 1266 1268 1302 Spiritus
1292 1268 1404 1293 sanctus
1427 1263 1593 1299 respondet:
1612 1271 1621 1288 1
1640 1262 1674 1290 Et

891 1320 1022 1347 Dominus
1030 1319 1135 1347 remisit
1143 1317 1192 1345 tibi
1205 1320 1346 1353 peccatum
1356 1325 1363 1350 ;
1374 1315 1490 1347 conﬁde,
1507 1323 1561 1342 non
1573 1315 1673 1343 morie-

889 1367 929 1395 ris
939 1366 972 1394 ³⁸.
993 1375 1002 1393 ›
1020 1366 1143 1401 Agnosco
1153 1364 1245 1399 igitur,
1262 1364 1400 1398 episcope,
1411 1362 1569 1398 dignitatem
1581 1365 1672 1395 tuam;

889 1413 962 1450 quod
979 1413 1051 1440 sicut
1063 1411 1177 1439 sortitus
1189 1418 1219 1437 es
1231 1413 1392 1445 potestatem
1408 1407 1518 1444 ligandi,
1532 1407 1569 1434 ita
1580 1410 1607 1435 et
1617 1408 1671 1435 sol-

889 1459 979 1487 vendi.
995 1457 1129 1491 Quocirca
1143 1459 1275 1491 potestate
1289 1453 1446 1483 absolvendi
1467 1453 1606 1488 praeditus,
1626 1461 1673 1480 co-

889 1513 991 1541 gnosce
1005 1504 1136 1541 teipsum,
1151 1507 1178 1530 ct
1193 1502 1353 1536 condignam
1377 1501 1437 1528 loco
1451 1504 1498 1527 tuo
1513 1500 1594 1527 vitam
1611 1507 1671 1534 age,

890 1560 945 1580 non
964 1551 1069 1579 inscius
1089 1549 1162 1586 quod
1187 1549 1318 1583 majorem
1342 1547 1494 1582 reposceris
1519 1546 1670 1573 rationem:

892 1607 901 1624 1
917 1599 967 1626 Cui
981 1597 1064 1630 enim,
1080 1596 1177 1631 inquit,
1192 1593 1451 1623 commendaverunt
1463 1593 1588 1624 multum,
1611 1592 1673 1627 plus

889 1648 979 1682 petent
995 1644 1029 1672 ab
1041 1651 1074 1671 eo
1099 1643 1147 1668 "-o
1162 1641 1259 1668 Nullus
1273 1639 1408 1675 siquidem
1421 1638 1560 1666 hominum
1576 1645 1674 1672 expers

889 1690 993 1727 peccati
1008 1689 1153 1724 reperitur,
1164 1692 1260 1723 praeter
1274 1694 1336 1714 eum
1350 1685 1397 1720 qui
1408 1687 1519 1720 propter
1532 1691 1582 1711 uos
1593 1684 1675 1710 homo

891 1739 980 1766 factus
998 1740 1050 1768 est,
1075 1735 1218 1770 Scriptura
1241 1733 1368 1760 dicente:
1389 1741 1398 1757 1
1416 1730 1513 1758 Nullus
1527 1730 1645 1758 mundus
1659 1738 1675 1757 a

891 1785 982 1816 sorde,
1005 1791 1093 1820 neque
1112 1782 1135 1810 si
1158 1789 1230 1809 unus
1248 1780 1306 1807 dies
1322 1779 1376 1806 vita
1392 1778 1464 1806 illius
1488 1778 1537 1802 ³⁷η
1562 1776 1676 1812 Propter

892 1833 944 1859 hoc
953 1831 1089 1866 justorum
1103 1836 1136 1856 ac
1147 1827 1364 1864 patriarcharum
1375 1825 1420 1860 qui
1431 1824 1495 1851 olim
1509 1824 1673 1856 ﬂoruerunt,

893 1881 970 1905 actus
983 1880 1010 1904 et
1025 1883 1116 1903 mores
1130 1873 1279 1908 conscripti
1293 1875 1373 1905 sunt;
1388 1879 1444 1899 nou
1458 1870 1567 1905 quidem
1583 1873 1612 1896 ut
1623 1870 1676 1904 piis

892 1923 1060 1953 hominibus.
1076 1921 1139 1948 dum
1155 1920 1280 1955 legimus,
1303 1918 1386 1945 vitam
1401 1915 1612 1951 exprobremus;
1629 1915 1676 1943 sed

893 1975 922 1997 ut
939 1977 990 1996 nos
1010 1971 1185 2003 peccatorum
1207 1968 1364 1993 nostrorum
1384 1963 1524 1998 pceniteat,
1542 1965 1625 1996 utque
1649 1961 1676 1988 in

893 2020 995 2044 certam
1010 2013 1183 2042 remissionis
1204 2009 1388 2046 adipiscendae
1402 2016 1478 2044 spem
1501 2007 1674 2035 inducamur.

894 2062 1003 2089 Illorum
1027 2059 1100 2088 enim
1114 2059 1182 2086 naavi
1202 2061 1296 2085 nostra
1318 2055 1451 2083 securitas
1475 2057 1502 2081 et
1524 2053 1676 2080 consolatio

894 2112 968 2140 sunt,
981 2106 1052 2143 quod
1070 2113 1120 2133 nos
1133 2111 1253 2140 quoque,
1269 2102 1292 2130 si
1308 2102 1343 2130 de
1360 2100 1480 2137 peccatis
1495 2099 1597 2127 nostris
1612 2106 1675 2134 ege-

894 2156 980 2182 rimus
999 2151 1197 2189 pmmtentiam,
1213 2149 1292 2177 venia
1307 2148 1485 2180 donabimur;
1505 2145 1677 2181 quandoqui-

71 2206 255 2244 ἀναμάρτητος.
271 2194 308 2234 Σὺ
322 2205 368 2234 οὖν
381 2206 452 2234 κατὰ
464 2194 588 2241 δύναμιν,
605 2204 738 2237 σπούδαζε
752 2204 838 2231 ἀνεπί-

895 2201 956 2229 dem
981 2199 1112 2234 scriptum
1128 2201 1191 2225 est:
1220 2205 1229 2221 1
1244 2195 1310 2229 Quis
1333 2194 1493 2229 gloriabitur
1517 2196 1623 2219 castum
1648 2198 1678 2218 se

71 2239 160 2288 λητιίεος
173 2239 249 2281 είναι·
279 2254 326 2280 καὶ
343 2253 407 2288 περὶ
425 2239 538 2279 πάντων.
553 2251 681 2287 μερίμνα,
702 2251 739 2286 μὴ
753 2250 798 2277 διὰ
812 2250 838 2276 σέ

894 2248 995 2276 habere
1013 2253 1078 2279 cor;
1099 2247 1146 2270 aut
1165 2243 1227 2278 quis
1248 2241 1365 2269 conﬁdet
1387 2239 1517 2267 mundum
1542 2245 1572 2265 se
1587 2244 1647 2264 esse
1662 2244 1676 2263 a

71 2306 107 2330 τις
119 2299 315 2331 σκανδαλισῧεὶς
329 2299 471 2334 ἀπόληται.
492 2299 520 2324 '0
534 2297 588 2332 γὰρ
601 2297 692 2328 λαῖκὺς
706 2296 770 2332 περ)¹
783 2297 844 2322 ἑαυ-

72 2343 112 2371 τοῦ
127 2345 203 2380 μόνου
225 2345 355 2381 μεριμνᾷ,
377 2345 408 2371 σὺ
429 2344 456 2370 δὲ
475 2344 539 2379 περὶ
557 2343 676 2374 πάντων,
691 2342 729 2374 ὡς
752 2342 842 2368 πλεῖον

894 2297 1007 2330 peccato
1035 2292 1084 2318 ³⁸2»
1100 2290 1185 2318 Nemo
1206 2289 1289 2325 igitur
1303 2288 1406 2323 absque
1429 2289 1543 2321 peccato
1557 2287 1609 2311 cst.
1635 2282 1676 2309 Tu

894 2329 970 2373 vero,
985 2337 1075 2375 quoad
1092 2342 1178 2373 potes,
1193 2335 1347 2369 inculpatus
1366 2340 1427 2360 esse
1442 2330 1522 2359 stude
1533 2334 1559 2358 et
1574 2329 1608 2356 de
1619 2336 1677 2355 om-

104 2434 192 2463 "ch.
217 2444 262 2468 xv,
285 2436 330 2463 5|.
368 2435 391 2451 ³³
408 2434 471 2463 Ose.
485 2444 511 2466 Χ,
529 2435 572 2464 I3.
589 2435 668 2468 juxta
682 2433 768 2461 LXX.
807 2433 829 2448 ”
842 2431 936 2459 Matth.
955 2437 1032 2460 xvm.
1049 2429 1093 2456 ‘lO.
1132 2426 1265 2461 “lllleg.
1283 2433 1332 2456 xu,
1348 2424 1390 2452 l3.
1434 2423 1457 2438 "
1471 2421 1536 2449 Luc.
1558 2427 1606 2451 xu,
1630 2419 1674 2445 48-

81 2475 99 2490 ³⁷
135 2470 250 2505 Jobxlv,
268 2471 334 2503 4,1'u
353 2470 439 2497 LXX.
477 2471 500 2486 ³⁸
515 2469 596 2497 Prov.
616 2477 662 2501 xx,
679 2469 706 2496 υ.

708 2563 890 2593 VARIORUM
905 2561 1020 2591 NOTIE.

75 2660 253 2726 “ﬁacgﬁc
273 2658 360 2694 ὑμᾶς.
383 2658 459 2686 Alter
483 2657 563 2685 Vind.
586 2656 647 2684 cod.
670 2656 698 2681 ὲν
719 2654 841 2687 Εὐαγγε-

117 2730 157 2762 96)
170 2731 232 2757 Kal.
248 2730 332 2760 Alter,
348 2728 456 2760 οὐκοῦν,
469 2736 541 2763 ergo.
556 2727 594 2763 Io.

116 2760 157 2799 9T)
170 2766 227 2792 Μία
247 2764 350 2799 ἡμέρα.
366 2764 440 2791 Alter
462 2760 523 2790 cod.
547 2761 610 2797 μιᾶς
623 2760 743 2799 ὴμέρας,
765 2766 842 2794 reque

79 2796 153 2828 bene;
167 2800 219 2827 imo
235 2796 341 2828 maius.
359 2798 484 2833 quamvis
499 2796 608 2832 vulgata
622 2796 703 2823 lectio
717 2796 753 2822 sit
773 2803 840 2821 con-

80 2838 196 2862 sentanea
209 2835 273 2862 edit.
288 2834 359 2862 LXX
373 2833 436 2860 lutt.
452 2834 489 2860 In.

109 2870 158 2900 (98)
173 2870 221 2897 Διὰ
241 2870 327 2898 τοῦτο
345 2869 393 2897 καὶ
413 2868 471 2896 τῶν
494 2865 763 2902 προγεγεντυιέιηων,
785 2868 837 2892 etc.

896 2652 977 2686 Lege,
993 2651 1015 2678 si
1031 2653 1121 2679 vacat.
1133 2657 1194 2686 quae
1208 2648 1234 2674 in
1249 2647 1320 2686 hanc
1335 2645 1497 2686 sententiam
1521 2645 1679 2686 edisseruu-

894 2679 1024 2721 turuapud
1041 2679 1151 2721 sanctos
1166 2684 1278 2721 Patres.-
1290 2682 1419 2721 Irenaeum
1437 2680 1484 2721 l_ib.
1502 2688 1540 2711 Iv,
1557 2687 1618 2719 cap.
1630 2679 1677 2706 45;

893 2715 1238 2757 Chrysustomuipthen)“.
1254 2717 1293 2757 iis
1315 2716 1468 2757 poenitentia
1488 2721 1518 2757 ’ξι
1541 2715 1676 2757 gratique,

893 2749 959 2785 tum:
980 2755 1004 2786 l;
1023 2749 1165 2781 hour-Lai)
1203 2754 1230 2779 iu
1251 2749 1380 2780 Genesim,
1397 2755 1474 2786 tom.)
1487 2750 1524 2781 Il;
1541 2749 1635 2786 holnil.
1649 2749 1675 2774 iu

892 2783 1024 2826 psalmum
1037 2798 1062 2826 ι..
1073 2794 1140 2826 tom.
1154 2788 1187 2814 Ill
1198 2797 1205 2819 ;
1217 2787 1434 2826 et‘z_\uguslinuul
1447 2785 1537 2826 lib.nm
1564 2783 1602 2810 De
1614 2783 1676 2826 doc:

892 2819 963 2853 irino
979 2824 1143 2853 Christiana,
1160 2831 1219 2856 cap.
1236 2822 1280 2854 ‘25,
1298 2819 1379 2856 atque
1400 2820 1468 2847 libro
1489 2819 1528 2846 Ds
1543 2824 1638 2846 natura
1650 2822 1674 2845 et

891 2862 988 2897 gratia,
1001 2868 1061 2895 cap.
1076 2859 1120 2886 55.
1137 2858 1204 2885 Uor.
