1893 3109
207 119 254 148 631

632 118 661 146 8.
678 117 874 148 CLEMENTIS
889 119 900 147 1
917 118 1000 148 BOM.
1018 119 1119 148 PONT.
1136 119 1252 148 OPERA
1267 119 1380 149 DUBIA.

1779 122 1827 150 632

205 177 288 204 nibus
301 178 362 204 esto
377 175 530 209 sollicitus;
545 183 579 203 ne
591 179 702 211 propter
713 180 740 204 te
754 175 875 204 oﬂensus
889 176 988 211 aliquis

1062 185 1109 210 (ων
1131 175 1212 212 βάρος
1231 176 1297 212 (99),
1316 177 1363 204 καὶ
1382 176 1473 212 μεῖζον
1489 176 1630 213 βαστάζων
1649 177 1771 213 φορτίον⁸
1785 181 1826 213 γέ-

205 226 309 258 pereat.
333 221 432 249 Laicus
454 221 528 249 enim
550 222 594 249 sui
615 225 721 249 tantum
744 229 840 249 curam-
859 222 944 257 gerit;
962 225 990 249 tu

203 269 339 300 onmium.
357 271 386 294 ut
401 268 446 303 qui
462 268 525 302 plus
540 267 632 296 oneris
650 267 752 296 habeas
766 271 794 296 et
808 268 911 304 majore
923 277 991 304 pon-

203 314 267 342 dere
287 313 419 348 graveris.
446 312 583 348 Scriptum
603 321 722 348 namque
740 317 783 341 est
799 323 805 341 :
835 322 844 340 I
867 313 901 341 Et
921 314 990 342 dixit

203 359 335 387 Dominus
348 359 382 386 ad
397 358 516 394 Moysem
531 367 539 386 :
555 357 597 386 Tu
612 362 640 386 et
650 358 741 386 Aaron
756 359 912 395 suscipietis
926 368 991 396 pec-

203 409 264 433 cata
280 405 425 433 sacerdotii
438 405 480 431 ³¹.
501 413 512 431 ι
538 404 710 439 Quapropter
733 408 863 440 tanquam
878 402 912 433 de
929 406 990 440 plu-

205 452 282 480 ribus
296 452 429 479 rationem
444 451 612 482 redditurus,
625 458 720 478 curam
731 451 853 478 omnium
866 451 987 486 sustine;

205 506 238 526 ac
252 506 335 527 sanos
348 498 458 533 quidem
473 505 624 532 conserva;
640 505 687 525 eos
703 505 778 530 vero,
796 497 844 533 qui
858 505 989 533 peccave—

205 547 279 578 runt,
296 544 422 580 increpa;
437 543 596 579 jejunioque
607 543 728 576 attritos,
738 543 901 572 remissione
911 543 986 578 leva;

204 594 230 618 et
246 590 478 625 ingemiscentem,
498 591 623 617 universa
637 593 765 624 precante
780 597 830 624 pro
844 597 877 617 eo
891 589 987 617 Eccle-

204 637 254 670 sia,
266 636 369 671 recipe,
377 643 519 671 manuque
530 636 666 670 imposita,
679 636 807 670 permitte
817 639 847 663 ut
856 636 986 672 deinceps

203 690 266 710 cum
280 690 361 718 grege
374 686 493 710 maneat.
506 681 541 708 At
553 681 753 709 somniculosos
769 685 795 709 et
807 681 918 716 ignavos
926 689 987 709 ver-

203 737 245 761 sa,
260 728 380 761 suﬁ‘ulci,
396 728 492 760 incita,
507 727 662 759 consolare,
678 734 758 761 sana;
773 727 886 754 edoctus
898 735 986 762 quan-

202 779 257 802 tam
271 774 435 806 mercedem,
451 774 476 802 si
491 773 589 801 feceris
604 773 671 806 haec,
687 773 794 808 capies;
812 776 907 800 contra
921 781 986 801 vero

202 826 334 858 quantum
355 821 512 852 discrimen.
530 820 554 848 si
568 819 732 855 neglexeris.
751 818 819 845 Nam
840 819 985 854 episcopos

1041 230 1161 257 γραπται
1180 222 1243 258 γάρ’
1262 232 1271 248 ι
1289 222 1343 249 Καὶ
1357 219 1416 248 εἷπε
1431 223 1532 258 Κύριος
1544 223 1623 259 ,πρὸς
1640 224 1774 259 Μωῦσῆν·
1793 226 1825 252 Σὺ

1040 268 1087 296 καὶ
1107 267 1211 303 Ἀαρὼν
1228 267 1344 304 λήψεσθε
1367 268 1502 304 ἁμαρτίας
1515 269 1563 304 τῆς
1579 269 1728 305 ίερατείας.
1748 279 1758 296 ι
1788 271 1828 303 Ὠς

1040 314 1105 348 περὶ
1119 313 1247 340 πλειόνων
1260 312 1306 340 οὖν
1317 313 1544 349 ἀπολογούμενος,
1554 315 1619 351 περὶ
1629 315 1741 342 πάντων
1756 317 1829 351 φρόν-

1038 359 1108 391 τιζε,
1124 360 1171 388 καὶ
1191 360 1253 391 τοὺς
1273 359 1322 395 μὲν
1344 360 1440 394 ὑγιεῖς,
1456 360 1598 396 συντήρειο
1614 362 1678 393 τοὺς
1691 361 1721 388 δὲ
1735 362 1827 397 ’ἡμαρ-

1038 405 1165 441 τηκότας,
1187 405 1317 438 νουθέτει,
1337 406 1385 433 καὶ
1400 405 1499 432 στιϐὦν
1513 406 1542 433 ἐν
1563 407 1595 442 τῇ
1611 407 1738 443 νηστείᾳ,
1755 408 1784 433 ὲν
1797 410 1826 443 τῇ

1039 451 1133 486 ἀφέσει
1148 452 1296 488 ἐλάφρυνον
1310 452 1591 487 καὶιπροσκλαύσαντα
1606 453 1729 489 εἷο-δέχου
1747 454 1827 489 (100),

1038 497 1129 534 πάσης
1156 498 1205 534 τῆς
1232 498 1393 534 Ἑκκλησίας
1415 498 1485 534 ὑπὲρ
1506 498 1588 525 αὑτοῦ
1613 499 1759 535 δεομένης,
1787 501 1829 527 ul.

1037 543 1228 579 χειροοετήσας
1242 544 1333 575 αὐτὸν,
1348 544 1380 571 ἔα
1400 544 1492 571 λοιπὸν
1514 542 1583 572 εἴναι
1597 545 1627 572 ἐν
1641 545 1681 581 τῷ
1700 546 1827 581 ποιμνίῳ.

1037 590 1107 622 Τοὺς
1121 590 1149 617 δὲ
1172 590 1303 622 ὑπνώδεις
1318 591 1364 617 καὶ
1381 591 1563 627 παρειμένους
1584 591 1748 627 ἐπίστρεφε,
1769 593 1829 618 ὐπο-

1038 635 1159 671 στήριζε,
1177 635 1339 671 παρακάλει,
1364 636 1508 672 θεράπευε,
1533 638 1715 673 ἐπιστάμενος
1739 638 1829 673 ἡλίκον

1038 681 1132 718 μισθὸν
1145 681 1217 717 ἔχεις
1229 681 1315 709 ταῦτα
1328 682 1459 710 ἐπιτελῶν
1474 683 1523 719 (1),
1538 683 1634 719 ὥσπερ
1646 682 1694 711 οὖν
1710 685 1763 711 καὶ
1779 685 1828 711 xiv-

1035 728 1112 755 δυνον
1126 727 1173 754 ἐὰν
1187 727 1326 764 ἀμελήσῃς
1341 727 1378 764 (2)
1393 728 1505 755 τούτων.
1520 729 1601 764 Λέγει
1614 728 1669 765 γὰρ
1685 730 1758 766 πρὸς
1771 731 1829 762 τοὺς

1035 773 1202 809 ἀμελοῦντας
1224 772 1272 801 τοῦ
1291 773 1356 801 λαοῦ
1379 774 1545 807 ἐπισκόπους
1565 774 1707 811 ἰεζεκιήλσ
1736 785 1746 801 ι
1766 776 1830 803 Οὐαὶ

1035 821 1091 852 τοῖς
1100 819 1208 855 ποιμέσι
1218 819 1265 846 τοῦ
1278 819 1396 856 Ἰσραὴλ,
1406 820 1446 847 ὅτι
1458 820 1525 856 (5-4)
1536 821 1694 857 ἑποίμαινον
1703 821 1828 854 ἑαυτούς·

201 852 331 904 populum
348 866 576 903 parvipendentes
590 852 662 892 hunc
677 865 705 892 in
719 865 829 892 modum
839 852 986 900 alloquitur

1062 867 1068 893 i
1089 865 1124 892 τὰ
1142 852 1266 901 1πρόϐατα
1286 852 1474 901 ποιμαίνουσιν
1495 852 1521 893 oi
1535 852 1673 902 ποιμένες,
1695 867 1755 894 ἀλλ’
1770 852 1831 895 ἐαυ-

201 913 325 941 Ezechiel
341 923 347 941 :
366 922 375 939 ι
397 912 441 940 Va:
456 911 613 947 pastoribus
628 910 747 944 lsraclis,
763 910 827 946 quia
840 911 988 946 pascebant

201 959 364 994 semetipsos
382 968 388 985 :
405 962 529 994 pastores
544 965 600 985 non
624 961 740 993 pascunt
757 964 822 984 Oves
843 964 918 990 suas,
939 957 987 986 sed

201 1005 326 1041 seipsos?
348 1004 402 1032 Lac
425 1003 579 1037 corneditis,
603 1008 631 1032 et
646 1003 719 1031 lanis
739 1003 890 1036 vestimini,
913 1003 986 1039 quod

199 1051 319 1078 validum
333 1055 375 1079 est
389 1051 531 1084 occiditis;
549 1058 615 1078 oves
630 1057 684 1078 non
700 1049 814 1085 pascitis
831 1059 837 1077 :
854 1050 928 1086 quod
941 1050 986 1078 in-

202 1096 309 1124 firmum
323 1101 365 1124 est
378 1104 433 1124 non
449 1096 612 1128 roborastis.
629 1096 702 1131 quod
719 1100 851 1131 aegrotum
865 1103 919 1123 non
939 1104 985 1124 sa-

200 1143 299 1176 nastis,
316 1142 389 1180 quod
402 1143 573 1170 contractum
597 1150 657 1170 non
675 1142 819 1178 alligastis.
844 1141 917 1177 quod
938 1142 987 1170 ab-

199 1189 302 1224 jectum
319 1196 375 1216 non
398 1188 557 1221 reduxistis,
580 1191 608 1216 et
620 1188 693 1224 quod
716 1187 853 1224 perditum
868 1195 923 1216 non
942 1196 986 1216 re-

200 1235 342 1271 quisistis;
363 1239 391 1263 et
415 1235 562 1271 imperiose
584 1235 739 1271 castigastis
758 1243 805 1263 eas
828 1242 890 1262 cum
912 1235 986 1262 ludi-

201 1283 262 1310 brio
278 1291 285 1309 :
302 1286 328 1310 et
343 1282 475 1318 dispersa:
490 1285 567 1315 sunt,
581 1289 614 1309 eo
630 1281 701 1316 quod
717 1288 773 1308 non
787 1284 860 1308 esset
875 1284 985 1316 pastor,

201 1331 229 1356 et
243 1327 319 1357 factae
327 1332 393 1356 sunt
407 1328 435 1355 in
451 1327 654 1355 devorationem
678 1327 805 1354 omnibus
821 1327 916 1355 bestiis
935 1326 988 1354 sal-

200 1378 246 1403 tus
257 1374 290 1402 “.
307 1384 316 1400 ι
333 1374 365 1401 Et
381 1374 479 1405 iterum
496 1383 503 1400 :
521 1383 530 1400 ι
549 1372 582 1400 Ει
605 1380 660 1400 non
676 1373 843 1408 quaasierunt
862 1376 986 1408 pastores

199 1427 265 1448 oves
280 1427 373 1454 meas;
387 1423 415 1447 et
431 1419 580 1455 pascebant
595 1424 718 1454 pastores
729 1418 846 1454 seipsos,
859 1426 924 1446 oves
937 1426 986 1446 au—

200 1470 256 1493 tem
271 1473 346 1493 meas
358 1473 411 1492 non
424 1465 572 1501 pascebant
581 1465 613 1492 “.
629 1473 638 1491 ι
657 1465 689 1491 Ει
701 1464 783 1501 paulo
794 1467 874 1499 post:
891 1473 900 1489 ι
917 1465 986 1492 Ecce

199 1519 250 1547 ego
265 1511 299 1539 ad
321 1516 460 1547 pastores;
484 1515 511 1539 et
533 1511 670 1546 requiram
695 1518 746 1546 ego
766 1518 832 1538 oves
856 1518 931 1538 meas
952 1510 985 1538 de
998 1525 1019 1555 ο

200 1565 283 1586 manu
304 1565 415 1592 eorum;
439 1562 465 1586 et
489 1558 588 1586 faciam
611 1561 641 1585 ut
657 1560 766 1585 cessent
786 1564 899 1591 pascere
920 1564 984 1585 oves

200 1610 291 1638 meas;
308 1607 335 1632 et
350 1611 404 1633 non
417 1603 535 1639 amplius
546 1607 670 1639 pastores
681 1606 793 1638 pascent
805 1602 983 1637 semetipsos;

200 1653 227 1677 et
241 1650 362 1678 liberabo
375 1658 439 1678 oves
449 1657 523 1678 meas
536 1649 570 1677 de
585 1657 668 1677 manu
679 1657 789 1682 eorum;
801 1652 827 1676 et
838 1657 893 1676 non
903 1653 985 1676 erunt

200 1696 256 1724 illis
267 1697 294 1724 in
306 1696 510 1726 devoratioueut
520 1697 553 1724 δ’,
570 1705 580 1722 ι
593 1695 627 1722 Et
640 1695 674 1722 ad
686 1696 816 1731 populum
827 1695 910 1722 etiam
921 1703 985 1723 con-

200 1750 297 1770 versus
311 1743 348 1770 ait
361 1752 368 1770 :
383 1751 392 1768 ι
405 1741 476 1770 Ecce
483 1742 670 1778 egojudicabo
681 1742 752 1770 inter
762 1749 839 1769 ovem
850 1741 884 1768 ad
894 1749 982 1774 ovem,

200 1792 228 1816 et
247 1789 360 1820 arietem
385 1788 419 1816 ad
435 1789 559 1816 arietem.
575 1788 712 1817 Parumne
735 1793 794 1816 erat
812 1788 903 1821 vobis,
920 1789 984 1824 quia

201 1834 300 1862 bonam
318 1842 449 1870 pascuam
467 1835 671 1870 depascebatis;
687 1840 714 1862 et
724 1834 855 1870 reliquias
875 1842 984 1870 pascua:

200 1881 403 1909 couculcabatis
419 1881 534 1916 pedibus
549 1881 660 1913 vestris.
682 1886 709 1908 et
723 1888 788 1908 oves
801 1880 986 1908 conculcatio—

200 1933 250 1955 nes
257 1927 356 1963 pedum
366 1931 518 1956 vestrorum
528 1927 708 1955 comedebant
715 1926 737 1943 “
745 1927 756 1953 ?
765 1937 774 1953 ι
787 1927 821 1954 Ει
830 1931 891 1963 post
897 1935 985 1963 pauca

234 2025 257 2042 ³¹
275 2026 356 2054 Num.
378 2034 457 2059 xvm,
475 2027 501 2054 Ι.
538 2027 562 2043 ⁸⁰
581 2027 680 2055 Ezecb.
710 2035 803 2061 xxnv,
831 2027 889 2056 2—5.

1034 909 1228 946 τού5·Τδγάλα
1241 911 1408 944 κατεσθίετε,
1424 912 1519 939 καὶτὰ
1539 912 1600 948 ἔρια
1621 913 1830 948 περιϐάλλεσθε,

1036 963 1067 982 το
1082 957 1192 992 ίσχυρδν
1213 956 1397 991 σφάζετε,“τὰ
1417 958 1542 994 πρόϐατα
1555 959 1586 985 οὐ
1606 960 1781 995 ποιμαίνετε,
1802 959 1832 987 τὸ

1036 1001 1227 1038 ἐνοχλούμενον
1247 1003 1297 1030 οὐκ
1312 1003 1481 1039 ὲνισχύσατε,
1503 1005 1550 1032 καὶ
1570 1005 1600 1032 τὸ
1617 1006 1763 1042 ἄρρωστον
1783 1008 1831 1034 οὐχ

1038 1048 1160 1080 ίάσασθε,
1184 1049 1232 1076 καὶ
1252 1049 1282 1076 τὸ
1301 1050 1530 1086 συντετριμμένον
1545 1051 1576 1078 οὐ
1599 1051 1782 1088 κατεδήσατε,
1803 1052 1832 1078 τὺ

1036 1094 1188 1131 ὲξωσμένον
1218 1095 1249 1122 οὺ
1279 1095 1533 1131 κατεπεστρέψατε,
1559 1097 1606 1123 καὶ
1630 1097 1661 1123 τὸ
1692 1097 1832 1130 ἀπολωλὸς

1035 1141 1085 1168 οὐκ
1098 1139 1248 1177 ἐζητήσατε
1257 1149 1264 1156 ·
1279 1141 1326 1168 καὶ
1341 1142 1369 1168 ὲν
1383 1141 1478 1178 κράτει
1489 1142 1669 1170 ἐπαιδεύσατε
1680 1144 1754 1170 αὐτὰ
1765 1144 1832 1179 μετὰ

1036 1187 1193 1223 ὲμπαιγμοῦ
1203 1195 1210 1203 '
1226 1188 1274 1215 καὶ
1287 1187 1471 1224 διεσπάρησαν
1490 1188 1566 1225 παρὰ
1587 1189 1617 1216 τὺ
1632 1190 1670 1226 μὴ
1686 1187 1761 1217 εῖναι
1775 1199 1832 1217 ποι-

1038 1234 1115 1269 μένα,
1130 1232 1177 1260 καὶ
1191 1233 1314 1269 ἐγένοντο
1330 1235 1370 1266 είς
1384 1234 1555 1270 κατάϐρωμα
1569 1236 1637 1262 πᾶσι
1650 1237 1709 1268 τοῖς
1725 1236 1832 1272 Θηρίοις

1035 1279 1082 1306 τοῦ
1095 1279 1198 1316 δρυμοῦ
1209 1280 1258 1316 (5).
1277 1289 1287 1306 ι
1310 1281 1365 1308 Καὶ
1379 1281 1471 1308 πάλιν·
1496 1291 1506 1307 ι
1524 1282 1580 1309 Kal.
1593 1282 1643 1308 οὐκ
1661 1281 1832 1318 ἐξεζήτησαν

1036 1327 1060 1353 οι
1077 1326 1204 1362 ποιμένες
1217 1326 1253 1353 τὰ
1266 1327 1390 1363 πρόϐατά
1412 1335 1474 1363 μου,
1497 1328 1544 1355 καὶ
1558 1329 1718 1363 ἐποίμαινον
1733 1329 1760 1355 οἱ
1775 1337 1832 1356 ποι-

1038 1371 1117 1408 μένες
1131 1372 1253 1404 ἑαυτοὺς,
1267 1372 1303 1399 τὰ
1316 1373 1344 1400 δὲ
1357 1373 1481 1410 πρόϐατά
1497 1382 1547 1409 μου
1561 1374 1612 1401 οὐκ
1626 1373 1800 1410 ἐποίμαινον.
1820 1384 1830 1401 ι

1035 1418 1090 1445 Kal.
1105 1418 1163 1452 μετ’
1184 1417 1283 1452 ὀλίγον’
1310 1428 1320 1444 ι
1346 1419 1411 1446 Ἰδοὺ
1434 1419 1489 1453 ἐγὼ
1511 1420 1579 1456 πρὸς
1594 1421 1657 1452 τοὺς
1679 1421 1832 1456 ποιμένας,

1036 1464 1083 1491 καὶ
1097 1463 1240 1500 ἐκζητήσω
1254 1464 1309 1499 ἐγὼ
1322 1464 1357 1492 τὰ
1371 1465 1496 1501 πρόϐατά
1511 1474 1561 1501 μου
1576 1466 1608 1492 ἐκ
1622 1466 1715 1502 χειρὸς
1728 1467 1832 1499 αὐτῶν,

1036 1510 1083 1537 καὶ
1105 1512 1274 1538 καταπαύσω
1296 1512 1395 1543 αὐτοὺς
1413 1511 1461 1538 τοῦ
1482 1512 1637 1548 ποιμαίνειν
1650 1512 1686 1538 τὰ
1706 1513 1834 1549 πρόϐατά

1040 1565 1102 1592 μου,
1127 1557 1174 1584 καὶ
1194 1558 1224 1584 οὐ
1241 1557 1419 1593 ποιμανοῦσιν
1441 1557 1482 1584 ἔτι
1504 1559 1529 1584 οἱ
1552 1558 1680 1593 ποιμένες
1701 1559 1831 1590 ἑαυτοὺς,

1037 1604 1084 1631 καὶ
1106 1603 1222 1640 ῥύσομαι
1236 1603 1272 1631 τὰ
1294 1603 1419 1640 πρόϐατὰ
1435 1612 1485 1639 μου
1500 1604 1532 1630 ἐκ
1542 1604 1637 1640 ,χειρὸς
1652 1604 1762 1637 αὐτῶν,
1786 1605 1833 1632 καὶ

1037 1651 1087 1678 οὐκ
1100 1650 1204 1678 ἔσονται
1218 1652 1309 1683 αὐτοῖς
1323 1652 1363 1683 εἰς
1383 1651 1562 1687 κατάϐρωμα.
1583 1661 1592 1677 ι
1611 1653 1666 1678 Και
1681 1651 1719 1687 (6)
1735 1651 1833 1685 ἐπιφέ-

1039 1705 1081 1733 ρει
1095 1698 1142 1725 ml.
1155 1698 1223 1734 πρὸς
1237 1697 1281 1724 τδν
1294 1697 1357 1724 λαὸν
1372 1697 1468 1731 λέγων·
1495 1705 1504 1722 ι
1529 1697 1593 1724 ’1δοῦ
1607 1696 1663 1731 ἐγὼ
1678 1697 1766 1733 κρινῶ
1781 1697 1833 1724 ἀντὶ

1041 1743 1122 1778 μέσον
1136 1743 1271 1779 προϐάτου
1286 1745 1326 1775 είς
1340 1743 1486 1779 πρόϐατον,
1503 1743 1549 1770 καὶ
1563 1743 1642 1778 κριὸν
1657 1743 1728 1779 πρὸς
1742 1743 1830 1778 κριόν.

1037 1790 1084 1826 Μὴ
1107 1790 1205 1825 μικρὸν
1226 1787 1260 1825 ἦν
1282 1790 1357 1825 ὑμῖν,
1379 1790 1419 1816 ὅτι
1433 1790 1483 1825 τὴν
1497 1787 1582 1825 νομὴν
1596 1790 1647 1825 τὴν
1670 1790 1759 1825 καλὴν
1779 1789 1834 1816 bvi-

1039 1835 1131 1871 μεσθε,
1147 1836 1193 1862 καὶ
1206 1834 1241 1862 τὰ
1254 1835 1406 1862 κατάλοιπα
1419 1835 1468 1871 τῆς
1481 1834 1566 1871 νομῆς
1580 1837 1762 1862 κατεπατεῖτε
1776 1836 1832 1867 τοῖς

1037 1882 1117 1908 ποσὶν
1131 1881 1219 1916 ὑμῶν,
1235 1881 1281 1908 καὶ
1294 1881 1329 1907 τὰ
1344 1882 1468 1917 πρόϐατα
1481 1881 1517 1908 τὰ
1537 1882 1689 1916 πατήματα
1709 1882 1766 1908 τῶν
1783 1889 1832 1908 τιο-

1036 1927 1090 1954 δῶν
1104 1927 1180 1963 ὑμῶν
1195 1926 1305 1963 ἧσθιον;
1325 1937 1333 1954 ι
1350 1927 1405 1954 Kal.
1419 1927 1542 1963 ἐπιφέρει
1557 1928 1616 1962 μετ’
1631 1927 1722 1963 ὀλίγα·
1748 1936 1759 1954 ι
1777 1927 1832 1954 Καὶ

935 2028 958 2047 δι
974 2025 1060 2059 Ibid.,
1087 2027 1113 2054 8.
1153 2026 1176 2043 ⁸¹
1200 2026 1285 2060 Ibid.,
1299 2026 1343 2053 11.
1381 2025 1500 2061 ⁸³1ὒίι1.,
1515 2028 1608 2057 19-20.

850 2113 1032 2143 VARIORUM
1049 2113 1166 2143 ΝΟΤιΕ.

235 2203 291 2240 (99)
301 2204 363 2241 λ’ῼς
376 2204 481 2241 πέεῑον
494 2204 573 2239 ἔχων
583 2205 689 2240 βάρος.
706 2206 782 2233 Alter
800 2205 861 2233 cod.
883 2204 986 2232 Vindo-

1062 2205 1203 2241 rcsbytero
1214 2206 1269 2241 egit
1281 2205 1422 2241 Syncsius.
1439 2204 1519 2238 cujus
1537 2205 1600 2232 vide
1620 2205 1706 2232 sodes
1726 2206 1823 2241 episto-

200 2237 264 2268 boii.
281 2237 371 2276 πλεῖον
385 2237 431 2276 οὖν
448 2237 530 2276 βάρος
544 2237 736 2276 ἐχωνξῡεευηι
750 2241 776 2268 iu
794 2249 827 2276 eo
840 2241 922 2267 verba
941 2247 986 2267 se—

200 2274 312 2310 quentia
326 2275 398 2311 :Kat
409 2274 499 2311 μεῖζον
511 2274 652 2311 βαστάζων
666 2276 784 2311 φορτίον.
796 2275 862 2309 Quae
872 2279 988 2311 possunt

200 2309 308 2340 abesse,
325 2309 371 2337 sed
387 2309 484 2338 melius
503 2314 546 2338 est
565 2311 602 2343 ὡς
623 2309 713 2338 πλεῖον
728 2319 808 2346 quam
824 2309 914 2338 πλεῖον
928 2309 985 2337 οὖν.

199 2346 284 2372 (luna.

235 2379 309 2415 (100)
318 2378 372 2406 Καὶ
380 2382 645 2413 προσκλαύσαντα,
661 2390 688 2409 κ.
696 2390 720 2408 τ.
729 2381 753 2408 λ.
762 2380 821 2413 llic,
829 2389 889 2415 cap.
900 2380 943 2412 16,
952 2380 983 2408 61

199 2419 227 2442 ct
243 2414 290 2441 lib.
303 2422 363 2446 vm,
378 2422 439 2449 cap.
454 2415 482 2451 8.
500 2417 647 2451 multisque
667 2418 694 2443 in
713 2417 781 2443 locis
795 2414 917 2446 Patrum.
937 2415 987 2442 de-

200 2451 320 2486 claratur
337 2457 396 2477 mos
409 2450 548 2485 antiquus,
567 2450 716 2479 secundum
731 2459 812 2486 quem
828 2451 851 2486 is
873 2451 920 2485 qui
940 2451 984 2486 in-

200 2485 355 2522 nocentiam
374 2489 487 2522 peccato
495 2486 630 2522 amissam
647 2485 808 2522 paenitentia
823 2485 923 2522 ductus
936 2485 985 2513 de-

199 2519 292 2555 ﬂebat,
308 2520 415 2555 cunctis
430 2528 479 2555 pro
494 2521 540 2547 illo
554 2519 690 2549 Deum—ac
712 2521 859 2549 antistitem
883 2521 983 2555 depre-

200 2554 339 2586 cantibus,
363 2554 490 2583 Ecclesia:
510 2557 705 2584 restituebatur
729 2564 745 2583 a
771 2556 897 2590 praesule.
913 2554 985 2590 Lege

199 2589 339 2617 ordinaria
353 2590 489 2618 videlicet.
504 2590 641 2619 Interdum
652 2592 724 2619 enim
737 2591 857 2625 episcOpi
871 2589 985 2618 uteban—

201 2630 246 2655 tur
259 2628 392 2659 potestate
406 2632 455 2652 sua
468 2635 475 2658 ;
492 2631 572 2660 atque
587 2630 634 2655 aut
654 2627 804 2653 reluctante
828 2626 929 2660 populo
948 2625 983 2652 ad

201 2660 350 2687 Ecclesium
362 2663 531 2688 revertentes
546 2661 733 2693 admittebant,
749 2665 796 2687 aut
810 2664 906 2687 contra
926 2660 985 2695 ple-

201 2695 262 2736 bent
278 2702 328 2736 pro
340 2696 529 2736 peccatoribus
546 2697 729 2736 postulantem
748 2696 913 2736 recusabant
933 2703 983 2721 au.
1027 2711 1030 2714 η

200 2730 268 2766 dire.
281 2729 388 2766 'i’rioris
408 2731 478 2764 juris
491 2729 643 2765 exemplum
659 2731 814 2766 suppeditat
830 2730 983 2766 Cyprianus

202 2766 228 2793 in
246 2765 364 2799 Epistola
379 2766 424 2797 55.
447 2766 481 2792 ad
501 2766 667 2797 Cornelium,
693 2765 755 2793 ante
773 2766 864 2796 tinent,
887 2765 922 2792 ab
939 2765 981 2792 his

201 2801 292 2828 verbis
306 2810 312 2827 :
326 2800 348 2827 0
360 2802 384 2827 si
398 2809 498 2835 posses,
510 2801 595 2835 frater
606 2801 770 2832 charissima,
786 2801 846 2827 istic
858 2803 982 2826 interesse

203 2835 345 2863 uobiscum.
370 2836 517 2866 Postcriori
540 2844 603 2864 vero
624 2836 686 2872 jure
710 2845 772 2864 cum
793 2835 980 2871 Lamponiauu

1042 2234 1095 2266 llam
1112 2234 1156 2268 6‘7.
1175 2234 1334 2268 Necyomiiti
1350 2234 1430 2268 debet
1447 2234 1563 2268 ill-nstris
1577 2241 1656 2267 locus
1673 2234 1827 2274 apud-Por-

1040 2275 1165 2315 phyrium
1177 2276 1210 2303 de
1221 2276 1316 2315 Styge:
1327 2275 1560 2315 Ἐξομολογοῦνται
1571 2275 1684 2315 ὲπλτῶν
1692 2275 1793 2315 ἐτέλειον
1804 2276 1829 2301 ετ

1040 2283 1074 2310 pn
1088 2283 1165 2302 ‘rtum
1177 2283 1210 2303 ae
1221 2283 1251 2302 at
1288 2284 1316 2304 e:
1334 2283 1560 2310 ιςομολογουνται
1571 2283 1618 2301 επι
1629 2284 1684 2302 των
1692 2283 1793 2310 ετερων
1804 2283 1826 2301 ει

1038 2318 1064 2336 τι
1075 2283 1207 2346 ἦμαρτον·
1220 2285 1365 2346 καῖξέησιν
1375 2311 1524 2342 ποιοῦνται,
1533 2310 1583 2346 ἵνα
1590 2311 1614 2335 οἰ
1624 2309 1716 2346 λοιποὶ
1727 2310 1827 2346 εὔξων-

1037 2353 1082 2381 ται
1096 2345 1160 2381 περὶ
1173 2346 1271 2381 αὐτῶν,
1287 2345 1333 2373 καὶ
1347 2345 1514 2381 νηστεύσωσι
1536 2345 1631 2381 χρόνον
1646 2345 1710 2381 τινὰ
1725 2345 1824 2371 ἱκανόν.

1037 2355 1082 2371 ται
1096 2355 1160 2381 περι
1173 2355 1271 2378 αυτων,
1287 2355 1333 2373 και
1347 2355 1361 2373 ν
1383 2355 1514 2372 στευσωτι
1536 2355 1631 2380 χρονον
1646 2355 1710 2371 τινα
1726 2355 1824 2371 ικανον.

1037 2379 1094 2407 lloc
1110 2385 1162 2413 est,
1184 2380 1348 2415 Conﬁtentur
1363 2355 1428 2408 1ndi
1450 2381 1484 2407 ad
1510 2380 1582 2406 antri
1605 2380 1709 2407 ostium
1736 2388 1825 2406 coram

1038 2415 1110 2447 aliis,
1125 2415 1150 2442 si
1164 2415 1226 2450 quid
1241 2416 1341 2450 peccati
1355 2415 1546 2447 commiserint;
1561 2420 1709 2449 rogantque
1721 2419 1749 2441 ut
1765 2415 1824 2441 reli-

1037 2451 1082 2490 qui
1104 2458 1152 2484 pro
1172 2451 1236 2490 ipsis
1261 2456 1346 2484 orent,
1369 2456 1395 2478 et
1420 2450 1542 2477 idoneum
1562 2450 1697 2485 quoddam
1726 2455 1823 2484 tempus

1032 2485 1162 2519 jejunenl.
1178 2485 1247 2513 Cor.

1036 2554 1045 2581 ι
1072 2520 1111 2555 (l)
1137 2520 1306 2547 Ἐπιτελῶν.
1328 2520 1413 2548 Alter.
1429 2520 1491 2547 cod.
1507 2519 1592 2547 ποιῶν
1611 2519 1709 2547 eodem
1729 2527 1820 2547 sensu.

1047 2563 1074 2581 Β.

1047 2563 1074 2582 D.

1071 2589 1110 2625 (2)
1137 2589 1315 2625 Ἀμςλήσῃς.
1337 2589 1412 2616 Alter
1438 2589 1500 2616 cod.
1523 2587 1640 2625 ἀμελής,
1663 2590 1713 2617 sed
1747 2590 1821 2624 sequi

1035 2623 1174 2662 oporteret
1188 2623 1364 2662 f1;,neyligens
1379 2626 1427 2657 sis,
1443 2624 1518 2652 unde
1533 2623 1603 2652 ferte
1628 2624 1734 2652 factum
1755 2623 1820 2660 ἁμε-

1034 2660 1135 2696 λήσῃςιν
1143 2659 1227 2687 CLI-iit.

1081 2694 1140 2729 5—4)
1162 2695 1235 2722 Ὅτι.
1250 2695 1281 2721 υἱ
1296 2694 1322 2722 in
1337 2694 1424 2722 altero
1437 2694 1499 2721 cod.
1520 2694 1558 2722 In.

1083 2729 1110 2765 5)
1130 2727 1255 2765 Δρυμοιξν.
1265 2730 1339 2757 Alter
1350 2729 1447 2765 ἀγροῦ,
1461 2733 1491 2756 ut
1506 2729 1606 2765 habent
1621 2727 1692 2755 LXX
1710 2729 1772 2756 Intt.
1785 2728 1817 2755 In.

1081 2763 1108 2799 6)
1127 2763 1193 2792 Kal;
1209 2763 1286 2802 ιᾷϊτα,
1307 2766 1374 2792 alter
1389 2763 1474 2798 'cod.,
1490 2763 1564 2802 quod
1575 2764 1691 2797 rectius,
1714 2769 1818 2801 propter

1035 2807 1162 2835 sequens,
1178 2799 1233 2827 καί.
1250 2800 1288 2830 In.

1069 2695 1080 2799 ἓ
