1893 3109
59 154 120 183 633

537 155 835 186 CONSTITUTIONES
850 158 1192 190 APOSTOLlCE.—LIB.
1210 162 1242 190 ll.

1652 169 1704 197 035

59 211 220 245 γνώσεσθε,
241 212 283 240 δτι
297 212 354 247 ἑγὼ
375 212 488 249 Κύριος,
509 214 557 240 καὶ
578 214 657 250 ὑμεῖς
672 214 797 250 πρόϐατα
816 216 837 242 τί

926 217 1059 253 tubjungit
1075 227 1082 245 :
1102 227 1111 244 ι
1131 218 1164 246 Et
1181 221 1354 255 cognoscetis
1371 222 1435 257 quia
1450 231 1502 258 ego
1519 223 1663 259 Dominus,
1679 235 1706 255 et

59 261 154 297 νομῆς
169 269 233 297 μου,
248 261 388 297 ἄνθρωποί
403 269 454 297 μου
475 261 551 293 ἐστὲ,
567 261 616 289 καὶ
629 261 683 296 ἐγὼ
697 261 763 294 Θεὸς
778 261 864 297 ὑμῶν,

58 308 142 343 λέγει
163 309 278 337 Ἀδωναῒ
293 310 403 346 Κύριος.
424 319 433 336 ι

336 356 534 383 ΚΕΦΑΛΑΙΟΝ
552 355 603 382 16⁸.

917 271 966 291 vos
981 271 1046 292 oves
1069 272 1180 300 pascua:
1201 274 1268 294 mea:
1281 276 1288 301 ;
1304 267 1430 297 homines
1446 271 1499 297 mei
1519 272 1599 303 estis.
1615 278 1641 300 et
1656 283 1706 310 ego

917 309 988 338 Deus
1003 315 1105 346 vester,
1121 312 1189 340 dicit
1203 312 1308 341 Adouai
1324 314 1457 344 Dominus
1468 317 1501 344 δι.
1519 327 1529 344 ›

1205 370 1320 399 CAPUT
1340 372 1410 401 XIX.

60 402 128 428 Ὀτι
153 402 206 429 καὶ
227 403 244 430 ὁ
265 402 388 438 ποιμὴν,
410 401 528 438 ἀμελῶς
551 402 713 437 φερόμενος
738 401 806 435 περὶ
828 409 837 427 1

926 413 992 447 Quod
1005 420 1108 449 pastor,
1124 416 1210 444 ovium
1229 418 1373 454 negligens,
1385 428 1475 448 nwuas
1494 422 1598 456 solvat;
1612 429 1637 451 et
1649 426 1703 454 ovis

97 450 258 483 πρόϐατα,
287 450 377 484 δίκην
401 450 551 480 τιννυσιν,
580 448 629 476 καὶ
656 449 688 475 τὸ
716 449 865 482 πρόϐατον

93 495 144 530 μὴ
159 496 201 532 (7)
216 496 398 531 πειθαρχοῦν
411 495 451 529 τῷ
465 495 592 530 ποιμένι,
607 493 767 525 κολάζεται.

104 541 259 569 Ἀκούσατε
272 543 298 569 οἱ
312 543 470 575 ἐπίσκοποι,
493 542 540 568 καὶ
561 540 695 568 ἀκούσατε
714 541 739 566 οἱ
761 539 860 571 λαῖκοὶ,

58 587 100 618 ὣς
116 588 159 623 (8)
175 597 258 624 φησιν
271 590 286 616 ὁ
299 589 372 620 Θεός·
393 599 402 615 ι
427 587 521 625 Κρινῶ
536 587 611 623 κριὸν
627 587 695 623 πρὸς
708 585 795 622 κριὸν,
811 585 860 612 καὶ

58 634 206 669 πρόὸατον
228 635 296 671 πρὸς
318 635 462 671 πρόϐατοψ
485 644 494 660 ι
508 634 554 661 καὶ
567 633 636 670 πρὸς
649 633 712 664 τοὺς
725 631 856 667 ποιμένας

57 680 150 714 λέγει·
174 681 346 717 Κριθήσεσθε
368 682 460 708 ἕνεκεν
482 681 531 716 τῆς
551 680 679 716 ἀπειρίας
700 679 789 706 αὐτῶν
812 678 858 705 καὶ

57 727 110 762 τῆς
127 729 170 759 είς
184 728 219 754 τὰ
232 728 356 763 πρόϐατα
369 728 525 763 διαφθορᾶς·
546 727 694 758 τουτέστιν,
709 725 859 751 ἐπίσκοπον

56 773 134 808 ’πρὸς
147 774 299 801 ἐπίσκοπον
313 774 409 810 κρινῶ,
429 775 476 801 καὶ
497 773 589 800 λαῖκὸν
612 772 681 808 πρὸς
694 771 797 803 λαῖκὸν,
813 770 859 797 καὶ

56 819 186 855 ἄρχοντα
200 820 269 856 πρὸς
282 821 409 856 ἄρχοντα.
423 820 527 856 Λογικὰ
540 819 594 856 γὰρ
608 819 643 846 τὰ
656 819 790 855 πρόΰατα,
812 818 859 845 καὶ

56 866 83 892 οἱ
99 867 178 902 κριοὶ
192 865 276 899 οὗτοι,
291 867 347 894 ἀλλ’
369 868 419 894 οὒκ
441 867 535 902 ἄλογα·
560 867 604 894 ἵνα
629 866 734 902 μήποτε
758 865 821 900 εῐπῃ
844 866 858 891 ὁ

1070 475 1121 494 non
1137 468 1257 497 obediens
1271 473 1383 506 pastori,
1398 470 1533 507 punietur.

949 539 1049 568 Audite
1070 541 1203 578 cpisc0pi,
1227 546 1254 571 et
1267 544 1359 572 audite
1375 547 1447 577 latet,
1464 554 1519 581 quo
1534 547 1615 576 modo
1635 548 1702 577 dicit

912 584 1005 613 Deus:
1025 596 1033 612 ι
1052 586 1186 615 Judicabo
1201 589 1313 616 arietem
1330 590 1363 616 ad
1380 591 1504 625 arietem,
1529 597 1557 620 et
1572 601 1650 621 ovem
1666 595 1700 623 ad

912 639 989 659 ovem
1000 632 1038 666 ⁸⁸;
1057 642 1066 658 ι
1084 638 1111 661 et
1126 642 1181 669 quo
1201 635 1282 662 modo
1306 637 1464 671 pastoribus
1486 639 1538 666 ait:
1559 639 1699 669 Judicabi-

911 679 978 705 mini
993 683 1104 714 propter
1118 680 1282 716 imperitiam
1296 687 1425 716 vestram,
1442 689 1467 712 et
1485 690 1596 720 propter
1607 688 1698 715 ovium

910 725 1091 759 perditionem
1114 736 1121 754 :
1145 727 1196 754 hoc
1223 735 1275 762 est,
1292 728 1457 765 Episcopum
1479 732 1513 759 ad
1539 734 1697 770 episcopum

907 770 1049 805 judicabo.
1072 776 1100 800 et
1122 773 1220 800 laicum
1246 775 1279 801 ad
1304 775 1414 808 laieuin,
1439 783 1466 804 et
1492 780 1643 814 principem
1665 780 1697 808 ad

909 817 1072 853 principem.
1103 818 1261 848 Rationales
1276 822 1348 848 enim
1363 827 1428 849 sunt
1451 827 1506 851 tam
1521 833 1597 858 oves,
1615 834 1698 861 quam

909 864 1027 896 arietes,
1055 873 1110 892 non
1135 870 1225 894 autem
1259 868 1374 896 rationis
1398 873 1541 904 expertes;
1567 879 1602 899 ne
1627 872 1699 900 forte

56 912 166 944 λαῖκὺς,
186 913 248 940 Ὅτι
261 913 316 948 ἐγὼ
329 912 464 950 πρόϐατόν
478 914 546 949 ειμι,
565 913 612 940 καὶ
625 913 656 939 οὐ
676 911 788 947 ποιμὴν,
811 919 837 937 κε

926 911 996 938 licus
1012 911 1085 938 dicat
1099 921 1105 939 :
1120 912 1177 946 Ego
1191 913 1250 940 ovis
1264 921 1336 946 sum,
1353 918 1379 941 et
1397 923 1451 942 non
1473 920 1582 951 pastor;
1597 917 1620 945 si
1635 919 1697 946 nul—

55 958 156 986 οὐδένα
170 959 251 994 λόγον
266 960 303 996 (9)
317 959 436 996 ἐμαυτοῦ
457 960 622 996 πεποίημαι,
641 958 698 986 ἀλλ’
717 959 731 985 ὁ
754 958 856 993 ποιμὴν

54 1006 167 1040 ὕψεται,
189 1008 237 1034 καὶ
256 1007 336 1039 αὐτὸς
360 1006 440 1043 μόνος
459 1001 690 1043 είσπραχθήσεται
713 1006 762 1042 τὴν
786 1005 856 1040 ὑπὲρ

54 1052 127 1088 ἐμοῦ
142 1053 234 1089 δίκην.
252 1054 355 1090 Ὠσπερ
369 1053 424 1089 γὰρ
437 1054 476 1089 τῷ
490 1053 564 1089 καλῷ
578 1054 688 1089 ποιμένι
702 1053 732 1079 τὸ
744 1053 780 1088 μὴ
791 1053 856 1078 ἀκο-

53 1099 172 1127 ).ουθοῦν
197 1101 348 1136 πρόὸατον,
372 1101 463 1134 λύκοις
485 1101 606 1128 ἔκκειται
628 1101 668 1132 εις
689 1099 854 1135 διαφθορὰν,

52 1146 131 1173 οὓτω
145 1147 187 1183 τῷ
210 1148 321 1184 πονηρῷ
344 1148 453 1184 ποιμένι
474 1148 505 1175 τὸ
525 1147 698 1179 ἀκολουθοῦν,
722 1146 855 1182 πρόδηλον

50 1192 113 1228 ἔχει
129 1193 177 1220 τὸν
192 1193 317 1226 θάνατον,
332 1195 373 1222 ὅτι
394 1194 595 1230 κατατρὼξεται
615 1195 689 1221 αὐτό.
713 1193 758 1220 Διὸ
771 1202 855 1228 φευκ-

51 1239 118 1266 τέον
133 1239 191 1267 ἀπὺ
203 1239 258 1267 τῶν
272 1240 395 1277 φθορέων
410 1242 556 1278 ποιμένων.

324 1299 472 1326 ΚΕΦΑΛΑΙ
477 1299 521 1326 ΟΝ
541 1300 583 1326 ις’.

89 1342 198 1377 Ὅπως
209 1344 268 1379 χρὴ
282 1345 355 1378 τοὺς
367 1345 552 1380 ἀρχομένους
566 1343 736 1379 πειθαρχεῖν
756 1343 818 1377 τοῖς

284 1379 432 1414 ἄρχουσιν
441 1379 629 1413 ἐπισκόποις.

86 1423 145 1451 τδν
161 1425 252 1460 μέντοι
267 1427 382 1462 ποιμένα
395 1427 441 1454 τὸν
459 1426 559 1461 ἀγαθὸν
582 1427 597 1453 ὁ
618 1425 711 1458 λαῖκδς
732 1425 850 1461 τιμάτω,

48 1471 205 1505 ἀγαπάτω,
228 1473 374 1506 φοϐείσθω,
395 1474 433 1505 ὡς
453 1473 547 1510 κύριον
561 1473 628 1509 (l0),
649 1473 686 1504 ὡς
706 1472 849 1508 δεσπότην,

48 1516 89 1548 ὼς
105 1517 240 1553 ἀρχιερέα
255 1518 333 1551 Θεοῦ,
348 1519 385 1551 ὡς
399 1519 556 1547 διδάσκαλον
576 1519 725 1551 εὐσεϐείας.
747 1519 776 1546 ⁸0
795 1519 849 1555 γὰρ

48 1563 138 1591 αὐτοῦ
152 1564 271 1597 ἀκούων,
286 1566 403 1602 Χριστοῦ
419 1566 522 1599 ἀκούει,
539 1567 586 1594 καὶ
605 1568 619 1594 ὁ
639 1566 720 1593 αὑτὸν
733 1565 847 1599 ἀθετῶν,

47 1611 175 1646 Χριστὸν
189 1611 289 1644 ἀθετεῖ,
304 1612 351 1639 καὶ
365 1614 379 1640 ὁ
398 1613 443 1640 τὸν
464 1613 582 1648 Χριστὸν
598 1612 634 1649 μὴ
649 1612 802 1648 δεχόμενος,
817 1612 847 1638 οὐ

46 1657 160 1693 δέχεται
176 1658 221 1685 τὸν
235 1658 317 1685 αὑτοῦ
331 1659 397 1687 Θεὸν
411 1661 458 1686 καὶ
472 1660 591 1695 Πατέρα.
610 1669 619 1685 ι
640 1659 668 1685 '0
690 1659 777 1694 ὑμῶν,
794 1658 848 1695 γάρ

47 1712 147 1740 φησιν,
164 1705 282 1736 ἀκούων,
297 1705 364 1741 ἐμοῦ
378 1706 481 1738 ἀκούει,
497 1706 544 1733 καὶ
557 1707 570 1732 ὁ
586 1706 658 1741 ὑμᾶς
667 1704 782 1737 ἀθετῶν,
797 1705 847 1740 ἐμὲ

45 1751 154 1782 ἀθετεῖ,
171 1751 219 1778 καὶ
232 1752 246 1778 ὁ
266 1751 315 1788 ὲμὲ
335 1751 448 1785 ἀθετῶν,
471 1752 561 1779 ἀθετεῖ
583 1752 628 1779 τὸν
650 1750 847 1779 ἀποστείλαντά

48 1805 95 1832 με.
112 1806 123 1823 ι
148 1797 266 1832 Ὁμοίως
279 1799 294 1825 ὸ
307 1798 455 1831 ἐπίσκοπος
476 1799 514 1830 ὡς
538 1799 621 1826 τέκνα
642 1798 706 1829 τοὺς
736 1798 846 1830 λαῖκοὺς

45 1842 200 1878 ἀγαπάτω,
221 1843 331 1871 θάλπων
353 1844 400 1872 καὶ
423 1845 543 1881 στέργων
558 1845 614 1881 (ll)
633 1846 666 1881 τῇ
682 1845 782 1880 σπουδῇ
796 1845 845 1880 τῆς

45 1889 176 1926 ἀγάπης,
191 1890 230 1921 ὼς
242 1890 294 1923 ea,
309 1892 349 1922 είς
362 1892 535 1927 περιποίησιν
548 1891 672 1923 νοσσίων,
693 1891 711 1927 ἢ
733 1891 770 1922 ὡς
784 1900 845 1918 νοσ-

47 1937 108 1967 σία,
124 1936 340 1972 ἀγκαλιζόμενος
352 1939 392 1969 είς
405 1937 578 1974 περιποίησιν
592 1937 715 1973 ὸρνίθων-
740 1938 844 1970 πάντας

45 1982 197 2015 νουθετῶν,
219 1984 286 2010 πᾶσι
309 1985 366 2016 τοῖς
387 1984 557 2020 πληκτισμοῦ
581 1983 637 2020 (12)
660 1984 843 2020 ἐπιδεομένοις

44 2026 240 2066 ὲπιτιλῆσσων,
255 2030 323 2057 ἀλλὰ
337 2031 374 2068 μὴ
390 2031 526 2068 πλήσσων,
538 2031 692 2062 ὑποπιέζων
702 2032 741 2063 είς
750 2031 843 2067 ἐντρο-

44 2076 116 2111 πὴν,
130 2076 201 2103 ἀλλὰ
215 2076 270 2114 (15)
287 2077 324 2114 μὴ
340 2079 379 2109 εἰς
399 2078 565 2113 ἀνατροπὴν,
580 2077 712 2104 νουθετῶν
727 2078 767 2109 εἰς
781 2078 843 2104 ἑπι-

46 2123 183 2159 στροφὴν,
204 2123 339 2159 ἐπιτιμῶν
359 2125 399 2156 είς
415 2124 568 2160 διόρθωσιν,
583 2125 630 2151 καὶ
644 2123 778 2160 εὐθύτητα
793 2132 841 2150 πο-

46 2169 126 2205 ρείας
137 2178 144 2184 ·
161 2169 192 2195 τὸ
209 2169 317 2206 ἰσχυρὸν
329 2170 482 2205 φυλάσσων,
497 2171 630 2201 τουτέστι,
644 2169 675 2196 τὸ
689 2170 793 2206 ἑδραῖον
806 2171 839 2206 τῇ

45 2216 139 2242 πίστει
149 2215 270 2250 ἀσφαλὲς
279 2217 379 2253 τηρῶν
394 2217 439 2244 τὸν
448 2217 512 2244 λαὸν
521 2216 666 2252 εἰρηνικῶς
676 2216 836 2252 ποιμαίνων

43 2262 75 2288 τὺ
89 2262 286 2297 ἐνοχλούμενον
295 2263 435 2299 ἐνισχύων,
451 2263 583 2294 τουτέστι,
597 2263 628 2290 τὸ
642 2262 837 2298 πειραζόμενον

928 2263 1021 2298 pulum
1053 2262 1166 2297 paciﬁce
1196 2270 1313 2297 pascens

887 2310 1037 2343 roborans;
1060 2311 1112 2338 hoc
1137 2314 1198 2341 est,
1223 2310 1296 2345 quod
1319 2310 1470 2338 tentatione
1499 2311 1676 2342 concutitur,

44 2309 74 2334 ὲν
86 2309 121 2343 τῇ
135 2308 264 2344 νουθεσίᾳ
279 2310 471 2346 στερροποιῶν·
487 2309 518 2336 τὸ
532 2309 692 2346 ἀρῥωστοῦν
713 2308 837 2344 ἰώμενος,

43 2355 182 2386 τουτέστι,
204 2355 235 2381 τὸ
252 2355 346 2382 νοσοῦν
359 2356 391 2382 ὲκ
412 2357 462 2392 τῆς
475 2356 594 2388 πίστεως
607 2357 636 2383 ὲν
650 2356 778 2392 διχονοίᾳ,
795 2355 839 2382 διὰ

43 2401 93 2436 τῆς
106 2401 283 2433 διδασκαλίας
307 2401 474 2438 θεραπεύων·
496 2403 527 2429 τὸ
548 2403 774 2440 συντετριμμένον
790 2411 839 2428 κα-

42 2448 199 2484 ταδεσμῶν,
214 2448 347 2481 τουτέστι,
362 2449 393 2476 τὺ
407 2449 653 2486 πεπλανημένον,ῆ
667 2449 697 2476 τὸ
706 2448 838 2485 τεθραυσ-

908 956 961 983 lam
977 958 1029 984 mei
1046 959 1180 986 rationem
1202 959 1296 991 habui,
1321 960 1420 988 viderit
1445 966 1549 996 pastor,
1575 964 1598 991 is
1620 965 1697 992 solus

907 1011 1002 1038 ptenas
1019 1012 1068 1039 pro
1090 1012 1134 1032 me
1147 1005 1234 1034 dabit.
1250 1005 1317 1033 Nam
1341 1008 1422 1035 sicuti
1443 1008 1504 1036 oris
1518 1017 1577 1044 qua).
1593 1010 1695 1039 bonum

906 1053 1043 1084 pastorem
1057 1059 1113 1078 non
1129 1052 1263 1087 sequitur,
1280 1053 1352 1088 lupis
1363 1054 1487 1090 exposita
1499 1055 1584 1083 estad
1600 1056 1697 1084 interi-

907 1101 980 1131 tum;
1005 1098 1042 1124 ita
1067 1106 1128 1133 quae
1143 1100 1244 1126 malum
1264 1105 1402 1135 pastorem
1426 1107 1562 1134 sectatur,
1578 1108 1695 1132 mortem

906 1143 992 1171 vitare
1014 1145 1123 1180 nequit;
1140 1145 1174 1172 ab
1193 1154 1241 1178 eo,
1267 1147 1385 1181 scilicet,
1411 1148 1596 1178 devorabitur.
1620 1150 1695 1184 Quo-

905 1189 980 1217 circa
999 1190 1120 1226 fugiendi
1135 1195 1200 1219 sunt
1214 1193 1362 1228 perniciosi
1376 1198 1514 1229 pastores.

1196 1294 1311 1322 CAPUT
1330 1295 1390 1323 XX.

903 1337 1041 1371 Quomodo
1055 1339 1166 1374 subjecti
1190 1342 1345 1402 ρναᾶρῖδὶιὶἱ
1361 1342 1411 1368 sibi
1436 1342 1564 1376 episcopis
1587 1343 1692 1371 obedire

1254 1386 1268 1402 ε
1285 1385 1333 1402 ean
1349 1397 1356 1402 .

1254 1385 1356 1404 ευεαιιι.

938 1420 961 1436 ⁵⁸
974 1419 1004 1446 ΕΙ
1023 1421 1132 1456 quidem
1149 1421 1252 1449 bonum
1271 1426 1409 1457 pastorem
1428 1423 1515 1451 laicus
1531 1429 1689 1458 veneretur,

902 1470 985 1500 amet,
1000 1471 1112 1499 metuat,
1129 1472 1258 1503 tanquam
1270 1468 1422 1502 dominum,
1438 1474 1566 1506 tanquam
1580 1472 1688 1505 herum,

901 1515 1033 1547 tanquam
1053 1513 1100 1541 Dei
1121 1515 1288 1549 pontiﬁcem,
1311 1521 1441 1552 tanquam
1455 1519 1616 1554 magistrum
1631 1522 1689 1556 pie-

902 1559 977 1586 tatis.
994 1559 1045 1592 Qui
1060 1560 1132 1587 enim
1149 1562 1225 1589 audit
1236 1570 1309 1596 eum,
1331 1564 1471 1592 Christum
1488 1567 1579 1602 audit;
1595 1572 1622 1596 et
1641 1570 1688 1605 qui

901 1607 1006 1640 spernit
1019 1615 1091 1640 eum,
1108 1607 1247 1636 Christum
1264 1611 1384 1644 spernit;
1400 1616 1426 1639 et
1447 1613 1494 1648 qui
1520 1622 1573 1642 non
1590 1616 1688 1652 recipit

899 1652 1050 1686 Christum,
1066 1662 1121 1681 non
1133 1655 1229 1690 recipit
1253 1656 1325 1684 illius
1348 1656 1431 1685 Deum
1457 1666 1490 1686 ac
1510 1660 1630 1689 Patrem.
1643 1663 1688 1691 Ait

898 1699 970 1727 enim
987 1709 993 1727 :
1015 1709 1023 1726 ι
1042 1700 1094 1733 Qui
1109 1709 1158 1729 vos
1174 1702 1259 1734 audit,
1273 1710 1316 1730 me
1337 1704 1427 1737 audit;
1443 1710 1470 1732 et
1485 1707 1530 1741 qui
1546 1715 1594 1735 vos
1607 1716 1686 1744 sper-

897 1746 948 1778 nit,
970 1754 1013 1774 me
1029 1748 1148 1782 spernit;
1170 1752 1198 1775 et
1222 1749 1267 1784 qui
1292 1758 1334 1778 me
1358 1752 1473 1785 spernit,
1496 1754 1600 1787 spernit
1623 1763 1685 1781 eum

896 1793 944 1827 qui
959 1801 1002 1820 me
1019 1794 1133 1822 misit".
1152 1804 1160 1820 ι
1188 1794 1320 1823 Similiter
1343 1798 1488 1832 episcopus
1505 1799 1589 1827 laicos
1608 1804 1637 1826 ut
1655 1800 1686 1826 li-

896 1839 948 1866 lios
963 1839 1074 1875 diligat;
1091 1841 1225 1868 naturalis
1239 1842 1331 1869 studio
1346 1843 1486 1871 charitatis
1501 1853 1683 1880 prosequens,

896 1893 928 1912 ac
940 1885 1046 1918 fovens,
1062 1888 1140 1922 quasi
1153 1895 1204 1915 ova
1220 1889 1253 1915 ad
1267 1890 1451 1917 exclusiouem
1471 1892 1618 1926 pullorum,
1636 1899 1683 1920 aut

895 1933 974 1968 quasi
998 1934 1087 1969 pullos
1106 1938 1136 1961 ut
1160 1934 1188 1961 in
1213 1936 1328 1970 gallinas
1349 1936 1501 1964 educentur
1521 1937 1584 1965 siuu
1608 1946 1683 1966 com-

894 1979 1016 2014 plectens
1035 1990 1041 2007 :
1059 1985 1174 2008 cunctos
1197 1981 1363 2015 admonens;
1384 1991 1480 2010 omnes
1499 1985 1546 2018 qui
1562 1986 1682 2021 castiga-

894 2027 968 2054 tione
982 2026 1104 2062 indigent
1120 2027 1231 2059 la3deus,
1248 2028 1296 2055 sed
1309 2036 1364 2055 non
1381 2029 1506 2059 illidcns:
1522 2030 1555 2057 ad
1570 2039 1682 2059 conver-

893 2075 997 2102 sionem
1021 2082 1158 2110 premens,
1176 2083 1230 2102 non
1247 2080 1338 2102 autem
1361 2076 1394 2102 ad
1408 2078 1593 2111 eversionem;
1614 2087 1681 2106 sua-

891 2121 960 2149 dens
970 2121 1004 2148 ad
1014 2129 1182 2157 regressum;
1197 2122 1343 2157 increpans
1353 2127 1383 2150 ut
1397 2124 1517 2158 corrigat
1530 2127 1557 2151 et
1568 2124 1595 2151 in
1607 2125 1679 2152 viam

892 2173 995 2196 rectam
1022 2167 1139 2196 deducat
1167 2178 1173 2195 :
1202 2168 1275 2203 quod
1296 2169 1403 2196 ﬁrmum
1422 2174 1465 2197 cst
1489 2170 1625 2204 retinens;
1651 2171 1678 2198 id

890 2221 944 2249 est,
971 2216 1044 2251 quod
1072 2215 1124 2243 ﬁde
1147 2215 1291 2243 fundatum
1315 2220 1368 2248 est,
1401 2216 1429 2243 in
1455 2220 1512 2243 tuto
1536 2225 1648 2244 servans
1669 2227 1676 2245 ι

1341 2273 1347 2290 :
1373 2263 1447 2298 quod
1473 2270 1607 2298 quassum
1635 2267 1677 2291 est

887 2356 1075 2384 admonitione
1098 2357 1274 2384 consolidans
1297 2367 1304 2384 ε
1331 2357 1405 2392 quod
1421 2361 1551 2392 :egrotum
1567 2362 1610 2385 est
1631 2365 1676 2384 sa-

888 2411 971 2436 nans;
999 2403 1022 2430 Id
1037 2407 1090 2434 est,
1108 2403 1181 2437 quod
1196 2411 1229 2430 ex
1252 2402 1305 2431 ﬁde
1318 2404 1464 2431 vacillante
1490 2404 1609 2436 laborat,
1626 2411 1675 2437 per

887 2448 1040 2476 doctrinam
1053 2456 1153 2476 curans
1171 2458 1177 2476 :
1193 2449 1266 2483 quod
1282 2450 1432 2477 contritum
1447 2454 1489 2477 cst
1502 2450 1606 2485 ligans;
1623 2449 1674 2476 hoc

60 2515 84 2531 “
101 2514 204 2542 Ezech.
218 2523 311 2548 xxxtv,
325 2515 370 2548 ὅθ,
385 2514 426 2543 3|.
441 2514 534 2543 "Ibid.
549 2516 591 2544 l7.
619 2517 641 2533 “
657 2517 676 2543 l.
705 2515 792 2551 lgnat.
814 2516 941 2552 interpol.
980 2517 1014 2544 ad
1033 2516 1116 2544 Trall.
1131 2517 1156 2545 7.
1192 2518 1214 2534 δ’
1223 2517 1290 2546 Luc.
1300 2526 1328 2551 ι,
1340 2518 1383 2546 16.

699 2593 881 2623 VARIORUM
900 2594 1018 2623 ΝΟΤΛΕ.

89 2696 117 2731 8)
138 2697 203 2729 ’⁷Ως.
218 2696 261 2727 Τί,
275 2696 349 2731 quid.
366 2697 403 2724 ID.

87 2731 116 2769 ἐξ)
134 2731 196 2769 Kat
211 2731 322 2769 οὐδένα
341 2733 443 2769 amr.
466 2732 528 2760 Haec
541 2733 624 2761 verba
639 2737 666 2761 et
685 2735 827 2769 sequentia

89 2660 106 2687 'I
138 2659 242 2694 Μή.Τὸ
250 2662 286 2697 μή
303 2661 330 2688 in
346 2662 430 2690 altero
445 2661 639 2695 codicum,nec
656 2663 826 2692 malc.CLEl1.

89 2696 106 2723 8
138 2697 203 2729 ’⁷Ως.
218 2696 261 2727 Τί,
275 2696 349 2731 quid.
366 2697 403 2724 ID.

76 2659 119 2767 l9?
134 2731 192 2758 Kal
211 2731 322 2759 οὐδένα
341 2733 443 2766 λόγον.
466 2732 528 2760 Haec
541 2733 624 2761 verba
639 2737 666 2761 et
685 2735 826 2767 sequentia

42 2660 119 2793 ,αξξ

115 2775 167 2808 κην
180 2767 280 2795 desunt
300 2768 328 2794 in
351 2767 435 2794 altero
450 2768 554 2808 codice.
568 2769 639 2808 Sunt
656 2767 751 2797 revera
769 2777 828 2808 am:

43 2802 173 2836 pliﬁcatio
185 2810 292 2834 eorum,
307 2810 369 2837 qua:
390 2803 512 2838 proxime
528 2807 752 2837 antecesserunt;
779 2805 825 2832 sed
876 2802 941 2835 νοις.

42 2837 108 2903 nilnil
129 2841 203 2867 vetat
221 2838 281 2866 lucc
299 2845 409 2875 quoque
428 2845 488 2867 esse
517 2846 532 2867 a
555 2838 704 2875 Scriptor-is
731 2847 824 2868 manu.

76 2880 102 2902 υ.

76 2880 102 2902 υ.

924 2662 978 2704 (ρο)
1001 2662 1048 2695 Ὠς
1062 2663 1404 2708 miomnl’raemi‘ttit’alter
1417 2663 1501 2708 code'x
1509 2662 1548 2696 ὡς
1558 2665 1674 2698 πατέρα,

887 2698 1042 2732 omittitque
1053 2698 1126 2732 quod
1139 2699 1262 2733 sequitur
1272 2699 1310 2729 ὡς
1321 2698 1464 2733 δεσπότην.
1481 2699 1520 2726 lo.

987 2732 1130 2767 Στέρτων.
1148 2731 1218 2770 Idem
1237 2732 1318 2770 liabet
1330 2731 1495 2770 θερμαίνων.
1513 2731 1549 2770 lo_.

926 2733 969 2769 ll)
987 2733 1130 2767 Στέρτων.
1148 2733 1218 2772 Idem
1237 2733 1318 2759 liabet
1332 2733 1495 2767 θερμαίνων.
1513 2733 1549 2770 lo_.

911 2733 1198 2830 ἕὲὲἰυιηηκτισμου.
1224 2768 1300 2794 Alter
1328 2767 1544 2802 διαπληκτισμου
1561 2765 1666 2830 ,δεομέο

911 2829 979 2874 (ϊδγ
993 2829 1096 2865 ζΛλλά.
1120 2837 1195 2864 llnnc
1207 2845 1311 2874 _vocem
1334 2841 1359 2865 et
1377 2842 1434 2864 tres
1450 2829 1597 2871 sequentes
1613 2842 1667 2864 non

891 2872 1004 2910 legimus
1022 2874 1048 2902 in
1065 2874 1148 2901 altero
1163 2872 1223 2900 cod.
1242 2873 1278 2900 lu.
