1893 3109
217 135 270 163 636

638 131 668 161 S.
685 130 882 160 CLEMENTIS
897 131 908 158 1
925 130 1008 158 ROM.
1026 128 1127 157 PONT.
1145 127 1259 156 OPERA
1275 126 1388 155 DUBIA.

1776 125 1819 153 636

215 199 270 225 est,
285 192 359 228 quod
381 198 478 226 vagum
492 194 546 224 est,
562 192 604 219 vel
619 191 757 223 collisum,
772 191 813 218 vel
829 192 865 217 ita
882 192 1000 226 peccatis
1015 215 1018 221 λ

1061 191 1141 221 ιένον,
1157 189 1173 225 ἢ
1187 189 1218 215 τὸ
1232 187 1416 223 κατεαγμένον
1439 185 1467 212 ὲν
1491 183 1637 220 ἁμαρτίαις
1659 183 1700 215 είς
1722 183 1820 218 χωλείαν

216 239 389 268 confractum
404 244 433 265 ut
449 238 477 264 in
491 238 536 265 via
551 238 696 270 claudicet,
719 245 767 272 per
786 238 1001 264 exhortationem

216 284 429 313 consolatoriam
443 284 578 312 vinciens.
589 283 774 315 Peccatorem,
796 283 934 318 episcopo,
954 283 1002 310 dc-

218 332 292 359 lictis
304 331 471 364 deonerans,
487 333 514 358 et
527 330 629 365 optima
644 338 691 365 spe
702 330 821 364 replens,
834 332 890 364 jam
902 329 1002 356 robus—

219 381 276 404 tum
295 377 323 404 in
337 376 488 404 Ecclesiam
511 377 635 408 restitue,
653 379 733 410 atque
757 375 841 403 reduc
863 374 897 402 ad
920 375 1001 402 ovile.

218 423 296 457 Quod
308 423 451 458 expulsum
467 422 519 449 fuit
533 429 646 456 revoca;
661 422 713 449 hoc
734 425 786 453 est,
803 421 875 457 quod
898 421 926 448 in
946 428 1004 456 pm-

219 476 282 496 nam
297 472 471 504 peccatorum
484 476 595 496 suorum
611 469 727 503 eiectum
744 467 809 500 fuit,
823 475 858 494 ne
871 467 946 495 sinas
963 466 1004 493 fo-

219 516 259 543 ris
268 523 443 550 permanere;
457 515 505 542 sed
521 519 692 549 assumptum
702 518 729 542 et
738 521 910 546 conversum,
921 514 1004 541 redde

218 561 304 597 gregi,
321 569 369 589 seu
383 561 565 588 immaculata:
576 560 704 588 Ecclesia:
719 560 818 595 populo
833 570 839 587 :
852 559 925 595 quod
939 567 1004 587 vero

220 609 341 644 perierat
359 607 482 643 require;
499 607 526 634 id
540 611 592 640 est,
608 607 681 642 quod
694 606 867 634 multitudine
882 610 1005 641 peccato—

220 663 282 683 rum
300 662 412 682 suorum
426 662 503 690 spem
517 654 613 681 salutis
630 654 766 684 amiserat,
783 652 905 680 funditus
920 651 1005 679 inter-

220 703 261 730 ire
273 709 308 730 ne
321 701 480 737 permiseris
494 711 500 728 :
516 700 589 736 quod
603 708 637 727 ex
656 700 740 726 animi
759 704 868 734 torpore
881 707 913 726 ac
928 699 1004 734 supi-

219 748 308 775 nitate
330 748 356 774 in
372 754 498 782 soporem
518 746 592 774 venit
615 750 641 773 et
656 746 724 773 adeo
739 753 847 781 gravem
867 753 1003 777 somnum,

223 798 253 821 ut
267 802 344 821 suam
361 794 442 820 vitam
457 801 512 820 non
531 793 703 826 recordetur;
718 792 846 827 quodque
861 792 941 827 longe
962 799 1006 819 re-

223 844 306 869 cessit
321 849 336 867 a
352 840 461 875 proprio
475 847 565 875 grege,
585 840 623 867 ita
637 843 666 866 ut
685 839 812 866 inciderit
828 839 856 866 in
873 839 951 873 lupos
972 838 1005 866 ad

223 896 329 921 escam;
345 887 371 914 id
389 891 419 914 tu
434 886 595 922 pervestiga,
612 890 639 913 et
651 885 787 913 monendo
808 890 951 918 converte,
974 892 1006 912 ac

223 937 254 961 ut
271 933 364 968 vigilet
378 933 498 964 hortare,
515 936 543 959 et
555 939 630 967 spem
645 932 750 965 insere;
766 939 854 966 neque
867 932 926 966 ipse
941 939 1006 958 con-

222 981 303 1008 cedas
314 985 345 1008 ιιι
360 979 515 1015 dicatquod
530 986 545 1005 a
555 977 719 1014 quibusdam
733 977 835 1005 dictum
850 981 891 1005 est
909 987 917 1002 :
933 986 941 1002 ι
954 977 1008 1004 lm-

223 1028 338 1062 pietates
353 1030 454 1054 nostra
467 1033 549 1061 super
570 1032 631 1057 nos,
647 1028 674 1052 et
697 1031 748 1052 nos
762 1024 791 1050 in
806 1024 874 1058 ipsis
889 1023 1008 1051 tabesci-

223 1081 295 1105 mus,
311 1076 339 1100 ct
353 1080 408 1108 quo
422 1072 504 1099 modo
518 1071 639 1099 vivemus
649 1070 690 1098 ⁸⁸2
710 1079 720 1096 ι
739 1069 900 1105 Episcopus,
914 1069 937 1097 si
950 1070 1007 1097 ﬁeri

223 1119 321 1159 possit,
338 1119 466 1147 delictum
487 1118 600 1145 alterius
620 1117 700 1152 quasi
721 1115 861 1151 proprium
881 1115 1008 1144 conside-

224 1170 276 1200 ret,
289 1170 315 1194 et
328 1166 465 1202 peccatori
480 1165 554 1192 dicat
568 1174 575 1192 ι
592 1164 631 1192 Te
646 1163 727 1191 modo
743 1163 786 1191 fac
810 1166 964 1194 convertas,
980 1166 1007 1190 et

223 1221 274 1249 ego
287 1216 401 1240 mortem
414 1211 463 1239 tibi
476 1211 594 1238 debitam
606 1210 763 1244 suscipiam,
778 1208 1007 1244 quemadmodum

224 1259 357 1287 Dominus
369 1265 417 1292 pro
432 1265 474 1284 me
485 1261 511 1284 et
526 1264 574 1292 pro
589 1256 714 1284 omnibus
729 1260 854 1284 mortuus
873 1259 925 1284 est.
939 1255 1007 1282 Nam

226 1314 238 1331 ι
255 1305 344 1333 bonus
368 1307 462 1339 pastor
484 1303 603 1330 animam
632 1310 710 1330 suam
741 1302 817 1337 ponit
837 1310 887 1337 pro
911 1302 1008 1329 ovibus

225 1351 285 1379 suis
301 1361 307 1378 :
324 1349 510 1378 mercenarius
531 1352 622 1376 autem
635 1352 663 1376 et
684 1348 731 1384 qui
747 1355 801 1375 non
825 1351 867 1375 est
892 1351 987 1383 pastor
998 1367 1006 1380 ,

223 1399 306 1434 cujus
320 1405 375 1425 non
391 1400 456 1424 sunt
468 1403 533 1424 oves
551 1395 678 1430 proprias,
697 1395 769 1422 videt
783 1394 877 1428 lupum
897 1394 1009 1421 venien-

224 1450 292 1478 tem,
313 1454 323 1471 ι
340 1444 393 1471 hoc
406 1446 458 1475 est,
473 1442 623 1474 diabolum,
643 1451 651 1466 ι
671 1445 697 1469 et
709 1441 820 1468 dimittit
834 1448 909 1473 oves,
925 1445 951 1468 et
964 1440 1007 1467 fu-

225 1493 284 1528 git;
299 1495 327 1519 et
340 1491 421 1526 lupus
433 1489 504 1524 rapit
516 1496 563 1516 eas
575 1488 607 1515 δ’.
627 1497 636 1514 ι
657 1487 791 1521 Quocirca
807 1487 877 1514 scire
891 1489 1006 1521 oportet,

224 1538 298 1574 quod
313 1537 395 1569 Deus,
411 1536 457 1571 qui
472 1535 629 1563 misericors
641 1539 694 1567 est,
714 1534 935 1570 delinquentibus
950 1542 1008 1570 pm-
1022 1545 1043 1573 ο

226 1583 368 1612 nitentiam
381 1581 559 1617 jurejurando
575 1581 710 1615 promisit.
727 1580 779 1613 Qui
801 1588 866 1608 vero
882 1580 1006 1615 deliquit,

225 1637 254 1659 et
265 1631 336 1658 hanc
347 1629 380 1657 de
395 1628 556 1664 pmnitentia
570 1627 770 1662 professionem
786 1626 833 1654 Dei
848 1627 965 1662 ignorat,
982 1630 1009 1654 et

225 1677 345 1704 divinam
359 1673 596 1702 mansuetudinem
618 1677 699 1708 atque
721 1673 880 1708 patientiam
902 1673 1008 1706 nescit,

226 1723 393 1758 insuperque
406 1725 515 1750 sanctas
535 1720 692 1755 Scripturas
710 1720 896 1755 paenitentiam
913 1720 1011 1755 praedi-

226 1774 323 1798 cantes
333 1777 389 1797 non
405 1768 556 1804 cognoscit,
573 1768 688 1799 scilicet,
707 1771 760 1794 ate
774 1774 828 1794 non
842 1766 972 1800 edoctus;
987 1766 1010 1794 is

227 1820 338 1852 propter
356 1815 494 1843 inscitiam
512 1814 598 1850 perit;
612 1817 639 1841 at
655 1817 695 1846 tu,
712 1817 843 1848 tanquam
868 1813 1011 1848 indulgens

227 1867 321 1897 pastor
338 1865 366 1890 et
380 1860 521 1889 studiosus
545 1860 698 1895 pabulator,
721 1860 840 1895 require,
862 1867 1011 1888 numerans

226 1915 335 1944 gregem
370 1916 376 1934 :
405 1906 477 1944 quod
506 1906 678 1934 desideratur
695 1906 844 1942 investiga,
867 1906 938 1934 sicut
959 1906 1012 1933 Do-

227 1955 319 1982 minus
333 1954 415 1986 Deus,
428 1954 517 1981 bonus
530 1953 611 1980 Pater
625 1955 729 1984 noster,
747 1953 794 1987 qui
809 1952 948 1979 doctorem
962 1959 1012 1979 no-

227 2006 315 2029 strum
337 1999 442 2032 Iesum,
461 1998 559 2026 Filium
581 2006 671 2030 suum,
691 2001 830 2032 pastorem
854 1998 956 2025 bonum
980 2005 1012 2025 ac

229 2046 397 2074 Salvator-em
416 2045 502 2077 misit,
521 2048 546 2072 ιι
562 2043 702 2071 mandavit
716 2043 740 2070 ei
758 2043 912 2078 relinquere
926 2051 1013 2071 nona-

227 2092 304 2129 ginta
326 2099 422 2119 novem
445 2098 511 2118 oves
534 2090 563 2117 in
577 2089 730 2122 montibus,
753 2093 781 2117 et
807 2097 955 2124 properare
978 2089 1012 2117 ad

227 2137 402 2173 quaerendam
416 2144 476 2164 eam
490 2143 551 2172 qua:
564 2139 713 2168 erraverat,
725 2135 916 2171 inventamque
931 2143 1014 2170 super

229 2184 357 2212 humeros
373 2190 437 2211 suos
450 2183 585 2215 attollere,
597 2185 625 2210 et
635 2181 670 2208 ad
684 2189 792 2217 gregem
807 2186 927 2216 portare,
946 2189 1014 2216 gau-

1050 236 1121 268 ὀδοῦ,
1142 235 1285 262 ἐπιδέννων
1309 233 1365 268 (M)
1378 232 1429 259 ’διὰ
1459 230 1665 267 παρακλητικῆς
1688 229 1820 262 νουθεσίας,

1051 282 1207 318 ὲλαφρύνων
1223 281 1276 308 ἀπὸ
1291 278 1533 316 παραπτωμάτων,
1548 277 1596 304 καὶ
1612 276 1722 303 εῠελπιν
1739 276 1819 306 ποιῶν,

1051 329 1131 360 οὕτω,
1148 327 1287 364 ῥωμαλέον
1301 328 1330 353 ἐν
1346 327 1380 360 τῇ
1402 323 1547 360 Ἐκκλησία
1561 321 1741 353 ἀποκαθίστα,
1753 322 1820 348 ἐπαν-

1052 375 1125 409 άγων
1146 374 1175 400 ἐν
1198 374 1231 408 τῇ
1245 372 1357 408 ποίμνῃ.
1372 371 1409 398 Τὸ
1428 369 1579 405 ὲξωσμένον
1598 368 1755 404 ἐπίστρεφε,
1772 376 1820 394 του-

1051 422 1136 452 τέστι,
1150 420 1180 446 τὸ
1194 420 1222 446 ἐν
1237 419 1384 454 ἁμαρτίαις
1397 417 1540 452 γενόμενον
1553 415 1599 442 καί
1620 415 1661 446 είς
1683 414 1820 448 ἐπιτίμησιν

1052 466 1249 501 ἐκϐεϐλημένον
1266 465 1303 501 μὴ
1318 464 1369 491 ἐῶν
1383 463 1435 496 ἔξω
1447 462 1594 498 διαμένειν,
1617 460 1687 488 ἀλλὰ
1700 459 1821 495 προσλαμ-

1053 513 1198 548 ϐανόμενος
1212 512 1259 538 καὶ
1272 509 1441 546 ἐπιστρέφων
1453 507 1621 535 ἀποκαθίστα
1636 506 1666 532 ἐν
1679 507 1713 541 τῇ
1726 505 1820 540 ποίμνῃ,

1053 559 1200 590 τουτέστιν,
1216 559 1244 584 ὲν
1258 557 1297 592 τῷ
1311 556 1368 592 λαῷ
1382 556 1431 591 τῆς
1444 554 1559 590 ἀμώμου
1584 551 1738 586 ἐκκλησίας
1758 550 1784 577 τὸ
1799 549 1821 577 δὲ

1053 605 1191 636 ἀπολωλὸς
1205 603 1324 639 ἐκζήτει,
1338 602 1469 633 τουτέστι,
1489 601 1519 627 τὸ
1540 599 1592 626 ὑπὸ
1613 598 1732 634 πλήθους
1750 606 1821 632 παρα-

1055 651 1207 686 πτωμάτων
1222 649 1318 676 έαυτοῦ
1335 648 1390 685 (15)
1406 647 1558 674 άπελπίσαν
1570 646 1619 681 τῆς
1640 644 1780 680 σωτηρίας,
1792 645 1820 679 μὴ

1054 698 1137 733 ἐάσῃς
1151 696 1248 728 τελέως
1263 694 1420 722 ἀπολέσθαι·
1442 693 1472 720 τὸ
1494 692 1547 719 ὑπὸ
1561 691 1663 726 πολλῆς
1675 690 1775 725 ψύξεως
1784 689 1822 724 ψ)-

1055 744 1134 779 χικῆς
1149 742 1202 778 (16)
1217 742 1264 768 καὶ
1277 740 1407 776 νωχελίας
1420 739 1556 766 κάθυπνον
1569 736 1725 772 γενόμενον,
1738 736 1778 762 καὶ
1789 734 1822 761 διὰ

1056 789 1153 824 βαρέος
1175 787 1258 814 ὕπνου
1279 787 1329 823 τῆς
1350 785 1446 813 ἑαυτοῦ
1467 783 1538 820 ζωῆς
1561 782 1767 817 ἐπιλαθόμενον,
1787 780 1822 807 καὶ

1058 834 1165 871 μακρὰν
1180 833 1370 868 ἁποστατῆσαν
1385 832 1435 867 τῆς
1451 831 1517 862 ἰδίας
1532 829 1661 864 ποίμνης,
1677 828 1714 859 ὡς
1733 826 1774 854 καὶ
1788 825 1823 851 λύ-

1057 891 1115 913 κοις
1137 881 1294 917 περιπεσεῖν
1316 880 1355 911 είς
1377 877 1460 913 βορὰν
1481 876 1547 912 (17),
1571 875 1602 902 σὺ
1626 873 1768 909 ἀναζήτει,
1786 872 1822 898 καὶ

1057 927 1189 955 νουθετῶν
1203 927 1360 962 ἐπίστρεφε,
1376 925 1423 951 καὶ
1437 924 1531 959 νήφειν
1546 919 1713 957 παρακάλει,
1732 918 1773 945 καὶ
1788 917 1822 942 ἑλ-

1057 974 1122 1001 πίδα
1137 973 1297 1008 ὑπόσπειρε,
1313 971 1350 1006 μὴ
1371 968 1519 1005 συγχωρῶν
1539 967 1612 1003 αὐτῷ
1633 966 1722 1000 λέγειν
1741 965 1768 991 τὸ
1783 963 1823 990 ὑπό

1057 1028 1137 1048 τινων
1152 1019 1207 1055 (18)
1224 1017 1378 1054 είρημένον,
1392 1016 1433 1042 ὅτι
1448 1024 1457 1041 ι
1477 1014 1518 1041 Τὰ
1533 1013 1696 1049 ἀσεϐήματα
1711 1011 1779 1047 ἡμῶν
1791 1010 1822 1044 ἐφ’

1057 1068 1133 1103 ἡμῖν,
1147 1066 1194 1094 καὶ
1208 1066 1287 1101 ἡμεῖς
1301 1064 1330 1090 ἐν
1345 1063 1436 1094 αὐτοῖς
1450 1060 1599 1097 τηκόμεθα,
1613 1059 1664 1086 καὶ
1685 1058 1740 1089 πῶς
1760 1056 1823 1103 quos

1059 1102 1145 1150 μεοα;
1163 1122 1172 1138 ι
1190 1112 1222 1139 Εί
1235 1108 1290 1138 οἷόν
1303 1119 1334 1137 τε
1349 1107 1405 1142 οὖν,
1421 1107 1600 1135 ίδιοποιείσθω
1619 1107 1634 1132 ὁ
1657 1105 1792 1134 ἐπίσκοπος
1802 1102 1824 1128 τὸ

1058 1158 1256 1194 πλημμέλημα,
1279 1157 1326 1184 καὶ
1350 1155 1451 1190 λεγέτω
1473 1153 1512 1189 τῷ
1536 1152 1727 1189 ἡμαρτηκότι,
1748 1151 1783 1177 ﬁt
1801 1150 1823 1174 ob

1060 1206 1138 1242 μόνον
1152 1203 1324 1240 ὲπίοτρεψον,
1346 1201 1423 1236 κάγὼ
1438 1200 1482 1227 τὸν
1499 1200 1568 1235 ὑπὲρ
1583 1198 1630 1225 σοῦ
1647 1198 1757 1225 θάνατον
1776 1197 1824 1222 ἁνα-

1058 1251 1178 1286 δέξομαι,
1200 1250 1238 1281 ὡς
1257 1251 1272 1276 ὁ
1293 1249 1395 1284 Κύριος
1416 1247 1462 1274 τὸν
1484 1246 1554 1281 ὑπὲρ
1573 1244 1642 1280 ἐμοῦ
1660 1245 1707 1271 καὶ
1726 1243 1822 1270 πάντων.

1049 1298 1094 1324 (Ὀ
1117 1296 1218 1332 ποιμὴν
1241 1295 1296 1331 γὰρ
1317 1296 1331 1321 ό
1351 1294 1432 1325 καλὸς
1459 1293 1508 1328 τὴν
1524 1292 1612 1327 ψυχὴν
1637 1289 1720 1317 αὑτοῦ
1740 1287 1825 1323 τίθησιν

1059 1343 1128 1379 ὑπὲρ
1142 1342 1196 1369 τῶν
1213 1341 1364 1377 προϐάτωνο
1386 1341 1400 1366 ὁ
1414 1339 1442 1365 δὲ
1458 1337 1590 1374 μισθωτὸς
1611 1337 1660 1363 καὶ
1674 1336 1723 1362 οὐκ
1736 1333 1769 1360 ὣν
1781 1341 1825 1359 ποι-

1061 1389 1125 1425 μὴν,
1140 1384 1170 1415 οῦ
1184 1387 1233 1414 οὐκ
1247 1387 1304 1413 ἐστι
1319 1385 1353 1413 τὰ
1367 1384 1491 1421 πρόϐατα
1507 1383 1560 1410 ἴδια
1569 1402 1576 1415 ,
1598 1382 1698 1418 θεωρεῖ
1710 1380 1752 1406 τὸν
1763 1379 1826 1405 λύκον

1060 1432 1374 1471 ἐρχόμενονμτουτέστι,
1394 1431 1439 1458 τὸν
1449 1430 1570 1457 διάϐολον
1586 1427 1725 1465 (19),ικαὶ
1749 1425 1826 1471 ἀφίησι

1059 1469 1243 1518 τοι-πρόϐατα,
1258 1480 1304 1507 καὶ
1319 1479 1424 1514 φεύγει,
1439 1478 1508 1504 καὶὸ
1522 1475 1601 1507 λύκος
1622 1473 1739 1510 ἁρπάζει
1750 1469 1826 1518 αὐτὰρ
1866 1471 1867 1508 ξ

1061 1516 1167 1556 Είόέναι
1192 1525 1238 1554 οὖν
1263 1526 1416 1562 προσήκει,
1448 1524 1488 1550 ὅτι
1514 1523 1569 1554 τοῖς
1592 1522 1776 1557 ἡμαρτηκόσιν
1794 1516 1827 1543 εὐ-
1866 1521 1867 1546 l

1060 1575 1212 1611 σπλάγχνος
1225 1573 1263 1600 ὢν
1283 1574 1297 1600 ὁ
1312 1572 1388 1604 Θεδς,
1413 1570 1482 1607 μετὰ
1495 1570 1576 1606 ὅρκου
1593 1568 1737 1604 μετάνοιαν
1757 1567 1827 1611 ἔπη-(ζ
1866 1572 1867 1577 η

1059 1609 1175 1657 γεὶλατο-
1197 1622 1212 1648 ὁ
1242 1619 1269 1646 δὲ
1292 1619 1452 1655 ἁμαρτήσας
1476 1617 1523 1643 καὶ
1542 1616 1591 1652 τὴν
1613 1612 1773 1648 ἐπαγγελίαν
1791 1609 1826 1636 τοῦ
1866 1632 1867 1640 η

1060 1668 1127 1695 Θεοῦ
1137 1668 1186 1704 τὴν
1201 1666 1264 1702 περὶ
1281 1664 1423 1701 μετάνοιαν
1438 1661 1553 1697 ἀγνοιῖιν,
1568 1661 1614 1688 καὶ
1627 1660 1660 1686 τὺ
1676 1657 1827 1704 μακρόθυμσγ

1060 1715 1107 1742 καὶ
1121 1698 1376 1746 ἀνεξίκακον-αὐτοῦ
1399 1709 1436 1745 μὴ
1455 1707 1644 1742 ἐπιστάμενος,
1667 1705 1707 1732 ἑτι
1730 1703 1777 1739 μὴν
1792 1701 1827 1728 καὶ

1059 1760 1109 1792 τὰς
1125 1759 1205 1793 ἁγίας
1219 1757 1330 1793 Γραφὰς
1343 1755 1393 1787 τὰς
1406 1754 1508 1789 ταύτην
1522 1752 1713 1790 κηρυσσούσας
1725 1750 1753 1776 οὺ
1764 1746 1828 1782 γινώσ

1062 1813 1145 1837 σκων,
1157 1805 1204 1832 ἆτε
1217 1804 1254 1839 μὴ
1270 1801 1436 1839 μεμαθηκὼς
1450 1799 1526 1836 παρὰ
1540 1799 1597 1831 σοῦ,
1608 1797 1752 1825 ἀπόλλυται
1762 1795 1791 1826 ¹⁶,
1802 1793 1827 1820 σὺ
1866 1820 1867 1824 η

1060 1852 1088 1879 δὲ
1104 1851 1142 1883 ὡς
1155 1837 1330 1886 φιλόστοργος
1351 1847 1452 1883 ποιμὴν
1475 1846 1522 1873 καὶ
1543 1845 1580 1877 ὠς
1596 1844 1738 1874 σπουδαῖος
1750 1841 1828 1876 νομεὺς
1866 1837 1867 1840 Ἴ

1061 1896 1198 1933 ἀναζήτει,
1219 1895 1344 1932 ἀριθμῶν
1357 1894 1406 1929 τὴν
1422 1893 1548 1928 ποίμνην”
1564 1891 1595 1917 τὸ
1618 1890 1710 1917 λεῖπον
1729 1887 1826 1933 ὲκζήτειι

1040 1953 1045 1959 ⁸
1061 1944 1099 1975 ὡς
1114 1943 1217 1979 Κύριος
1230 1943 1244 1969 ὁ
1258 1941 1324 1973 Θεὸς
1338 1942 1353 1967 ὁ
1367 1939 1469 1974 ἀγαθὸς
1479 1938 1572 1974 Πατὴρ
1582 1937 1672 1972 ἡμῶν,
1689 1932 1827 1979 timo-tene;

1061 1990 1106 2017 τὸν
1120 1977 1216 2016 ἐαῦτοῦ
1229 1988 1293 2016 Υίδν
1309 1985 1425 2022 ποιμένα
1446 1984 1526 2012 καλὸν
1541 1984 1587 2010 καὶ
1606 1983 1720 2017 Σωτῆρα
1741 1979 1781 2006 τὸν
1799 1977 1826 2003 δι-

1062 2035 1193 2064 δάσκαλον
1217 2033 1295 2070 ἡμῶν
1316 2031 1429 2068 Ἰησοῦν,
1446 2029 1595 2066 ἐπιτρέψας
1618 2028 1694 2063 αὐτῷ
1715 2026 1784 2053 ἐάσαι
1802 2022 1828 2048 τὰ

1063 2079 1317 2118 ὲννενηκονταεννέα
1337 2079 1383 2105 ἐπὶ
1405 2077 1460 2114 (‘20)
1483 2077 1517 2103 τὰ
1538 2076 1601 2112 ὅρη,
1618 2076 1666 2102 καὶ.
1686 2071 1826 2118 πορευθῗψαι

1063 2128 1110 2156 ἐπὶ
1123 2115 1174 2164 την
1189 2126 1302 2162 ζήτησιν
1312 2124 1359 2152 τοῦ
1370 2123 1586 2158 πεπλανημένον,
1602 2121 1649 2148 καὶ
1663 2115 1827 2164 εὑρόπαγᾶραι

1064 2175 1110 2201 ἐπὶ
1121 2175 1184 2206 τοὺς
1200 2172 1295 2200 ἐαυτοῦ
1320 2171 1421 2207 ὤμους,
1446 2170 1492 2197 καὶ
1515 2169 1608 2205 φέρειν
1630 2168 1661 2194 ἐν
1683 2167 1716 2202 τῇ
1735 2163 1826 2198 ποίμνην

228 2230 318 2258 dendo
337 2230 371 2258 de
391 2229 450 2257 ovis
468 2229 581 2264 perdita:
602 2206 855 2264 recupzra‘tioner“.
868 2227 929 2254 Pari
946 2206 1012 2262 :rgo

1064 2222 1193 2258 χαίροντα
1205 2220 1252 2246 ἐπὶ
1269 2220 1302 2255 τῇ
1318 2206 1424 2254 εὑρέσει
1437 2216 1484 2243 τοῦ
1499 2214 1677 2246 ἀπολωλότος.
1695 2212 1779 2242 Οὕτως
1792 2206 1826 2264 «Et!

229 2276 321 2308 modo,
337 2283 354 2303 ο
374 2275 513 2310 episeopo,
535 2278 562 2302 et
575 2279 603 2301 tu
628 2274 683 2301 Deo
698 2273 880 2301 obedientiam
897 2276 1010 2308 pra-sta,

229 2322 293 2350 dum
311 2322 384 2358 quod
399 2321 516 2356 perierat
527 2320 655 2356 requiris,
671 2320 745 2356 quod
761 2320 934 2348 aberraverat
948 2319 1012 2346 diri-

265 2400 287 2417 “
302 2399 562 2432 Ezech.xum,10.
599 2397 709 2426 "Joan.
730 2406 758 2431 x,
775 2399 818 2426 H.
858 2398 881 2414 '°
896 2398 931 2425 al.
947 2397 1011 2425 add.

1061 2397 1081 2424 εδ
1094 2397 1186 2429 ἀνοίας
1202 2417 1209 2423 .

1066 2256 1184 2305 ῦπηκοος
1198 2268 1273 2302 γίνου
1287 2267 1335 2294 καὶ
1349 2262 1422 2298 σὺ,ὧ
1432 2265 1574 2296 ἐπίσκοπε,
1586 2261 1709 2298 ἐκζητῶν
1723 2260 1751 2287 τὸ
1762 2256 1825 2305 dmi-

1063 2301 1140 2349 ωλὺς,
1156 2301 1327 2343 κατευθύνων
1347 2313 1379 2340 τὸ
1398 2310 1615 2346 πεπλανημένον,
1633 2307 1793 2343 ἐπιστρέφων
1804 2301 1826 2328 τὺ

1246 2396 1268 2412 ¹¹
1284 2394 1377 2422 Matth.
1395 2400 1477 2426 xvm;
1498 2392 1564 2420 Luc.
1587 2400 1632 2420 xv.

883 2474 1066 2503 VARIORUM
1082 2474 1198 2503 ΝΟΤΙΕ.

265 2554 321 2591 (li)
347 2554 535 2591 Ἐπιόέννωκ
550 2552 609 2591 vox
619 2557 660 2591 est
674 2553 769 2591 nihili,
785 2560 835 2588 pro
849 2559 903 2591 qua
918 2552 1009 2591 legen-

229 2587 368 2621 duiu,'aut
389 2590 512 2622 ἐπιόέων,
528 2593 574 2616 aut
588 2589 750 2623 ἐπιδεσμῶν,
771 2587 801 2614 ut
814 2592 857 2615 est
876 2587 904 2614 in
926 2589 1011 2615 altero

229 2625 324 2652 codice
345 2624 560 2657 Vindobonensi,
583 2628 614 2651 ut
637 2628 731 2657 postea
758 2623 935 2655 rescivimus;
959 2623 1011 2650 hoc

229 2665 282 2691 est,
300 2660 394 2694 ligans,
411 2664 441 2686 ut
461 2660 550 2687 solent
564 2659 583 2686 ii
598 2658 644 2694 qui
661 2658 781 2694 membra
794 2658 892 2694 tracta
914 2665 1012 2694 curare

229 2693 335 2722 volunt.
351 2695 435 2722 Miror
448 2693 613 2722 Coteleriuni
626 2695 677 2721 hoc
692 2701 745 2720 non
757 2693 868 2724 vidisse,
884 2693 1011 2720 namhoc

230 2730 307 2758 verbi
326 2734 479 2758 monstrum
494 2731 520 2756 in
537 2729 594 2757 lnd.
608 2728 702 2756 Graeco
717 2729 862 2755 recensuit.
885 2728 1011 2755 CLI-1R.—

231 2765 347 2794 Tantum
362 2766 438 2793 abest
451 2769 481 2792 ut
509 2765 638 2792 ἐπιδέννω
651 2763 757 2791 verbum
772 2763 902 2794 sitniliili,
920 2767 949 2789 ut
964 2763 1012 2789 ha-

231 2802 424 2832 beatur,seusu
435 2801 527 2835 Iigo,in
536 2799 693 2835 Symmachi
705 2799 830 2826 versione
839 2799 1012 2835 Is.vt,tcstan-

232 2841 259 2864 le
270 2835 417 2869 Procopio:
429 2833 631 2870 ἐπιδεννομένου
643 2834 693 2869 (sc.
704 2833 879 2870 τραύματος),
894 2834 995 2870 υιιλευ.

266 2871 322 2907 (15)
330 2867 461 2900 Ἑαυτοῦ.
470 2871 544 2899 Alter
551 2867 631 2899 habet
638 2867 758 2901 ἑαυτοῦ-ς,
773 2867 911 2897 mendose.
927 2867 1010 2896 CLEB.

1103 2550 1160 2587 (16)
1181 2549 1327 2587 Ψυχικῆς.
1344 2547 1450 2587 ριηὶιιίι
1465 2551 1589 2587 uterque.
1607 2553 1659 2574 nec
1673 2553 1737 2574 sane
1750 2549 1824 2571 neces-

1066 2582 1167 2614 sarium
1184 2582 1267 2612 est-et
1280 2582 1392 2612 oll'endit
1407 2590 1497 2610 aures.
1517 2582 1554 2609 In.

1099 2621 1155 2657 (17)
1174 2622 1226 2657 Εἰς
1238 2619 1344 2657 βοράν.
1360 2618 1471 2646 Rectius
1486 2625 1568 2652 quam
1584 2617 1667 2653 βορᾷ,
1679 2615 1748 2652 quod
1759 2618 1792 2642 est
1804 2613 1821 2638 il

1064 2655 1152 2683 altero
1165 2655 1270 2682 codice.
1287 2655 1324 2681 In.

1112 2691 1157 2717 18l
1181 2690 1254 2716 ’Υπό
1268 2697 1365 2716 τινων.
1381 2687 1520 2716 Omiltitur
1534 2687 1562 2713 in
1576 2687 1671 2714 altero.
1687 2685 1724 2712 In.

1112 2691 1145 2717 18
1181 2691 1254 2716 ’Υπό
1268 2697 1365 2716 τινων.
1381 2691 1520 2716 Umiltitur
1534 2691 1562 2713 in
1576 2691 1671 2714 altero.
1687 2691 1724 2712 In.

1099 2691 1157 2761 ί19)
1177 2724 1315 2761 Τουτέστι
1328 2723 1381 2761 τὸν
1392 2723 1543 2761 duim-lor.
1566 2721 1733 2750 Omittuntur
1749 2719 1772 2746 in
1791 2717 1820 2743 al-

1065 2757 1134 2792 tcr'o.
1147 2757 1177 2787 'et
1191 2760 1308 2793 glossam
1323 2758 1455 2785 redolent.
1471 2757 1510 2784 In.

1100 2788 1156 2831 (eo)
1171 2788 1243 2831 'Efm.
1255 2793 1398 2831 Antecedit
1410 2794 1436 2820 in
1450 2793 1535 2820 altero
1553 2793 1614 2820 cod.
1623 2792 1677 2831 tum
1694 2792 1726 2826 τῇ
1738 2788 1821 2831 ἐρήμῳΣ

1064 2826 1124 2894 ἓιιῗξ
1135 2826 1220 2892 lfacile
1235 2829 1404 2862 exciderunt,
1421 2832 1531 2864 propter
1546 2827 1729 2863 repetitionem
1742 2826 1822 2852 vocula!

1080 2876 1099 2894 π
1113 2888 1119 2894 .
1147 2873 1173 2893 ι).
1590 2875 1599 2884 .

1080 2873 1119 2894 πι,
1135 2873 1173 2893 ιι).
1590 2875 1599 2884 ι
