1893 3109
71 155 116 183 637

515 156 816 190 CONSTITUTIONES
833 161 1171 197 APOSTOLIC.E.—LIB.
1191 167 1224 197 ll.

1619 176 1672 205 638

68 212 179 247 ἀφεστός·
201 212 326 245 ἐξουσίαν
347 213 402 249 γὰρ
417 212 490 250 ἔχεις
503 215 688 252 ἐπιστρέφειν,
703 219 750 244 καὶ
773 219 819 246 ἀπ(

872 242 876 252 λ
891 221 943 255 gis,
959 222 1033 256 quod
1051 230 1202 253 secesserat
1220 234 1346 263 revocas;
1361 234 1521 264 potestatem
1536 233 1609 260 enim
1623 234 1672 260 ha-

69 259 172 286 στέλλειν
190 258 407 295 τεθραυσμένους
426 260 456 287 ὲν
468 259 574 295 ἀφέσει·
590 261 634 289 διὰ
655 263 702 289 σοῦ
716 265 730 290 ό
743 265 839 301 Σωτὴρ

66 305 128 339 λέγει
147 305 184 340 τῷ
196 306 354 341 παρειμένῳ
368 305 397 332 ὲν
413 306 561 342 ἁμαρτίαις
571 315 579 323 ο
593 317 603 334 ι
628 307 775 344 Ἀφέωνταί
792 319 838 337 σου

66 352 89 378 al
103 350 238 386 ἁμαρτίαι.
260 351 294 377 Ἦ
309 352 400 384 πίστις
413 361 461 379 σου
475 353 579 379 σέσωκέ
601 361 641 380 σε·
665 354 782 390 πορεύου
799 357 839 388 εις

66 397 171 432 εἰρήνην.
188 406 196 422 ι
214 397 317 434 Εἰρήνη
331 398 360 424 δὲ
374 398 423 425 καὶ
435 398 519 435 λιμὴν
529 398 587 435 (21)
601 399 717 436 γαληνός
731 401 806 428 ἐστιν
819 403 836 438 ἡ

65 443 104 470 τοῦ
113 443 222 479 Χριστοῦ
238 443 396 479 Ἐκκλησία·
407 445 447 476 εἰς
455 445 487 480 ἢν
494 444 565 472 λύων
573 446 637 477 τοὺς
644 446 837 483 ἡμαρτηκότας

64 489 216 516 ἀποκαθίστα
237 489 325 523 ὑγιεῖς
343 490 391 517 καὶ
411 489 553 525 ἀμώμους,
575 491 727 525 εὐέλπιδας,
751 501 834 520 σπου-

63 535 148 567 δαίους,
155 535 318 571 ὲργοπόνους
327 537 356 563 ὲν
364 538 420 568 τοῖς
428 537 540 571 ἀγαθοῖς
548 537 648 575 έργοιςο
659 538 697 571 ὡς
706 539 835 576 ἔμπειρος

63 582 101 608 καὶ
113 581 252 618 συμπαθὴς
269 582 361 618 ἰατρὸς
374 583 479 614 πάντας
490 583 522 610 ίῶ
532 583 588 620 (22)
596 585 660 616 τοὺς
669 586 698 612 ὲν
712 585 834 622 ἁμαρτίᾳ

62 627 277 663 πεπλανημένους.
297 637 306 654 ι
321 628 358 654 Οὐ
371 627 426 663 γὰρ
436 628 531 664 χρείαν
541 628 648 664 ἔχουσιν
660 631 685 657 οἱ
697 631 833 666 ἰσχύοντες

63 673 150 708 ίατροῦ,
166 673 220 700 ἀλλ’
235 674 260 700 οί
275 673 369 706 κακῶς
390 674 506 710 ἔχοντες.
530 672 631 702 Ἦλθεν
652 675 707 712 γὰρ
730 677 745 704 ὁ
768 677 833 710 Υίὸς

60 718 97 745 τοῦ
106 718 241 754 ἀνθρώπου
256 719 344 746 σῶσαι
359 719 406 746 καὶ
420 719 536 755 ζητῆσαι
548 719 579 746 τὸ
592 720 712 756 πεπλανη
718 721 805 757 μένον,
819 732 828 749 ι

65 764 151 799 Ἰατρὸς
170 762 215 791 οὖν
239 763 278 791 ὢν
302 764 358 800 (25)
384 764 434 800 τῆς
463 765 624 801 Ἑκκλησίας
645 766 693 793 τοῦ
715 767 829 803 Κυρίου,

59 810 163 845 πρόσαγε
176 810 329 846 Θεραπείαν
342 810 508 847 κατάλληλον
523 811 631 847 ἑκάστῳ
651 812 706 839 τῶν
719 814 829 841 νοσούν-

58 865 111 887 των,
123 856 197 882 παντὶ
211 856 318 892 τρόπῳ,
330 855 475 893 ϐεράπευε,
491 857 596 892 ὑγίαζε,
609 857 694 890 σώους
708 859 829 887 ἀποκαθ-

59 902 108 928 ίστα
129 903 160 937 τῇ
180 901 339 938 Ἐκκλησία·
364 903 491 938 ποίμαινε
519 903 550 930 τὸ
572 904 712 940 ποίμνιον,
739 905 776 941 μὴ
799 906 829 932 ὲν
844 897 866 926 Β

58 948 136 983 κράτει
151 948 218 984 μετὰ
230 948 404 984 ὲμπαιγμοῦ,
419 948 457 981 ὼς
471 949 696 983 κατεξουσιάζων,
715 950 771 977 ἀλλ’
789 951 828 984 ὡς

57 994 141 1029 ποιμὴν
154 994 270 1030 χρηστὸς
283 994 324 1030 τῷ
338 995 430 1030 κόλπῳ
453 995 577 1030 συνάγων
599 995 634 1023 τὰ
656 996 737 1031 ἀρνία
758 996 826 1033 (24),

56 1040 94 1066 καὶ
105 1039 149 1072 τὰς
161 1040 189 1067 ἐν
202 1041 304 1077 γαστρὶ
319 1041 433 1076 ἐχούσας
447 1041 622 1078 παρακαλῶν.

291 1098 489 1125 ΚΕΦΑΛΑΙΟΝ
506 1099 571 1125 KA’.

56 1152 108 1179 Ὀτι
120 1153 257 1187 κίνδυνος
267 1154 421 1189 μονομερῆ
435 1155 536 1188 κρίσιν
556 1154 751 1187 ποιήσασθαι,
774 1155 825 1182 καὶ

68 1189 193 1222 τιμωρίαν
205 1189 309 1223 ὁρίσαι
323 1189 397 1216 κατὰ
406 1189 459 1217 τοῦ
470 1189 593 1224 μηδέπω
603 1190 804 1224 ἐλεγχθέντος.

82 1267 139 1294 'an
159 1267 186 1294 δὲ
207 1266 347 1303 χρηστὸς,
369 1266 471 1301 ἀγαθὸς
484 1286 491 1299 ,
516 1267 606 1302 ἤπιος,
632 1267 723 1300 ἄδολος
747 1268 822 1304 (~25),

53 1312 162 1349 aeuus.
178 1313 214 1349 μὴ
230 1313 360 1349 σκληρὸς»
375 1313 412 1350 μὴ
428 1313 557 1349 αὐθάδηςς
575 1313 612 1349 μὴ
622 1313 768 1349 ἀπότομος»
785 1315 821 1351 μὴ

52 1358 151 1391 ἀλαζὼν,
168 1359 204 1395 μὴ
218 1358 346 1395 ἀνηλεής,
363 1359 400 1394 μὴ
414 1359 613 1394 τετυφωμένος,
630 1360 667 1395 μὴ
678 1359 823 1396 ἀνθρωπά-

52 1413 142 1442 ρεοκος.
157 1405 192 1441 μὴ
207 1405 305 1437 δειλὸς,
323 1405 360 1440 μὴ
376 1404 518 1440 δίγνωμος,
535 1404 676 1440 ὲμπαίζων
693 1406 749 1437 τοῖς
770 1406 822 1432 ὑπὸ

52 1452 160 1484 σέλαοῖς,
183 1451 220 1488 μὴ
240 1451 425 1487 ἀποκρύπτων
449 1451 496 1477 ἀπ’
516 1450 606 1477 αὐτῶν
628 1450 663 1477 τὰ
685 1451 732 1477 τοῦ
754 1451 821 1478 Θεοῦ

50 1497 137 1533 νόμιμα
150 1498 195 1524 καὶ
209 1498 273 1529 τοὺς
284 1497 348 1532 περὶ
360 1497 502 1532 μετανοίας
511 1496 616 1530 λόγους,
630 1496 667 1532 μὴ
678 1497 822 1533 πρόχειρος

50 1543 107 1578 πρὸς
119 1543 147 1569 τὸ
166 1543 263 1576 ἐξῶσαι
284 1543 331 1570 καὶ
344 1542 479 1575 ἐκϐαλεῖν,
494 1543 551 1569 ἀλλ’
566 1542 698 1578 ἀσφαλὴς,
716 1543 752 1579 μὴ
774 1552 820 1578 φι-

49 1587 210 1624 λεπιτιμητὴς
224 1589 280 1625 (26)
296 1589 444 1624 προπετὴς,
461 1589 498 1625 μὴ
511 1589 729 1625 παραδεχόμενος
748 1589 820 1616 κατά

49 1640 108 1665 τινος
127 1635 275 1670 μαρτυρίαν
297 1634 360 1661 ἀνευ
374 1634 458 1670 τριῶν
472 1634 575 1660 πιστῶν
590 1634 645 1670 (27)
661 1634 816 1671 μαρτύρων,

48 1679 191 1706 καὶτούτων
211 1678 249 1707 ὧν
262 1682 278 1707 ὁ
292 1680 391 1716 τρόπος
455 1680 699 1716 μεμαρτυρημένος
721 1681 816 1713 πάλαι,

49 1725 87 1751 καὶ
99 1726 120 1752 ει
134 1726 167 1762 μὴ
182 1726 227 1753 ἀπ’
243 1725 346 1762 ἔχθρας
362 1725 515 1761 κινούμενοι
529 1725 545 1761 ῆ
565 1725 671 1760 φθόνου.
687 1727 747 1753 Εἰσὶ
762 1727 816 1763 γὰρ

48 1770 126 1797 πολλοὶ
143 1771 388 1808 ὲπιχαιρεσίκακοι,
407 1771 588 1808 πρόγλωσσοι,
601 1772 713 1808 τριττὴν
727 1772 815 1806 γλῶσ-

49 1823 89 1842 σαν
101 1815 198 1852 ἔχοντες
211 1818 280 1853 (28),
298 1817 464 1853 μισάδελφοι,
485 1817 564 1853 ἔργον
577 1817 712 1853 τιθέμενοι
736 1826 816 1854 σκορ-

47 1861 122 1893 πίζειν
142 1863 174 1890 τὰ
203 1862 322 1900 Χριστοῦ
347 1863 480 1899 πρόϐατα·
504 1860 541 1889 ὧν
569 1864 594 1889 εἰ
615 1863 815 1899 παραδέχεσθαι

47 1906 120 1940 θέλεις
133 1910 192 1941 τοὺς
205 1909 303 1944 λόγους
317 1909 446 1945 ἀκρίτως,
460 1909 615 1946 διασπερεῖς
638 1918 684 1936 σου
708 1909 740 1936 τὸ
754 1910 815 1937 ποί-

48 1961 121 1987 μνιον,
134 1955 178 1982 καὶ
191 1954 362 1992 παραδώσεις
378 1954 470 1987 λύκοις
484 1956 523 1986 είς
539 1955 719 1990 κατάϐρωμα,
735 1964 813 1982 τουτ-
835 1983 838 1985 λ

74 2031 94 2047 ⁵⁸
105 2031 166 2060 Luc.
186 2041 223 2065 tv,
235 2033 280 2061 19.
307 2033 329 2049 ³³
339 2032 434 2060 Matth.
450 2041 488 2066 xx,
503 2033 529 2059 2.
568 2033 591 2049 ⁸⁵
603 2033 686 2060 Mare.
702 2041 728 2064 v,
746 2032 792 2060 54.

877 2031 971 2059 Matth.
987 2040 1025 2065 Ix,
1038 2032 1082 2059 12.

890 266 938 294 bes
959 269 1117 302 revocandi,
1133 275 1160 298 et
1173 271 1327 300 dimittendi
1351 275 1508 304 contractos
1525 278 1551 305 in
1575 280 1673 307 remis-

889 313 993 342 sionem
1004 315 1041 348 ";
1059 324 1108 350 per
1127 321 1154 345 te
1170 317 1305 352 Salvator,
1321 321 1486 358 ad‘paralysi
1508 323 1670 352 delictorum

888 358 1057 388 laborantem
1073 362 1131 390 ait:
1157 372 1167 389 ι
1185 363 1371 394 Remittuntur
1385 373 1495 403 peccata
1518 374 1563 398 tua
1579 370 1612 399 ⁵³.
1629 371 1670 400 Fi-

887 404 935 432 des
947 409 991 433 tua
1005 411 1032 435 te
1047 408 1152 436 salvum
1166 410 1250 445 fecit;
1273 412 1340 440 vade
1356 414 1382 440 in
1396 423 1462 449 pace
1472 417 1503 443 “.
1524 427 1533 442 ι
1550 416 1605 444 Pax
1620 426 1671 446 au-

876 454 941 478 tem
958 456 985 479 et
1000 455 1165 489 tranquillus
1181 462 1278 491 portus
1293 463 1336 486 est
1351 459 1471 489 Ecclesia
1486 462 1588 491 Christi
1606 475 1613 492 :
1634 465 1669 493 ad

886 504 967 532 quam
983 504 1141 534 peccatores
1162 503 1329 533 absolvendo
1352 507 1465 535 restitue
1480 516 1562 537 sanos
1576 515 1602 538 et
1617 511 1669 538 im-

885 545 1048 579 maculatos,
1072 547 1142 576 bene
1166 555 1329 585 sperantes,
1353 553 1509 586 studiosos,
1534 555 1562 582 in
1588 556 1668 584 bonis

883 593 1013 627 operibus
1031 594 1181 624 laboriOsos
1195 606 1201 623 :
1215 601 1244 624 ut
1255 598 1358 632 peritus
1368 602 1395 626 et
1412 600 1567 629 misericors
1581 602 1668 630 medi-

883 648 932 668 cus
947 642 1075 669 omnibus
1088 642 1114 669 in
1130 648 1242 677 peccato
1259 645 1433 673 versantibus
1447 647 1565 675 medere.
1580 658 1590 674 ι
1605 648 1666 676 Non

881 688 954 715 enim
966 696 1035 723 opus
1048 689 1150 716 habent
1165 691 1270 718 medico
1282 692 1328 726 qui
1344 693 1445 725 valent,
1461 693 1510 721 sed
1525 695 1572 729 qui
1593 696 1666 724 male

881 734 982 762 habent
999 736 1022 751 "
1091 736 1171 764 Venit
1185 738 1257 764 enim
1273 738 1358 767 Filius
1375 739 1492 769 hominis
1516 742 1622 770 salvare
1637 748 1666 771 et

880 790 1002 816 quaerere
1015 783 1088 818 quod
1102 788 1241 811 erraverat
1251 785 1284 812 ".
1301 794 1310 811 ›
1327 785 1395 814 Cum
1405 795 1471 823 ergo
1484 789 1522 817 sis
1536 789 1664 819 Ecclesiae

880 828 986 856 Domini
1005 830 1135 862 medicus,
1154 831 1176 847 ⁵⁷
1192 832 1307 867 singulis
1331 834 1440 868 aegrotis
1455 836 1662 865 convenientem

879 876 1041 905 medicinam
1059 877 1167 909 adhibe,
1183 879 1255 906 omni
1271 880 1360 911 modo.
1378 889 1454 913 cura,
1476 889 1555 915 sana,
1572 885 1663 918 sospi-

875 926 917 951 tes
933 922 1015 950 redde
1024 922 1152 951 Ecclesiae
1164 931 1171 950 :
1184 931 1266 958 pasce
1279 932 1386 961 gregem
1401 928 1434 961 ⁵⁸,
1445 937 1499 958 non
1514 931 1662 966 imperiose

877 975 939 996 cum
964 969 1081 996 ludibrio
1095 989 1102 1000 ,
1131 969 1210 1004 quasi
1226 975 1387 1006 potestatem
1399 981 1528 1005 exercens
1545 977 1584 1010 ";
1611 978 1660 1006 sed

876 1015 1047 1050 utbenignus
1062 1019 1164 1051 pastor,
1181 1017 1208 1044 in
1228 1018 1319 1046 sinum
1334 1027 1418 1055 agnos
1433 1030 1617 1060 congregans,
1633 1031 1660 1054 et

876 1061 945 1090 fetas
959 1061 1115 1090 refocillans
1125 1063 1159 1092 “.

1166 1119 1280 1148 CAPUT
1298 1121 1368 1151 XXI.

875 1176 951 1210 Quod
970 1177 1114 1211 periculum
1134 1179 1170 1218 sit
1187 1186 1240 1204 una
1262 1183 1363 1205 tantum
1375 1184 1450 1213 parte
1471 1183 1563 1210 audita
1584 1184 1659 1218 judi-

910 1221 983 1254 care,
998 1217 1021 1239 et
1033 1220 1134 1246 prunam
1153 1213 1288 1240 decernere
1308 1219 1399 1241 contra
1417 1224 1475 1242 eum
1485 1218 1529 1252 qui
1543 1213 1657 1247 nondum

909 1253 1040 1275 convictus
1056 1253 1105 1275 est.

908 1295 972 1322 Esto
997 1298 1086 1322 autem
1113 1294 1259 1327 humanus,
1285 1295 1384 1329 bonus,
1411 1297 1491 1330 lenis,
1519 1300 1655 1334 sinceruS,

871 1351 964 1376 verax,
978 1351 1033 1370 non
1050 1343 1146 1374 durus,
1161 1351 1213 1370 non
1229 1347 1385 1377 contumax,
1398 1353 1453 1373 non
1471 1347 1584 1383 rigidus,
1600 1357 1656 1378 non

872 1397 1013 1425 arrogans,
1029 1398 1084 1417 non
1103 1390 1309 1422 immisericors,
1323 1399 1377 1419 non
1401 1392 1519 1427 inflatus,
1536 1403 1590 1422 non
1611 1404 1657 1425 as-

872 1441 1004 1469 sentator,
1019 1445 1074 1464 non
1099 1437 1250 1471 improbus,
1274 1445 1328 1464 non
1349 1439 1509 1474 versipellis,
1523 1450 1577 1470 non
1593 1444 1657 1471 illu-

871 1484 939 1511 dens
953 1483 1002 1510 tibi
1016 1483 1146 1518 subjectis
1160 1484 1276 1518 populis,
1299 1484 1344 1512 Dei
1365 1485 1437 1521 leges
1455 1491 1535 1524 atque
1549 1490 1582 1518 de
1596 1499 1656 1526 pm-

871 1531 985 1559 nitentia
1007 1539 1146 1558 sermones
1172 1531 1226 1558 illis
1253 1539 1307 1558 non
1325 1533 1477 1567 occultans,
1495 1543 1548 1562 non
1564 1544 1657 1571 prom-

870 1583 932 1614 ptus
947 1578 981 1606 ad
995 1579 1183 1613 expellendum
1208 1582 1235 1607 et
1255 1579 1436 1614 ejiciendum;
1453 1582 1500 1610 sed
1515 1584 1654 1618 prudens.

870 1635 921 1654 nee
944 1627 990 1662 qui
1011 1627 1127 1654 libenter
1145 1635 1177 1654 ac
1192 1628 1344 1662 procaciter
1365 1629 1509 1664 increpes;
1534 1639 1584 1659 nec
1607 1632 1654 1668 qui

870 1674 1054 1702 testimonium
1076 1674 1207 1702 adversus
1235 1676 1388 1710 quempiam
1417 1676 1564 1710 admittas,
1594 1680 1654 1708 sine

868 1721 956 1749 tribus
972 1721 1097 1749 ﬁdelibus
1111 1721 1236 1753 testibus,
1253 1721 1340 1757 iisque
1354 1730 1469 1757 quorum
1486 1731 1575 1752 mores
1586 1726 1654 1761 jam.

869 1767 973 1802 pridem
988 1767 1129 1802 approbati
1147 1767 1212 1799 sint,
1231 1771 1258 1794 et
1272 1767 1419 1796 dummodo
1436 1777 1523 1805 neque
1535 1771 1653 1799 inimici-

868 1813 913 1840 tiis
927 1820 1014 1847 neque
1032 1813 1133 1840 invidia
1146 1813 1292 1841 ducantur.
1310 1813 1384 1840 Multi
1398 1815 1498 1850 quippe
1519 1822 1583 1844 sunt
1597 1825 1653 1845 ma~

867 1859 958 1891 levoli,
973 1859 1092 1891 dicaces,
1103 1859 1210 1886 tertiam
1225 1859 1343 1894 linguam
1363 1860 1492 1888 habentes
1508 1861 1539 1894 ",
1555 1870 1652 1891 osores

865 1905 991 1937 fratrum,
1009 1905 1035 1932 id
1049 1912 1158 1940 operam
1180 1905 1285 1938 dantes,
1300 1909 1329 1932 ut
1343 1905 1442 1934 Christi
1467 1915 1531 1935 oves
1544 1908 1651 1944 disper-

865 1956 930 1989 gant
942 1961 950 1980 τ
967 1952 1062 1979 horum
1075 1951 1098 1978 si
1112 1950 1260 1979 delationes
1276 1955 1376 1980 temere
1387 1953 1428 1980 vis
1439 1954 1573 1988 excipere,
1587 1962 1648 1989 gre-

1133 2032 1157 2070 _‘_°
1168 2031 1235 2059 Luc.
1252 2041 1323 2070 xix,
1342 2033 1386 2061 10.
1416 2034 1468 2061 l7|.
1499 2034 1586 2070 lgnat.
1612 2035 1649 2064 ad

46 2064 123 2102 Polyc.
134 2068 161 2095 2.
187 2069 210 2085 ⁵⁸
224 2068 325 2096 Ezech.
343 2076 436 2097 xxxiv.
450 2064 485 2095 4.’
515 2068 538 2085 ⁸⁸
554 2068 648 2096 Matth.
662 2076 709 2100 xx,
720 2069 767 2095 25.
803 2068 819 2083 °‘

872 2075 893 2096 ι.
907 2075 952 2100 ιι,
969 2068 1013 2095 Η.
1045 2067 1160 2095 "Eccli.
1179 2075 1275 2101 xxvm,
1291 2067 1335 2096 16.

682 2134 863 2175 vamon'uu
879 2145 995 2175 Noras.

74 2214 123 2251 (21)
136 2215 239 2251 ᾼιμήν.
258 2215 327 2243 Male
341 2214 471 2242 omittunt
494 2213 522 2241 in
544 2217 660 2250 utroque
674 2214 812 2243 Vindobo—
827 2217 849 2245 D
864 2216 934 2251 rium
950 2218 1001 2245 est.
1017 2214 1081 2251 quia
1092 2221 1136 2242 res
1144 2221 1194 2251 per
1204 2221 1245 2251 Ase
1263 2214 1330 2242 satis
1345 2214 1513 2251 intelligitur.
1532 2215 1586 2244 Pro
1607 2215 1646 2245 ὧν

44 2250 309 2321 Ϊίθξξέῇιῗηιὶεειίυξ
324 2284 393 2312 alter
408 2283 530 2320 ἰώμενος.
543 2282 616 2311 ldem
626 2292 675 2320 pro
690 2285 811 2321 ἁμαρτίᾳ.

45 2317 284 2365 “stemmatis:
295 2320 332 2365 'P:

136 2352 196 2394 "pf.
212 2356 286 2394 Alter
299 2355 360 2382 cod.
375 2353 519 2394 undpxogv._
530 2352 568 2394 Io.‘

73 2389 123 2423 (Ἡ)
137 2390 177 2422 Τῷ
190 2391 291 2422 κόλπῳ
305 2388 494 2423 συνάτωῷίτὰ
503 2388 600 2422 ἀρνία,
612 2398 638 2416 κ.
652 2398 676 2416 τ.
687 2390 711 2416 λ.
720 2389 810 2418 Habes

44 2425 142 2459 vestigia
162 2426 272 2459 integra:
294 2424 427 2451 versionis
455 2423 556 2450 Senum
581 2423 615 2451 ls.
632 2433 676 2456 XL,
696 2426 724 2452 ll
742 2435 749 2452 :
765 2425 809 2459 Τῷ

60 2452 150 2493 ραχῖονι
160 2452 240 2487 αὑτουῦ
256 2460 362 2491 συνάξει
373 2459 466 2494 ἄρνας,
475 2459 520 2485 καὶ
531 2459 559 2484 ὲν
572 2459 610 2494 τῷ
625 2452 716 2495 κόλπῳ
725 2452 808 2486 abte-‘5

60 2494 166 2522 αστάσει.
180 2496 227 2522 καὶ
240 2496 268 2521 ὲν
280 2495 378 2522 γαστρὶ
399 2493 513 2522 ἑκούσας
535 2494 728 2522 παρακαλέσει.
751 2494 808 2521 lloc

45 2502 166 2526 Ραστασει,
180 2502 227 2522 και
240 2502 268 2521 εν
280 2503 378 2530 γαστρι
399 2502 513 2528 εχουσας
535 2502 728 2528 παρακαΛεσει.
751 2502 808 2521 uoc

44 2533 79 2554 cst
90 2528 155 2563 apud
168 2529 378 2565 Hieronymum:
394 2528 430 2570 In.
442 2528 554 2570 .lzracltio
574 2536 622 2555 suo
643 2529 808 2564 congregabit

44 2569 158 2595 agnos,'ct
172 2565 198 2591 in
213 2563 332 2592 sinu'suo
344 2563 468 2598 portabit,
488 2568 512 2589 et
534 2570 696 2597 τινα-σηοωεδ
715 2572 808 2591 consa-

45 2596 137 2625 labitlr.
154 2599 242 2627 Minus
262 2600 330 2627 bene
354 2601 487 2633 quotquot
507 2603 638 2625 venerunt
661 2599 687 2625 in
709 2607 806 2625 manus

44 2639 108 2666 meas
130 2634 198 2665 libri,
212 2636 268 2662 sive
287 2634 392 2666 excusi,
413 2634 470 2661 sive
495 2640 577 2659 manu
597 2634 710 2664 exarati,
729 2638 757 2660 ut
779 2637 807 2660 et

44 2665 147 2703 Cyrillus
169 2677 199 2696 ac
219 2665 519 2703 Procopius,70mittunl
544 2675 635 2703 voces.
657 2669 704 2695 καὶ
726 2669 754 2694 ὲν
768 2668 806 2703 τῷ

71 2701 123 2739 λπῳ
134 2703 213 2739 αὐτοῦ
228 2701 371 2739 βαστάσει,
383 2710 452 2738 quas
467 2703 551 2739 c_odex
569 2702 684 2739 celeber.
708 2701 805 2730 Renati

44 2729 158 2775 Marchali
182 2729 399 2775 tribruit
410 2729 447 2775 _et
471 2736 645 2772 Symmacho,
663 2729 725 2766 cum
737 2729 805 2765 isint

44 2772 118 2808 etiam
126 2773 296 2808 interpretum
311 2772 392 2800 LXX.
405 2772 472 2800 Cor.

73 2805 122 2842 (35)
134 2805 263 2842 'Aco'loc.
276 2808 355 2836 Deest
371 2808 398 2835 in
418 2808 502 2834 altero
514 2806 575 2834 cod.
589 2806 742 2835 Vindobon.
753 2806 801 2842 CL.

82 2840 122 2879 QQ)
135 2840 520 2879 Φαεπιὲιμητήςποιηῇιιίιυτ
540 2842 574 2879 in_
583 2842 668 2870 altero
682 2842 742 2870 cod.
764 2841 801 2869 In.

81 2875 122 2909 2η
136 2875 352 2909 Πιστῶνξῡοεει
364 2878 392 2907 in
414 2878 499 2907 altero
526 2877 585 2906 cod.
603 2885 653 2907 nec
677 2885 804 2907 neceSSa-

862 2250 933 2286 quod
950 2250 1073 2284 sequitur
1087 2249 1188 2286 est_édv
1203 2248 1230 2276 in
1246 2253 1369 2286 utroque.
1385 2249 1422 2286 ΙΙ).

908 2286 953 2320 28)
971 2283 1074 2320 Τρίτηνξ
1087 2283 1231 2320 γλῶσσαν
1243 2283 1363 2320 ἔχοντες
1388 2284 1517 2319 Linguam
1539 2287 1643 2314 tertiam

861 2319 968 2348 Hebraai
986 2319 1131 2354 appellant,
1144 2319 1261 2354 linguam
1283 2319 1460 2354 oblocutor-is,
1477 2324 1569 2354 utpote
1587 2330 1644 2349 me—

860 2355 931 2382 diam
944 2353 1175 2382 inter’auditorem
1188 2353 1219 2380 ac
1228 2362 1288 2381 eum
1301 2353 1334 2381 de
1346 2362 1398 2388 quo
1410 2363 1499 2382 sermo
1509 2353 1641 2385 habetur:

860 2391 990 2425 aiuntque
1015 2389 1105 2424 lingua
1124 2389 1206 2425 tertia
1222 2389 1308 2425 tribus
1327 2391 1472 2423 perniciem
1490 2390 1641 2424 importari,

859 2423 1021 2454 detrahenti.
1038 2423 1200 2452 auscultanti
1223 2428 1250 2451 et
1275 2424 1439 2451 insimulata.
1454 2425 1518 2458 Quae
1528 2423 1642 2458 γλῶσσα

852 2459 932 2495 τρίτη
946 2463 1047 2495 quanta
1059 2459 1128 2485 mala
1143 2458 1252 2488 excitet.
1261 2457 1427 2495 describitur
1437 2458 1468 2495 iu_
1479 2457 1562 2495 Eccli.
1576 2466 1636 2492 cap.

855 2492 960 2524 x'xvmi
985 2493 1029 2520 ubi
1052 2498 1141 2520 tamen
1172 2492 1302 2520 nonnulla
1324 2492 1486 2526 exennplaria
1511 2493 1638 2520 videntur

853 2528 983 2556 habuisse
1000 2529 1085 2563 τρητή
1096 2547 1103 2558 ,
1122 2528 1171 2554 hoc
1185 2532 1227 2554 est
1248 2527 1440 2563 τετρυπημένη
1452 2546 1460 2558 ,
1481 2528 1637 2561 perforata;

857 2565 952 2590 eodem
975 2561 1056 2590 sensu
1080 2561 1134 2596 quo
1157 2569 1252 2588 servus
1272 2561 1316 2588 ille
1330 2561 1508 2589 Terentianus
1521 2563 1640 2597 jocatur,

857 2605 887 2625 se
905 2598 1013 2633 quando
1033 2596 1276 2633 mendaciatat-ere
1294 2596 1420 2633 iubetur;
1435 2596 1542 2633 plenum
1558 2596 1642 2625 rima;-

856 2630 921 2659 runi
931 2641 1001 2663 esse.
1014 2634 1064 2658 hac
1076 2632 1231 2667 atqueiillac
1243 2630 1387 2667 perﬂuere.
1401 2630 1512 2667 Egregie
1523 2633 1550 2658 in
1563 2633 1642 2659 scho-

856 2667 892 2694 lio
904 2668 921 2694 2
934 2668 967 2694 ad
979 2667 1090 2702 gradum
1106 2669 1140 2693 10
1153 2666 1239 2702 Scala:
1247 2666 1363 2702 ΖΙοιιιηιὶε
1375 2666 1498 2697 Cliiiiaci,
1513 2667 1639 2694 Κατάλα.

855 2702 899 2743 λος
913 2701 994 2743 ξιιυχιὶγ⁷
1010 2702 1130 2743 τρίᾷολον
1143 2702 1198 2743 ἔχει
1208 2701 1340 2743 γλῶσσαν·
1355 2701 1453 2743 ἑαυτὴν
1462 2701 1525 2743 γὰρ,
1537 2703 1638 2743 καξτρν

854 2735 996 2767 ἀκούονται,
1013 2735 1066 2762 ἔσθ’
1087 2737 1130 2762 ὅτε
1152 2735 1179 2762 δὲ
1202 2736 1249 2762 καὶ
1263 2735 1308 2771 τον
1323 2735 1555 2771 καταλαλούμενον
1574 2736 1636 2771 βλά-

854 2781 926 2798 πτει.
946 2772 1040 2798 Anima
1053 2779 1110 2806 qua!
1129 2769 1332 2797 detractionibus
1350 2775 1388 2796 est
1410 2769 1531 2799 obnolria.
1546 2769 1637 2796 trisul.

855 2815 912 2833 cam
931 2807 1007 2833 habet
1024 2807 1139 2841 linguam
1151 2813 1160 2832 :
1172 2810 1245 2832 nocet
1257 2805 1332 2841 enini
1344 2810 1368 2841 et
1384 2805 1435 2841 sibi
1447 2806 1508 2839 ipsi,
1522 2810 1547 2832 et
1559 2806 1635 2835 audi-

856 2843 916 2877 tori,
932 2847 955 2869 et
968 2842 1008 2870 illi
1021 2839 1174 2877 quandoque
1190 2840 1232 2868 cui
1246 2839 1403 2867 detrahitur.
1415 2840 1484 2868 Cor.
