1893 3109
225 143 278 172 639

650 140 678 169 ε.
698 138 895 168 CLEMENTIS
911 139 921 166 Ι
941 138 1025 166 ROM.
1044 136 1146 166 PONT.
1164 136 1279 164 OPERA
1297 135 1410 165 DUBIA.
1796 137 1834 167 δίο

225 209 286 237 gem
299 204 377 228 tuum
397 199 557 235 dissipabis,
571 203 600 226 et
618 198 806 226 devorandum
825 197 918 225 trades
934 197 1016 232 lupis.

1074 208 1127 234 ἔστι
1141 205 1260 241 δαίμοσι,
1278 205 1324 231 καὶ
1339 205 1467 240 πονηροῖς
1481 203 1646 240 ἀνθρώποις,
1665 203 1789 239 μᾶλλονδὲ
1799 206 1835 233 οὐχ

226 248 278 274 hoc
292 250 334 275 est
349 246 519 274 daemonibus
534 249 562 273 et
574 245 666 281 pravis
689 244 863 277 hominibus;
887 244 942 270 imo
956 251 1021 271 vero

227 301 282 321 non
296 293 465 324 hominibus,
483 292 530 319 sed
554 291 620 320 feris
636 291 755 318 humana
778 290 864 318 forma
888 289 1019 325 praeditis,

226 340 345 368 ethnicis
360 347 467 374 nempe.
483 338 585 366 Judteis
599 343 625 366 et
639 338 731 373 impiis
751 338 897 365 haereticis.
917 336 939 353 "
953 336 1020 364 Nam

227 386 261 412 ad
276 393 338 413 eum
353 387 400 420 qui
416 393 448 412 ex
465 384 590 412 Ecclesia
605 385 711 419 ejectus
725 387 777 416 est,
793 383 925 411 continuo
943 389 1023 410 acce-

227 432 297 460 dunt
311 432 459 459 truculenti
477 432 544 467 lupi,
562 435 590 458 et
604 431 682 466 quasi
703 438 803 466 agnum
828 430 960 457 devorare
974 436 1023 464 ge-

228 479 326 511 stiunt,
341 479 370 506 in
385 477 526 514 proprium
542 478 649 504 lucrum
673 480 790 503 mortem
806 475 879 502 illius
892 478 1023 510 reputan-

228 529 271 553 tes
279 534 285 554 :
293 524 393 553 etenim
405 525 513 552 illorum
524 528 600 559 pater
607 523 742 555 diabolus,
751 521 887 549 homicida
897 525 940 548 est
948 521 984 548 “2
997 523 1024 549 et

228 571 275 607 qui
292 570 564 606 per-imprudentiam
582 573 657 596 tuam
673 570 774 604 injuste
789 571 947 603 segregatus
961 567 1023 600 fuit,

230 622 287 645 tum
301 617 415 645 tristitia
436 625 595 653 oppressus,
613 620 641 644 et
662 616 762 651 pusillo
784 615 875 642 animo
892 615 1022 650 eﬂ'ectus;

230 668 278 692 aut
292 664 326 691 ad
339 669 433 700 gentes
446 664 614 700 evagabitur,
637 667 684 690 aut
708 662 895 698 implicabitur
910 661 1026 689 han-esi-

230 710 300 743 bus;
317 714 344 737 et
361 710 395 737 ab
409 709 529 738 Ecclesia
550 717 582 736 ac
593 717 642 745 spe
656 710 684 736 in
701 708 784 736 Deum
800 709 908 744 penitus
922 707 1024 736 abalie-

230 756 350 790 nabitur,
371 760 452 791 atque
476 756 511 784 ab
534 756 674 792 impietate
699 755 905 790 compedietur;
922 755 1026 789 ﬁesquc

232 806 260 829 tu
285 802 319 830 de
346 802 420 830 illius
443 802 553 830 interitu
583 810 656 830 reus.
671 801 757 829 Porro
778 808 886 836 aequum
909 808 964 827 non
983 804 1025 828 est

232 853 387 884 promptum
401 849 511 884 quidem
526 856 587 876 esse
609 848 642 875 ad
661 847 825 882 ejiciendum
841 850 1023 882 peccatorem,

231 895 340 922 tardum
353 902 417 922 vero
439 894 473 921 ad
497 893 682 929 recipiendum
702 900 884 926 conversum;
899 897 926 920 et
939 896 1024 920 teme-

231 941 336 968 rarium
351 940 461 976 quidem
477 941 510 968 ad
524 939 720 975 amputandum
741 939 876 971 existere,
892 938 1024 965 immitem

232 991 323 1015 autent
346 987 379 1014 ad
400 986 562 1014 medendum
588 986 710 1020 dolenti;
735 985 770 1014 de
790 985 892 1013 talibus
915 985 1024 1012 dicente

233 1033 374 1069 Scriptura
393 1033 505 1060 divina:
525 1042 534 1058 ι
556 1032 643 1060 Pedes
665 1039 760 1059 eorum
772 1031 805 1058 ad
817 1031 949 1058 malitiam
965 1038 1025 1058 cur-

233 1085 298 1107 runt
315 1090 321 1108 :
336 1080 442 1107 veloces
463 1083 527 1107 sunt
547 1079 581 1106 ad
594 1078 788 1106 elfundendum
803 1076 964 1112 sanguinem
976 1077 998 1093 “
1015 1086 1021 1104 :

232 1127 364 1154 contritio
375 1129 402 1154 et
415 1125 525 1154 miseria
537 1126 565 1153 in
577 1125 626 1153 viis
639 1132 745 1156 eorum,
758 1127 785 1151 et
796 1123 866 1151 viam
879 1123 955 1159 pacis
970 1130 1024 1150 non

233 1176 420 1208 cognoverunt
436 1180 443 1200 :
460 1179 516 1199 non
539 1175 582 1200 est
605 1171 687 1198 timor
709 1170 757 1198 Dei
773 1174 836 1198 ante
855 1169 951 1197 oculos
979 1176 1026 1197 eo—

234 1227 294 1246 rum
309 1218 342 1246 ⁶⁸.
358 1227 367 1244 ›
383 1217 432 1245 Via
444 1221 532 1245 autem
545 1218 622 1253 pacis
641 1222 682 1244 est
694 1216 825 1244 Servator
840 1219 933 1243 noster
944 1214 1025 1243 Jesus

233 1265 372 1295 Christus.
388 1264 436 1299 qui
457 1264 538 1291 etiam
551 1271 602 1291 nos
616 1263 709 1291 docuit
721 1263 764 1290 his
776 1262 865 1290 verbis
880 1271 886 1288 :
901 1270 910 1286 ι
927 1260 1026 1288 Dimit-

234 1313 294 1344 tite,
305 1312 339 1347 et}
350 1310 504 1339 dimittetur
518 1310 611 1344 vobis;
622 1310 693 1341 date,
709 1313 736 1336 et
754 1308 862 1336 dabitur
871 1307 947 1336 vobis
957 1309 994 1342 “;
1015 1318 1024 1334 ι

234 1358 286 1386 hoc
296 1363 349 1390 est,
357 1357 419 1385 date
427 1362 600 1392 peccatorum
611 1355 810 1387 remissionem,
817 1359 844 1382 et
853 1354 1027 1382 remittemur

233 1405 311 1432 vobis
322 1404 421 1432 delicta
435 1413 440 1430 :
451 1402 678 1438 quemadmodum
690 1405 717 1429 et
729 1408 778 1436 per
788 1400 938 1428 orationem
951 1399 1027 1427 insti-

234 1451 287 1477 tuit
298 1458 358 1483 nos,
371 1454 401 1477 nt
409 1449 442 1476 ad
453 1449 536 1476 Deum
550 1449 705 1476 diceremus
717 1458 723 1475 :
743 1457 752 1473 ι
765 1446 875 1474 Dimitte
886 1446 966 1473 nobis
976 1445 1025 1473 de-

235 1497 292 1524 bita
306 1500 411 1528 nostra,
427 1497 498 1524 sicut
517 1499 545 1523 et
558 1502 609 1522 nos
619 1494 784 1522 dimittimus
794 1493 964 1520 debitoribus
977 1500 1028 1520 non

1071 251 1244 288 ἀνθρώποις,
1283 250 1351 277 ἀλλά
1379 250 1484 286 θηρίοις
1511 248 1745 286 ἀνθρωποειδέσιν,
1782 251 1835 277 ἐθνι-

1072 299 1130 329 κοϊς
1148 297 1215 333 (29),
1231 297 1278 323 καὶ
1298 296 1482 328 Ἰουδαῖσταίς,
1507 295 1555 321 καὶ
1571 294 1744 331 αίρεσιώταις
1757 295 1833 327 ἀθέοις

1071 343 1110 379 τῷ
1125 342 1179 378 γὰρ
1194 341 1353 377 ἐκϐληθέντι
1366 342 1416 377 τῆς
1432 341 1604 377 Ἐκκλησίας,
1622 340 1703 372 εὐθὺς
1712 340 1835 376 προσπελά-

1073 388 1165 421 ζουσιν
1181 387 1236 424 (50)
1251 388 1276 414 οἱ
1289 387 1428 423 λυμεῶνες
1447 387 1534 420 λύκοι,
1559 388 1606 414 καὶ
1630 387 1669 418 ὡς
1692 387 1756 422 ἄρνα
1775 386 1835 422 βορὰν

1073 434 1213 470 ἡγοῦνται,
1230 433 1325 469 κέρδος
1349 433 1413 460 ἴδιον
1435 433 1580 469 ἡγούμενοι
1603 433 1656 468 τὴν
1673 432 1769 459 ἐκείνου
1781 432 1836 459 ἀπώ-

1074 480 1159 507 λειαν·
1183 480 1232 507 καὶ
1253 479 1309 515 γὰρ
1330 481 1345 507 6
1366 480 1468 506 τούτων
1483 480 1575 516 πατὴρ
1589 478 1713 510 διάϐολος
1726 479 1835 514 ἀνθρωπο-

1074 527 1167 558 κτόνος
1199 526 1268 552 ὲστί⁸
1293 526 1339 552 καὶ
1362 526 1376 552 6
1398 525 1442 552 διὰ
1463 525 1513 561 τῆς
1537 526 1586 561 σῆς
1606 526 1743 561 ἀκρισίας,
1763 524 1836 556 ἀδίκως

1075 572 1242 609 ἀφορισθεὶς,
1253 572 1300 598 καὶ
1311 571 1416 607 ἀθυμίᾳ
1431 571 1581 607 συσχεθεὶς,
1594 572 1643 598 καὶ
1658 571 1834 606 ὀλιγοψνχήσας,

1074 619 1091 655 ἢ
1109 621 1148 651 είς
1163 619 1226 655 ἔθνη
1243 618 1511 653 ἀποπλανηθήσεται,
1528 618 1544 653 ἣ
1568 618 1608 649 εις
1629 617 1748 653 αἱρέσεις
1759 626 1836 652 mpm-

1075 665 1241 701 δισθήσεται,
1266 664 1312 690 καὶ
1330 663 1467 696 παντελῶς
1490 663 1540 699 τῆς
1569 663 1730 699 Ἐκκλησίας
1748 664 1787 690 καὶ
1801 663 1836 698 τῆς

1075 711 1115 742 είς
1136 710 1202 737 Θεὸν
1224 710 1331 742 ἐλπίδος
1352 709 1650 745 ἀπαλλοτριωθήσεται,
1673 710 1719 736 καὶ
1737 709 1837 744 auum".-

1077 757 1204 793 σθήσεται
1219 757 1272 783 ὑπὸ
1285 756 1422 788 ἀσεϐείας,
1447 757 1493 783 καὶ
1515 757 1618 792 γενήσῃ
1640 757 1673 783 σὺ
1695 756 1742 791 τῆς
1759 757 1835 782 ἐκείνω

1076 802 1214 834 ἀπωλείας
1228 802 1328 838 ἔνοχος,
1344 803 1381 828 Οὐ
1396 801 1450 837 γὰρ
1464 802 1567 829 δίκαιόν
1581 803 1669 834 ὲστιν,
1691 802 1786 837 ἕτοιμον
1803 803 1836 837 μὲν

1077 845 1146 875 εἶναι
1160 848 1300 875 έκῦἀλλειν
1314 848 1359 875 τὸν
1373 847 1561 884 ἡμαρτηκότα,
1572 848 1690 884 ὀκνηρὸν
1700 848 1726 874 δὲ
1736 848 1836 883 ὑπάρχειν

1075 895 1115 927 είς
1128 895 1159 922 τὸ
1174 894 1370 931 προσδέχεσθαι
1383 894 1428 920 τὸν
1442 893 1656 929 ἐπιστρέφοντα,
1669 895 1715 920 καὶ
1724 894 1837 929 πρόχειρον

1076 941 1126 978 μὲν
1141 942 1181 973 εἰς
1194 941 1225 968 τὸ
1239 941 1415 973 ἀποκόπτειν,
1426 940 1527 976 ἀνηλεῆ
1540 940 1568 966 δὲ
1579 941 1621 972 είς
1634 940 1665 967 τὸ
1678 940 1721 967 τὸν
1734 940 1836 974 ἀλγοῦντα

1076 987 1177 1015 ίᾶσθαιο
1203 988 1267 1023 περὶ
1281 987 1336 1023 γὰρ
1349 987 1403 1014 τῶν
1417 987 1546 1014 τοιούτων
1560 987 1636 1021 λέγει
1652 987 1669 1022 ἡ
1684 987 1740 1013 θεία
1752 986 1834 1022 Γραᾳή·

1078 1043 1087 1060 ι
1101 1035 1134 1061 Oi
1150 1034 1229 1066 πόδες
1245 1034 1334 1060 αὐτῶν
1358 1035 1398 1066 είς
1413 1034 1512 1060 κακίαν
1531 1033 1670 1069 τρέχουσι·
1692 1034 1783 1069 ταχινοί
1799 1035 1835 1059 εἰει

1074 1079 1121 1107 τοῦ
1145 1080 1250 1115 έκχέειν
1272 1077 1352 1114 αἷμα·
1387 1079 1544 1116 σύντριμμα
1573 1080 1623 1106 καὶ
1645 1079 1799 1115 ταλαιπωρία
1817 1082 1836 1106 ἐν

1074 1127 1135 1158 ταῖς
1148 1126 1216 1158 ὁδοῖς
1230 1126 1330 1158 αὐτῶν,
1345 1127 1392 1153 καὶ
1402 1126 1460 1153 ὁδὸν
1475 1127 1586 1162 εἰρήνης
1599 1127 1652 1153 οὐκ
1668 1127 1785 1161 ἔγνωσαν·
1802 1127 1835 1153 οὐκ

1075 1173 1132 1200 ἔστι
1155 1173 1236 1208 φόϐος
1257 1172 1324 1199 Θεοῦ
1346 1173 1477 1202 ἀπέναντι
1499 1173 1553 1200 τῶν
1573 1173 1720 1209 ὀφθαλμῶν
1741 1173 1834 1199 αὐτῶνθ

1081 1219 1155 1252 Ὁδὸς
1169 1219 1197 1246 δὲ
1212 1219 1322 1255 εἰρήνης
1336 1219 1408 1245 ἐστὶν
1423 1220 1438 1246 6
1451 1219 1546 1255 Σωτὴρ
1560 1219 1641 1255 ἡμῶν
1663 1219 1757 1255 Ἰησοῦς
1767 1220 1779 1246 6
1790 1220 1836 1254 Χριι

1077 1266 1137 1297 στὰῖ
1171 1265 1202 1297 ὃς
1223 1265 1270 1292 καὶ
1297 1264 1415 1297 ἐδίδαξεν
1440 1265 1514 1300 ἡμᾶς
1544 1265 1643 1299 λέγων·
1663 1275 1673 1291 ‹
1690 1266 1785 1299 Ἅφετε,
1804 1265 1836 1292 ni

1076 1311 1242 1347 ἀφεθήσεται
1258 1312 1332 1347 ὑμῖν,
1347 1311 1441 1344 δίδοτε,
1457 1311 1504 1338 καὶ
1524 1311 1668 1347 δοθήσεται
1682 1311 1749 1347 ὑμῖν*
1761 1321 1769 1337 ι
1781 1319 1835 1337 τουτ-

1077 1357 1144 1389 έστι,
1160 1356 1245 1383 δίδοτε
1267 1357 1362 1392 ἄφεσιν
1385 1357 1536 1393 ἁμαρτιῶν,
1557 1358 1605 1384 καὶ
1627 1357 1779 1394 ἀφεθήσεται
1791 1357 1835 1392 ὑμῖν

1076 1403 1111 1430 τὰ
1126 1403 1336 1440 παραπτώματα
1351 1404 1417 1440 (51)·
1443 1404 1481 1436 ὡς
1495 1405 1541 1431 καὶ
1561 1403 1605 1431 διὰ
1626 1405 1676 1440 τῆς
1696 1405 1768 1440 εὐχῆς
1785 1405 1836 1439 ἡμᾶς

1077 1449 1219 1476 ἐπαίδευσε
1239 1449 1327 1484 λέγειν
1350 1450 1418 1486 πρὸς
1444 1450 1489 1477 τὸν
1516 1450 1591 1477 Θεόψ
1610 1460 1619 1477 ι
1644 1451 1725 1485 ’Ἄφες
1745 1451 1797 1485 ἡμῖν
1814 1450 1837 1475 τὰ
1860 1466 1861 1486 ς

1077 1495 1248 1531 ὀφειλήματα
1261 1483 1350 1532 ήμῶν,
1361 1483 1399 1528 ῶς
1413 1497 1460 1523 καὶ
1475 1497 1554 1532 ἡμεῖς
1568 1483 1690 1533 ἀφίεμεν.
1699 1483 1836 1530 τοίς-οᾳειλέ-

235 1542 339 1570 stris‘".
351 1552 361 1568 ι
369 1542 459 1576 Quare
472 1542 495 1570 si
510 1541 700 1577 peccatoribus
712 1540 820 1568 veniam
831 1547 885 1566 non
892 1538 1024 1570 tribuitis,

1077 1550 1137 1574 ταις
1152 1541 1239 1577 ἡμῶν.
1257 1551 1266 1568 ι
1291 1539 1352 1569 Ἐὰν
1373 1540 1419 1569 οὗν
1443 1542 1480 1579 μὴ
1503 1543 1589 1578 ἀφῆτε
1609 1544 1668 1574 τοῖς
1689 1541 1837 1578 ἡμαρτηκόσι,
1860 1553 1861 1562 ι

235 1589 372 1624 quc-modo
389 1593 561 1624 peccatorum
578 1590 732 1615 vestrorum
748 1586 854 1614 veniam
869 1585 1027 1621 accipietis?

235 1636 277 1663 An
291 1643 344 1663 non
355 1639 450 1663 contra
461 1642 509 1662 vos
530 1634 605 1668 ipsos
621 1632 712 1668 ligatis
721 1652 728 1664 ,
741 1639 805 1659 cunt
820 1631 913 1659 dicitis
928 1638 977 1658 vos
990 1630 1028 1658 di-

235 1682 353 1713 mittere,
367 1685 394 1709 et
407 1689 459 1708 non
471 1679 627 1708 dimittitis?
639 1679 736 1706 Annon
746 1682 838 1705 vestro
847 1678 887 1705 ori
896 1685 1029 1712 repugna-

237 1728 311 1759 bitis,
323 1726 449 1757 dicendo.
464 1726 638 1758 Dimittimus,
654 1729 681 1753 et
699 1733 753 1752 non
768 1723 947 1752 dimittendo?
969 1723 1028 1751 Sci-

235 1778 292 1801 tote
306 1774 378 1801 enim
393 1774 466 1808 quod
483 1774 530 1809 qui
546 1773 621 1800 nulla
636 1773 781 1808 iniquitate
802 1775 959 1798 contactum
984 1771 1030 1798 ab-

233 1820 305 1856 jicit,
319 1824 365 1847 aut
377 1820 409 1847 ad
427 1820 525 1847 bonam
542 1819 645 1855 frugem
666 1826 805 1847 reversum
819 1825 875 1845 non
896 1817 1027 1849 admittit,

237 1867 331 1895 fratris
343 1867 387 1895 sui
397 1866 557 1895 interfector
567 1870 619 1900 est,
631 1870 658 1894 et
669 1866 830 1902 sanguinem
849 1865 910 1900 ejus
927 1864 1027 1896 fundit,

237 1914 381 1942 utCainus
398 1914 476 1942 Abeli
496 1913 607 1948 fratris;
624 1913 791 1949 sanguisque
811 1913 886 1940 illius
906 1912 1029 1939 clamans

238 1960 271 1987 ad
298 1959 394 1994 Deum,
414 1960 571 1996 requiretur
596 1960 629 1988 ⁸⁸.
652 1959 747 1988 Justus
768 1959 869 1994 quippe
891 1958 992 1993 injuste
1013 1965 1029 1985 a

237 2014 375 2042 quoquam
397 2007 518 2039 occisus,
530 2007 603 2042 apud
623 2006 709 2034 Deum
728 2006 882 2041 requiescet
904 2005 932 2032 in
954 2008 1031 2032 aeter-

238 2060 315 2083 num.
332 2056 360 2080 et
375 2053 457 2080 simili
468 2053 549 2080 modo
565 2052 612 2087 qui
627 2052 662 2079 ab
678 2051 809 2086 episcopo
820 2058 963 2086 perperam
975 2049 1031 2078 fue-

239 2098 274 2124 rit
284 2099 547 2126 excoutmunicatus.
561 2098 614 2125 Sed
624 2097 856 2133 quiinculpatum,
865 2096 942 2132 quasi
958 2102 1030 2124 esset

239 2144 404 2177 scelerosus,
426 2145 566 2179 eliminat,
590 2145 614 2172 is
633 2144 829 2179 interemptore
852 2144 950 2172 saevior
975 2146 1029 2176 est,

239 2197 295 2218 non
310 2191 459 2226 respiciens
483 2192 517 2219 ad
538 2191 756 2220 miscricordiam
775 2189 834 2221 Dei,
854 2197 905 2218 nec
926 2197 1030 2217 memor

275 2271 298 2287 ⁶¹
311 2270 396 2301 Ιιζηειῑ.
413 2271 446 2297 ad
471 2271 580 2305 Smyrn.
597 2272 624 2298 ιὶ.
665 2270 688 2286 ⁸³
705 2269 775 2298 Joan
791 2277 851 2302 vm,
870 2270 915 2298 Μ.

826 2277 851 2309 ξι,
870 2270 946 2309 ἀί.-
971 2270 995 2286 ⁸⁸
1011 2270 1094 2299 Prov.
1114 2278 1135 2303 ι,
1166 2271 1214 2305 Ιϐ;
1241 2270 1276 2300 Is.
1293 2279 1354 2305 th;
1379 2271 1460 2300 Rom.
1488 2281 1529 2307 ιιι,
1556 2273 1598 2301 t5.

238 2306 268 2338 2.
307 2305 557 2338 “Luc.vn,37,58.
591 2307 612 2322 ⁵⁷
630 2305 727 2333 Matth.
748 2313 786 2338 v1,
807 2305 850 2332 12.
888 2306 911 2322 ⁸⁸
926 2305 994 2334 Gcn.
1011 2314 1050 2334 ιν.

1079 1588 1137 1620 πῶς
1153 1589 1230 1623 ὑμεῖς
1244 1588 1361 1624 λήψεσθε
1375 1589 1424 1625 τὴν
1440 1589 1536 1623 ἄφεσιν
1550 1588 1603 1615 τῶν
1618 1589 1755 1624 ἁμαρτιῶν
1767 1588 1836 1623 om;
1860 1618 1861 1625 γ

1078 1634 1138 1669 οὐχ).
1148 1634 1300 1661 τούναντίον
1310 1635 1422 1666 ἑαυτοὺς
1432 1634 1486 1670 (52)
1495 1634 1652 1670 δεσμεύετε,
1663 1635 1776 1669 λέγοντες
1783 1634 1837 1668 ἀςιέ-
1860 1655 1861 1658 η

1078 1690 1132 1712 ναι,
1147 1681 1194 1708 καὶ
1216 1681 1253 1717 μὴ
1268 1681 1410 1715 ἀφιέντεςς
1426 1681 1457 1708 οὑ
1478 1681 1517 1717 τῷ
1538 1681 1644 1708 ἑαυτῶν
1664 1682 1767 1717 στόματι
1784 1682 1835 1707 ἐνανσ
1860 1681 1861 1684 “

1078 1727 1254 1764 τιωθήσεσθε,
1269 1727 1393 1762 λέγοντες
1406 1727 1526 1762 ἀφιέναι,
1542 1729 1588 1754 καὶ
1605 1729 1644 1765 μὴ
1666 1728 1793 1763 ἀφιέντες;
1809 1735 1834 1760 τι·

1078 1773 1197 1801 νώσκετε
1221 1774 1275 1810 γὰρ
1297 1775 1338 1801 ὅτι
1359 1775 1374 1801 ὁ
1394 1774 1440 1801 τὸν
1455 1775 1491 1810 μὴ
1509 1763 1677 1811 ἀδικήσαντα
1690 1772 1836 1806 ἐκϐάλλωνιῆ
1860 1763 1861 1779 ί

1078 1820 1124 1847 τὸν
1137 1820 1335 1856 ἐπιστρέφοντα
1350 1820 1387 1856 μή
1402 1820 1624 1856 προσδεχόμενος,
1644 1822 1735 1856 φονεὺς
1749 1820 1795 1855 (55)
1806 1818 1836 1844 te]
1860 1810 1861 1832 Ῑ

1079 1866 1193 1901 ἀδελφοῦ
1208 1866 1290 1894 αὑτοῦ
1303 1867 1374 1899 ἐστι,
1389 1867 1435 1893 καὶ
1450 1863 1520 1902 αἷμα
1534 1867 1635 1902 ὲκχέει,
1652 1868 1690 1899 ὼς
1703 1866 1765 1893 Καῖν
1779 1864 1836 1891 Ἀὁελ

1078 1913 1126 1939 τοῦ
1141 1913 1255 1948 ἀδελφοῦ
1271 1913 1338 1949 (54),
1353 1913 1400 1940 καὶ
1413 1913 1444 1940 τὺ
1458 1911 1527 1949 αἷμα
1540 1914 1622 1940 αὑτοῦ
1641 1913 1708 1949 βοῶν
1722 1913 1780 1949 πρὸς
1791 1911 1836 1937 Θεὸν
1860 1929 1861 1934 η

1079 1959 1305 1996 ἐκζητηθήσεταιο
1339 1960 1442 1992 δίκαιος
1463 1960 1518 1996 γὰρ
1539 1960 1639 1993 ἀδίκως
1661 1960 1785 1995 φονευθεὶς
1802 1958 1836 1984 imi

1079 1993 1162 2039 τινος,
1175 1993 1255 2042 παρὰ
1268 2006 1327 2043 Θεῷ
1341 2007 1370 2034 ἐν
1384 1993 1535 2034 ἀναπαύσει
1550 2007 1625 2034 ἔσται
1649 1993 1689 2040 είς
1707 2007 1748 2034 τὸν
1766 2005 1834 2032 αίῶνα’
1860 1993 1861 2043 ί

1080 2034 1211 2086 ὡσαύτως
1220 2034 1271 2080 ’καὶ
1285 2055 1299 2081 6
1313 2034 1436 2090 ματαίως
1516 2034 1737 2089 ὰφορισθεὶςνῦπὸ
1744 2052 1783 2079 τοῦ
1793 2052 1835 2077 ὲπι-

1082 2100 1192 2127 σκόπου.
1215 2101 1244 2127 '0
1261 2101 1310 2136 μὲν
1325 2100 1448 2127 ἐκϐαλὼν
1462 2101 1500 2132 ὡς
1516 2100 1607 2136 λοιμὸν
1623 2101 1669 2128 τὸν
1684 2100 1795 2129 ἀναίτιον,
1806 2105 1836 2123 πι-
1860 2096 1861 2122 Ῐ

1081 2146 1210 2182 κρότερος
1229 2146 1333 2181 φονέως
1354 2148 1368 2174 6
1389 2146 1518 2178 τοιοῦτος,
1534 2147 1583 2174 οὐκ
1603 2147 1712 2183 ἀφορῶν
1725 2148 1759 2178 είς
1770 2142 1835 2171 τὸτθὲ

1081 2192 1148 2219 Θεοῦ
1176 2192 1260 2226 ἐλεος,
1283 2193 1343 2220 οὑδὲ
1368 2193 1545 2229 μνημονεύων
1568 2194 1651 2221 αὑτοῦ
1677 2194 1724 2230 τὴν
1744 2192 1783 2219 ἐπὶ
1798 2190 1834 2219 τάς

1654 2273 1677 2289 ⁸³
1688 2273 1753 2301 Psal.
1775 2278 1832 2300 xm.

890 2395 1076 2424 VARIOBUM
1091 2395 1209 2424 NOTZE.

274 2484 506 2522 (29)_'1§0rmo?g,
521 2484 571 2522 καὶ
592 2484 796 2522 ἰουδαῖᾳταῖς,
821 2484 871 2511 καὶ
898 2483 1030 2522 αἱρεᾳιώ-

1083 2483 1268 2522 ξιιιίειίεῑιιιιιιιη
1292 2485 1349 2518 dat,
1378 2494 1411 2514 eo
1434 2486 1507 2521 quod
1535 2485 1644 2522 Legem.
1662 2486 1792 2522 Prophetas
1810 2489 1830 2508 κ

239 2519 478 2554 ταίςέδιιᾱοὶειιιε,
499 2521 607 2555 opinor,
630 2520 757 2555 appellat,
776 2527 831 2547 non
850 2524 904 2547 tam
921 2519 1030 2548 Judazos

239 2563 320 2618 quam
334 2556 514 2591 judaizantes.
535 2555 783 2595 Quocirca_statim
808 2559 879 2596 post,
908 2556 1028 2590 gentium

260 2595 371 2618 untaxat
383 2598 414 2618 ac
436 2591 578 2618 haereseon
606 2595 771 2618 mentionem
795 2590 870 2618 facit.
889 2589 1028 2618 Judaistas

260 2589 371 2618 untaiat
383 2598 414 2618 ac
436 2591 578 2618 haereseon
606 2591 771 2618 mentionem
795 2589 870 2621 facit,
889 2589 1032 2618 Judaistas-

238 2627 424 2661 complectens
448 2627 475 2653 in
495 2626 629 2662 haareticis
645 2626 730 2662 :fUct
742 2626 836 2662 ,οὐ-δεῖ
846 2626 1031 2662 Χριστιανοὺς

245 2660 409 2694 Ἰουδαΐζειν,
430 2666 472 2688 est
490 2661 525 2689 29
550 2669 638 2688 canon
659 2660 759 2694 Synodi
780 2660 954 2692 Laodicenat,
981 2660 1029 2687 καὶ

239 2698 268 2724 ὲν
286 2697 325 2732 τῷ
348 2696 479 2732 Σαόϐἀτῳ
498 2697 647 2732 σχολάζειν,
665 2695 732 2723 ἀλλά
749 2695 913 2731 ἐργάζεσθαι
930 2696 1028 2732 αὐτοὺς

239 2733 269 2759 ιν
285 2731 319 2768 τῇ
341 2733 409 2768 αὐτῇ
430 2731 531 2768 ἡμέρᾳ,
544 2733 599 2768 τὴν
622 2732 649 2759 δὲ
665 2732 806 2767 Κυριακὴν
820 2731 1028 2768 προτιμῶντας,

239 2741 269 2759 ιν
285 2741 311 2768 τ,
341 2741 409 2768 αυτῃ
430 2741 531 2768 ημερα,
549 2741 599 2768 την
622 2741 649 2759 οε
666 2741 806 2767 nuptam-qv
828 2741 849 2757 π
868 2741 1028 2766 οτιμωντας,

239 2769 296 2802 εῐγε
303 2741 441 2799 Ἇύναιντο,
457 2760 596 2802 σχολάζειν
615 2768 653 2799 ὡς
670 2767 834 2803 Χριστιανοί,
851 2741 882 2793 Et
903 2767 931 2792 δὲ
943 2767 1030 2803 deﬁes-

241 2801 311 2830 θεῖεν
326 2801 491 2834 Ἰουδαῐσταὶ,
503 2803 621 2830 ἔστωσαν
631 2801 753 2838 ἀνάθεμα
765 2801 967 2837 παράΧιιστῴ.
984 2801 1030 2827 Sic

241 2839 269 2863 in
296 2838 413 2863 Dialotzis
439 2839 485 2863 uni
508 2837 616 2863 Oriueni
644 2839 834 2863 aseribunlur.
863 2811 972 2863 (iisdem)
999 2836 1028 2863 ἓ.

241 2839 269 2865 in
296 2838 413 2873 Dialogis
439 2839 485 2873 qui
508 2837 616 2871 Origeni
644 2836 834 2869 ascribuntur,
863 2836 972 2871 dialogo
999 2836 1028 2867 ἓ,

243 2873 349 2903 Marcus
376 2872 519 2903 hereticus
550 2873 726 2902 Marcionista
751 2872 900 2901 Catholicis
930 2879 1029 2900 nomen

1083 2518 1168 2546 Deum
1183 2519 1337 2548 Iudaeorum
1354 2529 1408 2549 non
1424 2518 1594 2548 aversentur.
1607 2521 1675 2549 Cor.

1116 2553 1172 2591 (50)
1187 2555 1441 2592 Προσπελάζουσι.
1464 2557 1539 2584 Alter
1555 2556 1634 2584 Vind.
1659 2555 1828 2592 προσπαίζουέπ.

1078 2593 1106 2615 et
1121 2588 1183 2652 ιιιιὲι
1199 2588 1236 2623 ὡς
1249 2591 1335 2623 λύκοι,
1352 2591 1450 2619 deinde
1462 2599 1513 2626 pro
1525 2592 1664 2627 ἡγοῦνται,
1680 2588 1739 2619 αὐτὸ
1753 2588 1830 2617 ποιοῦν-

1078 2632 1134 2651 ται.
1174 2633 1236 2652 LER.

1096 2632 1417 2729 αὲὲδιῗιῗιραπτώματα.
1433 2661 1516 2689 Addit
1533 2662 1602 2690 alter
1616 2663 1698 2690 codex
1716 2661 1786 2697 ὑμῶν.
1802 2657 1825 2697 ll?-

1127 2696 1171 2729 52)
1184 2697 1336 2729 Ἐαυτούς.
1353 2697 1427 2724 Alter
1441 2697 1537 2724 ἑαυτὸν
1551 2697 1691 2729 δεσμεύεις
1703 2697 1784 2729 λέγων,
1795 2693 1818 2720 ill

1184 2693 1337 2733 'Eciurozig:
1353 2697 1427 2724 Alter
1441 2697 1537 2724 ἑαυτὸν
1551 2697 1691 2733 δεσμεύεις
1703 2693 1784 2730 λέλίων,
1795 2693 1827 2720 ili-

1083 2736 1136 2757 nus
1151 2731 1228 2759 bene.
1243 2732 1280 2758 lo.

1106 2766 1177 2810 νίὸᾇ)
1191 2768 1314 2810 φονεύς.
1338 2766 1459 2802 Uterque
1481 2767 1556 2801 cod.,
1578 2767 1682 2803 φονεύει
1694 2767 1735 2794 τὸν
1747 2762 1827 2795 ἀδελφὼ*
1860 2776 1861 2810 ξ

1083 2801 1174 2829 αὑτοῦ.
1191 2801 1227 2828 lo.
1414 2801 1423 2802 ί
1585 2801 1590 2803 ’

1119 2837 1174 2872 (54)
1191 2838 1244 2863 Τοῦ
1258 2837 1401 2872 ἀδελφοῦ.
1417 2836 1503 2864 Αὐτοῦ
1518 2838 1545 2865 in
1557 2837 1651 2870 Vind.,
1665 2837 1761 2866 rectius.
1775 2834 1803 2861 lv-

1119 2837 1164 2871 (54
1191 2838 1244 2863 Τοῦ
1258 2837 1401 2872 ἀδελφοῦ.
1417 2837 1503 2864 Αὐτοῦ
1518 2838 1545 2865 in
1557 2837 1651 2870 Vind.,
1665 2837 1761 2866 rectius.
1775 2837 1803 2861 ID-

1118 2837 1331 2907 (δεδίΜαταιως.
1359 2872 1621 2905 Ἀδικωςειιιετωιι.
1636 2874 1672 2902 ιν.
1860 2857 1861 2915 ξ
