1893 3109
237 153 291 182 8ιὸ

665 154 694 183 S.
712 153 911 183 CLEMENTIS
936 155 946 182 l
964 155 1048 183 ROM.
1068 154 1170 184 PONT.
1187 155 1302 184 OPERA
1318 155 1430 185 DUBIA.
1799 164 1836 192 ωδ

236 220 334 240 versus
355 216 398 240 est
423 211 577 245 Manasses,
599 219 631 240 ac
655 212 799 240 :edilicavit
822 212 946 246 excelsa,
967 221 994 247 qi

1081 213 1137 240 ἀπὸ
1150 214 1204 240 τῶν
1213 213 1404 250 βδελυγμάτων
1413 214 1466 241 τῶν
1474 213 1559 242 ἐθνῶν
1572 212 1608 243 ὧν
1622 216 1792 253 ἐξωλόθριυσε
1798 221 1837 247 Κύ-

236 259 409 286 destruxerat
433 257 564 285 Ezechias
586 262 664 293 pater
682 259 761 293 ejus:
776 263 804 286 et
822 261 918 287 statuit
929 260 1023 294 cippos

236 303 324 336 Baali,
347 309 375 331 et
400 304 488 332 erexit
512 305 596 332 altare
613 305 686 333 Baali
704 315 709 332 :
729 309 755 332 et
772 305 834 333 fecit
849 306 936 338 lucos,
953 306 1024 333 sicut

237 350 338 378 fecerat
351 351 446 379 Achab
459 359 506 379 rex
522 351 630 380 lsraelis
645 362 651 379 :
668 356 695 380 et
707 352 770 379 fecit
786 352 882 379 altaria
899 352 926 379 in
942 352 1024 380 domo

237 396 356 430 Domini,
370 398 404 425 de
416 405 469 432 qua
485 397 544 425 haec
556 398 624 426 dixit
646 398 776 426 Dominus
800 398 834 425 ad
854 398 980 426 Davidem
997 402 1025 426 et

237 443 270 470 ad
288 443 371 470 ﬁliuni
389 444 449 478 ejus
473 443 644 472 Salomonem
661 453 668 470 :
690 445 718 472 In
736 445 782 472 illa
805 452 904 481 ponam
924 453 1024 473 nomen

236 497 338 517 meum.
354 489 387 516 Et
398 491 534 517 exstruxit
551 490 691 518 Manasses
705 491 811 523 altaria,
826 495 853 518 et
867 491 894 518 in
910 491 951 518 eis
966 499 1025 519 ser-

235 536 303 563 vivit
317 535 401 563 Baali.
414 536 445 563 Et
460 536 529 563 dixit
542 546 548 564 :
561 536 619 563 Erit
632 544 729 564 nomen
738 545 828 564 meum
839 537 866 564 in
883 538 1022 565 saeculum.

237 581 270 610 Et
292 582 436 610 aediﬁcavit
457 583 564 614 altaria,
590 583 617 610 in
637 583 743 610 duobus
768 583 847 610 atriis
863 583 961 610 domus
975 582 1026 610 Do-

236 629 313 661 mini.
334 629 438 656 militiae
453 629 515 656 coeli
529 638 535 657 :
550 633 577 656 et
591 629 649 664 ipse
664 628 784 656 traduxit
807 628 876 656 ﬁlios
892 636 958 656 suos
977 636 1026 663 per

236 674 325 709 ignem
339 675 366 701 in
381 673 420 702 Ge
434 674 618 702 Ben-Hennon
635 685 642 702 ε
658 679 685 702 et
700 675 877 707 ariolabatnr,
897 683 929 702 ac
944 675 1026 703 male-

237 719 297 748 ﬁcis
319 720 425 748 artibus
448 721 631 749 inserviebat:
649 721 766 757 fecitque
788 722 975 757 ventriloquos
998 725 1026 749 et

237 766 433 798 incantatores,
451 771 479 794 et
497 775 601 803 magos,
623 771 651 795 et
667 767 812 803 Teraphim
826 777 833 795 :
847 772 873 795 et
895 768 1027 803 multipli-

236 813 309 839 cavit
327 815 357 839 ut
371 812 470 841 faceret
493 813 594 840 malum
617 813 644 840 in
669 814 756 841 oculis
777 813 896 846 Domini,
908 814 941 842 ad
960 815 1026 842 irri-

236 858 351 886 tandum
365 866 448 887 eum:
462 863 489 886 et
503 861 594 894 posuit
615 859 751 887 conﬂatile
769 864 797 888 et
817 861 945 896 sculptile
958 861 1023 894 luci,

234 905 392 940 imaglnem,
404 914 485 941 quam
497 906 561 933 fecit
576 906 603 933 in
618 906 698 934 domo
712 905 830 938 Domini,
844 906 871 933 in
879 914 932 941 qua
943 907 1023 943 elegit
1038 899 1060 929 Β

235 950 367 979 Dominus
382 960 481 988 ponere
496 960 593 980 nomen
608 960 698 984 suum,
717 952 753 980 ibi
774 952 801 980 in
818 952 1024 989 Hierosolymis,

235 998 303 1025 urbe
327 1002 432 1030 sancta,
446 998 473 1026 in
488 1000 628 1031 smculum,
648 1003 676 1026 et
699 999 769 1026 dixit
789 1009 796 1027 :
817 999 876 1027 Non
896 1000 1026 1035 adjiciam

234 1051 406 1072 commovere
429 1045 524 1080 pedem
548 1053 638 1073 meum
665 1053 680 1072 a
705 1050 778 1073 terra
797 1047 917 1078 lsraelis,
942 1054 1025 1082 quam

235 1089 299 1118 dedi
313 1092 435 1125 patribus
446 1099 552 1124 eorum,
566 1093 588 1119 si
611 1096 701 1120 tamen
715 1094 885 1120 servaverint
899 1101 1026 1128 quecuno

234 1145 288 1173 que
302 1137 417 1173 praecepi
433 1138 484 1169 eis,
500 1142 527 1165 et
545 1147 625 1166 omne
639 1143 797 1166 mandatum
817 1140 889 1176 quod
916 1141 1027 1168 manda-

234 1184 274 1211 vit
291 1192 387 1212 servus
400 1192 477 1212 meus
495 1184 594 1214 Moses.
608 1185 642 1213 Et
656 1194 711 1213 non
727 1187 890 1221 audierunt;
908 1191 935 1214 et
949 1187 1027 1215 dece-

235 1230 275 1264 pit
293 1237 340 1257 eos
358 1229 509 1263 Hanasses,
535 1235 565 1258 ut
586 1231 706 1260 lacerent
728 1233 830 1260 malum
856 1241 949 1261 coram
972 1234 1026 1262 Do-

235 1276 322 1309 mino,
337 1284 419 1312 super
432 1281 527 1312 gentes
548 1286 617 1313 quas
639 1279 753 1306 sustulit
768 1279 899 1308 Dominus
918 1288 932 1307 a
955 1281 1025 1310 facie

235 1322 353 1350 ﬁliortim
368 1323 461 1351 Israel.
478 1323 510 1350 Et
528 1324 636 1352 locutus
659 1329 702 1353 est
723 1324 855 1353 Dominus
869 1326 902 1353 ad
917 1326 1022 1356 Manas-

235 1376 294 1396 sem
306 1373 333 1396 et
347 1369 380 1395 ad
396 1370 525 1404 populum
539 1369 608 1405 eius,
622 1370 650 1398 in
662 1378 744 1398 manu
755 1379 894 1399 servorum
912 1381 1024 1400 suorum

235 1415 442 1450 prophetarum,
458 1416 552 1444 dicens
567 1426 574 1443 :
589 1415 642 1444 Pro
660 1424 693 1444 eo
710 1417 784 1452 quod
802 1417 866 1445 fecit
885 1418 1025 1448 Manasscs

235 1469 284 1489 rex
295 1461 380 1493 Judaz.
392 1462 610 1491 aborninationcs
624 1464 692 1492 istas
717 1465 812 1496 malas,
837 1473 919 1500 super
932 1467 1024 1494 omnia

235 1515 297 1542 quae
316 1508 379 1535 fecit
401 1508 576 1536 Amorrhaeus
595 1517 687 1537 coram
712 1519 760 1544 eo;
781 1516 808 1538 et
821 1519 935 1546 peccare
961 1512 1025 1540 fecit

235 1553 334 1601 {udam
346 1555 374 1581 in
383 1555 463 1583 idolis
475 1555 544 1588 suis,
554 1556 610 1584 haec
622 1557 688 1584 dicit
699 1556 828 1585 Dominus
839 1557 911 1586 Deus
920 1559 1023 1587 Israel:
1037 1572 1059 1601 ο

236 1599 307 1629 Ecce
319 1609 369 1637 ego
386 1601 474 1629 infero
488 1603 559 1629 mala
575 1603 602 1629 in
618 1602 805 1640 Hierosolyma
824 1608 851 1632 et
874 1604 982 1639 Judam,
994 1609 1024 1633 ut

218 1662 219 1665 η
235 1647 394 1684 quicunque
413 1656 445 1676 ea
460 1649 588 1680 audierit.
612 1648 731 1677 tinniant
746 1650 832 1678 amba:
855 1659 935 1680 aures
946 1652 1026 1687 ejus;

235 1699 264 1723 et
278 1695 422 1723 extendam
436 1703 518 1731 super
529 1695 700 1724 Hierusalem
711 1704 868 1724 mensuram
883 1697 1024 1731 Samaria,

235 1746 262 1769 et
275 1741 384 1776 pondus
399 1741 497 1769 domus
517 1741 636 1775 Achabi;
660 1745 687 1770 et
707 1742 802 1770 delebo
824 1742 1024 1779 Hierosolyma,

235 1789 309 1816 sicut
323 1789 429 1817 deletur
443 1789 534 1816 tabula
545 1796 606 1824 qua:
624 1788 740 1820 deletur,
754 1793 782 1816 et
801 1793 959 1816 convertam
977 1798 1025 1818 su-

235 1844 285 1871 per
297 1835 393 1864 faciem
405 1843 498 1868 suam;
512 1839 539 1863 et
552 1835 687 1862 dimittam
703 1834 842 1862 residuum
857 1835 1025 1864 [Hereditatis

236 1889 314 1914 meae,
329 1885 357 1910 et
371 1882 476 1909 tradam
487 1889 534 1909 eos
551 1881 579 1908 in
594 1888 692 1908 manus
706 1881 879 1908 inimicorum
896 1889 1023 1916 suorum;

235 1932 371 1963 eruntque
390 1928 417 1954 in
439 1927 557 1962 praedam
577 1930 605 1954 et
626 1926 806 1961 direptionem
824 1927 943 1955 inimicis
954 1927 1023 1960 suis,

236 1980 270 2000 eo
283 1973 356 2008 quod
369 1973 485 2001 fecerint
495 1973 566 2000 mala
581 1973 609 2000 in
622 1973 710 2000 oculis
722 1973 800 2004 meis,
813 1977 840 2000 et
850 1973 952 2001 fuerint
962 1974 1025 2000 irri-

237 2024 326 2047 tantes
338 2027 390 2053 me,
403 2027 418 2046 a
434 2019 478 2047 die
493 2027 548 2054 qua
560 2019 642 2047 eduxi
660 2023 752 2054 patres
772 2026 867 2046 eorum
893 2027 928 2047 ex
951 2024 1025 2047 terra

238 2064 358 2101 Egypti,
371 2070 398 2094 et
417 2073 503 2101 usque
524 2065 558 2092 ad
578 2065 649 2092 hanc
664 2065 746 2094 diem.
762 2065 851 2093 Etiam
865 2066 1026 2102 sanguinem

237 2113 378 2146 innoxium
403 2112 498 2140 eli'udit
518 2111 659 2140 Manasses
684 2112 798 2140 multum
821 2111 910 2145 valde,
937 2112 1026 2140 donec

1076 268 1135 295 ριος
1157 259 1211 286 ἀπὸ
1236 261 1383 296 προσώπου
1417 261 1483 288 υἱῶν
1505 262 1620 297 Ἰσραήλ·
1652 263 1700 289 καὶ
1719 264 1837 301 ἐπέστρεψε

1075 306 1235 341 Μανασσῆς⁹
1250 307 1297 333 καὶ
1311 306 1468 343 ᾠκοδόμησε
1487 307 1522 334 τὰ
1546 308 1646 344 ὑψηλὰ,
1659 309 1679 335 ἃ
1699 311 1838 339 κατέσπασεν

1082 351 1205 384 Ἐζεκίας
1214 353 1228 379 ὁ
1238 353 1329 388 πατὴρ
1349 354 1442 380 αὐτοῦ·
1458 354 1505 381 καὶ
1519 354 1615 390 ἔστησε
1628 355 1727 391 στήλας
1739 357 1767 391 τῇ
1776 357 1837 388 Βάαλ,

1075 397 1123 424 καὶ
1141 398 1272 434 ἀνέστησε
1293 399 1486 436 θυσιαστήριον
1504 401 1538 436 τῇ
1560 400 1651 427 Βάαλ·
1674 402 1720 428 καὶ
1741 402 1838 438 ἐποίησεν

1075 445 1155 481 ἄλση,
1175 444 1267 477 καθὼς
1279 445 1405 482 ἐποίησεν
1420 446 1522 482 Ἀχαὰὸ
1538 447 1666 482 βασιλεὺς
1687 448 1791 484 Ίσραήλ-
1806 450 1838 475 καὶ

1074 491 1187 526 ἐποίησε
1202 491 1384 528 θυσιαστήρια
1399 492 1456 528 (44)
1471 494 1500 519 ἐν
1513 493 1579 528 οῐκῳ
1593 494 1710 529 Κυρίου,
1724 495 1751 520 ἐν
1767 492 1786 528 ᾦ
1796 493 1837 522 εἶτα

1075 537 1178 573 Κύριος
1193 537 1262 573 πρὸς
1275 537 1367 570 Δασιδ,
1383 539 1430 565 καὶ
1444 538 1512 574 πρὸς
1519 539 1682 574 Σολομῶντα
1695 539 1738 566 τὸν
1749 541 1795 566 υἱὸν
1805 542 1840 568 ατ»

1074 582 1132 616 τοῦ,
1149 583 1248 618 λέγων,
1263 584 1304 610 ὅτι
1325 585 1369 611 'Ev
1383 585 1458 620 αὐτῷ
1480 585 1554 622 θήσω
1567 585 1598 612 τὺ
1624 585 1712 622 δνομά
1739 595 1788 622 μου.
1801 589 1839 614 Καὶ

1075 629 1173 666 ἔστησε
1194 630 1344 666 Μανασσῆς
1366 630 1555 667 θυσιαστήρια,
1571 632 1620 658 καὶ
1642 632 1672 658 ἐν
1694 632 1777 664 αὐτοῖς
1788 633 1840 660 tiri»

1075 675 1154 702 λευσε
1167 676 1201 711 τῇ
1217 676 1301 703 Βάαλ.
1324 676 1380 703 Καὶ¹
1394 673 1480 703 εἶπεν·
1506 677 1601 704 Ἔσται
1614 677 1647 704 τὸ
1660 678 1743 713 δνομά
1756 688 1797 714 μου
1813 682 1840 711 εἰς

1074 721 1120 748 τὸν
1134 721 1229 749 αἰῶνα.
1245 723 1301 749 Καὶ
1321 722 1480 759 ᾠκοδόμησε
1503 722 1686 760 θυσιαστήρια
1706 725 1734 751 ἐν
1746 726 1796 753 ταῖς
1809 725 1840 752 ἂ)-

1076 767 1118 794 σὶν
1132 767 1228 800 αὐλαῖς
1241 768 1317 795 οἴκου
1340 770 1455 805 Κυρίου,
1474 770 1508 805 τῇ
1532 771 1650 806 στρατιᾷ.
1669 770 1717 797 τοῦ
1737 771 1838 806 οὐρανοῦ·

1076 814 1123 841 καὶ
1137 814 1219 846 αὐτὸς
1231 814 1345 850 διήγαγε
1358 815 1393 842 τὰ
1406 815 1489 842 τέκνα
1503 815 1587 842 αὐτοῦ
1609 816 1641 843 ἐν
1663 817 1729 852 πυρὶ
1744 818 1768 843 ἐν
1779 818 1795 843 Γ
1796 818 1840 843 εει-

1076 860 1120 886 ναὶ¹
1205 861 1234 887 ἐν
1257 861 1377 896 ὀνόματι’
1397 862 1445 888 καὶ¹
1466 861 1664 897 ἐκλῃδονίζετο,
1679 863 1725 890 καὶ
1744 864 1839 898 ἐφαρμσ-

1076 905 1181 933 κεύετο-
1198 907 1245 933 καὶ
1258 907 1386 943 ἐποίησεν
1400 907 1649 943 ἐγγαστριμύθους,
1665 908 1712 935 καὶ
1721 909 1840 941 ἐπαοιᾶιὺς,

1076 953 1123 980 καὶ
1136 953 1270 988 γνώστας,
1286 954 1332 980 καὶ
1346 953 1484 990 θεραφείν·
1505 954 1553 980 καὶ
1566 953 1703 990 ἐπλήθυνε
1724 954 1767 981 τοῦ
1786 956 1840 990 ποιῇ-

1076 1008 1122 1026 σαι
1137 999 1193 1035 (46)
1206 1000 1236 1026 τὸ
1259 999 1376 1036 πονηρὸν
1391 1001 1420 1026 ἐν
1435 999 1584 1035 ὀφθαλμοῖς
1609 1000 1726 1036 Κυρίου,
1739 999 1779 1026 τοῦ
1792 1009 1841 1035 περ

1074 1046 1184 1082 οργίσαι
1206 1046 1304 1073 αὐτόν·
1326 1046 1373 1073 κα)⁵
1395 1046 1478 1082 ἔθηκε
1497 1046 1528 1073 τὺ
1548 1046 1688 1082 χωνευτὸν
1702 1047 1745 1074 καὶ
1760 1046 1841 1080 1611-..-

1075 1093 1141 1120 πτὸν
1155 1093 1203 1120 τοῦ
1224 1093 1332 1125 ἄλσους,
1356 1093 1405 1129 τὴν
1427 1093 1530 1125 εῑκὸνα,
1552 1093 1586 1128 ήν
1607 1093 1736 1128 ἐποίησεν
1753 1093 1778 1118 ὲν
1794 1092 1841 1126 oliuo

1076 1139 1192 1174 Κυρίου,
1206 1139 1236 1165 ὲν
1250 1135 1272 1173 ᾧ
1286 1139 1427 1172 ἐξελέξατο
1439 1139 1543 1176 Κύριος
1557 1138 1654 1165 θέσθαι
1677 1139 1707 1166 τὺ
1726 1139 1798 1174 ὄνομα
1808 1139 1841 1165 αὑ-

1075 1186 1132 1218 τοῦ,
1147 1186 1206 1212 ἐκεῖ
1219 1187 1248 1213 ἐν
1269 1186 1446 1222 Ἰερουσαλήμ
1459 1187 1492 1222 τῇ
1503 1185 1569 1221 ἁγίᾳ
1577 1186 1655 1213 πόλει
1665 1187 1704 1217 εἰς
1717 1185 1758 1212 τὸν
1770 1185 1839 1215 αἰῶνα,

1075 1233 1123 1260 καὶ
1137 1229 1222 1259 εἶπεν·
1244 1233 1282 1259 υὺ
1297 1232 1444 1268 προσθήσω
1466 1232 1512 1259 τὸν
1526 1232 1593 1259 πόδα
1609 1241 1665 1268 μου
1680 1231 1794 1258 σαλεῦσαι
1803 1231 1840 1258 ἀπὺ

1074 1279 1125 1314 τῆς
1137 1279 1189 1314 γῆς
1202 1278 1249 1305 τοῦ
1271 1279 1389 1314 Ἰσραὴλ,
1401 1279 1434 1314 ἧν
1448 1278 1537 1305 ἔδωκα
1550 1279 1606 1310 τοῖς
1621 1278 1754 1314 πατράσιν
1766 1277 1840 1307 nimim,

1075 1325 1147 1361 πλὴν
1169 1325 1217 1352 ἐὰν
1231 1325 1403 1360 φυλάξωνται
1423 1324 1494 1351 κατὰ
1518 1324 1606 1351 πάντα
1628 1325 1681 1351 ὃσα
1698 1323 1842 1358 ἐνετειλάμην

1075 1372 1180 1404 αὐτοῖς,
1196 1370 1267 1398 κατὰ
1281 1372 1371 1398 πᾶσαν
1393 1371 1513 1407 ἐντολὴν,
1531 1371 1564 1405 ἣν
1587 1371 1740 1397 ἐνετείλατο
1751 1371 1763 1397 6
1774 1369 1841 1400 δοῦλός

1077 1425 1128 1453 μου
1143 1418 1256 1454 Μωσῆς.
1273 1417 1328 1445 Καὶ
1341 1418 1390 1444 οὐκ
1401 1417 1531 1453 ἤκουσαν,
1546 1417 1593 1444 καὶ
1607 1417 1756 1453 ἐπλάνησεν
1769 1416 1842 1448 αὐτοὺς

1076 1464 1226 1500 Μανασσῆς
1239 1463 1287 1490 τοῦ
1303 1464 1414 1499 ποιῆσαι
1428 1463 1459 1490 τὸ
1477 1463 1594 1499 πονηρὸν
1617 1463 1733 1490 ἐνώπιον
1753 1462 1841 1498 Κυρίου,

1075 1511 1146 1547 ὑπὲρ
1166 1510 1201 1537 τὰ
1223 1509 1286 1546 ἔθνη
1306 1510 1324 1537 ἃ
1347 1509 1426 1545 ἐξῆρε
1448 1509 1550 1544 Κύριος
1577 1509 1632 1536 ἀπὸ
1653 1509 1787 1545 προσώπου
1805 1508 1842 1534 τῶν

1076 1556 1142 1583 υιῶν
1163 1556 1281 1592 Ἰσραήλ.
1309 1556 1364 1583 Καὶ
1387 1555 1501 1592 ὲλάλησε
1521 1554 1624 1592 Κύριος
1658 1556 1705 1582 ἐπὶ
1726 1555 1841 1588 Μανασσῇ,

1077 1602 1124 1629 καὶ
1137 1601 1184 1628 ἐπὶ
1197 1601 1244 1628 τὸν
1258 1602 1321 1628 λαὸν
1335 1600 1429 1633 αὑτοῦ,
1453 1601 1482 1628 ἐν
1505 1601 1578 1637 χειρὶ
1597 1601 1702 1628 δούλων
1720 1600 1792 1628 αὐτοῦ
1806 1600 1842 1625 τῶν

1076 1647 1233 1684 προφητῶν,
1257 1647 1356 1681 λέγων·
1378 1647 1447 1674 'AVO‘
1463 1644 1501 1674 ὧν
1521 1648 1573 1674 ὅσα
1589 1647 1704 1683 ἐποίησε
1723 1647 1842 1680 Μανασσῆς

1075 1695 1090 1721 6
1104 1693 1230 1729 βασιλεὺς
1250 1693 1334 1720 ’ἰούδα
1347 1693 1383 1720 τὰ
1397 1692 1567 1728 βδελὺγματα
1589 1692 1624 1720 τὰ
1648 1693 1752 1729 πονηρὰ
1770 1691 1842 1720 ταῦτα,

1075 1739 1131 1767 ἀπὸ
1154 1739 1262 1766 πάντων
1283 1736 1321 1766 ὧν
1341 1739 1468 1776 ἐποίησεν
1494 1740 1510 1766 6
1536 1739 1700 1776 Ἀμορραῖος
1719 1737 1842 1774 ἔμπροσθεν

1076 1785 1158 1813 αὐτοῦ
1171 1807 1178 1819 ,
1202 1786 1250 1813 καὶ
1275 1786 1413 1822 ἐξήμαρτε
1433 1786 1479 1813 τὸν
1500 1786 1598 1813 Ἰούδαν
1621 1786 1653 1812 ἐν
1680 1787 1735 1817 τοῖς
1753 1784 1843 1813 εἰδώλοις

1077 1832 1171 1865 αὐτοῦ,
1186 1832 1249 1859 τάδε
1270 1832 1344 1867 λέγει
1366 1831 1468 1868 Κύριος
1490 1833 1505 1859 6
1524 1832 1590 1864 Θεὸς
1598 1832 1717 1868 Ἰσραήλ·
1738 1830 1844 1863 Ὶδοὺὲτυ

1077 1879 1153 1915 φέρω
1180 1878 1253 1906 κακὰ
1279 1879 1326 1906 ἐπὶ
1359 1878 1547 1915 Ἰερουσαλὴμ,
1578 1879 1625 1906 καὶ
1661 1878 1766 1910 Ἰούδαν,
1793 1876 1842 1902 ὦπε

1078 1926 1180 1958 παντὸς
1202 1925 1347 1957 ἀκούοντος
1373 1924 1453 1958 αὐτὰ,
1474 1926 1576 1961 ήχῆσαι
1598 1925 1740 1961 ἀμφότερα
1759 1924 1788 1951 τὰ
1803 1921 1842 1950 tim

1078 1972 1173 2006 αὐτοῦ,
1188 1973 1236 2000 καὶ
1248 1971 1350 1999 ἐκτενῶ
1364 1971 1410 1998 ἐπὶ
1429 1972 1607 2008 Ἰερουσαλὴμ
1621 1972 1653 1999 τὺ
1669 1973 1764 2008 μέτρον
1775 1971 1842 2004 Σαμι-

1079 2020 1165 2055 ρειας,
1181 2020 1229 2046 καὶ
1242 2019 1287 2046 τὸν
1303 2018 1422 2054 σταθμὸν
1441 2018 1518 2045 οῐκου
1540 2018 1653 2054 Ἀχαὰϐ,
1669 2020 1717 2046 καὶ
1732 2016 1843 2049 ἀπολείψω

1078 2066 1128 2102 τὴν
1145 2065 1323 2101 Ἰερουσαλὴμ
1330 2064 1421 2097 καθὼς
1430 2064 1610 2099 ἀπαλείφεται
1617 2065 1649 2092 τδ
1658 2065 1750 2098 πυξίον
1757 2063 1842 2091 ἀπαλεί-

1079 2112 1194 2147 φόμενον
1207 2111 1312 2148 (ι7-19)
1325 2131 1332 2144 ,
1343 2111 1391 2138 καὶ
1403 2111 1583 2148 καταστρέφω
1597 2112 1644 2139 ἐπὶ
1659 2112 1715 2149 (20)
1730 2111 1843 2148 πρόσωπον

892 2235 1075 2266 VARIORUM
1095 2237 1212 2266 NOTIE.

270 2326 329 2368 μλξ)
345 2327 656 2368 euqmarﬁgia.__Addit
670 2328 739 2368 alter
755 2328 842 2368 codex
867 2329 902 2368 εῇ
917 2337 994 2365 στραπ

1082 2329 1133 2368 QEO
1148 2330 1180 2368 τά
1192 2337 1242 2368 pro
1256 2329 1345 2368 Τοφέθ
1357 2329 1397 2361 τό,
1413 2328 1486 2368 quod
1504 2327 1683 2368 habetnedi‘tio
1697 2324 1843 2368 Qomplittea-

237 2362 284 2390 τοῦ
295 2362 422 2399 ούρανοῦ,
437 2363 484 2399 καὶ
494 2363 656 2399 ᾠκοδόμησε
671 2364 859 2399 θυσιαστήρια.
869 2362 956 2392 (Ιίειιξ

275 2398 331 2432 (45)
346 2398 473 2433 Γεϐᾳναῑ
487 2398 522 2425 ἐν
536 2398 667 2433 ὀνόματι.
680 2398 756 2426 Unde
773 2398 924 2426 menstrurn
936 2399 1032 2427 lectio:

237 2434 301 2462 nis?
314 2433 354 2460 An
371 2441 404 2461 ex
416 2431 554 2470 'vocabulo
569 2431 723 2465 contextus,
738 2434 773 2461 Γὲ
787 2434 924 2470 βενεννόμ,
943 2434 965 2462 ΙΙ
979 2434 1032 2462 Pa-

237 2470 288 2497 ral.
300 2477 400 2505 xxxiii,
413 2469 441 2501 6,
458 2472 485 2496 et
516 2469 688 2505 nonneminis
710 2470 744 2496 ad
764 2470 831 2496 illud
851 2474 915 2496 nota
929 2471 1031 2505 margi-

238 2505 305 2536 nali,
320 2504 406 2546 δνομά
422 2513 459 2536 τι,
475 2504 608 2546 quoddam
624 2513 728 2546 nomen,
743 2505 926 2546 simul’primo'
939 2504 1030 2546 mistis

239 2548 272 2567 ac
297 2543 390 2574 postea
405 2540 559 2574 corruptis?
580 2540 617 2567 Ita
637 2541 736 2569 sentio.
754 2539 869 2574 Corring
892 2541 974 2567 etiam
999 2541 1028 2568 in

237 2575 290 2603 hac
304 2582 371 2602 voce
385 2574 540 2602 Luciferum
556 2576 627 2602 libro
639 2575 677 2602 De
696 2584 747 2602 non
762 2575 891 2609 parcendo
906 2575 932 2602 in
945 2575 1029 2603 Deum

238 2610 461 2645 delinquentibus,
483 2610 579 2645 pagina
597 2610 650 2637 259
673 2616 804 2642 extrema,
823 2618 878 2644 quo
899 2610 950 2637 loci
966 2618 1030 2645 pro-

238 2645 514 2680 ducittestimoninm
536 2650 638 2672 sani-tae
653 2645 802 2680 Scriptura:
818 2645 848 2673 IV
867 2645 934 2680 Reg.
949 2653 1029 2679 xxur,

239 2681 294 2708 £0:
311 2679 506 2716 ϐοηιαῃιίηαυίι
516 2689 616 2716 quoque
632 2679 773 2714 Thoplicl/i,
789 2680 857 2716 quod
874 2685 912 2707 est
929 2681 956 2706 in
967 2689 1031 2708 con-

239 2716 307 2744 ualle
321 2715 370 2750 ﬁlii
393 2715 495 2742 Ennom
510 2723 519 2742 ε
534 2715 637 2746 Graece,
650 2717 696 2743 καὶ
710 2715 805 2751 ἐμίανε
819 2716 864 2742 τὸν
883 2715 969 2750 Τοφὲθ
985 2716 1031 2742 τὸν

239 2751 269 2779 ιν
284 2751 406 2787 φάραγγι
421 2751 480 2777 υἱοῦ
489 2751 595 2787 Ἐννόμε
605 2752 738 2787 dicitque,
751 2752 774 2779 si
787 2751 864 2778 libris
875 2751 956 2787 editis
968 2759 1029 2778 cre-

239 2788 330 2821 (limus
343 2795 352 2814 :
365 2786 399 2812 Et
410 2786 586 2821 coinquinavit
599 2786 691 2819 Phem,
702 2786 770 2821 quod
779 2791 836 2813 erat
847 2787 874 2813 in
886 2786 1026 2821 Gepenam.

240 2820 295 2849 Sed
307 2820 515 2857 rescribendum
535 2821 656 2853 :Plteth,
678 2820 747 2857 quod
766 2826 823 2849 erat
842 2822 874 2857 in
897 2820 1029 2857 Gehenam

241 2860 289 2884 aut
299 2856 456 2889 Gehennam,
466 2856 621 2888 Gellennom,
635 2857 824 2885 Gcbenennom.
840 2856 973 2883 Nimirum
986 2856 1028 2883 his

242 2893 399 2921 nominibus
413 2893 530 2921 donatur
544 2900 576 2922 ea
590 2893 679 2922 vallis.
697 2893 729 2921 Et
751 2893 855 2928 legebat
875 2890 985 2919 Lucifer
1000 2891 1030 2917 τὸ

1084 2366 1132 2396 sis.
1154 2362 1237 2393 ubiin
1249 2362 1305 2392 ms.‘
1315 2362 1499 2392 Alexandrino
1517 2363 1562 2389 τὸν
1576 2362 1683 2399 8990},
1703 2362 1729 2399 in
1741 2362 1844 2399 versione

1085 2401 1135 2428 bus
1151 2400 1262 2436 Syriaca
1274 2405 1302 2427 et
1316 2400 1432 2436 Arabica
1452 2398 1582 2436 Tapliatli,
1596 2397 1627 2436 in
1638 2397 1746 2436 Scholio
1758 2397 1843 2436 antjguo

1083 2435 1129 2462 τὸν
1142 2429 1240 2471 Θᾶφόθ,
1253 2435 1324 2470 apud
1334 2429 1529 2462 Theodoritum
1545 2433 1580 2471 τὸ.
1607 2431 1786 2471 Ταφέθε-ξιρῳ
1795 2429 1843 2471 Pr}:

1083 2463 1192 2505 copiuni
1216 2463 1341 2511 Gaz-mum
1367 2477 1508 2505 perperam
1529 2469 1560 2495 τὸ
1574 2463 1666 2502 ’Δφέθζ
1687 2463 1748 2494 alibi
1762 2463 1842 2498 Τωςέθ.

1082 2505 1151 2533 (Σοτ.
1163 2521 1198 2525 ——
1212 2507 1287 2533 Alter
1300 2505 1382 2533 Vind.
1399 2505 1460 2532 cod.
1478 2504 1559 2531 habet
1573 2503 1667 2537 γεϐάν.
1681 2503 1761 2530 Cres.

1118 2541 1174 2576 (46)
1191 2541 1244 2568 Τοῦ
1260 2540 1393 2575 ποιῆσαι.
1408 2540 1489 2567 Deest
1502 2540 1530 2566 in
1547 2539 1632 2566 altero
1647 2537 1721 2576 Yind
1739 2537 1772 2563 In.
1817 2570 1820 2574 '

1118 2572 1224 2612 (57419)
1237 2572 1338 2608 Καθὼς
1351 2576 1600 2612 ἀπαλείφεταιηκ.
1611 2582 1636 2600 τ.
1656 2572 1763 2612 Lyota
1777 2572 1842 2612 ντίγηξ

1083 2607 1223 2642 lectiones,
1242 2607 1420 2646 καταστρέφω
1440 2607 1470 2638 et
1485 2608 1668 2646 ἀποδώσομαι.
1689 2607 1753 2635 Nam
1770 2610 1841 2646 vertant

1083 2654 1191 2681 quoque
1201 2646 1310 2673 exhibet
1324 2644 1435 2680 vulgata
1445 2654 1453 2678 ;
1465 2644 1639 2679 ἀποδώσομαι
1650 2647 1739 2681 autem
1750 2647 1812 2676 aeque
1819 2644 1841 2681 lat

1084 2673 1186 2708 (iditum
1205 2673 1422 2714 ἀπεὼσομαιῖιυι
1441 2673 1598 2714 ἆπώσομαιξ
1624 2678 1765 2714 respondet
1778 2673 1842 2702 "orbo

1085 2716 1228 2744 Hebrairo.
1250 2714 1326 2749 Quod
1342 2716 1364 2744 si
1384 2723 1446 2742 cum
1462 2723 1515 2742 ms.
1529 2714 1712 2750 Alexandrino
1726 2714 1842 2750 reponat"r

1081 2752 1109 2779 in
1133 2751 1203 2778 LXX
1220 2761 1226 2779 :
1243 2748 1342 2783 Καθὼς
1361 2750 1538 2784 ἁπαλείφεται
1558 2750 1588 2776 τὺ
1608 2748 1771 2784 ἀλάϐαστρον
1790 2748 1840 2784 FF

1081 2786 1239 2822 λειφόμενος
1266 2787 1313 2813 καὶ
1327 2780 1542 2821 καταπρέξρεται
1556 2784 1603 2811 ἐπὶ
1618 2780 1842 2849 πῴσοὶτὲρῖθῗυῦΐῖἔέ

1697 2826 1742 2847 ver
1744 2824 1792 2845 tatu

1119 2889 1174 2925 (ἳο)
1184 2889 1259 2917 Ἐπί.
1275 2888 1348 2917 Alter
1363 2887 1416 2915 ἀπὸ
1427 2886 1582 2923 προσώπου.
1599 2886 1694 2915 ειη.-
