1893 3109
247 143 302 171 ίλϐδ

690 143 721 172 S.
740 143 941 173 CLEMENTIS
956 144 967 172 l
984 144 1068 173 ROM.
1085 145 1188 174 PONT.
1208 146 1325 175 OPERA
1349 146 1464 176 DUBIA.
1808 152 1842 181 66I

245 204 369 232 omnium
387 207 514 231 nostrum
529 206 643 238 peccata
655 203 685 230 in
698 203 774 238 ligno
795 203 889 231 crucis
905 203 1009 239 portavi

1074 223 1079 234 ι
1093 204 1259 241 καρποῦσθε,
1274 206 1401 242 Μιμηταὶ
1413 205 1468 242 γάρ
1482 206 1543 234 ἐστε
1565 207 1681 244 Χριστοῦ
1695 207 1739 235 τοῦ
1757 210 1842 246 Κνρῑεψ

244 250 438 278 immaculatus
448 256 498 284 pro
512 249 683 277 merentibus
698 249 863 285 supplicium
878 249 1038 283 cruciﬁxus;

244 297 281 323 ita
296 300 324 324 et
337 303 387 323 vos
402 296 489 331 plebis
504 299 617 331 peccata
631 294 773 323 vindicare
787 299 911 331 oportet;
927 303 990 323 cum
1005 295 1040 324 de

244 342 387 370 Salvatore
399 342 427 369 in
439 341 510 369 Isaia
525 341 629 369 dictum
643 341 680 369 sit
696 351 704 369 :
723 350 736 367 ο
751 341 806 369 Iste
819 346 932 377 peccata
943 346 1038 370 nostra

243 393 345 424 portat,
362 392 389 416 et
404 396 454 424 pro
473 388 554 416 nobis
570 387 691 421 dolet“;
711 397 721 414 ι
739 392 768 416 et
782 391 862 423 post:
874 397 883 414 ι
899 387 960 423 Ipse
974 395 1038 423 pec-

242 439 304 462 cata
318 435 466 462 multorum
490 434 573 467 tulit,
590 439 618 462 et
633 437 746 470 propter
763 434 924 469 iniquitates
940 441 1036 461 eorum

242 481 359 509 traditus
374 485 426 509 est.
444 491 453 507 D
471 480 506 508 Ut
520 488 586 516 ergo
602 488 652 508 vos
666 480 742 516 scopi
757 480 837 513 estis,
852 480 890 507 ita
906 483 935 507 et
953 479 1035 507 Chri-

240 531 313 555 stum
334 535 448 563 scopum
470 527 596 560 habetis;
612 531 640 555 et
659 531 690 554 ut
712 527 758 554 ille
772 526 896 554 omnium
912 529 1034 554 vestrum

238 574 380 609 exemplar
390 577 443 607 est,
458 573 496 600 ita
510 577 538 601 et
552 581 602 602 vos
621 573 756 601 laicorum
772 572 875 608 quibus
898 571 1032 606 prmestis.

238 619 298 647 Non
314 619 387 647 enim
400 619 612 648 existimandum
626 623 682 651 est,
705 619 894 654 episcopatum
911 618 990 646 facile
1000 626 1034 646 ac

237 667 297 694 leve
307 674 378 694 onus
389 674 462 694 esse.
477 665 614 700 Quocirca
629 668 701 694 sicut
712 665 821 701 pondus
837 665 933 698 Iertis;
950 665 991 693 sic
1005 670 1033 693 et

236 713 314 740 decet
323 716 353 740 ut
363 712 446 748 primi
464 711 571 740 fructus
589 712 761 747 percipiatis,
786 719 856 747 quos
875 719 938 739 cum
953 720 1032 748 egen-

235 758 311 786 tibus
324 758 549 791 communicctis;
572 762 667 793 utpote
691 758 826 786 rationem
850 757 983 785 reddituri
1005 758 1031 786 ei

233 805 283 841 qui
305 812 369 833 cum
385 804 567 832 ratiocinator
582 808 674 832 vester
690 803 808 837 sederit,
825 804 902 831 nulla
923 804 1030 832 ratione

233 851 334 886 poterit
350 851 456 879 seduci.
469 851 583 886 Oportet
599 851 691 886 itaque
704 857 752 878 eos
761 870 769 883 ,
781 850 828 886 qui
842 849 974 878 Ecclesia:
988 858 1031 878 as-

233 897 314 925 siduo
325 896 498 930 incumbunt,
513 904 546 924 ex
561 896 692 924 Ecclesia:
707 896 787 924 bonis
801 896 912 929 nutriri,
927 895 1028 932 quippe
1043 888 1065 916 Β

233 943 403 976 sacerdotes.
424 943 533 976 levitas,
549 943 692 979 praesides,
716 942 764 970 Dei
780 943 940 976 ministros;
955 943 1028 970 sicut

231 991 260 1017 in
277 988 464 1017 Numerorum
479 989 552 1017 libro
566 989 601 1017 de
616 988 810 1017 sacerdotibus
826 988 959 1024 scriptum
982 996 1028 1017 re-

230 1037 348 1072 peritur.
364 1046 374 1064 ι
395 1037 428 1064 Et
443 1036 513 1065 dixit
525 1036 660 1064 Dominus
671 1036 706 1063 ad
717 1036 854 1064 Aaronem
876 1036 939 1069 :Tu,
954 1039 982 1064 et
999 1035 1028 1063 ﬁ-

231 1083 259 1110 lii
273 1083 324 1116 tui,
338 1087 366 1111 et
381 1083 481 1111 domus
495 1083 586 1118 patria
604 1087 662 1115 tua,
678 1082 821 1118 accipietis
838 1087 948 1118 peccata
961 1089 1026 1110 san-

230 1130 341 1164 ctuarii,
356 1133 383 1158 et
398 1129 545 1158 sacerdotii
559 1130 657 1158 vestri.
674 1129 744 1157 Ecce
758 1129 820 1157 dedi
835 1129 914 1158 vobis
932 1133 1027 1157 custo—

229 1175 302 1203 diam
313 1177 513 1211 primitiarum;
526 1176 560 1205 de
570 1176 698 1204 omnibus
708 1184 769 1211 quae
778 1175 949 1204 sanctiﬁcata
961 1180 1026 1204 sunt

229 1222 297 1249 Inibi
312 1230 326 1249 a
342 1222 405 1250 Illiis
420 1223 515 1255 Israel,
538 1221 588 1250 tibi
603 1222 666 1250 dedi
681 1230 713 1250 ea
726 1243 734 1256 ,
750 1223 778 1250 in
796 1223 940 1256 honorem,
955 1228 982 1251 et
997 1223 1025 1250 Ii-

229 1269 275 1297 Iiis
289 1269 345 1296 tuis
356 1273 419 1304 post
431 1273 467 1302 te,
483 1269 635 1305 legitimum
648 1269 855 1304 sempiternum.
867 1269 900 1296 Et
909 1269 961 1297 hoc
971 1270 1024 1298 crit

227 1315 307 1344 vobis
319 1315 354 1344 de
370 1315 562 1349 sanctiﬁcatis,
577 1315 612 1344 de
625 1315 822 1349 oblationibus,
839 1320 867 1344 et
888 1316 921 1343 de
931 1322 1026 1344 mune-

228 1362 307 1393 ribus
318 1382 327 1396 ,
348 1367 376 1390 et
391 1362 425 1390 de
440 1362 569 1390 omnibus
589 1361 735 1390 sacriﬁciis
747 1382 756 1395 ,
781 1366 808 1389 et
831 1362 866 1390 de
879 1361 954 1389 omni
975 1362 1023 1390 de-

228 1408 314 1440 licto,
340 1413 366 1436 ct
390 1408 425 1436 de
451 1408 573 1442 peccatis
601 1416 609 1434 :
639 1412 666 1436 et
701 1415 873 1444 qumcunque
903 1407 1022 1435 reddunt

227 1454 295 1481 mihi
327 1455 360 1482 de
398 1454 527 1482 omnibus
555 1454 680 1487 sanctis,
709 1454 758 1481 tibi
785 1457 868 1481 erunt
895 1461 928 1482 ac
959 1453 1022 1481 ﬁliis

227 1501 293 1529 tuis.
322 1500 351 1528 In
380 1506 477 1529 sancto
499 1500 650 1529 comedetis
662 1501 709 1528 illa
720 1501 753 1528 ".
767 1510 776 1526 ι
791 1500 824 1528 Et
839 1501 922 1536 paulo
934 1504 997 1536 post
1011 1508 1019 1527 :

229 1556 238 1573 ι
255 1546 359 1575 Omnes
384 1547 513 1582 primitiae
541 1547 595 1574 olei
616 1567 624 1580 ,
648 1550 676 1574 et
706 1546 762 1574 vini
779 1567 786 1580 ,
807 1551 836 1574 et
869 1546 997 1574 frumenti
1010 1566 1018 1579 ,
1033 1569 1053 1582 ι.

225 1601 397 1628 quaecunque
420 1593 545 1621 dederint
560 1592 675 1620 Domino
685 1613 693 1625 ,
713 1593 763 1620 tibi
778 1592 840 1620 dedi
855 1600 887 1620 ea
900 1600 906 1618 ε
920 1600 1018 1620 omnes

225 1640 362 1675 primitias
375 1640 483 1676 frugum
501 1639 549 1667 tibi
569 1639 643 1667 dedi.
660 1638 710 1668 His
726 1639 832 1666 accedit
846 1639 936 1667 omnis
950 1647 1018 1667 con-

225 1687 355 1715 secratio.
380 1687 516 1714 Praeterea
539 1694 621 1714 omne
645 1685 766 1714 hominis
780 1693 813 1713 ac
829 1685 942 1721 pecudis
960 1686 1018 1714 sive

224 1734 334 1761 inundat
341 1734 400 1762 sive
410 1733 559 1761 immundae
569 1733 782 1769 primogenitum
795 1742 801 1760 :
813 1733 877 1760 item
886 1733 1015 1765 victimae.

223 1788 372 1816 earumque
388 1780 578 1816 pectusculum
604 1787 637 1807 ac
661 1779 804 1807 brachium
820 1779 962 1812 dextrum,
982 1779 1017 1806 ad

224 1827 382 1855 sacerdotes
397 1827 547 1862 pertinent,
563 1830 591 1854 et
602 1826 637 1854 ad
652 1826 750 1854 levitas
766 1826 903 1861 reliquos,
919 1833 1015 1854 eorum

224 1874 378 1902 comites".
395 1883 405 1899 ›
422 1874 523 1901 Audite
538 1873 595 1900 haec
609 1880 659 1900 vos
669 1872 752 1900 etiam
767 1872 848 1904 laici,
865 1872 952 1899 electa
967 1871 1015 1899 Dei

224 1919 357 1948 Ecclesia.
373 1919 441 1947 Nam
457 1924 484 1948 et
499 1919 574 1955 prior
585 1919 716 1955 populus,
734 1927 744 1944 ι
761 1917 808 1946 Dei
822 1919 949 1954 populus,
966 1927 975 1944 ι
989 1923 1016 1946 et

225 1975 234 1991 ι
250 1973 317 2000 gens
330 1969 425 1994 sancta
433 1966 456 1982 “
471 1975 481 1992 ι
497 1966 658 1993 vocabatur.
680 1965 713 1992 Et
728 1973 777 1992 vos
791 1965 874 2000 igitur
888 1966 956 1994 estis
970 1973 1014 1993 sa-

222 2016 367 2040 crosancta
382 2011 429 2040 Dei
445 2012 568 2040 Ecclesia
578 2012 736 2047 conscripta
751 2011 778 2039 in
791 2012 879 2043 cmlis.
902 2021 911 2037 ι
924 2012 1015 2048 regale

223 2059 420 2091 sacerdotium,
432 2066 500 2094 gens
517 2062 625 2090 sancta,
635 2058 755 2094 populus
762 2057 952 2093 acquisitionis
961 2059 1011 2091 ἠ»

223 2112 325 2141 sponsa
337 2109 435 2133 ornata
460 2105 576 2132 Domino
588 2103 654 2132 Deo.
675 2103 798 2132 Ecclesia
814 2111 930 2139 magna,
958 2104 1012 2132 Ec-

222 2151 307 2179 clesia
321 2151 409 2180 ﬁdelis
419 2171 427 2184 ,
443 2151 557 2179 auribus
569 2151 680 2187 percipe
697 2158 759 2185 quae
772 2149 850 2185 prius
865 2150 938 2177 dicta
954 2150 1013 2178 fue-

221 2201 307 2225 runt:
329 2197 475 2233 exceptitia
485 2217 495 2230 ,
518 2202 546 2225 et
559 2197 672 2228 decima:
683 2217 690 2230 ,
707 2200 735 2224 ct
750 2196 878 2232 prin-ilia:
899 2196 1012 2224 Christo

1092 251 1140 277 καὶ
1153 251 1284 284 ὡσαύτως
1295 252 1319 268 ⁸³
1333 252 1388 288 (69)
1404 252 1514 279 πάντων
1527 252 1577 285 τὰς
1587 254 1720 290 ἁμαρτίας
1732 255 1842 291 ἀνήνεγκεν

1091 296 1138 324 ἐπὶ
1157 297 1188 324 τὸ
1204 297 1292 330 ξύλον,
1309 298 1476 335 σταυρωθεὶς
1489 300 1504 326 ὁ
1517 299 1631 335 ἄμωμος
1652 300 1720 336 ὑπὲρ
1732 301 1778 328 τῶν
1789 303 1842 329 κολά-

1089 351 1160 376 σεως
1171 343 1266 377 ἀξίων,
1279 344 1352 372 οὕτω
1365 345 1414 372 καὶ
1437 346 1510 381 ὑμᾶς
1529 345 1576 372 τοῦ
1597 345 1663 373 λαοῦ
1682 346 1728 378 τὰς
1741 348 1842 384 ἁμαρτιας

1088 388 1305 422 ἑξιδιοποιεῐσθαι
1317 391 1383 428 χρή·
1391 392 1498 427 εἴρηται
1511 391 1567 428 γὰρ
1580 393 1644 428 περὶ
1656 392 1702 419 τοῦ
1713 393 1814 430 Σωτῆρος
1823 397 1841 421 ἐν

1093 436 1204 474 Ἡσαΐᾳ,
1217 438 1259 465 δτι
1275 447 1285 464 ι
1306 434 1391 471 Οὗτος
1410 438 1460 470 τὰς
1480 439 1618 474 ἁμαρτίας
1631 438 1708 474 ἡμῶν
1723 439 1794 476 φέρει,
1810 441 1841 467 ml

1086 485 1150 520 περὶ
1164 484 1244 520 ήμῶν
1257 485 1392 512 ὸδυνᾶται.
1413 494 1423 511 ι
1440 485 1494 511 Kal.
1505 485 1595 512 πάλινσ
1614 494 1623 511 ι
1643 485 1726 517 Αὐτὸς
1739 486 1840 522 ἁμαρτίας

1085 530 1192 558 πολλῶν
1205 531 1338 567 ἀνήνεγκε
1348 551 1356 563 ,
1371 532 1419 558 καὶ
1433 531 1477 558 διὰ
1497 531 1548 563 τὰς
1567 531 1682 567 ἀνομίας
1698 532 1777 559 αὐτῶν
1793 542 1840 569 παρ-

1084 576 1300 613 εδόθη.»”Ωσπερ
1313 575 1360 604 οὗν
1374 578 1454 613 ὑμεῖς
1468 577 1565 605 σκοποί
1578 578 1651 609 ἐστε,
1665 577 1732 605 οὓτω
1748 579 1786 605 καὶ
1799 588 1839 606 σχον

1083 623 1134 650 πὺν
1147 624 1223 660 ἔχετε
1232 624 1278 651 τὸν
1292 625 1420 660 Χριστόψ
1443 624 1482 656 ὡς
1505 623 1552 651 οὖν
1566 624 1649 656 αὐτὸς
1663 625 1762 652 πάντων
1777 625 1838 660 ὑμῶν.

1082 669 1154 697 οὕτω
1167 670 1215 696 καὶ
1229 671 1308 706 ὑμεῖς
1325 670 1380 697 τῶν
1402 671 1453 705 ὑφ’
1475 671 1549 706 ὑμᾶς
1572 670 1685 697 λαῖκῶν.
1701 670 1742 706 Μὴ
1753 671 1796 706 γὰρ
1810 671 1838 697 νὼ

1084 715 1145 750 μιζε
1155 716 1221 751 (70),
1232 716 1273 743 δτι
1282 716 1394 753 εὐχερὲς
1408 716 1425 752 ἢ
1440 716 1557 752 ἐλαφρὸν
1571 716 1681 752 φορτίον
1694 717 1760 744 ἐστὶν
1771 718 1784 752 ή
1796 718 1837 743 ἔτι.

1082 762 1182 797 σκοπή.
1198 762 1259 798 Χρὴ
1272 761 1319 789 οὖν
1336 763 1374 794 ὡς
1387 762 1418 789 τὸ
1434 762 1517 798 βάρος
1531 762 1640 799 φέρετε,
1654 762 1736 795 οὕτως
1753 763 1790 790 καὶ
1801 763 1837 790 τῶν

1081 807 1196 843 καρπῶν
1212 807 1337 844 πρώτους
1352 808 1581 845 μεταλαμϐάνειν,
1596 809 1645 836 καὶ
1666 810 1720 840 τοῖς
1736 809 1836 844 δεομένοις

1082 853 1261 889 μεταδιδόναι,
1276 855 1314 887 ὡς
1335 854 1414 889 λόγον
1430 855 1576 890 ὑφέξοντες
1594 854 1636 890 τῷ
1649 855 1836 891 ἀπαραλογῐςτως

1080 900 1152 936 ὑμᾶς
1163 900 1286 936 μέλλοντι
1300 901 1475 936 λογιστεύειν.
1499 902 1544 928 Δεῖ
1556 900 1612 937 γὰρ
1625 901 1689 933 τοὺς
1705 902 1735 937 τῇ
1754 900 1835 935 Ἐκκλη-

1080 946 1126 982 cla
1141 947 1384 984 προσεδρεύοντας,
1399 948 1432 974 ὲκ
1444 947 1495 983 τῆς
1510 947 1659 983 ἐκκλησίας
1672 946 1834 983 διατρέφεσθαι,

1078 991 1127 1018 az:
1150 992 1242 1028 ίερεῖς,
1266 990 1393 1025 λευιτας,
1415 993 1573 1029 προέδρους,
1594 993 1757 1029 λειτουργοὺς
1773 993 1833 1019 Θεοῦι

1078 1038 1170 1071 καθὼς
1182 1039 1212 1066 ὲν
1226 1038 1308 1074 eam.
1315 1039 1369 1066 τῶν
1378 1039 1513 1076 Ἀριθμῶν
1525 1040 1681 1076 γέγραπται
1695 1040 1750 1076 περὶ
1760 1039 1801 1065 τῶν
1809 1039 1834 1065 ἱε-

1079 1084 1158 1120 ρέων·
1170 1094 1179 1111 ι
1197 1085 1252 1112 Καὶ
1265 1082 1326 1112 εἶπε
1340 1085 1442 1122 Κύριος
1455 1086 1524 1122 πρὸς
1538 1086 1654 1122 Ἀαρών
1670 1087 1714 1118 Σὺ,
1723 1087 1763 1113 καὶ
1774 1085 1834 1112 uiuit!

1078 1138 1135 1162 σου,
1151 1131 1198 1157 καὶ
1220 1131 1235 1157 ὁ
1248 1128 1322 1164 οἶκος
1336 1133 1453 1168 πατριᾶς
1473 1141 1520 1159 σου
1534 1132 1653 1168 λήψεσθε
1673 1133 1719 1164 τὰς
1732 1132 1834 1168 ἁμαρτίας

1075 1176 1130 1204 τῶν
1143 1177 1240 1211 ἁγίων,
1256 1177 1307 1213 τῆς
1323 1178 1458 1214 ἱερατείας
1482 1178 1568 1214 ὑμῶν.
1596 1179 1663 1206 Ἰδοὺ
1683 1179 1773 1206 δέδωκα
1789 1178 1832 1213 ὑμῖν

1075 1222 1125 1259 τὴν
1138 1223 1297 1260 διατήρησιν
1307 1224 1360 1251 τῶν
1375 1224 1518 1260 ἀπαρχῶν·
1533 1225 1588 1252 ἀπὸ
1602 1225 1711 1252 πάντων
1725 1224 1770 1251 τῶν
1780 1225 1832 1259 mru-

1076 1269 1182 1305 σμένων
1193 1279 1238 1306 μοι
1252 1270 1328 1306 παρὰ
1341 1271 1395 1298 τῶν
1409 1271 1475 1298 υἱῶν
1492 1271 1610 1307 Ἰσραὴλ,
1626 1272 1669 1298 σοὶ
1684 1271 1773 1298 δέδωκα
1783 1270 1831 1296 αὺτὲ

1074 1319 1115 1349 εἰς
1128 1317 1223 1353 γέρας,
1239 1317 1287 1344 καὶ
1307 1318 1364 1350 τοῖς
1384 1318 1452 1350 υἱοῖς
1467 1326 1513 1344 σου
1530 1317 1598 1353 μετὰ
1613 1318 1655 1349 σὲ,
1669 1317 1771 1352 νόμιμον
1786 1316 1831 1343 αἰώ-

1074 1372 1139 1390 νιον.
1155 1364 1210 1391 Καὶ
1223 1363 1303 1390 τοῦτο
1322 1363 1398 1390 ἔσται
1413 1364 1477 1400 ὑμῖν
1490 1363 1543 1391 ἀπὸ
1558 1363 1613 1391 τῶν
1636 1363 1798 1400 ήγιασμένων,
1810 1363 1831 1388 ἐκ

1073 1409 1127 1436 τῶν
1136 1409 1342 1445 καρπωμάτων,
1358 1409 1406 1436 καὶ
1418 1410 1474 1436 ἀπὸ
1488 1409 1543 1436 τῶν
1555 1409 1662 1446 δώρων,
1677 1411 1721 1437 καὶ
1733 1409 1777 1436 ἀπὸ
1785 1409 1830 1435 πᾶν-

1072 1464 1128 1482 των
1137 1454 1193 1490 (71)
1200 1454 1255 1482 τῶν
1264 1454 1375 1487 θυσιῶν,
1384 1456 1432 1482 καὶ
1439 1455 1494 1483 ἀπὸ
1504 1455 1595 1491 πάσης
1602 1456 1786 1492 πλημμελείας,
1798 1457 1830 1482 nl.

1072 1501 1137 1537 περὶ
1151 1500 1303 1537 ἁμαρτιῶν·
1319 1501 1367 1528 καὶ
1379 1501 1429 1528 ὅσα
1450 1501 1604 1528 ἀποδιδόασί
1620 1511 1667 1538 μοι
1686 1502 1736 1529 ἀπὸ
1751 1502 1830 1528 mm
1858 1508 1859 1537 ι

1073 1548 1127 1575 τῶν
1140 1548 1236 1582 ἁγίων,
1250 1547 1292 1574 σοὶ
1307 1547 1383 1575 ἔσται
1397 1548 1445 1574 καὶ
1457 1550 1515 1580 τοῖς
1530 1549 1597 1580 υἱοῖς
1612 1557 1671 1576 σου.
1689 1549 1729 1576 Ἐν
1740 1548 1773 1583 τῷ
1781 1548 1829 1582 ἁγίῳ

1071 1593 1254 1629 piﬁcina?)
1269 1593 1349 1620 αὑτά.
1369 1603 1379 1620 ι
1391 1594 1447 1620 Kal.
1462 1595 1518 1629 μετ’
1527 1594 1615 1628 ὀλίγα*
1628 1605 1638 1620 ι
1656 1595 1730 1622 Πᾶσα
1747 1594 1828 1629 ἀπαρχὴ

1069 1640 1157 1667 ἐλαίου
1173 1640 1220 1666 καὶ
1233 1639 1305 1666 οἴνου
1327 1639 1375 1667 καὶ
1398 1639 1472 1666 σίτου
1484 1659 1491 1672 ,
1505 1640 1556 1667 ὅσα
1569 1640 1602 1668 ἂν
1615 1641 1682 1668 δῶσι
1695 1641 1788 1676 Κυρίῳ,
1801 1640 1828 1666 σοὶ

1068 1687 1172 1713 δέδωκα
1191 1686 1271 1713 αὐτά·
1293 1686 1341 1712 καὶ
1353 1685 1388 1713 τὰ
1402 1687 1652 1723 πρωτογεννήματα
1665 1688 1747 1714 πάντα
1759 1695 1791 1713 σοι
1800 1686 1828 1712 δὲ-
1857 1686 1858 1697 ‘

1067 1733 1150 1760 δωκα.
1174 1733 1231 1760 Kal.
1245 1733 1369 1768 συνέρρει
1384 1733 1439 1759 πᾶν
1461 1732 1595 1768 ἀνάθεμα·
1612 1734 1668 1761 πᾶν
1689 1732 1827 1769 πρωτότοκον

1066 1779 1210 1815 ἀνθρώπου
1233 1779 1280 1806 καὶ
1294 1780 1408 1816 κτήνους
1428 1778 1549 1815 καθαροῦ
1563 1779 1610 1805 καὶ
1625 1779 1769 1815 ἀκαθάρτου
1779 1800 1785 1811 ,
1795 1778 1826 1803 καὶ

1067 1826 1235 1862 Θυσίας(75),
1246 1825 1294 1852 καὶ
1308 1824 1463 1861 στηθηνίου,
1477 1825 1525 1852 καὶ
1541 1825 1684 1862 βραχίονος
1695 1824 1772 1858 δεξιοῦ
1789 1825 1826 1855 τοῖς
1856 1847 1857 1850 η

1068 1871 1169 1908 ἱερεῦσι
1189 1872 1375 1908 προσανήκει,
1397 1872 1444 1899 καὶ
1463 1873 1520 1904 τοῖς
1534 1872 1640 1905 λοιποῖς
1659 1874 1713 1904 τοῖς
1734 1870 1826 1907 παριμέ-

1065 1927 1155 1946 νουσιν
1169 1919 1261 1950 αὺτοῖς
1291 1916 1421 1949 λευίταις.
1440 1926 1450 1944 ι
1474 1917 1598 1945 Ἀκούετε
1611 1919 1697 1946 ταῦτα
1709 1919 1752 1945 καὶ
1770 1917 1825 1952 ὑμεῖς

1064 1965 1090 1992 οῑ
1107 1965 1205 1997 λαῖκοὶ,
1220 1963 1336 1999 ὲκλεκτὴ
1357 1963 1507 1999 Ἐκκλησία
1518 1963 1565 1990 τοῦ
1580 1964 1665 1992 Θεοῦ.
1680 1965 1732 1992 Καὶ
1756 1964 1799 1999 γὰρ
1815 1964 1824 1987 ὸ

1064 2011 1127 2043 λαὸς
1141 2011 1272 2047 πρότερον
1288 2020 1297 2037 ι
1309 2010 1376 2037 Θεοῦ
1397 2010 1461 2042 λαδς
1482 2010 1530 2037 καὶ
1547 2010 1621 2043 ἔθνος
1637 2011 1730 2046 ἅγιον»
1744 2010 1824 2045 ὠνομά-

1064 2058 1134 2090 ζετο·
1150 2058 1197 2085 καὶ
1211 2058 1290 2093 ὑμεῖς
1303 2055 1350 2083 οὖν
1364 2057 1426 2083 ὲστε
1440 2056 1506 2091 ἁγία
1518 2056 1564 2083 τοῦ
1578 2057 1648 2084 Θεοῦ
1663 2057 1720 2094 ίερὰ
1739 2056 1823 2089 Ἐκκλη-

1064 2104 1109 2131 σία
1118 2103 1350 2139 ἀπογεγραμμένη
1361 2103 1389 2129 ὲν
1399 2101 1672 2138 οὐρανῷ,‹βασίλειον
1695 2102 1822 2138 ἱεράτευμα.

1063 2150 1138 2182 ἔθνος
1151 2149 1237 2184 ἅγιον,
1251 2149 1368 2180 λαὺς“εἰς
1382 2148 1684 2185 περιποίηωνμνύμφη
1715 2148 1814 2176 κεκιλλω

1063 2195 1181 2232 πισμένη
1195 2195 1290 2230 Κυρίῳ
1303 2194 1342 2230 τῷ
1356 2194 1425 2230 Θεῷ.
1440 2194 1586 2229 Ἐκκλησία
1602 2195 1716 2230 μεγάλη,
1735 2193 1821 2226 Ἐκκλη-

223 2245 348 2282 pontilici
363 2248 391 2273 et
405 2244 542 2272 ministris
552 2244 613 2279 ejus
626 2252 633 2269 :
648 2243 762 2271 decima:
776 2243 916 2275 salutaris,
936 2243 1009 2278 prin-

1074 2242 1109 2269 ria
1123 2241 1207 2277 πιστὴ
1219 2262 1226 2274 ,
1240 2240 1260 2268 ἃ.
1273 2240 1405 2277 πρότερον
1418 2240 1535 2277 ἐρρέθη,
1550 2240 1596 2267 νῦν
1618 2241 1749 2273 ὲνωτίζου·
1762 2240 1820 2273 ἀραι-

220 2290 323 2326 cipium
347 2290 469 2318 nominis
483 2289 559 2318 Iesu.
574 2289 657 2322 Audi,
673 2296 753 2317 sacra
766 2288 901 2316 catholica
917 2289 1011 2317 Eccle-

220 2338 272 2372 sia,
286 2345 347 2374 qua:
357 2337 452 2365 decem
464 2336 526 2365 illas
541 2336 636 2372 plagas
646 2334 778 2370 eﬂ‘ugisti,
793 2339 820 2362 et
831 2334 925 2363 decem
947 2335 1009 2364 illos

219 2392 362 2413 sermones
375 2392 424 2412 seu
437 2383 602 2418 Decalogum
622 2381 764 2418 accepisti,
777 2386 806 2409 et
832 2380 917 2418 legem
934 2382 1008 2410 didi-

1065 2289 1170 2324 ρέματα
1179 2309 1186 2321 ,
1201 2287 1250 2315 καλ⁸
1262 2286 1375 2313 δεκάται
1384 2307 1392 2320 ,
1406 2286 1528 2322 ἀπαρχαὶ
1541 2285 1581 2321 τῷ
1600 2287 1722 2323 ἀρχιερεῖ
1738 2284 1821 2321 Χριστῷ

1064 2336 1110 2362 καὶ
1122 2336 1179 2366 τοῖς
1193 2332 1395 2368 λειτουργοῦσιν
1409 2331 1494 2367 αὐτῷ,
1503 2331 1614 2359 δεκάται
1629 2330 1819 2369 σαπηρίου,ἀρχή

1059 2382 1191 2418 ὀνόματος
1198 2379 1285 2416 Ἰησοῦ
1299 2378 1366 2416 (74).
1384 2380 1495 2411 Ἀκουε,
1511 2378 1571 2415 ιερὰ
1584 2379 1713 2416 καθολικὴ
1732 2378 1818 2411 Ἐκκλη-

254 2441 277 2459 ⁸⁹
296 2441 328 2470 L.
352 2441 396 2473 Ὡς
410 2440 507 2471 αὐτάς.
542 2439 565 2455 ³ο
585 2439 621 2467 Is.
638 2446 699 2472 Lm,
713 2439 741 2472 ι,
756 2438 799 2466 19...
836 2438 859 2454 ⁹¹
880 2437 964 2466 Num.
976 2446 1009 2466 xv

1074 2438 1098 2470 I,
1115 2438 1142 2465 8.
1180 2438 1203 2455 ³⁸
1221 2437 1290 2465 Ibid.
1307 2435 1351 2465 12.
1390 2436 1414 2452 ⁸³
1427 2435 1516 2464 Exod.
1539 2443 1596 2468 xIx,
1612 2436 1641 2469 5,
1656 2436 1683 2464 6.
1717 2436 1739 2452 ”
1756 2435 1818 2463 Hebr.

219 2485 269 2512 xu,
283 2477 333 2512 23;
344 2477 355 2505 ι
366 2476 425 2505 Pet.
444 2483 475 2509 II,
487 2475 515 2503 9.

874 2529 1058 2558 VARIORUM
1077 2528 1194 2557 ΝΟΤᾸΞ.

252 2594 307 2631 (69)
323 2594 483 2631 Ὡσαύτως.
495 2593 569 2631 Bene
579 2590 858 2631 conjecitgotelqins
869 2591 907 2622 dic
916 2591 1007 2623 αὑτός.

219 2625 265 2659 Sic
274 2625 347 2657 enim
359 2625 497 2664 legitur’in
514 2625 675 2664 alterocod.
689 2625 774 2664 _Vind._
780 2626 857 2664 per.

253 2665 310 2702 (70)
322 2664 372 2699 Μὴ
387 2661 444 2699 ἧκὰρ
457 2663 565 2699 νόμιζέ.
581 2662 655 2691 Idem
666 2662 704 2698 μὴ
712 2661 848 2697 νομίζετε,
860 2669 916 2689 non
927 2661 1008 2689 male.

216 2701 292 2762 Ιπῗί
321 2734 455 2762 Πάντων.
470 2733 552 2762 Deest
564 2734 592 2761 in
607 2733 693 2761 altero
707 2740 760 2761 ms.
776 2732 859 2760 Vind.
880 2732 920 2759 In.

250 2735 308 2833 £72}
321 2770 465 2806 Φάτεσθε.
490 2770 564 2798 Idem
579 2769 662 2798 habet
675 2768 822 2804 φάγεσθαι,
840 2768 894 2796 hoc
911 2775 920 2795 ι

216 2815 285 2833 come
305 2811 385 2833 antur
397 2815 413 2832 ιι
423 2806 504 2833 vobis.
522 2803 563 2831 In.

262 2768 308 2806 72)
321 2770 465 2806 Φάτεσθε.
490 2770 564 2806 Idem
579 2769 662 2798 habet
675 2768 822 2804 φάγεσθαι,
840 2768 894 2796 hoc
911 2771 965 2800 est,
981 2771 1012 2794 ut

214 2803 385 2835 comitantur
397 2815 413 2832 ιι
423 2806 504 2833 vobis.
522 2803 563 2831 In.

251 2843 308 2878 (75)
327 2841 384 2869 Καὶ
396 2840 594 2878 θυσίας-,ΠΝοιι
610 2840 668 2878 sine
684 2847 767 2878 causa
781 2839 879 2867 Photio
893 2839 1009 2878 critico-

216 2873 275 2905 runt
299 2873 419 2907 maxime
453 2873 595 2913 displicuit
622 2874 844 2904 Constitutionum
873 2873 1005 2910 phrasis,

1061 2588 1253 2621 ἀνακολοὺοοις
1286 2588 1405 2623 aliisque
1427 2587 1502 2616 vitiis
1526 2587 1662 2616 sermonis
1684 2583 1813 2623 abundans.

1060 2624 1243 2658 Quamobrem
1258 2623 1304 2651 hic
1317 2621 1430 2652 coactus
1446 2631 1508 2651 sum
1523 2631 1577 2651 non
1593 2627 1648 2650 tam
1658 2622 1692 2650 ad
1700 2621 1770 2658 verba
1789 2623 1815 2643 al-

1059 2656 1188 2692 tendcre,
1207 2666 1290 2694 quam
1309 2659 1344 2686 ad
1358 2667 1482 2691 sensum,
1499 2663 1527 2685 et
1543 2658 1578 2685 ad
1594 2662 1696 2694 textum
1711 2656 1814 2694 Nutnef'o'

1062 2687 1123 2724 iiiin
1135 2715 1144 2728 ,
1160 2687 1342 2730 qui-carptim
1357 2687 1578 2730 citatur.'Atque
1597 2693 1679 2730 simili
1699 2690 1769 2720 modo
1786 2687 1813 2726 [³-

1061 2729 1191 2796 ιὲἓῌᾱιιιὶι
1214 2737 1287 2765 saepe
1306 2729 1358 2757 fuit
1383 2729 1580 2765 interpretibus
1601 2729 1712 2764 hujusce
1734 2730 1811 2761 operti-

1078 2772 1134 2793 ςοτ.

1096 2801 1152 2837 (π)
1168 2800 1258 2836 Ἀρχὴ
1271 2800 1417 2837 drepach
1431 2800 1549 2837 ξιτιτρῦε
1559 2798 1684 2837 ιηὀτείιρη
1697 2795 1811 2837 διέθηκεν
1850 2805 1851 2813 η

1060 2827 1412 2873 occasionemﬂprgebucrit'
1470 2827 1627 2873 Epiphanio
1648 2835 1684 2873 ita
1695 2827 1810 2873 scribelﬂl

1061 2873 1157 2901 bmrcsi
1183 2873 1211 2907 8,
1235 2868 1355 2901 sectione
1377 2870 1394 2899 6
1408 2880 1415 2900 :
1429 2871 1483 2899 Καὶ
1497 2868 1539 2907 ἦν
1563 2871 1620 2897 ἐκεῖ
1642 2868 1808 2897 amatum;
1849 2879 1850 2907 ξ
