1893 3109
80 142 128 170 6ῗῖ
534 139 837 169 CONS'I'ITIJTIONES
854 140 1195 170 APOSTOI.IC.£.-—LIB.
1215 143 1247 171 II.
1641 147 1695 174 678

82 199 114 235 ρὰ
127 197 246 230 Μωσέως
255 197 318 230 τοὺς
331 196 428 232 λόγους
437 217 444 229 ,
459 199 604 234 προφήτης
618 200 723 235 εῐρηται
736 219 743 231 ,
757 199 843 233 Μωαῆ

915 200 949 227 ad
973 200 1153 234 Pharaonem,
1176 201 1307 236 propheta
1328 201 1420 230 dictus
1441 207 1499 236 est;
1523 203 1611 231 Moses
1632 213 1697 232 vero

80 245 104 271 δὲ
122 244 180 275 θεὸς
201 243 250 270 τοῦ
271 243 386 279 Φαραὼ,
405 243 443 275 ὡς
464 243 590 278 βασιλεὺς
610 245 678 280 ὁμοῦ
699 246 745 272 καὶ
767 246 847 280 ἀρχιεη

913 246 983 274 deus
994 246 1155 280 Pharaonis,
1172 251 1201 274 ut
1217 255 1263 275 rex
1275 248 1356 275 simul
1370 253 1397 276 et
1409 249 1547 283 pontifex;
1563 251 1696 284 quemad-

80 291 153 325 ρεὺς,
169 289 206 321 ὥς
222 298 304 324 φησιν
327 290 341 316 6
362 290 428 322 Θεὸς
442 290 510 326 πρὸς
530 290 622 317 αὐτόν·
643 300 652 317 ι
671 291 736 317 Θεὸν
750 291 847 317 τέθεικε

910 292 1020 320 modum
1040 293 1078 320 ait
1099 293 1136 320 illi
1161 292 1253 321 Deus:
1277 303 1286 320 ι
1311 293 1393 321 Posui
1408 298 1434 322 te
1450 294 1531 322 deum
1547 295 1694 329 Pharaoni,

80 344 105 362 σε
118 336 155 371 τῷ
169 335 270 371 Φαραὼ
281 355 288 367 ,
305 336 352 362 καὶ
373 335 478 371 ’Λαρὼν
493 335 628 371 ὁάδελφός
651 344 698 364 σου
719 335 796 363 ἔσται
811 345 847 363 σοι

909 341 936 365 et
947 338 1038 366 Aaron
1052 339 1135 367 frater
1146 343 1209 366 tuus
1221 340 1273 367 erit
1284 343 1349 368 tuus
1360 341 1519 376 propheta“
1534 351 1539 368 :
1556 351 1565 367 ι
1579 349 1629 368 cur
1640 349 1694 369 non

79 381 311 418 προφήτηςίδιᾳτί
336 381 373 417 μὴ
395 383 442 408 καὶ
463 383 541 418 ὑμεῖς
562 383 627 414 τοὺς
647 382 761 418 μισίτας
782 383 847 417 ὑμῶν

913 392 963 412 vos
981 393 1100 421 quoque,
1124 386 1308 414 internuntios
1322 388 1398 414 verbi
1417 388 1513 420 vestri,
1536 388 1607 415 inter
1629 395 1695 422 pro-

78 428 119 455 τοῦ
132 428 207 462 λόγου
219 446 228 460 ,
250 430 394 464 προφήτας
409 426 478 456 εἶναι
494 430 619 464 νομίσετε
629 449 637 462 ,
660 431 708 458 καὶ
721 429 760 462 ὡς
781 429 858 461 Θεοῦς

79 475 269 511 σεῦασθήσεσθε
280 484 288 509 ;
780 479 786 482 ”

336 534 534 561 ΚΕΦΑΛΛῙΟΝ
553 534 592 562 Λ’.

115 578 209 612 ὀπως
229 579 290 614 χρὴ
313 580 384 613 τοὺς
407 581 532 613 ,ιιιϊκοὺς
555 581 726 615 πειθαρχεῖν
746 580 809 614 τοῖς

383 615 543 649 διακόνοις.

105 660 158 688 Νῦν
171 661 225 697 γὰρ
241 661 306 696 ὑμῖν
323 661 372 697 μὲν
386 661 424 697 (6)
447 662 462 688 6
482 661 586 697 Ἀαρών
600 662 674 689 ἐστιν
688 662 703 688 6
715 661 854 693 διάκονος,

75 707 166 742 Μωσῆς
179 707 206 734 δὲ
226 708 241 734 6
264 707 424 740 ἐπίσκοπος·
440 709 464 735 εἰ
479 706 526 735 οὖν
541 708 641 744 ἐρρέθη
659 708 779 743 Mur-5:71;
802 708 854 734 ὑπὸ

74 753 166 788 Κυρίου
185 753 247 784 θεὸς
263 753 301 788 (7)
315 773 322 785 ,
338 754 385 780 καὶ
400 754 464 789 ὑμῖν
478 755 492 780 6
508 754 658 786 ἐπίσκοπος
672 755 712 785 εις
738 754 797 781 θεὸν
811 762 855 780 τε-

75 799 203 834 τιμήσθω,
226 800 276 825 καὶ
296 799 311 824 6
331 799 453 831 διάκονος
469 800 507 831 ὡς
529 801 673 836 προφήτης
693 800 788 826 αὑτοῦ.
810 800 853 832 Ὡς

911 432 1008 466 phetas
1025 433 1196 468 reputabitis,
1212 438 1293 468 atque
1309 438 1439 469 tanquam
1453 435 1520 462 deos
1534 435 1649 463 coletis?

1191 534 1306 562 CAPUT
1326 534 1411 562 XXX.

994 580 1132 614 Quomodo
1149 586 1248 616 oportet
1266 581 1347 608 laicus
1360 581 1463 608 obedire
1477 579 1607 608 diaconis.

942 659 1021 687 Nunc
1046 660 1118 687 enim
1145 661 1222 688 vobis
1250 661 1312 688 loco
1339 659 1458 687 Aaronis
1481 662 1524 687 est
1549 659 1692 690 diaconus,

908 705 1009 741 Moysis
1023 710 1112 733 autem
1130 706 1190 733 loco
1205 707 1360 741 episcopus.
1375 706 1444 734 Cum
1461 706 1543 741 igitur
1555 705 1662 742 Moyses
1677 714 1692 732 a

907 751 1023 778 Domino
1049 752 1202 786 appellatus
1225 752 1262 779 sit
1291 752 1379 786 deus;
1408 759 1423 779 a
1449 752 1528 779 vobis
1547 752 1693 787 episcopus

906 801 1037 832 tanquam
1054 797 1123 825 deus
1139 798 1311 830 observetur.
1325 803 1351 826 et
1365 798 1498 826 diaconus
1514 802 1544 825 ut
1560 798 1692 833 propheta

74 844 120 880 γὰρ
133 845 146 870 6
159 845 278 880 Χριστὸς
294 845 357 872 ἄνευ
377 845 425 872 τοῦ
441 845 548 881 Πατρὸς
569 846 644 872 οὐδὲν
663 847 751 877 ποιεῖ,
767 845 847 877 οὕτως

906 844 1001 879 ejus".
1017 843 1084 870 Nam
1101 844 1182 872 sicuti
1203 844 1330 872 Christus
1354 844 1414 872 sine
1436 844 1517 872 Patre
1534 845 1601 872 nihil
1621 845 1691 880 agit;

74 890 125 916 οὐδὲ
139 891 153 916 ὀ
168 890 293 922 διάκονος
307 891 370 918 ἄνευ
384 891 432 918 τοῦ
446 892 605 918 ἐπισκόπου·
622 893 669 918 καὶ
684 891 777 927 ὥσπερ
788 892 853 924 Υἱὸς

73 936 128 962 ἄνευ
138 935 183 962 τοῦ
200 936 310 972 Πατρδς
332 937 383 963 οὒκ
397 937 469 964 ἐστιν
480 937 517 973 (8)
528 957 534 969 ,
551 937 637 967 οὕτως
650 938 710 965 οὺδέ
730 938 853 972 διάκονος

74 982 128 1008 ἄνευ
149 982 195 1009 τοῦ
216 983 381 1010 ἐπισκόπου⁸
397 983 444 1010 καὶ
463 983 558 1020 ὥσπερ
577 985 717 1020 ὑπόχρεως
741 985 804 1018 Υἱὸς
815 986 852 1021 (9)

73 1028 167 1063 lla-:91,
191 1028 263 1055 οὕτω
293 1029 341 1056 καὶ
363 1030 418 1061 πᾶς
438 1029 561 1062 διάκονος
575 1031 726 1066 ἐπισκόπω-
742 1032 790 1058 xui.
803 1032 853 1059 ὥσ-

74 1083 118 1110 περ
133 1076 146 1101 6
161 1075 222 1108 Υἱὸς
243 1075 359 1110 ἄγγελός
373 1077 431 1103 ἐστι
449 1077 495 1103 καὶ
508 1078 652 1113 προφήτης
665 1078 713 1104 τοῦ
729 1079 851 1115 Πατρδς,

72 1122 148 1154 οὕτως
168 1123 214 1151 καὶ
244 1124 259 1149 6
282 1123 405 1155 διάκονος
422 1119 541 1157 ’ἄγγελος
561 1125 608 1150 καὶ
631 1125 774 1160 προφήτης
793 1126 853 1153 ἐπὶ

72 1169 112 1195 τοῦ
131 1170 281 1196 ἐπισκόπου
298 1170 363 1206 (10).
379 1170 424 1197 Διὸ
438 1171 485 1197 καὶ
500 1170 588 1197 πάντα
606 1171 640 1197 τὰ
657 1172 851 1208 ἐπιτελούμενα

73 1215 112 1241 ὑπ’
132 1215 212 1243 αὐτοῦ
232 1217 276 1247 et;
290 1225 350 1243 τινα
362 1237 369 1248 ,
393 1216 501 1252 ἐμφανῆ
515 1216 555 1252 τῷ
568 1218 710 1254 ἐπισκόπῳ
724 1218 850 1252 γινέσθω,

73 1260 171 1297 καὶαι)
186 1262 217 1288 δι’
229 1262 316 1289 αὺτοῦ
329 1262 499 1290 τελειούσθω,

317 1320 513 1347 ΚΕΦΑΛΔΙΟΝ
533 1320 595 1348 AA’.

75 1364 128 1391 ὀτι
139 1364 180 1400 μὴ
194 1365 252 1400 χρὴ
268 1365 323 1392 τὸν
336 1365 477 1428 diducti-or
490 1367 563 1394 ἄνευ
573 1367 626 1395 τοῦ
640 1367 808 1396 ἐπισκόπου
822 1378 851 1396 τι

376 1409 415 1428 πο
437 1410 526 1428 ττειν.

376 1409 526 1435 πραττειν.

101 1457 183 1492 Μηδὲν
197 1457 225 1485 δὲ
240 1458 354 1484 ποιείτω
368 1458 399 1484 τὸ
414 1458 523 1486 σύνολον
543 1459 606 1487 ἄνευ
620 1459 668 1487 τοῦ
683 1460 830 1488 ἐπισκόπου
841 1481 849 1493 ,

73 1503 130 1538 μηδέ
141 1513 191 1531 τινι
211 1505 307 1531 διδότω
329 1513 355 1531 τι
376 1506 439 1532 ἄνευ
454 1505 504 1541 τῆς
524 1506 628 1534 ἐκείνου
651 1506 771 1543 γνώμης·
800 1508 848 1535 ἐὰν

905 890 941 916 ita
956 897 1007 918 nec
1022 890 1155 917 diaconus
1171 890 1230 918 sine
1244 891 1393 926 episcopo:
1409 895 1436 918 et
1450 890 1521 918 sicut
1531 889 1618 918 Filius
1632 891 1692 917 sine

903 934 985 964 Patre
1009 944 1063 964 non
1094 937 1236 970 subsistit;
1253 937 1290 963 ita
1305 945 1392 972 neque
1406 937 1538 965 diaconus
1552 937 1611 964 sine
1631 937 1691 972 cpi-

903 989 987 1017 scopo
1003 993 1007 1009 :
1022 986 1049 1010 et
1062 983 1134 1010 sicut
1148 982 1233 1011 Filius
1243 983 1349 1010 debitor
1360 987 1403 1010 est
1418 982 1503 1015 Patri,
1516 983 1556 1010 sic
1564 986 1591 1010 et
1601 982 1692 1009 omnis

903 1029 1036 1056 diaconus
1051 1029 1199 1064 episcopo;
1215 1033 1297 1064 atque
1312 1033 1341 1056 ut
1359 1028 1446 1056 Filius
1474 1028 1563 1056 Patris
1578 1027 1691 1063 angelus

904 1082 936 1101 ac
951 1075 1085 1110 propheta
1107 1075 1173 1102 est“
1185 1083 1193 1108 ;
1207 1074 1248 1102 sic
1269 1079 1297 1102 et
1315 1075 1450 1102 diaconus
1471 1074 1583 1110 angelus
1597 1077 1640 1101 est
1657 1081 1691 1100 ac

903 1123 1034 1158 propheta
1052 1122 1186 1157 episcopi.
1210 1121 1345 1154 Quocirca
1365 1129 1534 1157 quaecunque
1557 1121 1690 1148 diaconus

903 1177 967 1205 erga
980 1169 1135 1205 quempiam
1151 1168 1216 1196 facit
1225 1188 1233 1201 ,
1249 1167 1394 1196 manifesta
1409 1168 1477 1196 ﬂant
1489 1168 1629 1203 episcopo.
1642 1175 1690 1202 per

903 1223 984 1251 quem
999 1219 1026 1244 et
1041 1215 1228 1251 perﬁciantur.

1179 1318 1295 1346 CAPUT
1315 1317 1411 1346 XXXI.

905 1368 981 1402 Quod
999 1375 1051 1395 non
1063 1371 1181 1402 oporteat
1195 1365 1337 1436 diacronum
1349 1366 1406 1392 sine
1417 1365 1536 1400 episcopo
1553 1363 1688 1399 quidpiam

1259 1409 1344 1429 acere.

1259 1409 1334 1428 acere
1337 1421 1344 1429 ι

936 1460 1010 1488 Nihil
1027 1468 1093 1488 vero
1114 1467 1228 1495 prorsus
1242 1459 1301 1486 sine
1322 1458 1450 1493 episcopo
1465 1456 1558 1491 iaciat,
1574 1464 1624 1485 nec
1639 1457 1688 1485 ulli

902 1508 1054 1543 quidpiam,
1080 1507 1184 1541 absque
1207 1505 1281 1532 illius
1310 1505 1461 1536 voluntate,
1492 1504 1633 1539 largiatur.
1657 1503 1687 1531 Si

71 1549 118 1585 γὰρ
130 1550 165 1582 ὼς
179 1550 339 1587 Θλιῦομένου
354 1552 427 1584 τινὸς
443 1552 530 1588 λάθρα
553 1552 600 1579 τοῦ
618 1553 767 1580 ἐπισκόπου
786 1554 847 1590 διδῷ

905 1555 973 1582 enim
989 1554 1060 1581 clam
1085 1553 1226 1588 episcopo,
1248 1551 1354 1579 dederit
1375 1551 1457 1578 alicui
1479 1551 1556 1586 quasi
1578 1551 1686 1585 egenti;

71 1603 132 1627 τινι,
153 1599 191 1629 εἰς
212 1598 348 1634 λοιδορίαν
369 1599 416 1625 τοῦ
440 1599 590 1626 ἐπισκόπου
613 1599 694 1626 δώσει
707 1620 714 1631 ,
731 1601 778 1627 καὶ
791 1601 848 1628 δια-

71 1642 150 1671 ϐάλλει
172 1644 253 1672 αὐτὸν
274 1645 312 1677 ὼς
334 1645 485 1680 ἀμελοῦντα
507 1646 561 1673 τῶν
584 1646 759 1684 θλιϐομένων⁸
783 1651 797 1677 6
820 1651 848 1678 δὲ

71 1688 205 1717 ιπίσκοπον
225 1691 242 1726 ἢ
269 1691 369 1727 λόγῳῆ
386 1691 458 1727 ἔργῳ
480 1693 636 1728 κακολογῶν
648 1714 656 1726 ,
681 1694 739 1730 Θεῷ
763 1705 848 1732 προσ-

71 1736 167 1768 πταίει,
190 1738 240 1764 οὐκ
263 1737 383 1769 ἀκούσας
407 1737 490 1765 αὑτοῦ
514 1740 646 1772 εἰπόντος·
672 1750 680 1766 ι
708 1741 792 1774 Θεοὺς
816 1743 846 1769 οὐ

71 1782 259 1818 κακολογήσεις.
289 1793 298 1809 ι
314 1784 351 1810 Οὺ
366 1783 419 1820 γὰρ
443 1785 505 1820 περὶ
523 1784 603 1812 λίθων
619 1786 635 1822 ἢ
658 1786 742 1819 ξύλων
763 1797 847 1824 προσ-

70 1826 228 1863 οχθισμάτων
255 1828 428 1864 ἐνομοθέτει,
452 1829 601 1865 βδελυκτίὶΝ
623 1832 707 1860 ὄντων
723 1834 777 1869 (η)
801 1835 845 1862 διὰ

69 1872 111 1906 τὴν
123 1873 327 1910 ψευδωνυμίαν,
351 1875 417 1902 ἀλλὰ
440 1876 504 1912 περὶ
526 1877 580 1904 τῶν
603 1878 695 1914 ίερέων
719 1880 766 1906 καὶ
791 1881 845 1908 τῶν

70 1919 174 1952 κριτῶν,
197 1918 238 1952 οἷς
267 1921 316 1947 καί
335 1918 412 1948 εἶπεν
429 1941 437 1953 ,
451 1922 492 1948 ὃτι
515 1932 524 1948 ι
550 1923 611 1950 Θεοί
636 1925 696 1951 ἐστε
723 1926 769 1952 καὶ
791 1927 846 1954 υἱοὶ

73 1963 196 1999 Ὑψίστου.
217 1977 226 1992 ι

314 2025 511 2052 ΚΕΦΑΛΔΙΟΝ
531 2026 591 2053 AB'.

71 2078 124 2120 ὀτι
143 2081 198 2120 μὴ.
212 2082 287 2120 χρὴ-
302 2083 355 2120 τὸν
381 2082 522 2120 διάκονον
543 2084 623 2120 παρὰ
643 2085 763 2120 γνώμην
790 2088 843 2115 τοῦ

97 2115 257 2156 smmum;
272 2117 386 2156 διίῖόναι
410 2118 467 2156 qui
480 2138 487 2149 ,
502 2118 551 2144 ἐπὶ
574 2115 709 2155 διαϐὸλῇ
721 2115 776 2156 γὰρ
791 2122 842 2150 τοῦ

97 2152 260 2178 ἐπισκόπου
274 2152 362 2179 τοῦτο
376 2152 492 2186 πράξει.

899 1601 927 1627 in
943 1601 1063 1635 episcopi
1075 1598 1268 1626 contumeliam
1281 1597 1393 1629 tribuet,
1415 1604 1496 1632 quem
1512 1600 1624 1624 accusat
1639 1604 1687 1624 ne-

899 1646 1034 1682 gligentiae
1043 1652 1106 1680 erga
1120 1645 1297 1672 calamitosos
1312 1653 1318 1671 :
1333 1643 1379 1678 qui
1393 1649 1483 1670 autem
1495 1641 1529 1669 de
1543 1642 1684 1678 episcopo.

899 1694 956 1720 sive
980 1700 1029 1727 per
1053 1698 1219 1722 sermonem,
1244 1690 1301 1718 sive
1327 1697 1375 1724 per
1396 1689 1532 1716 actionem
1553 1688 1684 1719 detrahit,

898 1738 982 1767 Deum
998 1737 1122 1768 oﬂ‘endit,
1134 1737 1214 1771 cujus
1224 1736 1294 1763 hanc
1312 1742 1404 1763 vocem
1418 1742 1472 1761 non
1488 1733 1564 1761 audit
1578 1744 1584 1761 :
1603 1742 1612 1758 ι
1627 1732 1685 1761 Diis

897 1792 931 1812 ne
946 1783 1136 1812 maledicito".
1156 1792 1166 1808 ι
1183 1781 1244 1809 Non
1261 1781 1334 1809 enim
1348 1780 1383 1809 de
1397 1780 1512 1815 lapideis
1523 1784 1570 1807 aut
1586 1781 1684 1816 ligneis

896 1831 989 1863 idolis,
999 1837 1060 1865 quae
1074 1828 1149 1864 quod
1162 1828 1230 1855 falso
1243 1827 1366 1854 divinum
1382 1834 1481 1854 nomen
1499 1830 1606 1862 gerant,
1617 1826 1684 1853 abo-

896 1877 1037 1905 minabilia
1053 1879 1128 1908 sunt,
1142 1875 1228 1910 legem
1245 1873 1367 1906 ferebat;
1381 1873 1429 1901 sed
1445 1872 1479 1900 de
1493 1871 1683 1899 sacerdotibus

895 1929 922 1952 et
933 1923 1084 1959 indicibus,
1101 1922 1203 1957 quibus
1221 1920 1286 1947 alibi
1302 1920 1371 1948 dixit
1385 1931 1391 1947 :
1407 1928 1416 1945 ι
1434 1919 1477 1947 Dii
1494 1919 1573 1951 estis,
1593 1923 1620 1946 et
1635 1919 1682 1946 lilii

895 1969 1063 1999 altissimi".
1084 1979 1093 1995 ι

1164 2023 1278 2053 CAPUT
1298 2023 1406 2052 XXXII.

896 2086 973 2120 Quod
1001 2093 1052 2112 non
1068 2088 1200 2120 oporteat
1223 2082 1364 2120 diaconum
1394 2085 1491 2120 praster
1505 2080 1679 2120 _voluntalem_

929 2120 1044 2156 episcopi
1056 2116 1119 2146 dare
1149 2118 1216 2150 ulli;
1230 2118 1257 2144 id
1267 2117 1337 2144 enim
1352 2117 1380 2144 in
1394 2116 1554 2143 calumniam
1565 2117 1680 2151 episcopi

928 2164 1072 2184 cessurum.

98 2195 125 2222 Et
143 2195 188 2224 οὖν
210 2198 355 2232 γινώσκεις
367 2219 374 2231 ,
399 2196 422 2225 ὦ
445 2199 569 2231 διάκονε,
593 2200 749 2236 θλιϐόμενόν
763 2211 839 2235 τινα,

929 2203 958 2230 Si
981 2210 1062 2238 quem
1078 2208 1154 2236 ergo,
1179 2200 1304 2231 diacono,
1327 2198 1531 2226 tribulationem
1553 2197 1610 2232 pati
1630 2204 1678 2224 co-

67 2239 213 2287 ᾖπομνήσας
234 2244 280 2270 τὸν
305 2244 470 2276 ἐπίσκοπον,
498 2245 569 2272 οὕτω
594 2246 674 2274 δίδου·
704 2249 770 2277 ἀλλὰ
802 2251 839 2287 μή

66 2284 189 2323 λαθραίως
211 2290 250 2320 είς
275 2289 408 2326 λοιδορίαν
430 2291 513 2318 αὐτοῦ
536 2301 562 2318 τι
585 2293 719 2326 ἐπιτέλει,
735 2296 778 2323 ἵνα

66 2335 280 2370 καταγογγυσμὺν
290 2335 400 2372 ἐγείρῃς
413 2338 472 2363 κατ’
488 2337 583 2364 αὐτοῦ’
599 2340 630 2366 οὐ
652 2341 705 2376 γὰρ
720 2344 780 2369 κατ’
790 2344 838 2370 αὺ-

97 2411 117 2426 “
129 2411 212 2454 Expd.
229 2422 279 2448 vn,
294 2415 321 2442 1.
359 2415 382 2431 ¹⁵
397 2415 482 2451 lgnat.
499 2416 534 2444 ad
556 2417 677 2454 Magnes.
694 2419 720 2448 7.

66 2452 147 2479 tum,
163 2447 186 2474 3.

774 2421 796 2436 “
811 2421 846 2450 Is.
865 2431 903 2452 Ix.
918 2420 1037 2454 6;Deut.
1053 2425 1132 2450 xvm,
1152 2417 1195 2444 I5.

894 2249 1020 2286 gnoscis;
1046 2247 1162 2274 admone
1185 2245 1356 2281 episcopum,
1376 2248 1403 2271 et
1422 2244 1485 2271 inde
1504 2251 1587 2278 eroga
1604 2254 1609 2270 :
1626 2251 1677 2270 nec

894 2303 958 2323 vero
972 2295 1041 2322 clam
1054 2294 1080 2320 in
1092 2292 1284 2320 contumeliam
1297 2291 1368 2318 illius
1379 2290 1528 2325 quidquam
1543 2289 1676 2325 opereris.

894 2350 928 2371 ne
943 2344 1038 2369 contra
1049 2347 1111 2367 cum
1127 2337 1370 2365 murmurationem
1387 2337 1519 2369 suscites;
1532 2343 1588 2362 non
1603 2336 1675 2362 enim

1248 2417 1270 2432 ¹⁷
1284 2416 1370 2444 Exod.
1383 2423 1451 2448 xxn,
1463 2415 1509 2444 28.
1563 2415 1586 2432 ¹⁸
1599 2415 1673 2444 Psal.

704 2486 885 2517 VABIORUM
901 2487 1018 2516 NOTAE.

97 2548 133 2584 (ϐ)
155 2550 239 2585 ’Υμῖγ
258 2551 325 2586 μέν.
349 2551 453 2579 Desunt
478 2552 506 2580 in
520 2552 606 2581 altero
631 2553 693 2582 cod.
718 2554 836 2584 Vindob.

67 2590 110 2610 nec
121 2587 281 2614 necessariae
294 2591 368 2614 sunt.
386 2586 471 2615 Cum.

98 2618 133 2654 (7)
151 2621 230 2654 Θσός.
246 2621 511 2660 Addit_code;_alter
524 2633 529 2650 ς
543 2623 599 2660 [ﬁat
614 2624 629 2650 6
652 2623 757 2660 ’Aapt‘ov
771 2633 840 2660 προ·

153 2663 237 2699 :‘quze
245 2656 382 2699 excidisse
395 2657 531 2699 videntur.
548 2658 587 2685 Id.
605 2693 611 2699 _

97 2688 133 2723 (8)
149 2688 209 2718 οὐκ
222 2691 316 2719 ἐστιν.
329 2691 468 2719 Scholium
483 2692 511 2719 in
527 2693 649 2727 margine
659 2692 711 2720 hoc
724 2694 838 2729 legitur:

69 2720 161 2762 Iaces:
168 2726 217 2762 angi.
232 2726 311 2762 τεὴό
333 2727 392 2753 ἐστι
411 2727 450 2762 τῷ
475 2727 605 2762 φάσκοντι
620 2728 702 2762 λόγῳ,
720 2729 838 2762 μεγάλης

74 2737 217 2764 ιιιυξννπιιιι
232 2737 311 2753 muro
333 2737 392 2753 εστι
411 2737 450 2753 τω
475 2737 605 2762 φασκοντι
622 2737 702 2764 Λογῳ,
740 2738 752 2755 ε
774 2737 840 2765 αλης

70 2737 838 2814 ἓθῖλῖξῇεηῑαέἒετξὲῑτέιῖὲξῖιξηλιήεξῑεέδέἓξὲξ,

71 2795 441 2864 taumatia“.
454 2795 602 2860 ἓὶἒῗιῗήσεί
617 2798 719 2835 Κύριος
732 2795 838 2833 Mr

101 2862 138 2897 l9}
158 2865 232 2900 Υιός.
247 2865 327 2898 Addit
340 2867 426 2895 codex
443 2867 510 2896 alter
524 2868 606 2896 ἐστίν.
624 2868 661 2898 lo.

926 2556 983 2592 (i0)
1000 2555 1140 2592 Διάκονος
1154 2554 1281 2592 ἅγγελος
1294 2554 1343 2580 καὶ
1365 2553 1520 2592 ,προφήτης
1532 2553 1598 2581 ἐστι
1619 2555 1673 2582 τοῦ

890 2589 1068 2618 ἐπισκόπου.
1103 2590 1183 2617 Circa
1221 2589 1338 2624 primum
1371 2589 1672 2624 pseudo-Hieronymus

891 2626 1005 2660 epistola
1019 2628 1058 2654 De
1079 2631 1177 2660 septem
1191 2624 1327 2651 ordinibus
1344 2624 1479 2655 Ecclesiae,
1508 2624 1557 2660 ait
1569 2625 1614 2651 ubi
1638 2625 1672 2652 de

891 2659 1016 2688 diaconis
1041 2671 1048 2688 :
1072 2659 1111 2687 Hi
1136 2664 1207 2690 sunt,
1229 2667 1294 2694 quos
1309 2660 1341 2694 in?
1363 2659 1522 2694 Apocalypsi
1549 2659 1668 2693 legimus,

891 2700 988 2729 septem
1008 2695 1110 2731 Angeli
1124 2693 1415 2731 Ecclesiarumrcirca
1425 2693 1561 2731 posterius
1578 2695 1606 2720 in
1618 2695 1663 2731 _Al-

892 2728 974 2758 cnino
996 2728 1058 2765 cap:
1082 2729 1126 2762 59,
1146 2730 1193 2757 lib.
1210 2729 1365 2765 yerdivinis
1386 2728 1481 2763 ofﬁciis
1498 2737 1507 2755 :
1523 2728 1669 2765 Procedens

831 2785 838 2797 ,
887 2766 1006 2800 pontifex
1025 2763 1053 2792 in
1072 2772 1184 2800 persona
1202 2764 1311 2797 Christi,
1328 2764 1400 2791 ducit
1413 2772 1499 2791 secum
1518 2763 1667 2798 prophetas,

889 2799 916 2828 id
930 2799 969 2827 est
991 2802 1127 2828 diaconos.
1141 2799 1210 2826 C01.

925 2835 982 2870 (ll)
1000 2836 1066 2865 Kal,
1078 2839 1132 2862 etc.
1144 2833 1247 2870 Desunt
1258 2834 1284 2861 in
1298 2834 1383 2861 altero
1401 2834 1460 2870 cod.
1477 2834 1559 2860 Cum.

924 2867 982 2907 (£2)
1003 2871 1125 2897 ὀντων.
1142 2869 1220 2897 Deest
1237 2869 1265 2897 in
1281 2870 1366 2896 altero
1379 2869 1439 2897 cod.
1453 2869 1490 2896 lo.
