1893 3109
51 155 92 182 681

494 154 797 183 CONS'I‘ITUTIONES
812 152 1152 182 APOSTOLICE.—-LIB.
1171 153 1204 181 ll.

1602 154 1656 182 6M

52 212 139 248 μᾶλλον
153 211 216 247 περὶ
238 211 293 238 τῶν
314 212 504 247 πνευματικῶν
526 214 626 247 γονέων
640 214 704 249 ὑμῖν
718 213 732 240 ό
745 213 823 247 λόγος

875 213 996 248 patribus
1013 212 1201 247 spintualibus
1221 211 1347 240 admonet
1367 219 1415 239 vos
1433 211 1591 248 Scriptura.
1608 213 1654 240 ho.

49 257 193 294 παραινέσει
214 258 297 293 τιμᾷν
309 257 416 290 αὐτοὺς,
432 257 480 285 καὶ
503 259 638 295 στέργειν,
652 259 691 291 ὡς
711 259 821 295 εὐεργέ-

50 313 105 336 τας,
124 304 170 330 καὶ
193 302 364 339 πρεσϐευτὰς
387 304 456 340 πρὸς
478 304 554 336 Θεὸν,
578 306 642 336 τοὺς
667 305 701 331 δι’
725 304 821 336 ὕδατος

51 351 111 386 ὑμᾶς
122 350 365 385 ἀναγεννήσαντας,
378 351 441 381 τοὺς
453 350 494 386 τῷ
508 350 578 386 ἁγίῳ
600 350 740 388 Πνεῦματι
753 351 821 387 πλη-

52 396 188 432 ρὼσαντας,
202 395 268 426 τοὺς
280 395 319 431 τῷ
336 394 407 432 λόγῳ
417 396 737 433 γαλακτοτροφήσαντας,
758 399 821 430 τοὺς

50 442 73 467 ὲν
84 442 112 476 τῇ
124 440 279 477 διδασκαλίᾳ
291 441 540 477 ἁναθρεψαμένους,
555 443 619 474 τοὺς
633 444 663 470 ἐν
677 445 739 475 ταῖς
760 452 821 470 νου-

50 487 138 518 θεσίαις
151 486 340 522 στηρίξαντας,
354 488 417 519 τοὺς
430 487 477 514 τοῦ
491 489 624 524 σωτηρίου
636 488 761 525 σώματος
774 491 821 516 καὶ

49 532 87 559 τοῦ
99 533 181 568 τιμίου
202 533 320 568 αἵματος
332 533 501 566 ἀξιώσαντας
514 534 587 570 ὑμᾶς
601 534 668 571 (18),
682 536 746 568 τοὺς
767 536 820 562 τῶν

50 578 173 613 ἁμαρτιῶν
185 577 330 611 λύσαντας,
345 579 394 606 καὶ
413 579 464 614 τῆς
478 579 558 614 ἁγίας
572 581 619 607 καὶ
643 581 718 617 ἱερᾶς
739 581 821 617 εὐχα-

50 623 140 658 ριστίας
161 623 290 659 μετόχους
308 625 493 660 ποιήσαντας,
516 626 563 652 καὶ
583 626 634 661 τῆς
656 627 820 662 ἐπαγγελίας

49 669 87 696 τοῦ
106 669 167 697 Θεοῦ
186 671 332 702 κοινωνοὺς
358 671 406 697 καὶ
433 670 669 708 συγκληρονὸμους
691 672 820 708 θεμένους

50 716 123 750 inde;
144 715 254 748 τούτους
275 715 468 752 εὐλαϐούμενοι
493 718 590 752 τιμᾶτε
617 718 758 751 παντοίαις
780 727 820 746 τι-

125 758 193 788 οὖτοι
209 761 265 798 γὰρ
280 762 357 798 παρὰ
370 762 429 798 Θεῷ
443 762 516 798 ζωῆς
538 763 586 790 καὶ
608 763 724 791 Θανάτου
746 765 820 797 ἐξου-

51 808 99 834 σίαν
117 807 255 843 εἰλήφασιν
275 808 307 835 ιν
328 808 368 844 τῷ
389 808 511 840 δικάζειν
533 810 598 841 τοὺς
625 799 820 846 ἡμαρτηκότας

50 853 87 879 ui.
104 852 286 886 καταδικάζειν
309 855 350 886 εις
372 853 486 881 θάνατον
512 855 598 892 πυρὸς
621 856 748 888 αἰωνίου,
771 858 820 884 καὶ

50 899 107 925 λύειν
126 899 264 936 ἁμαρτιῶν
286 901 350 932 τοὺς
371 900 593 937 ἐπιστρέφοντας,
607 902 654 929 καὶ
675 902 817 937 ζωογονεῖν

51 953 138 977 ιντους.

290 992 426 1020 ΚΕΦΑΛΑ
430 992 488 1020 [ON
507 993 567 1020 AA'.

51 1036 166 1066 'Ottzdn'
178 1037 333 1074 ἀρχόντων
347 1038 570 1102 ἶῗιιὲῗὲωέων
583 1039 641 1070 εἰσί
665 1041 817 1077 κρείττους

351 1083 380 1102 οι
395 1083 492 1109 κρεις.

75 1118 178 1152 Τούτους
190 1120 324 1156 ἄρχοντας
338 1119 414 1156 ὑμῶν
428 1121 475 1147 καὶ
489 1120 608 1156 βασιλεῖς
622 1122 676 1159 (19)
691 1123 816 1159 ἡγεῖσθαι

49 1165 151 1199 νομίζετε
162 1165 227 1201 (20),
239 1166 287 1193 χαί
300 1166 420 1202 δασμοὺς
432 1167 471 1199 ὡς
484 1166 622 1202 βασιλεῦσι
635 1169 813 1205 προσφέρετε·

49 1209 71 1241 ἐξ
83 1210 149 1245 ὑμῶν
168 1210 221 1246 γὰρ
241 1211 341 1243 αὐτούς
361 1219 391 1238 τε
413 1212 461 1238 καὶ
478 1213 542 1245 τοὺς
566 1213 706 1246 συνοίκους
726 1215 816 1243 αὐτῶν

49 1256 172 1290 τρέφεσθαι
184 1257 247 1293 χρή.
265 1257 309 1289 Ὠς
322 1257 448 1294 Σαμουὴλ
460 1258 600 1291 διετάξατο
613 1260 681 1296 πρὸς
694 1260 739 1288 τὸν
752 1261 816 1289 λαὸν

49 1301 150 1336 περὶτοῦ
164 1301 304 1337 βασιλέως,
321 1303 350 1330 ὲν
364 1305 397 1339 τῇ
412 1303 509 1340 πρώτῃ
532 1304 585 1332 τῶν
596 1305 753 1340 Βασιλειῶν,
768 1309 816 1335 καὶ

49 1347 133 1383 Μωσῆς
143 1348 203 1384 περὶ
223 1348 279 1376 τῶν
294 1349 398 1385 ἱερέων,
413 1350 443 1376 ἐν
462 1350 502 1386 τῷ
516 1351 649 1388 Λευῖτικῷ
664 1353 729 1389 (21)·
744 1353 817 1382 οὕτω

50 1393 86 1419 ul
96 1394 167 1428 ἡμεῖς
187 1394 250 1430 ὑμῖν
266 1395 331 1430 περὶ
352 1395 406 1422 τῶν
428 1396 584 1424 ἐπισκόπων
605 1398 814 1435 διατασσόμεθα.

50 1438 130 1475 Ειγὰρ
151 1439 205 1468 ἐκεῖ
225 1441 328 1477 πλῆθος
352 1441 510 1477 τηλικούτου
525 1443 656 1479 βασιλέως
676 1445 815 1481 ἀναλόγως

49 1484 87 1516 τὶς
99 1486 238 1522 ὑπηρεσίας
254 1487 351 1520 ἐδίδου,
366 1488 441 1524 πόσῳ
465 1489 563 1525 μᾶλλον
585 1490 646 1526 οὐχὶ
669 1491 716 1518 καὶ
739 1492 788 1520 νῦν
800 1493 815 1520 6

50 1530 175 1565 ἱπῐσκοπος
194 1532 342 1570 λαμϐάνειν
355 1534 457 1569 ὀφείλει
479 1536 544 1572 παρ’
558 1535 634 1572 ὑμῶν
655 1536 691 1564 τὰ
711 1537 744 1565 ἐκ
766 1537 814 1565 τοῦ

871 258 1010 287 norandos
1034 259 1096 286 illos
1117 266 1150 286 ac
1172 258 1336 294 diligendus,
1360 262 1489 293 tanquam
1510 258 1657 292 beneﬁcos,

870 308 898 332 et
912 305 947 332 ad
968 304 1053 332 Deum
1075 305 1194 340 legatos;
1214 311 1263 332 eos
1286 304 1332 339 qui
1350 311 1399 339 per
1422 311 1521 340 aquam
1545 313 1658 340 regene-

871 354 968 378 rarunt
981 358 1040 383 vos,
1056 351 1103 386 qui
1127 349 1230 386 Spiritu
1247 350 1433 385 repleverunt,
1448 350 1497 386 qui
1519 351 1603 378 verbo
1620 351 1660 378 la-

871 401 991 428 etarum.
1002 397 1049 432 qui
1064 397 1091 423 in
1107 396 1233 424 doctrina
1254 396 1451 428 educaverunt,
1474 397 1521 432 qui
1544 398 1659 426 monitis

871 444 1055 475 stabilierunt,
1070 443 1116 478 qui
1135 449 1252 478 corpore
1272 443 1387 470 salutari
1408 447 1436 470 et
1452 443 1574 478 pretioso
1593 451 1658 471 san-

871 490 953 525 guine
969 496 1017 517 vos
1032 488 1135 524 dignati
1147 491 1222 521 sunt,
1236 489 1281 524 qui
1297 495 1312 515 a
1330 489 1452 524 peccatis
1466 489 1656 522 absolverunt.

871 540 898 564 et
928 539 1111 564 sacrosanctae
1138 534 1319 563 Eucharistize
1347 535 1471 563 fecerunt
1498 536 1657 571 participes,

871 582 971 617 quique
991 589 1040 609 v0s
1067 581 1259 617 promissionis
1281 580 1330 609 Dei
1354 585 1499 610 consortes
1514 589 1546 608 ac
1567 583 1657 610 cohae-

871 628 949 656 redes
970 627 1188 655 constituerunt?
1205 625 1261 654 Hos
1277 627 1410 660 venerati,
1431 627 1506 654 omni
1522 627 1657 655 honorum

870 681 969 708 genere
989 673 1205 708 prosequimini;
1224 673 1355 708 quoniam
1378 680 1394 700 a
1416 673 1471 701 Deo
1493 677 1657 708 potestatem

870 719 932 746 vitae
941 722 968 746 et
980 719 1055 746 necis
1070 722 1246 754 acceperunt,
1262 719 1289 746 in
1298 718 1454 754 iudicandis
1465 720 1657 754 peccatoribus

870 764 1139 799 condemnandisque
1162 764 1196 791 ad
1223 769 1338 792 mortem
1362 765 1457 792 alterni
1480 765 1562 800 ignis,
1579 769 1606 793 et
1628 766 1657 793 in

871 810 1043 839 absolvendis
1062 817 1078 837 a
1098 814 1213 846 peccato
1238 810 1293 838 illis
1311 810 1359 846 qui
1383 815 1592 844 convertuntur,
1608 812 1657 840 iis-

871 856 986 892 demque
997 857 1058 884 ritte
1068 856 1225 884 reddendis.

1130 989 1245 1017 CAPUT
1265 989 1373 1018 XXXIV
1380 1011 1388 1017 .

864 1033 945 1070 Quod
965 1019 1125 1072 principibus
1145 1043 1179 1064 ac
1192 1035 1295 1100 regiius:
1318 1036 1517 1073 prwslanliom
1540 1036 1594 1066 sint
1609 1045 1656 1067 ια-

1196 1081 1239 1100 cer
1259 1082 1273 1100 0
1286 1082 1323 1100 es.

1196 1081 1323 1101 ceraotes.

902 1116 958 1146 Hos
985 1117 1140 1154 principum
1164 1125 1197 1146 ac
1221 1127 1316 1155 regum
1344 1119 1406 1147 loco
1428 1119 1506 1147 vobis
1534 1127 1654 1156 praeesse

866 1164 1035 1199 existimate;
1048 1165 1091 1193 his
1106 1170 1237 1201 tanquam
1253 1166 1363 1201 regibus
1379 1166 1522 1201 vectigalia
1539 1166 1654 1200 offerte;

866 1218 930 1238 nam
945 1210 979 1239 de
991 1211 1073 1239 bonis
1086 1212 1187 1240 vestris
1207 1212 1261 1247 ipsi
1279 1219 1431 1247 eorumque
1452 1212 1597 1241 domestici
1617 1214 1655 1242 ali

866 1255 976 1284 debent.
998 1257 1077 1290 Quod
1093 1257 1119 1285 in
1135 1257 1293 1293 Regnorum
1311 1258 1401 1293 primo
1418 1258 1488 1286 libro
1503 1259 1526 1274 “
1542 1258 1656 1288 Samuel

866 1303 967 1338 populo
986 1303 1073 1331 edixit
1087 1303 1121 1332 de
1136 1312 1213 1340 rege;
1228 1304 1301 1340 quod
1317 1304 1343 1332 in
1359 1304 1482 1332 Levitico
1497 1304 1605 1342 Moyses
1619 1305 1655 1333 de

866 1349 1056 1378 sacerdotibus
1069 1359 1076 1377 :
1097 1349 1168 1378 idem
1183 1357 1234 1378 nos
1256 1350 1334 1378 vobis
1349 1351 1481 1379 edicimus
1495 1350 1530 1378 de
1544 1351 1655 1385 episco—

866 1395 920 1431 pis.
939 1392 1006 1423 Nam
1022 1396 1047 1424 si
1069 1396 1126 1425 illic
1148 1397 1266 1432 populus
1288 1397 1465 1432 proportione
1491 1397 1560 1425 tanti
1581 1397 1654 1433 regis

865 1441 1093 1470 subministrabat
1118 1442 1230 1474 tributa,
1252 1449 1344 1470 nonne
1365 1442 1450 1470 multo
1470 1442 1556 1478 magis
1580 1450 1656 1471 nunc

865 1487 946 1515 debet
960 1488 1105 1524 episcopus
1123 1495 1139 1515 a
1153 1488 1231 1516 vobis
1250 1488 1385 1524 accipere.
1413 1495 1475 1524 quae
1498 1488 1550 1523 ipsi
1564 1495 1580 1515 a
1599 1488 1655 1516 Deo

866 1534 1015 1562 constituta
1029 1538 1104 1567 sunt,
1121 1534 1154 1562 ad
1171 1534 1299 1563 alendum
1318 1542 1381 1562 eum
1396 1538 1423 1563 et
1437 1535 1554 1564 clericos
1569 1535 1655 1570 ejus!

49 1575 102 1603 8ίοῦ
117 1577 185 1613 αὑτῷ
204 1579 346 1616 ὡρισμένα
369 1579 437 1616 πρὸς
461 1580 608 1617 διατροφὴν
622 1582 705 1610 αὑτοῦ
718 1591 749 1610 τε
769 1584 817 1612 καὶ

875 1577 924 1607 [mo
939 1580 963 1608 si
979 1579 1043 1616 quid
1059 1580 1176 1616 amplius
1191 1580 1245 1608 dici
1262 1588 1312 1615 par
1326 1584 1379 1613 est,
1391 1580 1436 1608 hic
1448 1581 1510 1616 plus
1525 1581 1653 1617 accipiat.

50 1623 91 1648 τῶν
103 1625 144 1651 σὺν
156 1625 226 1662 αὐτῷ
241 1626 398 1662 κληρικῶν;
413 1627 445 1654 Et
457 1627 486 1655 δὲ
499 1627 539 1654 δεῖ
559 1628 607 1655 καί
620 1637 647 1657 τι
662 1628 817 1665 προσθεῖναι

50 1669 80 1703 τῷ
91 1669 161 1706 λόγῳ.
176 1671 265 1699 πλεῖον
277 1668 356 1704 οὗτος
377 1671 548 1708 λαμϐανέτω,
563 1673 579 1709 ἤ
595 1674 697 1706 ἐκεῖνος
718 1674 749 1701 τὸ
764 1683 817 1702 πα-

50 1713 117 1742 λαιόν·
130 1716 144 1742 ὸ
157 1717 203 1751 μὲν
225 1717 281 1754 γὰρ
304 1719 486 1754 στρατιωτικὰ
501 1719 568 1754 μόνα
589 1719 685 1751 διεῖπε,
701 1721 818 1757 πόλεμον

51 1762 88 1788 καὶ
105 1764 205 1800 εἰρήνην
218 1764 428 1800 ἀναδεδεγμένος
441 1766 480 1797 εἰς
494 1765 616 1801 φυλακὴν
640 1766 784 1801 σωμάτων,
803 1768 818 1794 6

49 1807 72 1834 δὲ
83 1809 123 1845 τὴν
135 1811 170 1843 είς
186 1811 250 1838 Θεὸν
268 1811 427 1847 ἱερωσύνην,
450 1811 530 1847 σῶμα
544 1812 591 1838 καὶ
612 1811 700 1848 ψυχὴν
719 1822 820 1849 παραι-

50 1854 158 1890 τούμενος
169 1857 306 1884 κινδύνων.
320 1857 394 1893 Ὂσῳ
406 1857 494 1884 τοίνυν
507 1857 579 1893 ψυχὴ
594 1857 719 1893 σώματος
732 1859 820 1895 κρείτ-

49 1907 92 1926 των
104 1901 162 1937 (22),
175 1902 293 1938 τοσούτῳ
317 1902 449 1938 ἱερωσύνη
464 1902 609 1937 βασιλείας
625 1904 749 1940 δεσμεύει
763 1905 817 1941 γὰρ

51 1945 105 1982 αὐτὴ
117 1948 158 1974 καὶ
170 1948 225 1975 λύει
241 1949 308 1980 τοὺς
329 1949 463 1984 τιμωρίας
478 1948 495 1984 ἢ
511 1949 633 1984 ἀφέσεως
654 1950 755 1982 ἀξίους.
771 1951 817 1978 Διὸ

51 1992 86 2018 τὸν
97 1994 230 2022 ἐπίσκοπον
251 1995 376 2032 στέργειν
389 1995 509 2031 ὀφείλετε
532 1996 571 2028 ὡς
592 1996 709 2032 πατέρα,
724 1997 815 2032 φοϐεῖ-

52 2037 100 2065 σθαι
118 2040 152 2072 ὡς
173 2041 294 2076 βασιλέα,
315 2042 398 2079 τιμᾷν
410 2042 449 2074 ὡς
477 2041 582 2078 κύριον,
604 2042 668 2074 τοὺς
691 2043 814 2078 καρποὺς

52 2084 112 2119 ὑμῶν
129 2087 172 2114 καὶ
196 2088 230 2115 τὰ
252 2088 322 2124 ἔργα
348 2088 403 2116 τῶν
425 2088 523 2124 χειρῶν
537 2087 614 2123 ὑμῶν
628 2088 668 2120 είς
689 2088 813 2123 εὐλογίαν

80 2165 98 2180 “
107 2165 166 2201 Cap.
188 2175 244 2195 VIII.

866 1633 949 1662 quam
964 1626 1029 1654 olim
1049 1626 1114 1654 ille:
1130 1625 1351 1662 quandoquidem
1373 1627 1418 1655 ille
1442 1626 1569 1654 militaria
1590 1631 1654 1654 tan-

866 1676 924 1699 tum
940 1671 1031 1700 obibat
1042 1672 1150 1706 munia;
1167 1672 1230 1700 belli
1245 1679 1277 1700 ac
1292 1672 1378 1708 pacis,
1393 1680 1442 1708 pro
1453 1673 1580 1701 custodia
1592 1680 1652 1700 cor-

867 1724 976 1752 porum,
994 1717 1113 1752 arbiter;
1129 1717 1174 1745 hic
1194 1725 1262 1745 vero
1286 1717 1334 1746 Dei
1358 1718 1543 1746 sacerdotium
1565 1718 1654 1745 admi-

867 1763 975 1795 nistrat,
999 1763 1185 1798 periculorum
1203 1764 1330 1798 corporis
1346 1771 1378 1791 ac
1402 1764 1500 1791 anima:
1520 1771 1652 1792 averrun-

868 1817 928 1837 cns.
950 1809 1057 1842 Quanto
1072 1810 1155 1845 igitur
1177 1809 1267 1837 anima
1291 1813 1403 1845 praistat
1424 1817 1550 1846 corpore,
1575 1814 1653 1837 tanto

867 1855 1049 1883 sacerdotium
1075 1862 1178 1890 regno;
1205 1855 1272 1890 ligat
1294 1857 1367 1883 enim
1391 1863 1423 1883 ac
1449 1856 1546 1888 solvit,
1566 1861 1650 1892 prout

867 1901 930 1936 quis
946 1908 1027 1936 poma
1045 1900 1087 1928 vel
1102 1901 1181 1928 venia
1198 1900 1298 1936 dignus
1313 1906 1365 1929 est.
1381 1901 1471 1934 Quare
1494 1902 1652 1937 episcopum

866 1947 979 1983 diligere
993 1951 1023 1974 ut
1036 1950 1142 1982 patrem
1161 1946 1279 1979 debetis,
1293 1947 1383 1974 vereri
1399 1951 1429 1974 ut
1444 1954 1547 1982 regem,
1565 1947 1653 1974 hono-

866 2001 927 2021 rare
940 1998 969 2020 ut
994 1991 1151 2026 dominum;
1175 1992 1314 2020 offerendo
1337 1993 1362 2020 ei
1387 1991 1414 2020 in
1434 1993 1650 2020 benedictionem

867 2044 985 2068 vestram
1008 2038 1114 2066 fructus
1128 2042 1236 2066 VESU'OS
1252 2043 1332 2075 atque
1346 2046 1477 2067 manuum
1495 2042 1651 2066 vestrarum

867 2095 963 2123 opera;
978 2085 1125 2114 tribuendo
1140 2084 1204 2121 ipsi,
1223 2088 1353 2121 tanquam
1373 2084 1420 2113 Dei
1436 2085 1583 2118 sacerdotiI
1604 2092 1652 2112 ve:-

682 2240 868 2269 VARIORUM
886 2241 1004 2270 NOTAE.

79 2300 127 2340 (l8)
146 2301 241 2340 ’ζμᾶςπ
257 2301 338 2330 Deest
353 2302 381 2329 in
396 2301 483 2330 altero
504 2300 567 2328 cod.
588 2307 639 2328 nec
658 2304 701 2328 est
715 2307 812 2329 neces~
826 2302 851 2332 ο
864 2299 993 2340 Eamdem
1006 2301 1151 2340 _rationem_
1164 2307 1217 2340 _cur_
1231 2297 1409 2340 sacerdotalis
1429 2300 1548 2340 dignitas
1570 2301 1652 2340 regia:

53 2337 145 2364 sarium.
163 2337 243 2365 Cum.

80 2370 126 2405 (l9)
142 2373 194 2399 Kal
211 2371 360 2405 βασιλεῖς.
376 2370 405 2398 In
426 2371 513 2398 altero
530 2370 612 2398 cod.:
628 2370 742 2405 ἡγεῖσθε
764 2371 812 2397 καὶ

55 2403 160 2442 βασιλεῖς,
172 2403 219 2434 xui
229 2403 360 2442 νομίζετε.
377 2405 500 2437 Rectius,
515 2410 546 2433 ut
561 2403 717 2442 conjecerat
729 2404 813 2432 Cote—

54 2439 246 2477 lerinsmyeisﬁe,
261 2439 310 2469 sed
333 2441 468 2476 glossema
487 2448 542 2477 non
567 2439 730 2477 crediderim
751 2447 813 2477 esse

54 2475 223 2511 ῃαὶνσμζίζετε,
240 2478 288 2505 sed
313 2475 518 2505 concionatoris
536 2475 650 2511 hujusce
673 2476 813 2511 personati

55 2509 213 2548 ρατωλογίας,
228 2512 324 2548 quales
338 2515 402 2539 sunt
420 2511 464 2548 hic
480 2509 648 2548 multae.__Qu_i
672 2509 736 2536 talia
753 2517 812 2548 cre-

55 2544 109 2582 dunt
117 2544 171 2574 esse
183 2544 377 2582 apostolorum,
387 2547 490 2582 regiam
503 2545 555 2582 sibi
570 2545 730 2582 dignitatem
741 2545 811 2582 cla_m

54 2580 220 2618 tribuentium,
235 2583 311 2618 gravi
330 2580 433 2618 injuria
450 2581 641 2618 sanctissimos
657 2580 732 2618 v_ir_os
751 2580 809 2606 alli-

55 2614 127 2648 ciunt,
138 2614 249 2651 quorum
261 2614 402 2644 humilitas
416 2619 490 2644 esset
504 2615 642 2651 simulata.
655 2614 679 2642 si
695 2614 751 2651 haec
765 2623 813 2651 eo-

56 2650 208 2686 mutassent.
221 2652 279 2680 Non
303 2656 450 2680 secernunt
470 2658 524 2678 aera
547 2650 661 2686 lupinis,
678 2650 727 2684 qui
747 2650 813 2677 talia

56 2685 211 2715 confundunt.
226 2686 262 2715 In.
550 2707 554 2711 ι

83 2719 294 2758 (ξολἮτιιῖσθαι
316 2720 457 2758 νομίζετε.
471 2721 513 2758 an
539 2720 688 2758 scripserat
709 2719 813 2758 solum-

55 2754 233 2792 ωοᾶόὴγιῗσθε
248 2766 255 2785 :
271 2760 299 2785 et
319 2754 442 2792 νομίζετε
457 2756 548 2792 glossa
568 2754 627 2783 est?
640 2754 741 2782 Favent
767 2754 812 2781 in—

55 2793 404 2887 Ϊζὲἱῖἓῖἓοᾷἷλευῑτικῷ.
417 2825 521 2854 Desunt
533 2833 562 2853 In
576 2825 663 2853 altero
673 2824 735 2853 cod.
746 2824 810 2853 Vin-

70 2862 230 2890 alienum.

85 2895 133 2932 {22)
150 2896 226 2930 ὀσῳ
251 2898 356 2924 τοίνυν
384 2896 469 2932 ψυχὴ
498 2895 632 2931 σώματος
660 2895 806 2930 κρείττων.

131 2943 256 2976 Pyram.
273 2946 331 2977 Gn.
349 2945 373 2976 l.

863 2335 986 2371 praeferri
997 2335 1105 2368 debeat,
1118 2335 1231 2362 adducit
1242 2344 1351 2371 quoque
1364 2337 1436 2363 inter
1447 2335 1516 2362 alias
1524 2335 1557 2371 β.
1567 2335 1652 2371 Chry-

864 2370 1002 2407 sostomus
1013 2375 1070 2398 tum
1083 2371 1158 2407 alibi,
1172 2374 1229 2407 tum
1243 2370 1377 2407 praecipue
1388 2371 1482 2407 homil.
1491 2371 1508 2397 4
1520 2370 1557 2407 De
1567 2370 1652 2407 uerbis

865 2404 964 2448 linire,
974 2406 1021 2446 lib.
1032 2413 1068 2448 ιιι
1080 2405 1118 2432 De
1125 2404 1290 2448 (ostentatio,
1307 2404 1367 2448 cap.
1381 2407 1406 2438 1,
1419 2411 1446 2433 ct
1460 2405 1555 2446 honiil.
1573 2405 1608 2432 15
1623 2405 1652 2445 in

864 2440 886 2467 Il
899 2439 932 2467 ad
944 2440 1113 2468 Corinthios.
1124 2440 1194 2467 Cum
1204 2448 1259 2475 quo
1270 2445 1324 2468 tam
1338 2439 1364 2468 in
1376 2449 1415 2474 re,
1426 2448 1507 2475 quam
1519 2440 1546 2467 in
1558 2441 1651 2467 causis

864 2477 903 2503 rei
917 2475 1092 2503 consentiunt
1106 2476 1186 2510 vulgo
1201 2474 1289 2503 sancti
1310 2476 1414 2504 Patres.
1434 2474 1562 2510 Quinimo
1578 2474 1652 2509 apud

864 2510 1005 2547 Philonem
1024 2508 1166 2542 Judaeum:
1189 2511 1260 2538 libro
1275 2511 1313 2538 De
1331 2511 1463 2547 legatione
1483 2510 1516 2536 ad
1541 2508 1649 2541 Caium.

902 2545 1042 2587 ntitleatuhs
1052 2550 1134 2587 _tant_o
1149 2553 1232 2587 supra
1246 2545 1362 2587 regnum
1373 2546 1522 2587 extollitur,
1541 2549 1647 2587 quanto

887 2588 936 2608 eus
953 2585 980 2608 et
1003 2580 1095 2609 divina
1113 2580 1321 2608 hominibus‘et
1349 2581 1476 2608 humanis
1500 2580 1648 2608 excellunt.

865 2615 943 2643 Unde
965 2615 1068 2650 iniusta
1084 2615 1171 2643 fertur
1185 2623 1201 2642 a
1216 2615 1359 2643 Theodoro
1374 2616 1535 2643 Balsamone
1554 2615 1587 2642 ad
1602 2623 1650 2642 ca-

863 2658 964 2679 nonem
981 2650 996 2678 7
1022 2649 1181 2678 Trullanum
1197 2658 1312 2678 censura
1328 2652 1355 2678 in
1373 2658 1432 2684 eos,
1453 2651 1500 2686 qui
1516 2650 1646 2686 ecclesia-

864 2686 948 2714 sticas
972 2686 1119 2721 dignitates
1147 2686 1333 2720 imperatoriis
1357 2684 1535 2720 anteponunt.
1561 2684 1643 2711 δοιοί

863 2728 963 2748 menus
974 2721 1044 2748 libro
1055 2728 1076 2747 ιι
1088 2724 1220 2752 extremo.
1233 2728 1348 2749 narrans
1362 2721 1395 2748 de
1411 2721 1606 2752 imperatorum
1620 2726 1644 2748 α

862 2756 1021 2788 pontiﬁcum
1035 2756 1174 2791 sepultura
1194 2755 1222 2782 in
1236 2756 1330 2784 eadem
1345 2756 1536 2791 apostolorum
1551 2754 1647 2791 Eccle-

947 2788 1126 2833 ὀςλιξιι
1151 2790 1302 2833 suam.
1320 2788 1499 2833 ιμδτεμουπῆ
1525 2788 1647 2833 aesaes

860 2825 957 2861 οὔσης,
974 2825 1073 2861 μᾶλλον
1088 2822 1136 2861 μὲν
1150 2822 1196 2852 οὖν
1218 2826 1247 2852 ὲν
1261 2822 1317 2858 τοῖς
1332 2822 1414 2861 ἱεροῖς
1436 2822 1531 2856 τόποις
1550 2822 1595 2850 καὶ
1612 2822 1647 2852 τό

862 2861 958 2897 πρῶτα
973 2860 1098 2897 ἐχούσης.
1115 2860 1182 2889 C01.

1384 2940 1423 2970 92
