  <div class='ocr_page' id='page_1' title='image "/cluster/home/n/w/nwhite01/storage/ocr_20150623/1/njp.32101077772331/441.png"; bbox 0 0 1893 3109; ppageno 0'>
   <div class='ocr_carea' id='block_1_1' title="bbox 221 141 273 169">
    <p class='ocr_par' dir='ltr' id='par_1_1' title="bbox 221 141 273 169">
     <span class='ocr_line' id='line_1_1' title="bbox 221 141 273 169; baseline 0.019 -1"><span class='ocrx_word' id='word_1_1' title='bbox 221 141 273 169; x_wconf 75' lang='grc'><strong>70⁸1</strong></span> 
     </span>
    </p>
   </div>
   <div class='ocr_carea' id='block_1_2' title="bbox 641 139 1396 171">
    <p class='ocr_par' dir='ltr' id='par_1_2' title="bbox 641 139 1396 171">
     <span class='ocr_line' id='line_1_2' title="bbox 641 139 1396 171; baseline 0.004 -4"><span class='ocrx_word' id='word_1_2' title='bbox 641 139 670 168; x_wconf 90' lang='lat' dir='ltr'><strong>S.</strong></span> <span class='ocrx_word' id='word_1_3' title='bbox 687 140 884 170; x_wconf 75' lang='lat' dir='ltr'><strong>CLEMENTIS</strong></span> <span class='ocrx_word' id='word_1_4' title='bbox 900 143 910 171; x_wconf 96' lang='lat' dir='ltr'>I</span> <span class='ocrx_word' id='word_1_5' title='bbox 927 142 1010 171; x_wconf 77' lang='lat' dir='ltr'><strong>ROM.</strong></span> <span class='ocrx_word' id='word_1_6' title='bbox 1030 142 1132 171; x_wconf 81' lang='grc' dir='ltr'><strong>ΡΟΝΤ.</strong></span> <span class='ocrx_word' id='word_1_7' title='bbox 1152 142 1265 170; x_wconf 74' lang='lat' dir='ltr'><strong>OPERA</strong></span> <span class='ocrx_word' id='word_1_8' title='bbox 1283 142 1396 171; x_wconf 84' lang='lat' dir='ltr'><strong>DUBlA.</strong></span> 
     </span>
    </p>
   </div>
   <div class='ocr_carea' id='block_1_3' title="bbox 1804 145 1852 174">
    <p class='ocr_par' dir='ltr' id='par_1_3' title="bbox 1804 145 1852 174">
     <span class='ocr_line' id='line_1_3' title="bbox 1804 145 1852 174; baseline 0 0"><span class='ocrx_word' id='word_1_9' title='bbox 1804 145 1852 174; x_wconf 76' lang='grc' dir='ltr'>τω</span> 
     </span>
    </p>
   </div>
   <div class='ocr_carea' id='block_1_4' title="bbox 218 187 1015 237">
    <p class='ocr_par' dir='ltr' id='par_1_4' title="bbox 218 197 1003 235">
     <span class='ocr_line' id='line_1_4' title="bbox 218 197 1003 235; baseline 0 -8"><span class='ocrx_word' id='word_1_10' title='bbox 218 200 304 232; x_wconf 84' lang='lat' dir='ltr'><strong>mitis.</strong></span> <span class='ocrx_word' id='word_1_11' title='bbox 319 204 477 232; x_wconf 73' lang='lat' dir='ltr'><strong>contumax,</strong></span> <span class='ocrx_word' id='word_1_12' title='bbox 497 197 638 226; x_wconf 75' lang='lat' dir='ltr'><strong>fraudator</strong></span> <span class='ocrx_word' id='word_1_13' title='bbox 655 206 662 224; x_wconf 89' lang='lat'>:</span> <span class='ocrx_word' id='word_1_14' title='bbox 682 198 728 226; x_wconf 90' lang='lat' dir='ltr'><strong>hic</strong></span> <span class='ocrx_word' id='word_1_15' title='bbox 743 199 825 234; x_wconf 90' lang='lat' dir='ltr'><strong>igitur</strong></span> <span class='ocrx_word' id='word_1_16' title='bbox 836 199 944 234; x_wconf 76' lang='lat' dir='ltr'><strong>agnitus</strong></span> <span class='ocrx_word' id='word_1_17' title='bbox 957 208 1003 235; x_wconf 93' lang='lat' dir='ltr'><strong>pu-</strong></span> 
     </span>
    </p>
   </div>
   <div class='ocr_carea' id='block_1_5' title="bbox 1075 187 1890 237">
    <p class='ocr_par' dir='ltr' id='par_1_5' title="bbox 1075 187 1890 237">
     <span class='ocr_line' id='line_1_5' title="bbox 1075 187 1890 237; baseline 0.002 -11"><span class='ocrx_word' id='word_1_18' title='bbox 1075 200 1117 232; x_wconf 87' lang='grc' dir='ltr'><strong>ίας</strong></span> <span class='ocrx_word' id='word_1_19' title='bbox 1129 200 1251 226; x_wconf 82' lang='grc' dir='ltr'>τιννὺτω·</span> <span class='ocrx_word' id='word_1_20' title='bbox 1276 197 1335 226; x_wconf 82' lang='grc' dir='ltr'>εἶτα</span> <span class='ocrx_word' id='word_1_21' title='bbox 1351 200 1566 236; x_wconf 80' lang='grc' dir='ltr'><strong>μεταμελόμενος</strong></span> <span class='ocrx_word' id='word_1_22' title='bbox 1580 201 1852 237; x_wconf 70' lang='grc' dir='ltr'>προσλαμδανέσοω·</span> <span class='ocrx_word' id='word_1_23' title='bbox 1889 187 1890 197; x_wconf 31' lang='grc' dir='ltr'><strong>ί</strong></span> 
     </span>
    </p>
   </div>
   <div class='ocr_carea' id='block_1_6' title="bbox 219 244 1000 281">
    <p class='ocr_par' dir='ltr' id='par_1_6' title="bbox 219 244 1000 281">
     <span class='ocr_line' id='line_1_6' title="bbox 219 244 1000 281; baseline -0.001 -8"><span class='ocrx_word' id='word_1_24' title='bbox 219 247 322 278; x_wconf 68' lang='lat' dir='ltr'><strong>nititur,</strong></span> <span class='ocrx_word' id='word_1_25' title='bbox 335 249 362 273; x_wconf 90' lang='lat' dir='ltr'><strong>et</strong></span> <span class='ocrx_word' id='word_1_26' title='bbox 377 249 544 281; x_wconf 81' lang='lat' dir='ltr'><strong>segregetur,</strong></span> <span class='ocrx_word' id='word_1_27' title='bbox 566 248 593 272; x_wconf 81' lang='lat' dir='ltr'><strong>et</strong></span> <span class='ocrx_word' id='word_1_28' title='bbox 609 251 705 279; x_wconf 62' lang='lat' dir='ltr'><strong>poenas</strong></span> <span class='ocrx_word' id='word_1_29' title='bbox 724 244 838 272; x_wconf 77' lang='lat' dir='ltr'><strong>fraterni</strong></span> <span class='ocrx_word' id='word_1_30' title='bbox 851 245 906 272; x_wconf 90' lang='lat' dir='ltr'><strong>odii</strong></span> <span class='ocrx_word' id='word_1_31' title='bbox 922 245 978 272; x_wconf 89' lang='lat' dir='ltr'><strong>luat</strong></span> <span class='ocrx_word' id='word_1_32' title='bbox 992 254 1000 272; x_wconf 90' lang='lat'><strong>:</strong></span> 
     </span>
    </p>
   </div>
   <div class='ocr_carea' id='block_1_7' title="bbox 218 291 1004 327">
    <p class='ocr_par' dir='ltr' id='par_1_7' title="bbox 218 291 1004 327">
     <span class='ocr_line' id='line_1_7' title="bbox 218 291 1004 327; baseline -0.001 -7"><span class='ocrx_word' id='word_1_33' title='bbox 218 293 282 320; x_wconf 87' lang='lat' dir='ltr'><strong>dein</strong></span> <span class='ocrx_word' id='word_1_34' title='bbox 301 299 363 319; x_wconf 95' lang='lat' dir='ltr'><strong>cum</strong></span> <span class='ocrx_word' id='word_1_35' title='bbox 386 291 556 327; x_wconf 85' lang='lat' dir='ltr'><strong>propositum</strong></span> <span class='ocrx_word' id='word_1_36' title='bbox 571 291 734 323; x_wconf 86' lang='lat' dir='ltr'><strong>mutaverit,</strong></span> <span class='ocrx_word' id='word_1_37' title='bbox 749 294 905 318; x_wconf 80' lang='lat' dir='ltr'><strong>assumatur</strong></span> <span class='ocrx_word' id='word_1_38' title='bbox 917 292 944 318; x_wconf 92' lang='lat' dir='ltr'><strong>in</strong></span> <span class='ocrx_word' id='word_1_39' title='bbox 959 299 1004 319; x_wconf 82' lang='lat' dir='ltr'><strong>so-</strong></span> 
     </span>
    </p>
   </div>
   <div class='ocr_carea' id='block_1_8' title="bbox 219 336 1004 372">
    <p class='ocr_par' dir='ltr' id='par_1_8' title="bbox 219 336 1004 372">
     <span class='ocr_line' id='line_1_8' title="bbox 219 336 1004 372; baseline -0.003 -6"><span class='ocrx_word' id='word_1_40' title='bbox 219 339 344 366; x_wconf 84' lang='lat' dir='ltr'><strong>cietatem</strong></span> <span class='ocrx_word' id='word_1_41' title='bbox 356 344 365 364; x_wconf 89' lang='lat'><strong>:</strong></span> <span class='ocrx_word' id='word_1_42' title='bbox 377 341 458 372; x_wconf 86' lang='lat' dir='ltr'><strong>atque</strong></span> <span class='ocrx_word' id='word_1_43' title='bbox 468 337 506 364; x_wconf 87' lang='lat' dir='ltr'><strong>ita</strong></span> <span class='ocrx_word' id='word_1_44' title='bbox 521 337 656 372; x_wconf 82' lang='lat' dir='ltr'><strong>castigati.</strong></span> <span class='ocrx_word' id='word_1_45' title='bbox 673 336 821 363; x_wconf 80' lang='lat' dir='ltr'><strong>tribunalia</strong></span> <span class='ocrx_word' id='word_1_46' title='bbox 832 340 924 364; x_wconf 79' lang='lat' dir='ltr'><strong>vestra</strong></span> <span class='ocrx_word' id='word_1_47' title='bbox 936 337 1004 369; x_wconf 76' lang='lat' dir='ltr'><strong>alle—</strong></span> 
     </span>
    </p>
   </div>
   <div class='ocr_carea' id='block_1_9' title="bbox 217 382 1003 418">
    <p class='ocr_par' dir='ltr' id='par_1_9' title="bbox 217 382 1003 418">
     <span class='ocr_line' id='line_1_9' title="bbox 217 382 1003 418; baseline 0 -7"><span class='ocrx_word' id='word_1_48' title='bbox 217 384 363 411; x_wconf 87' lang='lat' dir='ltr'><strong>vabuntac</strong></span> <span class='ocrx_word' id='word_1_49' title='bbox 385 383 568 418; x_wconf 80' lang='lat' dir='ltr'><strong>infrequentia</strong></span> <span class='ocrx_word' id='word_1_50' title='bbox 589 382 714 410; x_wconf 85' lang='lat' dir='ltr'><strong>ellicient.</strong></span> <span class='ocrx_word' id='word_1_51' title='bbox 736 382 850 417; x_wconf 90' lang='lat' dir='ltr'><strong>Oportet</strong></span> <span class='ocrx_word' id='word_1_52' title='bbox 872 387 961 411; x_wconf 87' lang='lat' dir='ltr'><strong>autem</strong></span> <span class='ocrx_word' id='word_1_53' title='bbox 975 387 1003 412; x_wconf 91' lang='lat' dir='ltr'><strong>et</strong></span> 
     </span>
    </p>
   </div>
   <div class='ocr_carea' id='block_1_10' title="bbox 218 428 1002 464">
    <p class='ocr_par' dir='ltr' id='par_1_10' title="bbox 218 428 1002 464">
     <span class='ocr_line' id='line_1_10' title="bbox 218 428 1002 464; baseline 0.001 -8"><span class='ocrx_word' id='word_1_54' title='bbox 218 434 314 457; x_wconf 90' lang='lat' dir='ltr'><strong>mutuo</strong></span> <span class='ocrx_word' id='word_1_55' title='bbox 327 429 441 463; x_wconf 81' lang='lat' dir='ltr'><strong>injurias</strong></span> <span class='ocrx_word' id='word_1_56' title='bbox 453 429 622 461; x_wconf 87' lang='lat' dir='ltr'><strong>condonare;</strong></span> <span class='ocrx_word' id='word_1_57' title='bbox 637 436 693 456; x_wconf 89' lang='lat' dir='ltr'><strong>non</strong></span> <span class='ocrx_word' id='word_1_58' title='bbox 707 428 818 464; x_wconf 85' lang='lat' dir='ltr'><strong>quidem</strong></span> <span class='ocrx_word' id='word_1_59' title='bbox 826 428 944 464; x_wconf 85' lang='lat' dir='ltr'><strong>judices,</strong></span> <span class='ocrx_word' id='word_1_60' title='bbox 954 430 1002 457; x_wconf 86' lang='lat' dir='ltr'><strong>sed</strong></span> 
     </span>
    </p>
   </div>
   <div class='ocr_carea' id='block_1_11' title="bbox 216 474 1000 510">
    <p class='ocr_par' dir='ltr' id='par_1_11' title="bbox 216 474 1000 510">
     <span class='ocr_line' id='line_1_11' title="bbox 216 474 1000 510; baseline -0.001 -7"><span class='ocrx_word' id='word_1_61' title='bbox 216 484 265 504; x_wconf 87' lang='lat' dir='ltr'><strong>eos</strong></span> <span class='ocrx_word' id='word_1_62' title='bbox 276 476 323 510; x_wconf 91' lang='lat' dir='ltr'><strong>qui</strong></span> <span class='ocrx_word' id='word_1_63' title='bbox 341 476 495 503; x_wconf 82' lang='lat' dir='ltr'><strong>simultates</strong></span> <span class='ocrx_word' id='word_1_64' title='bbox 518 475 637 507; x_wconf 90' lang='lat' dir='ltr'><strong>habent;</strong></span> <span class='ocrx_word' id='word_1_65' title='bbox 656 474 886 510; x_wconf 84' lang='lat' dir='ltr'><strong>quemadmodum</strong></span> <span class='ocrx_word' id='word_1_66' title='bbox 905 475 1000 503; x_wconf 91' lang='lat' dir='ltr'><strong>Domi-</strong></span> 
     </span>
    </p>
   </div>
   <div class='ocr_carea' id='block_1_12' title="bbox 218 520 1001 556">
    <p class='ocr_par' dir='ltr' id='par_1_12' title="bbox 218 520 1001 556">
     <span class='ocr_line' id='line_1_12' title="bbox 218 520 1001 556; baseline 0 -8"><span class='ocrx_word' id='word_1_67' title='bbox 218 529 271 548; x_wconf 87' lang='lat' dir='ltr'><strong>nus</strong></span> <span class='ocrx_word' id='word_1_68' title='bbox 297 521 498 556; x_wconf 83' lang='lat' dir='ltr'><strong>pronuntiavit,</strong></span> <span class='ocrx_word' id='word_1_69' title='bbox 521 528 582 548; x_wconf 91' lang='lat' dir='ltr'><strong>cum</strong></span> <span class='ocrx_word' id='word_1_70' title='bbox 603 528 652 556; x_wconf 83' lang='lat' dir='ltr'><strong>ego</strong></span> <span class='ocrx_word' id='word_1_71' title='bbox 678 520 775 548; x_wconf 79' lang='lat' dir='ltr'><strong>Petrus</strong></span> <span class='ocrx_word' id='word_1_72' title='bbox 805 521 1001 556; x_wconf 75' lang='lat' dir='ltr'><strong>interrogarem</strong></span> 
     </span>
    </p>
   </div>
   <div class='ocr_carea' id='block_1_13' title="bbox 217 566 1002 602">
    <p class='ocr_par' dir='ltr' id='par_1_13' title="bbox 217 566 1002 602">
     <span class='ocr_line' id='line_1_13' title="bbox 217 566 1002 602; baseline -0.001 -7"><span class='ocrx_word' id='word_1_73' title='bbox 217 575 278 595; x_wconf 88' lang='lat' dir='ltr'><strong>eum</strong></span> <span class='ocrx_word' id='word_1_74' title='bbox 295 577 302 595; x_wconf 90' lang='lat'><strong>:</strong></span> <span class='ocrx_word' id='word_1_75' title='bbox 320 577 329 593; x_wconf 85' lang='grc'><strong>‹</strong></span> <span class='ocrx_word' id='word_1_76' title='bbox 347 568 461 600; x_wconf 78' lang='lat' dir='ltr'><strong>Quoties</strong></span> <span class='ocrx_word' id='word_1_77' title='bbox 481 567 605 602; x_wconf 84' lang='lat' dir='ltr'><strong>peccabit</strong></span> <span class='ocrx_word' id='word_1_78' title='bbox 620 568 647 594; x_wconf 84' lang='lat' dir='ltr'><strong>in</strong></span> <span class='ocrx_word' id='word_1_79' title='bbox 663 575 706 595; x_wconf 89' lang='lat' dir='ltr'><strong>me</strong></span> <span class='ocrx_word' id='word_1_80' title='bbox 724 566 807 594; x_wconf 81' lang='lat' dir='ltr'><strong>frater</strong></span> <span class='ocrx_word' id='word_1_81' title='bbox 819 574 906 599; x_wconf 89' lang='lat' dir='ltr'><strong>meus,</strong></span> <span class='ocrx_word' id='word_1_82' title='bbox 918 571 945 595; x_wconf 88' lang='lat' dir='ltr'><strong>et</strong></span> <span class='ocrx_word' id='word_1_83' title='bbox 961 568 1002 594; x_wconf 90' lang='lat' dir='ltr'><strong>di-</strong></span> 
     </span>
    </p>
   </div>
   <div class='ocr_carea' id='block_1_14' title="bbox 217 612 1002 648">
    <p class='ocr_par' dir='ltr' id='par_1_14' title="bbox 217 612 1002 648">
     <span class='ocr_line' id='line_1_14' title="bbox 217 612 1002 648; baseline 0.001 -8"><span class='ocrx_word' id='word_1_84' title='bbox 217 614 323 640; x_wconf 84' lang='lat' dir='ltr'><strong>mittam</strong></span> <span class='ocrx_word' id='word_1_85' title='bbox 338 613 385 640; x_wconf 84' lang='lat' dir='ltr'><strong>ei?</strong></span> <span class='ocrx_word' id='word_1_86' title='bbox 405 621 492 648; x_wconf 88' lang='lat' dir='ltr'><strong>usque</strong></span> <span class='ocrx_word' id='word_1_87' title='bbox 512 612 631 648; x_wconf 87' lang='lat' dir='ltr'><strong>septies?</strong></span> <span class='ocrx_word' id='word_1_88' title='bbox 645 622 654 638; x_wconf 77' lang='lat'>|</span> <span class='ocrx_word' id='word_1_89' title='bbox 677 617 705 640; x_wconf 87' lang='lat' dir='ltr'><strong>et</strong></span> <span class='ocrx_word' id='word_1_90' title='bbox 724 612 886 647; x_wconf 83' lang='lat' dir='ltr'><strong>respondit:</strong></span> <span class='ocrx_word' id='word_1_91' title='bbox 914 622 924 638; x_wconf 73' lang='grc' dir='ltr'><strong>ι</strong></span> <span class='ocrx_word' id='word_1_92' title='bbox 942 612 1002 641; x_wconf 87' lang='lat' dir='ltr'><strong>Non</strong></span> 
     </span>
    </p>
   </div>
   <div class='ocr_carea' id='block_1_15' title="bbox 217 658 1003 694">
    <p class='ocr_par' dir='ltr' id='par_1_15' title="bbox 217 658 1003 694">
     <span class='ocr_line' id='line_1_15' title="bbox 217 658 1003 694; baseline 0.003 -9"><span class='ocrx_word' id='word_1_93' title='bbox 217 658 280 685; x_wconf 88' lang='lat' dir='ltr'><strong>dico</strong></span> <span class='ocrx_word' id='word_1_94' title='bbox 291 658 350 690; x_wconf 87' lang='lat' dir='ltr'><strong>tibi,</strong></span> <span class='ocrx_word' id='word_1_95' title='bbox 367 666 454 693; x_wconf 89' lang='lat' dir='ltr'><strong>usque</strong></span> <span class='ocrx_word' id='word_1_96' title='bbox 468 659 579 694; x_wconf 85' lang='lat' dir='ltr'><strong>septies,</strong></span> <span class='ocrx_word' id='word_1_97' title='bbox 595 658 642 686; x_wconf 89' lang='lat' dir='ltr'><strong>sed</strong></span> <span class='ocrx_word' id='word_1_98' title='bbox 657 666 744 694; x_wconf 87' lang='lat' dir='ltr'><strong>usque</strong></span> <span class='ocrx_word' id='word_1_99' title='bbox 757 659 943 694; x_wconf 81' lang='lat' dir='ltr'><strong>septuagesies</strong></span> <span class='ocrx_word' id='word_1_100' title='bbox 959 667 1003 687; x_wconf 84' lang='lat' dir='ltr'><strong>se-</strong></span> 
     </span>
    </p>
   </div>
   <div class='ocr_carea' id='block_1_16' title="bbox 217 703 1003 740">
    <p class='ocr_par' dir='ltr' id='par_1_16' title="bbox 217 703 1003 740">
     <span class='ocr_line' id='line_1_16' title="bbox 217 703 1003 740; baseline 0.001 -9"><span class='ocrx_word' id='word_1_101' title='bbox 217 705 286 740; x_wconf 84' lang='lat' dir='ltr'><strong>pties</strong></span> <span class='ocrx_word' id='word_1_102' title='bbox 294 705 327 733; x_wconf 83' lang='grc'><strong>⁸⁹.</strong></span> <span class='ocrx_word' id='word_1_103' title='bbox 335 714 343 730; x_wconf 77' lang='grc' dir='ltr'><strong>ι</strong></span> <span class='ocrx_word' id='word_1_104' title='bbox 359 703 404 731; x_wconf 90' lang='lat' dir='ltr'><strong>Sic</strong></span> <span class='ocrx_word' id='word_1_105' title='bbox 412 704 484 731; x_wconf 88' lang='lat' dir='ltr'><strong>enim</strong></span> <span class='ocrx_word' id='word_1_106' title='bbox 493 705 547 732; x_wconf 86' lang='lat' dir='ltr'><strong>vult</strong></span> <span class='ocrx_word' id='word_1_107' title='bbox 556 704 686 732; x_wconf 82' lang='lat' dir='ltr'><strong>Dominus</strong></span> <span class='ocrx_word' id='word_1_108' title='bbox 701 713 762 732; x_wconf 85' lang='lat' dir='ltr'><strong>vere</strong></span> <span class='ocrx_word' id='word_1_109' title='bbox 775 713 835 733; x_wconf 76' lang='lat' dir='ltr'><strong>esse</strong></span> <span class='ocrx_word' id='word_1_110' title='bbox 845 712 909 732; x_wconf 81' lang='lat' dir='ltr'><strong>suos</strong></span> <span class='ocrx_word' id='word_1_111' title='bbox 919 705 1003 733; x_wconf 84' lang='lat' dir='ltr'><strong>disci-</strong></span> 
     </span>
    </p>
   </div>
   <div class='ocr_carea' id='block_1_17' title="bbox 217 750 1000 787">
    <p class='ocr_par' dir='ltr' id='par_1_17' title="bbox 217 750 1000 787">
     <span class='ocr_line' id='line_1_17' title="bbox 217 750 1000 787; baseline -0.001 -9"><span class='ocrx_word' id='word_1_112' title='bbox 217 752 305 787; x_wconf 87' lang='lat' dir='ltr'><strong>pulos,</strong></span> <span class='ocrx_word' id='word_1_113' title='bbox 319 751 440 786; x_wconf 89' lang='lat' dir='ltr'><strong>nihilque</strong></span> <span class='ocrx_word' id='word_1_114' title='bbox 451 751 511 778; x_wconf 88' lang='lat' dir='ltr'><strong>illos</strong></span> <span class='ocrx_word' id='word_1_115' title='bbox 523 755 619 777; x_wconf 89' lang='lat' dir='ltr'><strong>contra</strong></span> <span class='ocrx_word' id='word_1_116' title='bbox 632 750 748 786; x_wconf 90' lang='lat' dir='ltr'><strong>aliquem</strong></span> <span class='ocrx_word' id='word_1_117' title='bbox 762 751 862 778; x_wconf 87' lang='lat' dir='ltr'><strong>habere</strong></span> <span class='ocrx_word' id='word_1_118' title='bbox 869 759 1000 786; x_wconf 89' lang='lat' dir='ltr'><strong>unquam,</strong></span> 
     </span>
    </p>
   </div>
   <div class='ocr_carea' id='block_1_18' title="bbox 215 796 1002 832">
    <p class='ocr_par' dir='ltr' id='par_1_18' title="bbox 215 796 1002 832">
     <span class='ocr_line' id='line_1_18' title="bbox 215 796 1002 832; baseline 0 -8"><span class='ocrx_word' id='word_1_119' title='bbox 215 797 332 832; x_wconf 74' lang='lat' dir='ltr'><strong>exempli</strong></span> <span class='ocrx_word' id='word_1_120' title='bbox 358 797 465 832; x_wconf 76' lang='lat' dir='ltr'><strong>gratia,</strong></span> <span class='ocrx_word' id='word_1_121' title='bbox 485 796 554 823; x_wconf 88' lang='lat' dir='ltr'><strong>iram</strong></span> <span class='ocrx_word' id='word_1_122' title='bbox 577 797 793 828; x_wconf 88' lang='lat' dir='ltr'><strong>immoderatam,</strong></span> <span class='ocrx_word' id='word_1_123' title='bbox 810 801 857 824; x_wconf 91' lang='lat' dir='ltr'><strong>aut</strong></span> <span class='ocrx_word' id='word_1_124' title='bbox 881 796 1002 824; x_wconf 81' lang='lat' dir='ltr'><strong>furorem</strong></span> 
     </span>
    </p>
   </div>
   <div class='ocr_carea' id='block_1_19' title="bbox 216 842 1001 877">
    <p class='ocr_par' dir='ltr' id='par_1_19' title="bbox 216 842 1001 877">
     <span class='ocr_line' id='line_1_19' title="bbox 216 842 1001 877; baseline -0.001 -7"><span class='ocrx_word' id='word_1_125' title='bbox 216 843 372 876; x_wconf 83' lang='lat' dir='ltr'><strong>immanem,</strong></span> <span class='ocrx_word' id='word_1_126' title='bbox 381 847 429 870; x_wconf 89' lang='lat' dir='ltr'><strong>aut</strong></span> <span class='ocrx_word' id='word_1_127' title='bbox 439 843 614 877; x_wconf 88' lang='lat' dir='ltr'><strong>cupiditatem</strong></span> <span class='ocrx_word' id='word_1_128' title='bbox 626 842 758 877; x_wconf 88' lang='lat' dir='ltr'><strong>iniquam,</strong></span> <span class='ocrx_word' id='word_1_129' title='bbox 769 845 816 869; x_wconf 87' lang='lat' dir='ltr'><strong>aut</strong></span> <span class='ocrx_word' id='word_1_130' title='bbox 825 842 918 870; x_wconf 90' lang='lat' dir='ltr'><strong>odium</strong></span> <span class='ocrx_word' id='word_1_131' title='bbox 933 842 1001 870; x_wconf 90' lang='lat' dir='ltr'><strong>irre-</strong></span> 
     </span>
    </p>
   </div>
   <div class='ocr_carea' id='block_1_20' title="bbox 1053 245 1854 283">
    <p class='ocr_par' dir='ltr' id='par_1_20' title="bbox 1053 245 1854 283">
     <span class='ocr_line' id='line_1_20' title="bbox 1053 245 1854 283; baseline 0.006 -12"><span class='ocrx_word' id='word_1_132' title='bbox 1053 246 1100 272; x_wconf 80' lang='grc' dir='ltr'>καὶ</span> <span class='ocrx_word' id='word_1_133' title='bbox 1119 245 1190 272; x_wconf 84' lang='grc' dir='ltr'>οὕτω</span> <span class='ocrx_word' id='word_1_134' title='bbox 1214 245 1451 281; x_wconf 66' lang='grc' dir='ltr'><strong>σωφρονιζόμεναι,</strong></span> <span class='ocrx_word' id='word_1_135' title='bbox 1473 247 1701 282; x_wconf 80' lang='grc' dir='ltr'>ὲπικουφίσουσιν</span> <span class='ocrx_word' id='word_1_136' title='bbox 1726 248 1796 283; x_wconf 78' lang='grc' dir='ltr'>ὑμῖν</span> <span class='ocrx_word' id='word_1_137' title='bbox 1820 250 1854 276; x_wconf 69' lang='grc' dir='ltr'>τά</span> 
     </span>
    </p>
   </div>
   <div class='ocr_carea' id='block_1_21' title="bbox 1053 291 1854 328">
    <p class='ocr_par' dir='ltr' id='par_1_21' title="bbox 1053 291 1854 328">
     <span class='ocr_line' id='line_1_21' title="bbox 1053 291 1854 328; baseline 0.005 -11"><span class='ocrx_word' id='word_1_138' title='bbox 1053 292 1193 327; x_wconf 82' lang='grc' dir='ltr'>κριτήρια.</span> <span class='ocrx_word' id='word_1_139' title='bbox 1209 291 1269 327; x_wconf 85' lang='grc' dir='ltr'><strong>Χρὴ</strong></span> <span class='ocrx_word' id='word_1_140' title='bbox 1285 291 1314 318; x_wconf 79' lang='grc' dir='ltr'>δὲ</span> <span class='ocrx_word' id='word_1_141' title='bbox 1328 292 1375 318; x_wconf 82' lang='grc' dir='ltr'>καὶ</span> <span class='ocrx_word' id='word_1_142' title='bbox 1389 294 1541 328; x_wconf 75' lang='grc' dir='ltr'><strong>συγχωρεῖν</strong></span> <span class='ocrx_word' id='word_1_143' title='bbox 1553 293 1589 320; x_wconf 86' lang='grc' dir='ltr'>τὰ</span> <span class='ocrx_word' id='word_1_144' title='bbox 1599 294 1640 324; x_wconf 80' lang='grc' dir='ltr'><strong>είς</strong></span> <span class='ocrx_word' id='word_1_145' title='bbox 1653 293 1795 328; x_wconf 81' lang='grc' dir='ltr'><strong>ἀλλήλους</strong></span> <span class='ocrx_word' id='word_1_146' title='bbox 1804 295 1854 322; x_wconf 76' lang='grc' dir='ltr'>ἀδι-</span> 
     </span>
    </p>
   </div>
   <div class='ocr_carea' id='block_1_22' title="bbox 1052 337 1854 374">
    <p class='ocr_par' dir='ltr' id='par_1_22' title="bbox 1052 337 1854 374">
     <span class='ocr_line' id='line_1_22' title="bbox 1052 337 1854 374; baseline 0.004 -11"><span class='ocrx_word' id='word_1_147' title='bbox 1052 337 1174 372; x_wconf 83' lang='grc' dir='ltr'>κήματα-</span> <span class='ocrx_word' id='word_1_148' title='bbox 1198 337 1229 363; x_wconf 86' lang='grc' dir='ltr'>οὐ</span> <span class='ocrx_word' id='word_1_149' title='bbox 1253 338 1316 368; x_wconf 82' lang='grc' dir='ltr'>τοὺς</span> <span class='ocrx_word' id='word_1_150' title='bbox 1340 337 1492 372; x_wconf 81' lang='grc' dir='ltr'><strong>κρίνοντας,</strong></span> <span class='ocrx_word' id='word_1_151' title='bbox 1513 338 1581 365; x_wconf 83' lang='grc' dir='ltr'><strong>ἀλλά</strong></span> <span class='ocrx_word' id='word_1_152' title='bbox 1593 339 1661 371; x_wconf 85' lang='grc' dir='ltr'>τοὺς</span> <span class='ocrx_word' id='word_1_153' title='bbox 1680 339 1804 374; x_wconf 74' lang='grc' dir='ltr'>ἔχοντας</span> <span class='ocrx_word' id='word_1_154' title='bbox 1816 342 1854 372; x_wconf 79' lang='grc' dir='ltr'>εἰς</span> 
     </span>
    </p>
   </div>
   <div class='ocr_carea' id='block_1_23' title="bbox 1053 382 1853 422">
    <p class='ocr_par' dir='ltr' id='par_1_23' title="bbox 1053 382 1853 422">
     <span class='ocr_line' id='line_1_23' title="bbox 1053 382 1853 422; baseline 0.005 -13"><span class='ocrx_word' id='word_1_155' title='bbox 1053 383 1174 415; x_wconf 82' lang='grc' dir='ltr'>ἑαυτούς·</span> <span class='ocrx_word' id='word_1_156' title='bbox 1199 382 1292 415; x_wconf 78' lang='grc' dir='ltr'>καθὼς</span> <span class='ocrx_word' id='word_1_157' title='bbox 1311 383 1326 409; x_wconf 83' lang='grc' dir='ltr'><strong>ό</strong></span> <span class='ocrx_word' id='word_1_158' title='bbox 1347 383 1450 420; x_wconf 82' lang='grc' dir='ltr'>Κύριος</span> <span class='ocrx_word' id='word_1_159' title='bbox 1463 384 1632 420; x_wconf 85' lang='grc' dir='ltr'>ἀπεφήνατο,</span> <span class='ocrx_word' id='word_1_160' title='bbox 1647 385 1723 420; x_wconf 75' lang='grc' dir='ltr'>ὲμοῦ</span> <span class='ocrx_word' id='word_1_161' title='bbox 1748 386 1853 422; x_wconf 78' lang='grc' dir='ltr'>Πέτρου</span> 
     </span>
    </p>
   </div>
   <div class='ocr_carea' id='block_1_24' title="bbox 1052 429 1854 468">
    <p class='ocr_par' dir='ltr' id='par_1_24' title="bbox 1052 429 1854 468">
     <span class='ocr_line' id='line_1_24' title="bbox 1052 429 1854 468; baseline 0.005 -13"><span class='ocrx_word' id='word_1_162' title='bbox 1052 429 1240 465; x_wconf 74' lang='grc' dir='ltr'>ἐρωτήσαντος</span> <span class='ocrx_word' id='word_1_163' title='bbox 1261 429 1351 456; x_wconf 66' lang='grc' dir='ltr'>αὐτόν·</span> <span class='ocrx_word' id='word_1_164' title='bbox 1378 430 1512 462; x_wconf 76' lang='grc' dir='ltr'>(Ποσάκις</span> <span class='ocrx_word' id='word_1_165' title='bbox 1535 431 1693 467; x_wconf 77' lang='grc' dir='ltr'><strong>ἁμαρτήσει</strong></span> <span class='ocrx_word' id='word_1_166' title='bbox 1718 433 1763 464; x_wconf 79' lang='grc' dir='ltr'><strong>εἰς</strong></span> <span class='ocrx_word' id='word_1_167' title='bbox 1777 433 1854 468; x_wconf 56' lang='lat' dir='ltr'><strong>epse</strong></span> 
     </span>
    </p>
   </div>
   <div class='ocr_carea' id='block_1_25' title="bbox 1051 474 1855 513">
    <p class='ocr_par' dir='ltr' id='par_1_25' title="bbox 1051 474 1855 513">
     <span class='ocr_line' id='line_1_25' title="bbox 1051 474 1855 513; baseline 0.005 -12"><span class='ocrx_word' id='word_1_168' title='bbox 1051 474 1164 510; x_wconf 83' lang='grc' dir='ltr'>ἀδελφός</span> <span class='ocrx_word' id='word_1_169' title='bbox 1179 483 1240 511; x_wconf 87' lang='grc' dir='ltr'>μου,</span> <span class='ocrx_word' id='word_1_170' title='bbox 1255 476 1303 502; x_wconf 78' lang='grc' dir='ltr'>καὶ</span> <span class='ocrx_word' id='word_1_171' title='bbox 1315 476 1413 512; x_wconf 80' lang='grc' dir='ltr'>ἀφήσω</span> <span class='ocrx_word' id='word_1_172' title='bbox 1428 476 1577 513; x_wconf 74' lang='grc' dir='ltr'>αὺτῷςέως</span> <span class='ocrx_word' id='word_1_173' title='bbox 1591 478 1743 510; x_wconf 63' lang='grc' dir='ltr'>ἑπτάκις»</span> <span class='ocrx_word' id='word_1_174' title='bbox 1756 479 1807 505; x_wconf 75' lang='grc' dir='ltr'>καὶ</span> <span class='ocrx_word' id='word_1_175' title='bbox 1819 480 1855 505; x_wconf 76' lang='lat' dir='ltr'><strong>sl-</strong></span> 
     </span>
    </p>
   </div>
   <div class='ocr_carea' id='block_1_26' title="bbox 1052 520 1855 556">
    <p class='ocr_par' dir='ltr' id='par_1_26' title="bbox 1052 520 1855 556">
     <span class='ocr_line' id='line_1_26' title="bbox 1052 520 1855 556; baseline 0.005 -9"><span class='ocrx_word' id='word_1_176' title='bbox 1052 520 1158 553; x_wconf 75' lang='grc' dir='ltr'>πόντος’</span> <span class='ocrx_word' id='word_1_177' title='bbox 1185 530 1195 547; x_wconf 77' lang='grc' dir='ltr'><strong>ι</strong></span> <span class='ocrx_word' id='word_1_178' title='bbox 1213 521 1251 548; x_wconf 82' lang='grc' dir='ltr'>οὐ</span> <span class='ocrx_word' id='word_1_179' title='bbox 1266 521 1337 556; x_wconf 78' lang='grc' dir='ltr'>λέγω</span> <span class='ocrx_word' id='word_1_180' title='bbox 1352 531 1402 554; x_wconf 89' lang='grc' dir='ltr'>σοι,</span> <span class='ocrx_word' id='word_1_181' title='bbox 1417 523 1470 554; x_wconf 75' lang='grc' dir='ltr'>ἕως</span> <span class='ocrx_word' id='word_1_182' title='bbox 1484 523 1608 555; x_wconf 76' lang='grc' dir='ltr'>ἑπτάκις,</span> <span class='ocrx_word' id='word_1_183' title='bbox 1622 523 1681 550; x_wconf 71' lang='grc' dir='ltr'>ἀλλ’</span> <span class='ocrx_word' id='word_1_184' title='bbox 1699 524 1760 555; x_wconf 74' lang='grc' dir='ltr'>ἕως</span> <span class='ocrx_word' id='word_1_185' title='bbox 1782 524 1855 551; x_wconf 63' lang='lat'><strong>£560-</strong></span> 
     </span>
    </p>
   </div>
   <div class='ocr_carea' id='block_1_27' title="bbox 1054 566 1855 607">
    <p class='ocr_par' dir='ltr' id='par_1_27' title="bbox 1054 566 1855 607">
     <span class='ocr_line' id='line_1_27' title="bbox 1054 566 1855 607; baseline 0.006 -15"><span class='ocrx_word' id='word_1_186' title='bbox 1054 566 1222 601; x_wconf 83' lang='grc' dir='ltr'>μηκοντάκις</span> <span class='ocrx_word' id='word_1_187' title='bbox 1246 567 1326 594; x_wconf 79' lang='grc' dir='ltr'>ἑπτά.</span> <span class='ocrx_word' id='word_1_188' title='bbox 1341 577 1351 593; x_wconf 71' lang='grc' dir='ltr'><strong>ι</strong></span> <span class='ocrx_word' id='word_1_189' title='bbox 1368 567 1462 600; x_wconf 81' lang='grc' dir='ltr'><strong>Οὕτως</strong></span> <span class='ocrx_word' id='word_1_190' title='bbox 1474 568 1529 605; x_wconf 79' lang='grc' dir='ltr'><strong>γὰρ</strong></span> <span class='ocrx_word' id='word_1_191' title='bbox 1543 569 1614 596; x_wconf 71' lang='grc' dir='ltr'>θέλει</span> <span class='ocrx_word' id='word_1_192' title='bbox 1627 569 1643 595; x_wconf 82' lang='grc' dir='ltr'><strong>ὁ</strong></span> <span class='ocrx_word' id='word_1_193' title='bbox 1658 570 1774 606; x_wconf 84' lang='grc' dir='ltr'>Κύριος</span> <span class='ocrx_word' id='word_1_194' title='bbox 1790 571 1855 607; x_wconf 71' lang='grc' dir='ltr'>ἀλημ</span> 
     </span>
    </p>
   </div>
   <div class='ocr_carea' id='block_1_28' title="bbox 1052 609 1855 652">
    <p class='ocr_par' dir='ltr' id='par_1_28' title="bbox 1052 609 1855 652">
     <span class='ocr_line' id='line_1_28' title="bbox 1052 609 1855 652; baseline 0.006 -14"><span class='ocrx_word' id='word_1_195' title='bbox 1052 611 1107 644; x_wconf 84' lang='grc' dir='ltr'><strong>θῶς</strong></span> <span class='ocrx_word' id='word_1_196' title='bbox 1122 609 1191 639; x_wconf 81' lang='grc' dir='ltr'>εῖναι</span> <span class='ocrx_word' id='word_1_197' title='bbox 1207 612 1291 640; x_wconf 80' lang='grc' dir='ltr'>αὑτοῦ</span> <span class='ocrx_word' id='word_1_198' title='bbox 1308 613 1442 650; x_wconf 81' lang='grc' dir='ltr'>μαθητὰς,</span> <span class='ocrx_word' id='word_1_199' title='bbox 1458 615 1506 641; x_wconf 74' lang='grc' dir='ltr'>καὶ</span> <span class='ocrx_word' id='word_1_200' title='bbox 1522 615 1603 651; x_wconf 79' lang='grc' dir='ltr'>μηδὲν</span> <span class='ocrx_word' id='word_1_201' title='bbox 1617 615 1692 651; x_wconf 77' lang='grc' dir='ltr'>ἔχειν</span> <span class='ocrx_word' id='word_1_202' title='bbox 1709 617 1787 643; x_wconf 82' lang='grc' dir='ltr'>κατὰ</span> <span class='ocrx_word' id='word_1_203' title='bbox 1804 625 1855 652; x_wconf 85' lang='grc' dir='ltr'>μη-</span> 
     </span>
    </p>
   </div>
   <div class='ocr_carea' id='block_1_29' title="bbox 1051 657 1855 699">
    <p class='ocr_par' dir='ltr' id='par_1_29' title="bbox 1051 657 1855 699">
     <span class='ocr_line' id='line_1_29' title="bbox 1051 657 1855 699; baseline 0.006 -14"><span class='ocrx_word' id='word_1_204' title='bbox 1051 658 1124 690; x_wconf 79' lang='grc' dir='ltr'>δενὸς</span> <span class='ocrx_word' id='word_1_205' title='bbox 1139 658 1249 686; x_wconf 67' lang='grc' dir='ltr'>πώποτε</span> <span class='ocrx_word' id='word_1_206' title='bbox 1261 679 1269 692; x_wconf 89' lang='grc'><strong>,</strong></span> <span class='ocrx_word' id='word_1_207' title='bbox 1292 657 1347 686; x_wconf 73' lang='grc' dir='ltr'>οἷον</span> <span class='ocrx_word' id='word_1_208' title='bbox 1363 660 1448 696; x_wconf 81' lang='grc' dir='ltr'>ὀργὴν</span> <span class='ocrx_word' id='word_1_209' title='bbox 1462 661 1591 698; x_wconf 77' lang='grc' dir='ltr'>ἄμετρον,</span> <span class='ocrx_word' id='word_1_210' title='bbox 1605 662 1622 698; x_wconf 79' lang='grc' dir='ltr'>ἢ</span> <span class='ocrx_word' id='word_1_211' title='bbox 1638 662 1732 698; x_wconf 78' lang='grc' dir='ltr'>θυμὸν</span> <span class='ocrx_word' id='word_1_212' title='bbox 1755 663 1855 699; x_wconf 66' lang='grc' dir='ltr'>ἀνήμει</span> 
     </span>
    </p>
   </div>
   <div class='ocr_carea' id='block_1_30' title="bbox 1052 704 1854 742">
    <p class='ocr_par' dir='ltr' id='par_1_30' title="bbox 1052 704 1854 742">
     <span class='ocr_line' id='line_1_30' title="bbox 1052 704 1854 742; baseline 0.005 -12"><span class='ocrx_word' id='word_1_213' title='bbox 1052 712 1109 739; x_wconf 84' lang='grc' dir='ltr'>ρον,</span> <span class='ocrx_word' id='word_1_214' title='bbox 1124 704 1141 740; x_wconf 77' lang='grc' dir='ltr'>ἢ</span> <span class='ocrx_word' id='word_1_215' title='bbox 1156 705 1304 741; x_wconf 68' lang='grc' dir='ltr'>ἐπιθυμίαν</span> <span class='ocrx_word' id='word_1_216' title='bbox 1318 706 1420 738; x_wconf 73' lang='grc' dir='ltr'>ἄδικον,</span> <span class='ocrx_word' id='word_1_217' title='bbox 1434 707 1451 742; x_wconf 80' lang='grc' dir='ltr'><strong>ἢ</strong></span> <span class='ocrx_word' id='word_1_218' title='bbox 1468 709 1546 742; x_wconf 82' lang='grc' dir='ltr'>μῖσος</span> <span class='ocrx_word' id='word_1_219' title='bbox 1559 708 1706 735; x_wconf 77' lang='grc' dir='ltr'>ἄσπονδον.</span> <span class='ocrx_word' id='word_1_220' title='bbox 1724 709 1801 740; x_wconf 61' lang='lat' dir='ltr'><strong>Teii;</strong></span> <span class='ocrx_word' id='word_1_221' title='bbox 1809 707 1854 736; x_wconf 73' lang='grc' dir='ltr'>οὖν</span> 
     </span>
    </p>
   </div>
   <div class='ocr_carea' id='block_1_31' title="bbox 1051 749 1855 790">
    <p class='ocr_par' dir='ltr' id='par_1_31' title="bbox 1051 749 1855 790">
     <span class='ocr_line' id='line_1_31' title="bbox 1051 749 1855 790; baseline 0.007 -15"><span class='ocrx_word' id='word_1_222' title='bbox 1051 749 1244 786; x_wconf 77' lang='grc' dir='ltr'><strong>ὀργιζομένους</strong></span> <span class='ocrx_word' id='word_1_223' title='bbox 1270 751 1452 787; x_wconf 76' lang='grc' dir='ltr'>συμϐιϐάζετε</span> <span class='ocrx_word' id='word_1_224' title='bbox 1474 754 1514 784; x_wconf 85' lang='grc' dir='ltr'><strong>είς</strong></span> <span class='ocrx_word' id='word_1_225' title='bbox 1536 753 1638 788; x_wconf 79' lang='grc' dir='ltr'>φιλίαν,</span> <span class='ocrx_word' id='word_1_226' title='bbox 1651 755 1723 786; x_wconf 83' lang='grc' dir='ltr'>τοὺς</span> <span class='ocrx_word' id='word_1_227' title='bbox 1743 754 1855 790; x_wconf 55' lang='lat'><strong>£16545-</strong></span> 
     </span>
    </p>
   </div>
   <div class='ocr_carea' id='block_1_32' title="bbox 1051 797 1853 836">
    <p class='ocr_par' dir='ltr' id='par_1_32' title="bbox 1051 797 1853 836">
     <span class='ocr_line' id='line_1_32' title="bbox 1051 797 1853 836; baseline 0.006 -14"><span class='ocrx_word' id='word_1_228' title='bbox 1051 803 1147 828; x_wconf 82' lang='grc' dir='ltr'>νοντας</span> <span class='ocrx_word' id='word_1_229' title='bbox 1160 797 1199 828; x_wconf 88' lang='grc' dir='ltr'><strong>είς</strong></span> <span class='ocrx_word' id='word_1_230' title='bbox 1212 797 1346 832; x_wconf 75' lang='grc' dir='ltr'>ὀμόνοιαψ</span> <span class='ocrx_word' id='word_1_231' title='bbox 1368 798 1410 824; x_wconf 84' lang='grc' dir='ltr'>ὅτι</span> <span class='ocrx_word' id='word_1_232' title='bbox 1425 799 1498 832; x_wconf 81' lang='grc' dir='ltr'>λέγει</span> <span class='ocrx_word' id='word_1_233' title='bbox 1512 799 1614 835; x_wconf 78' lang='grc' dir='ltr'>Κύριος</span> <span class='ocrx_word' id='word_1_234' title='bbox 1623 808 1631 814; x_wconf 90' lang='grc'><strong>·</strong></span> <span class='ocrx_word' id='word_1_235' title='bbox 1651 801 1817 836; x_wconf 76' lang='grc' dir='ltr'>«Μακάριοι</span> <span class='ocrx_word' id='word_1_236' title='bbox 1830 802 1853 827; x_wconf 74' lang='grc' dir='ltr'>οξ</span> 
     </span>
    </p>
   </div>
   <div class='ocr_carea' id='block_1_33' title="bbox 1051 842 1764 882">
    <p class='ocr_par' dir='ltr' id='par_1_33' title="bbox 1051 842 1764 882">
     <span class='ocr_line' id='line_1_33' title="bbox 1051 842 1764 882; baseline 0.007 -14"><span class='ocrx_word' id='word_1_237' title='bbox 1051 842 1226 878; x_wconf 75' lang='grc' dir='ltr'>είρηνοποιοὶ,</span> <span class='ocrx_word' id='word_1_238' title='bbox 1242 843 1283 870; x_wconf 84' lang='grc' dir='ltr'><strong>ὅτι</strong></span> <span class='ocrx_word' id='word_1_239' title='bbox 1296 844 1373 871; x_wconf 78' lang='grc' dir='ltr'>αὐτοὶ</span> <span class='ocrx_word' id='word_1_240' title='bbox 1386 845 1439 871; x_wconf 80' lang='grc' dir='ltr'>υίοὶ</span> <span class='ocrx_word' id='word_1_241' title='bbox 1454 845 1521 872; x_wconf 82' lang='grc' dir='ltr'><strong>Θεοῦ</strong></span> <span class='ocrx_word' id='word_1_242' title='bbox 1536 845 1735 882; x_wconf 79' lang='grc' dir='ltr'>κληθήσονται.</span> <span class='ocrx_word' id='word_1_243' title='bbox 1753 856 1764 872; x_wconf 71' lang='grc' dir='ltr'><strong>ι</strong></span> 
     </span>
    </p>
   </div>
   <div class='ocr_carea' id='block_1_34' title="bbox 215 887 1850 925">
    <p class='ocr_par' dir='ltr' id='par_1_34' title="bbox 215 887 1850 925">
     <span class='ocr_line' id='line_1_34' title="bbox 215 887 1850 925; baseline 0.002 -8"><span class='ocrx_word' id='word_1_244' title='bbox 215 889 394 917; x_wconf 79' lang='lat' dir='ltr'><strong>conciliabile.</strong></span> <span class='ocrx_word' id='word_1_245' title='bbox 411 889 465 916; x_wconf 86' lang='lat' dir='ltr'><strong>Eos</strong></span> <span class='ocrx_word' id='word_1_246' title='bbox 480 889 571 923; x_wconf 87' lang='lat' dir='ltr'><strong>itaque</strong></span> <span class='ocrx_word' id='word_1_247' title='bbox 584 889 630 924; x_wconf 88' lang='lat' dir='ltr'><strong>qui</strong></span> <span class='ocrx_word' id='word_1_248' title='bbox 645 889 685 916; x_wconf 91' lang='lat' dir='ltr'><strong>ira</strong></span> <span class='ocrx_word' id='word_1_249' title='bbox 694 888 844 923; x_wconf 86' lang='lat' dir='ltr'><strong>jactantur,</strong></span> <span class='ocrx_word' id='word_1_250' title='bbox 855 888 888 915; x_wconf 90' lang='lat' dir='ltr'><strong>ad</strong></span> <span class='ocrx_word' id='word_1_251' title='bbox 920 887 1084 921; x_wconf 85' lang='lat' dir='ltr'><strong>amicitiam;</strong></span> <span class='ocrx_word' id='word_1_252' title='bbox 1096 889 1143 924; x_wconf 88' lang='lat' dir='ltr'><strong>qui</strong></span> <span class='ocrx_word' id='word_1_253' title='bbox 1167 889 1232 916; x_wconf 91' lang='lat' dir='ltr'><strong>odio</strong></span> <span class='ocrx_word' id='word_1_254' title='bbox 1243 895 1416 924; x_wconf 83' lang='lat' dir='ltr'><strong>asperantur,</strong></span> <span class='ocrx_word' id='word_1_255' title='bbox 1442 891 1477 918; x_wconf 88' lang='lat' dir='ltr'><strong>ad</strong></span> <span class='ocrx_word' id='word_1_256' title='bbox 1503 892 1681 919; x_wconf 83' lang='lat' dir='ltr'><strong>concordiam</strong></span> <span class='ocrx_word' id='word_1_257' title='bbox 1697 893 1850 925; x_wconf 78' lang='lat' dir='ltr'><strong>adducite;</strong></span> 
     </span>
    </p>
   </div>
   <div class='ocr_carea' id='block_1_35' title="bbox 214 933 1336 972">
    <p class='ocr_par' dir='ltr' id='par_1_35' title="bbox 214 933 1336 972">
     <span class='ocr_line' id='line_1_35' title="bbox 214 933 1336 972; baseline -0.001 -9"><span class='ocrx_word' id='word_1_258' title='bbox 214 937 277 972; x_wconf 91' lang='lat' dir='ltr'><strong>quia</strong></span> <span class='ocrx_word' id='word_1_259' title='bbox 293 935 424 963; x_wconf 82' lang='lat' dir='ltr'><strong>Dominus</strong></span> <span class='ocrx_word' id='word_1_260' title='bbox 435 935 474 963; x_wconf 90' lang='lat' dir='ltr'><strong>ait</strong></span> <span class='ocrx_word' id='word_1_261' title='bbox 487 943 494 961; x_wconf 87' lang='lat'><strong>:</strong></span> <span class='ocrx_word' id='word_1_262' title='bbox 511 944 521 962; x_wconf 79' lang='grc' dir='ltr'><strong>ι</strong></span> <span class='ocrx_word' id='word_1_263' title='bbox 535 935 609 964; x_wconf 87' lang='lat' dir='ltr'><strong>Beati</strong></span> <span class='ocrx_word' id='word_1_264' title='bbox 621 935 740 970; x_wconf 78' lang='lat' dir='ltr'><strong>paciﬁci,</strong></span> <span class='ocrx_word' id='word_1_265' title='bbox 755 934 884 970; x_wconf 90' lang='lat' dir='ltr'><strong>quoniam</strong></span> <span class='ocrx_word' id='word_1_266' title='bbox 901 933 954 969; x_wconf 85' lang='lat' dir='ltr'><strong>ipsi</strong></span> <span class='ocrx_word' id='word_1_267' title='bbox 967 933 1015 960; x_wconf 83' lang='lat' dir='ltr'><strong>lilii</strong></span> <span class='ocrx_word' id='word_1_268' title='bbox 1025 933 1073 961; x_wconf 88' lang='lat' dir='ltr'><strong>Dei</strong></span> <span class='ocrx_word' id='word_1_269' title='bbox 1086 935 1258 962; x_wconf 86' lang='lat' dir='ltr'><strong>vocabuntur</strong></span> <span class='ocrx_word' id='word_1_270' title='bbox 1272 933 1306 962; x_wconf 77' lang='lat'><strong>“.</strong></span> <span class='ocrx_word' id='word_1_271' title='bbox 1326 944 1336 962; x_wconf 75' lang='grc' dir='ltr'><strong>ι</strong></span> 
     </span>
    </p>
   </div>
   <div class='ocr_carea' id='block_1_36' title="bbox 488 992 726 1021">
    <p class='ocr_par' dir='ltr' id='par_1_36' title="bbox 488 992 726 1021">
     <span class='ocr_line' id='line_1_36' title="bbox 488 992 726 1021; baseline -0.004 0"><span class='ocrx_word' id='word_1_272' title='bbox 488 992 603 1021; x_wconf 82' lang='lat' dir='ltr'><strong>CAPUT</strong></span> <span class='ocrx_word' id='word_1_273' title='bbox 623 992 726 1020; x_wconf 80' lang='lat' dir='ltr'><strong>XLVII.</strong></span> 
     </span>
    </p>
   </div>
   <div class='ocr_carea' id='block_1_37' title="bbox 215 1038 999 1074">
    <p class='ocr_par' dir='ltr' id='par_1_37' title="bbox 215 1038 999 1074">
     <span class='ocr_line' id='line_1_37' title="bbox 215 1038 999 1074; baseline 0 -8"><span class='ocrx_word' id='word_1_274' title='bbox 215 1039 292 1073; x_wconf 80' lang='lat' dir='ltr'><strong>Quod</strong></span> <span class='ocrx_word' id='word_1_275' title='bbox 307 1044 426 1074; x_wconf 83' lang='lat' dir='ltr'><strong>oporteat</strong></span> <span class='ocrx_word' id='word_1_276' title='bbox 449 1040 477 1067; x_wconf 82' lang='lat' dir='ltr'><strong>in</strong></span> <span class='ocrx_word' id='word_1_277' title='bbox 493 1039 608 1067; x_wconf 75' lang='lat' dir='ltr'><strong>secunda</strong></span> <span class='ocrx_word' id='word_1_278' title='bbox 622 1039 801 1067; x_wconf 83' lang='lat' dir='ltr'><strong>Sabbatorum</strong></span> <span class='ocrx_word' id='word_1_279' title='bbox 814 1038 901 1074; x_wconf 79' lang='lat' dir='ltr'><strong>forum</strong></span> <span class='ocrx_word' id='word_1_280' title='bbox 914 1046 999 1074; x_wconf 81' lang='lat' dir='ltr'><strong>agere.</strong></span> 
     </span>
    </p>
   </div>
   <div class='ocr_carea' id='block_1_38' title="bbox 249 1083 999 1121">
    <p class='ocr_par' dir='ltr' id='par_1_38' title="bbox 249 1083 999 1121">
     <span class='ocr_line' id='line_1_38' title="bbox 249 1083 999 1121; baseline -0.003 -8"><span class='ocrx_word' id='word_1_281' title='bbox 249 1085 330 1113; x_wconf 87' lang='lat' dir='ltr'><strong>Fiant</strong></span> <span class='ocrx_word' id='word_1_282' title='bbox 341 1086 445 1121; x_wconf 92' lang='lat' dir='ltr'><strong>judicia</strong></span> <span class='ocrx_word' id='word_1_283' title='bbox 456 1089 547 1113; x_wconf 87' lang='lat' dir='ltr'><strong>vestra</strong></span> <span class='ocrx_word' id='word_1_284' title='bbox 568 1085 688 1113; x_wconf 87' lang='lat' dir='ltr'><strong>secunda</strong></span> <span class='ocrx_word' id='word_1_285' title='bbox 708 1089 770 1121; x_wconf 88' lang='lat' dir='ltr'><strong>post</strong></span> <span class='ocrx_word' id='word_1_286' title='bbox 781 1083 929 1112; x_wconf 88' lang='lat' dir='ltr'><strong>Sabbatum</strong></span> <span class='ocrx_word' id='word_1_287' title='bbox 941 1084 999 1118; x_wconf 82' lang='lat' dir='ltr'><strong>die;</strong></span> 
     </span>
    </p>
   </div>
   <div class='ocr_carea' id='block_1_39' title="bbox 213 1131 1000 1164">
    <p class='ocr_par' dir='ltr' id='par_1_39' title="bbox 213 1131 1000 1164">
     <span class='ocr_line' id='line_1_39' title="bbox 213 1131 1000 1164; baseline -0.003 -5"><span class='ocrx_word' id='word_1_288' title='bbox 213 1135 244 1159; x_wconf 91' lang='lat' dir='ltr'><strong>ut</strong></span> <span class='ocrx_word' id='word_1_289' title='bbox 259 1131 282 1160; x_wconf 94' lang='lat' dir='ltr'><strong>si</strong></span> <span class='ocrx_word' id='word_1_290' title='bbox 299 1136 398 1160; x_wconf 70' lang='lat' dir='ltr'><strong>vestrae</strong></span> <span class='ocrx_word' id='word_1_291' title='bbox 413 1131 554 1160; x_wconf 58' lang='lat' dir='ltr'><strong>sententia;</strong></span> <span class='ocrx_word' id='word_1_292' title='bbox 568 1131 785 1164; x_wconf 86' lang='lat' dir='ltr'><strong>contradicatur,</strong></span> <span class='ocrx_word' id='word_1_293' title='bbox 801 1133 931 1158; x_wconf 86' lang='lat' dir='ltr'><strong>vacantes</strong></span> <span class='ocrx_word' id='word_1_294' title='bbox 951 1138 1000 1158; x_wconf 83' lang='lat' dir='ltr'><strong>us—</strong></span> 
     </span>
    </p>
   </div>
   <div class='ocr_carea' id='block_1_40' title="bbox 213 1177 1000 1214">
    <p class='ocr_par' dir='ltr' id='par_1_40' title="bbox 213 1177 1000 1214">
     <span class='ocr_line' id='line_1_40' title="bbox 213 1177 1000 1214; baseline -0.004 -8"><span class='ocrx_word' id='word_1_295' title='bbox 213 1186 267 1214; x_wconf 87' lang='lat' dir='ltr'><strong>que</strong></span> <span class='ocrx_word' id='word_1_296' title='bbox 281 1178 316 1206; x_wconf 87' lang='lat' dir='ltr'><strong>ad</strong></span> <span class='ocrx_word' id='word_1_297' title='bbox 334 1177 494 1211; x_wconf 88' lang='lat' dir='ltr'><strong>Sabbatum,</strong></span> <span class='ocrx_word' id='word_1_298' title='bbox 510 1177 623 1212; x_wconf 88' lang='lat' dir='ltr'><strong>possitis</strong></span> <span class='ocrx_word' id='word_1_299' title='bbox 638 1177 884 1205; x_wconf 87' lang='lat' dir='ltr'><strong>contradictionem</strong></span> <span class='ocrx_word' id='word_1_300' title='bbox 898 1183 1000 1211; x_wconf 77' lang='lat' dir='ltr'><strong>expen-</strong></span> 
     </span>
    </p>
   </div>
   <div class='ocr_carea' id='block_1_41' title="bbox 213 1222 999 1257">
    <p class='ocr_par' dir='ltr' id='par_1_41' title="bbox 213 1222 999 1257">
     <span class='ocr_line' id='line_1_41' title="bbox 213 1222 999 1257; baseline -0.004 -5"><span class='ocrx_word' id='word_1_301' title='bbox 213 1226 289 1257; x_wconf 88' lang='lat' dir='ltr'><strong>dere,</strong></span> <span class='ocrx_word' id='word_1_302' title='bbox 305 1229 333 1253; x_wconf 91' lang='lat' dir='ltr'><strong>et</strong></span> <span class='ocrx_word' id='word_1_303' title='bbox 347 1226 418 1252; x_wconf 90' lang='lat' dir='ltr'><strong>inter</strong></span> <span class='ocrx_word' id='word_1_304' title='bbox 433 1232 463 1252; x_wconf 85' lang='lat' dir='ltr'><strong>se</strong></span> <span class='ocrx_word' id='word_1_305' title='bbox 475 1224 680 1256; x_wconf 85' lang='lat' dir='ltr'><strong>dissentientes,</strong></span> <span class='ocrx_word' id='word_1_306' title='bbox 698 1223 726 1251; x_wconf 92' lang='lat' dir='ltr'><strong>in</strong></span> <span class='ocrx_word' id='word_1_307' title='bbox 741 1223 813 1251; x_wconf 89' lang='lat' dir='ltr'><strong>diem</strong></span> <span class='ocrx_word' id='word_1_308' title='bbox 827 1222 999 1250; x_wconf 87' lang='lat' dir='ltr'><strong>Dominicum</strong></span> 
     </span>
    </p>
   </div>
   <div class='ocr_carea' id='block_1_42' title="bbox 212 1269 999 1307">
    <p class='ocr_par' dir='ltr' id='par_1_42' title="bbox 212 1269 999 1307">
     <span class='ocr_line' id='line_1_42' title="bbox 212 1269 999 1307; baseline -0.005 -7"><span class='ocrx_word' id='word_1_309' title='bbox 212 1272 370 1307; x_wconf 82' lang='lat' dir='ltr'><strong>pacillcare.</strong></span> <span class='ocrx_word' id='word_1_310' title='bbox 392 1271 532 1300; x_wconf 84' lang='lat' dir='ltr'><strong>Assistant</strong></span> <span class='ocrx_word' id='word_1_311' title='bbox 555 1274 647 1298; x_wconf 84' lang='lat' dir='ltr'><strong>autem</strong></span> <span class='ocrx_word' id='word_1_312' title='bbox 675 1269 806 1297; x_wconf 87' lang='lat' dir='ltr'><strong>tribunali</strong></span> <span class='ocrx_word' id='word_1_313' title='bbox 835 1269 944 1297; x_wconf 91' lang='lat' dir='ltr'><strong>diaconi</strong></span> <span class='ocrx_word' id='word_1_314' title='bbox 972 1274 999 1297; x_wconf 90' lang='lat' dir='ltr'><strong>et</strong></span> 
     </span>
    </p>
   </div>
   <div class='ocr_carea' id='block_1_43' title="bbox 213 1316 996 1354">
    <p class='ocr_par' dir='ltr' id='par_1_43' title="bbox 213 1316 996 1354">
     <span class='ocr_line' id='line_1_43' title="bbox 213 1316 996 1354; baseline -0.006 -8"><span class='ocrx_word' id='word_1_315' title='bbox 213 1317 382 1354; x_wconf 82' lang='lat' dir='ltr'><strong>presbyteri,</strong></span> <span class='ocrx_word' id='word_1_316' title='bbox 404 1325 468 1345; x_wconf 90' lang='lat' dir='ltr'><strong>cum</strong></span> <span class='ocrx_word' id='word_1_317' title='bbox 484 1317 592 1352; x_wconf 80' lang='lat' dir='ltr'><strong>justitia</strong></span> <span class='ocrx_word' id='word_1_318' title='bbox 609 1323 642 1344; x_wconf 90' lang='lat' dir='ltr'><strong>ac</strong></span> <span class='ocrx_word' id='word_1_319' title='bbox 656 1316 727 1344; x_wconf 89' lang='lat' dir='ltr'><strong>citra</strong></span> <span class='ocrx_word' id='word_1_320' title='bbox 745 1322 925 1351; x_wconf 85' lang='lat' dir='ltr'><strong>personarum</strong></span> <span class='ocrx_word' id='word_1_321' title='bbox 949 1322 996 1342; x_wconf 84' lang='lat' dir='ltr'><strong>ac-</strong></span> 
     </span>
    </p>
   </div>
   <div class='ocr_carea' id='block_1_44' title="bbox 212 1362 998 1399">
    <p class='ocr_par' dir='ltr' id='par_1_44' title="bbox 212 1362 998 1399">
     <span class='ocr_line' id='line_1_44' title="bbox 212 1362 998 1399; baseline -0.003 -8"><span class='ocrx_word' id='word_1_322' title='bbox 212 1364 365 1399; x_wconf 86' lang='lat' dir='ltr'><strong>ceptionem</strong></span> <span class='ocrx_word' id='word_1_323' title='bbox 378 1363 548 1399; x_wconf 75' lang='lat' dir='ltr'><strong>iudicantes,</strong></span> <span class='ocrx_word' id='word_1_324' title='bbox 563 1367 694 1399; x_wconf 87' lang='lat' dir='ltr'><strong>tanquam</strong></span> <span class='ocrx_word' id='word_1_325' title='bbox 708 1363 832 1391; x_wconf 86' lang='lat' dir='ltr'><strong>homines</strong></span> <span class='ocrx_word' id='word_1_326' title='bbox 848 1362 907 1391; x_wconf 88' lang='lat' dir='ltr'><strong>Dei.</strong></span> <span class='ocrx_word' id='word_1_327' title='bbox 928 1362 998 1390; x_wconf 90' lang='lat' dir='ltr'><strong>Cum</strong></span> 
     </span>
    </p>
   </div>
   <div class='ocr_carea' id='block_1_45' title="bbox 213 1408 999 1446">
    <p class='ocr_par' dir='ltr' id='par_1_45' title="bbox 213 1408 999 1446">
     <span class='ocr_line' id='line_1_45' title="bbox 213 1408 999 1446; baseline -0.001 -10"><span class='ocrx_word' id='word_1_328' title='bbox 213 1410 299 1446; x_wconf 82' lang='lat' dir='ltr'><strong>igitur</strong></span> <span class='ocrx_word' id='word_1_329' title='bbox 314 1415 429 1445; x_wconf 86' lang='lat' dir='ltr'><strong>utraque</strong></span> <span class='ocrx_word' id='word_1_330' title='bbox 441 1417 569 1445; x_wconf 84' lang='lat' dir='ltr'><strong>persona,</strong></span> <span class='ocrx_word' id='word_1_331' title='bbox 585 1410 657 1438; x_wconf 90' lang='lat' dir='ltr'><strong>sicut</strong></span> <span class='ocrx_word' id='word_1_332' title='bbox 677 1412 705 1437; x_wconf 87' lang='lat' dir='ltr'><strong>et</strong></span> <span class='ocrx_word' id='word_1_333' title='bbox 725 1408 792 1436; x_wconf 88' lang='lat' dir='ltr'><strong>dicit</strong></span> <span class='ocrx_word' id='word_1_334' title='bbox 812 1408 856 1436; x_wconf 77' lang='lat' dir='ltr'><strong>lex</strong></span> <span class='ocrx_word' id='word_1_335' title='bbox 864 1408 898 1441; x_wconf 82' lang='lat'><strong>&quot;,</strong></span> <span class='ocrx_word' id='word_1_336' title='bbox 916 1408 999 1436; x_wconf 85' lang='lat' dir='ltr'><strong>adve-</strong></span> 
     </span>
    </p>
   </div>
   <div class='ocr_carea' id='block_1_46' title="bbox 213 1454 999 1491">
    <p class='ocr_par' dir='ltr' id='par_1_46' title="bbox 213 1454 999 1491">
     <span class='ocr_line' id='line_1_46' title="bbox 213 1454 999 1491; baseline -0.003 -7"><span class='ocrx_word' id='word_1_337' title='bbox 213 1456 295 1488; x_wconf 84' lang='lat' dir='ltr'><strong>nerit.</strong></span> <span class='ocrx_word' id='word_1_338' title='bbox 319 1456 430 1484; x_wconf 87' lang='lat' dir='ltr'><strong>stabunt</strong></span> <span class='ocrx_word' id='word_1_339' title='bbox 450 1459 541 1491; x_wconf 87' lang='lat' dir='ltr'><strong>partes</strong></span> <span class='ocrx_word' id='word_1_340' title='bbox 568 1455 688 1483; x_wconf 59' lang='lat' dir='ltr'><strong>adversas</strong></span> <span class='ocrx_word' id='word_1_341' title='bbox 710 1455 738 1482; x_wconf 92' lang='lat' dir='ltr'><strong>in</strong></span> <span class='ocrx_word' id='word_1_342' title='bbox 755 1454 845 1482; x_wconf 85' lang='lat' dir='ltr'><strong>medio</strong></span> <span class='ocrx_word' id='word_1_343' title='bbox 860 1454 919 1482; x_wconf 85' lang='lat' dir='ltr'><strong>loro</strong></span> <span class='ocrx_word' id='word_1_344' title='bbox 941 1464 947 1482; x_wconf 92' lang='lat'>:</span> <span class='ocrx_word' id='word_1_345' title='bbox 971 1459 999 1482; x_wconf 92' lang='lat' dir='ltr'><strong>et</strong></span> 
     </span>
    </p>
   </div>
   <div class='ocr_carea' id='block_1_47' title="bbox 213 1500 999 1536">
    <p class='ocr_par' dir='ltr' id='par_1_47' title="bbox 213 1500 999 1536">
     <span class='ocr_line' id='line_1_47' title="bbox 213 1500 999 1536; baseline -0.001 -7"><span class='ocrx_word' id='word_1_346' title='bbox 213 1502 315 1530; x_wconf 84' lang='lat' dir='ltr'><strong>auditis</strong></span> <span class='ocrx_word' id='word_1_347' title='bbox 331 1502 383 1535; x_wconf 87' lang='lat' dir='ltr'><strong>iis,</strong></span> <span class='ocrx_word' id='word_1_348' title='bbox 399 1505 496 1530; x_wconf 88' lang='lat' dir='ltr'><strong>sancte</strong></span> <span class='ocrx_word' id='word_1_349' title='bbox 518 1501 586 1529; x_wconf 79' lang='lat' dir='ltr'><strong>ferte</strong></span> <span class='ocrx_word' id='word_1_350' title='bbox 608 1501 750 1536; x_wconf 82' lang='lat' dir='ltr'><strong>sull&#39;ragia,</strong></span> <span class='ocrx_word' id='word_1_351' title='bbox 772 1504 904 1528; x_wconf 85' lang='lat' dir='ltr'><strong>conantes</strong></span> <span class='ocrx_word' id='word_1_352' title='bbox 927 1500 999 1528; x_wconf 90' lang='lat' dir='ltr'><strong>inter</strong></span> 
     </span>
    </p>
   </div>
   <div class='ocr_carea' id='block_1_48' title="bbox 212 1547 998 1584">
    <p class='ocr_par' dir='ltr' id='par_1_48' title="bbox 212 1547 998 1584">
     <span class='ocr_line' id='line_1_48' title="bbox 212 1547 998 1584; baseline 0.003 -10"><span class='ocrx_word' id='word_1_353' title='bbox 212 1547 308 1575; x_wconf 84' lang='lat' dir='ltr'><strong>ambos</strong></span> <span class='ocrx_word' id='word_1_354' title='bbox 325 1547 473 1576; x_wconf 87' lang='lat' dir='ltr'><strong>conciliare</strong></span> <span class='ocrx_word' id='word_1_355' title='bbox 492 1547 651 1580; x_wconf 85' lang='lat' dir='ltr'><strong>amicitiam,</strong></span> <span class='ocrx_word' id='word_1_356' title='bbox 675 1551 737 1576; x_wconf 83' lang='lat' dir='ltr'><strong>ante</strong></span> <span class='ocrx_word' id='word_1_357' title='bbox 758 1547 881 1584; x_wconf 87' lang='lat' dir='ltr'><strong>episcopi</strong></span> <span class='ocrx_word' id='word_1_358' title='bbox 902 1547 998 1576; x_wconf 86' lang='lat' dir='ltr'><strong>decre-</strong></span> 
     </span>
    </p>
   </div>
   <div class='ocr_carea' id='block_1_49' title="bbox 212 1593 1000 1629">
    <p class='ocr_par' dir='ltr' id='par_1_49' title="bbox 212 1593 1000 1629">
     <span class='ocr_line' id='line_1_49' title="bbox 212 1593 1000 1629; baseline 0.003 -8"><span class='ocrx_word' id='word_1_359' title='bbox 212 1598 282 1627; x_wconf 86' lang='lat' dir='ltr'><strong>tum,</strong></span> <span class='ocrx_word' id='word_1_360' title='bbox 306 1601 342 1622; x_wconf 87' lang='lat' dir='ltr'><strong>ne</strong></span> <span class='ocrx_word' id='word_1_361' title='bbox 360 1594 388 1621; x_wconf 92' lang='lat' dir='ltr'><strong>in</strong></span> <span class='ocrx_word' id='word_1_362' title='bbox 410 1594 549 1629; x_wconf 91' lang='lat' dir='ltr'><strong>publicum</strong></span> <span class='ocrx_word' id='word_1_363' title='bbox 574 1593 688 1629; x_wconf 87' lang='lat' dir='ltr'><strong>prodeat</strong></span> <span class='ocrx_word' id='word_1_364' title='bbox 708 1595 843 1623; x_wconf 85' lang='lat' dir='ltr'><strong>sententia</strong></span> <span class='ocrx_word' id='word_1_365' title='bbox 868 1595 1000 1624; x_wconf 85' lang='lat' dir='ltr'><strong>adversus</strong></span> 
     </span>
    </p>
   </div>
   <div class='ocr_carea' id='block_1_50' title="bbox 211 1640 998 1678">
    <p class='ocr_par' dir='ltr' id='par_1_50' title="bbox 211 1640 998 1678">
     <span class='ocr_line' id='line_1_50' title="bbox 211 1640 998 1678; baseline 0.001 -10"><span class='ocrx_word' id='word_1_366' title='bbox 211 1648 274 1668; x_wconf 89' lang='lat' dir='ltr'><strong>eum</strong></span> <span class='ocrx_word' id='word_1_367' title='bbox 289 1641 336 1676; x_wconf 90' lang='lat' dir='ltr'><strong>qui</strong></span> <span class='ocrx_word' id='word_1_368' title='bbox 354 1640 483 1676; x_wconf 88' lang='lat' dir='ltr'><strong>deliquit;</strong></span> <span class='ocrx_word' id='word_1_369' title='bbox 508 1640 573 1676; x_wconf 88' lang='lat' dir='ltr'><strong>quia</strong></span> <span class='ocrx_word' id='word_1_370' title='bbox 589 1641 735 1676; x_wconf 86' lang='lat' dir='ltr'><strong>episcopus</strong></span> <span class='ocrx_word' id='word_1_371' title='bbox 756 1641 785 1668; x_wconf 93' lang='lat' dir='ltr'><strong>in</strong></span> <span class='ocrx_word' id='word_1_372' title='bbox 799 1641 929 1670; x_wconf 88' lang='lat' dir='ltr'><strong>tribunali</strong></span> <span class='ocrx_word' id='word_1_373' title='bbox 947 1650 998 1678; x_wconf 87' lang='lat' dir='ltr'><strong>ap-</strong></span> 
     </span>
    </p>
   </div>
   <div class='ocr_carea' id='block_1_51' title="bbox 212 1677 1031 1722">
    <p class='ocr_par' dir='ltr' id='par_1_51' title="bbox 212 1677 1031 1722">
     <span class='ocr_line' id='line_1_51' title="bbox 212 1677 1031 1722; baseline 0.002 -8"><span class='ocrx_word' id='word_1_374' title='bbox 212 1686 386 1722; x_wconf 79' lang='lat' dir='ltr'><strong>probatorem</strong></span> <span class='ocrx_word' id='word_1_375' title='bbox 399 1690 427 1715; x_wconf 87' lang='lat' dir='ltr'><strong>et</strong></span> <span class='ocrx_word' id='word_1_376' title='bbox 438 1688 579 1715; x_wconf 85' lang='lat' dir='ltr'><strong>conscium</strong></span> <span class='ocrx_word' id='word_1_377' title='bbox 589 1687 683 1722; x_wconf 77' lang='lat' dir='ltr'><strong>iudicii</strong></span> <span class='ocrx_word' id='word_1_378' title='bbox 695 1687 776 1715; x_wconf 84' lang='lat' dir='ltr'><strong>habet</strong></span> <span class='ocrx_word' id='word_1_379' title='bbox 785 1687 924 1716; x_wconf 89' lang='lat' dir='ltr'><strong>Christum</strong></span> <span class='ocrx_word' id='word_1_380' title='bbox 937 1688 995 1716; x_wconf 89' lang='lat' dir='ltr'><strong>Dei.</strong></span> <span class='ocrx_word' id='word_1_381' title='bbox 1010 1677 1031 1706; x_wconf 66' lang='grc' dir='ltr'><strong>θ</strong></span> 
     </span>
    </p>
   </div>
   <div class='ocr_carea' id='block_1_52' title="bbox 212 1731 997 1768">
    <p class='ocr_par' dir='ltr' id='par_1_52' title="bbox 212 1731 997 1768">
     <span class='ocr_line' id='line_1_52' title="bbox 212 1731 997 1768; baseline 0.003 -9"><span class='ocrx_word' id='word_1_382' title='bbox 212 1731 242 1759; x_wconf 93' lang='lat' dir='ltr'><strong>Si</strong></span> <span class='ocrx_word' id='word_1_383' title='bbox 257 1733 305 1768; x_wconf 89' lang='lat' dir='ltr'><strong>qui</strong></span> <span class='ocrx_word' id='word_1_384' title='bbox 322 1740 387 1760; x_wconf 83' lang='lat' dir='ltr'><strong>vero</strong></span> <span class='ocrx_word' id='word_1_385' title='bbox 412 1733 446 1760; x_wconf 90' lang='lat' dir='ltr'><strong>de</strong></span> <span class='ocrx_word' id='word_1_386' title='bbox 474 1732 588 1761; x_wconf 71' lang='lat' dir='ltr'><strong>infamia</strong></span> <span class='ocrx_word' id='word_1_387' title='bbox 608 1741 664 1761; x_wconf 92' lang='lat' dir='ltr'><strong>non</strong></span> <span class='ocrx_word' id='word_1_388' title='bbox 689 1737 763 1761; x_wconf 87' lang='lat' dir='ltr'><strong>recte</strong></span> <span class='ocrx_word' id='word_1_389' title='bbox 785 1733 941 1761; x_wconf 86' lang='lat' dir='ltr'><strong>ambulandi</strong></span> <span class='ocrx_word' id='word_1_390' title='bbox 968 1734 997 1761; x_wconf 95' lang='lat' dir='ltr'><strong>in</strong></span> 
     </span>
    </p>
   </div>
   <div class='ocr_carea' id='block_1_53' title="bbox 212 1777 997 1815">
    <p class='ocr_par' dir='ltr' id='par_1_53' title="bbox 212 1777 997 1815">
     <span class='ocr_line' id='line_1_53' title="bbox 212 1777 997 1815; baseline 0.003 -10"><span class='ocrx_word' id='word_1_391' title='bbox 212 1777 329 1806; x_wconf 89' lang='lat' dir='ltr'><strong>Domino</strong></span> <span class='ocrx_word' id='word_1_392' title='bbox 344 1785 360 1806; x_wconf 91' lang='lat' dir='ltr'><strong>a</strong></span> <span class='ocrx_word' id='word_1_393' title='bbox 374 1779 503 1814; x_wconf 89' lang='lat' dir='ltr'><strong>quopiam</strong></span> <span class='ocrx_word' id='word_1_394' title='bbox 519 1784 685 1815; x_wconf 77' lang='lat' dir='ltr'><strong>arguantur;</strong></span> <span class='ocrx_word' id='word_1_395' title='bbox 701 1779 826 1807; x_wconf 89' lang='lat' dir='ltr'><strong>eumdem</strong></span> <span class='ocrx_word' id='word_1_396' title='bbox 845 1779 872 1807; x_wconf 92' lang='lat' dir='ltr'><strong>in</strong></span> <span class='ocrx_word' id='word_1_397' title='bbox 887 1780 997 1807; x_wconf 92' lang='lat' dir='ltr'><strong>modum</strong></span> 
     </span>
    </p>
   </div>
   <div class='ocr_carea' id='block_1_54' title="bbox 212 1825 997 1861">
    <p class='ocr_par' dir='ltr' id='par_1_54' title="bbox 212 1825 997 1861">
     <span class='ocr_line' id='line_1_54' title="bbox 212 1825 997 1861; baseline 0 -9"><span class='ocrx_word' id='word_1_398' title='bbox 212 1829 357 1861; x_wconf 56' lang='lat' dir='ltr'><strong>utramque</strong></span> <span class='ocrx_word' id='word_1_399' title='bbox 368 1833 523 1861; x_wconf 82' lang='lat' dir='ltr'><strong>personam,</strong></span> <span class='ocrx_word' id='word_1_400' title='bbox 536 1829 564 1854; x_wconf 88' lang='lat' dir='ltr'><strong>et</strong></span> <span class='ocrx_word' id='word_1_401' title='bbox 575 1826 745 1853; x_wconf 88' lang='lat' dir='ltr'><strong>accusatoris</strong></span> <span class='ocrx_word' id='word_1_402' title='bbox 760 1829 787 1853; x_wconf 92' lang='lat' dir='ltr'><strong>et</strong></span> <span class='ocrx_word' id='word_1_403' title='bbox 800 1825 932 1858; x_wconf 89' lang='lat' dir='ltr'><strong>accusati,</strong></span> <span class='ocrx_word' id='word_1_404' title='bbox 948 1833 997 1853; x_wconf 89' lang='lat' dir='ltr'><strong>au-</strong></span> 
     </span>
    </p>
   </div>
   <div class='ocr_carea' id='block_1_55' title="bbox 211 1871 998 1907">
    <p class='ocr_par' dir='ltr' id='par_1_55' title="bbox 211 1871 998 1907">
     <span class='ocr_line' id='line_1_55' title="bbox 211 1871 998 1907; baseline 0.001 -9"><span class='ocrx_word' id='word_1_405' title='bbox 211 1871 282 1904; x_wconf 80' lang='lat' dir='ltr'><strong>dite;</strong></span> <span class='ocrx_word' id='word_1_406' title='bbox 311 1875 340 1899; x_wconf 89' lang='lat' dir='ltr'><strong>et</strong></span> <span class='ocrx_word' id='word_1_407' title='bbox 367 1879 423 1899; x_wconf 93' lang='lat' dir='ltr'><strong>non</strong></span> <span class='ocrx_word' id='word_1_408' title='bbox 444 1879 479 1900; x_wconf 78' lang='lat' dir='ltr'><strong>ex</strong></span> <span class='ocrx_word' id='word_1_409' title='bbox 499 1877 665 1907; x_wconf 63' lang='lat' dir='ltr'><strong>praesumpta</strong></span> <span class='ocrx_word' id='word_1_410' title='bbox 687 1871 827 1907; x_wconf 85' lang='lat' dir='ltr'><strong>opinione,</strong></span> <span class='ocrx_word' id='word_1_411' title='bbox 851 1879 939 1906; x_wconf 89' lang='lat' dir='ltr'><strong>neque</strong></span> <span class='ocrx_word' id='word_1_412' title='bbox 963 1879 998 1899; x_wconf 78' lang='lat' dir='ltr'><strong>ex</strong></span> 
     </span>
    </p>
   </div>
   <div class='ocr_carea' id='block_1_56' title="bbox 212 1917 998 1954">
    <p class='ocr_par' dir='ltr' id='par_1_56' title="bbox 212 1917 998 1954">
     <span class='ocr_line' id='line_1_56' title="bbox 212 1917 998 1954; baseline 0.001 -10"><span class='ocrx_word' id='word_1_413' title='bbox 212 1917 305 1946; x_wconf 75' lang='lat' dir='ltr'><strong>studio</strong></span> <span class='ocrx_word' id='word_1_414' title='bbox 327 1917 409 1946; x_wconf 93' lang='lat' dir='ltr'><strong>unius</strong></span> <span class='ocrx_word' id='word_1_415' title='bbox 434 1919 530 1954; x_wconf 88' lang='lat' dir='ltr'><strong>partis,</strong></span> <span class='ocrx_word' id='word_1_416' title='bbox 555 1918 603 1946; x_wconf 88' lang='lat' dir='ltr'><strong>sed</strong></span> <span class='ocrx_word' id='word_1_417' title='bbox 624 1925 657 1946; x_wconf 81' lang='lat' dir='ltr'><strong>ex</strong></span> <span class='ocrx_word' id='word_1_418' title='bbox 677 1918 795 1954; x_wconf 87' lang='lat' dir='ltr'><strong>justitia,</strong></span> <span class='ocrx_word' id='word_1_419' title='bbox 817 1922 947 1953; x_wconf 90' lang='lat' dir='ltr'><strong>tanquam</strong></span> <span class='ocrx_word' id='word_1_420' title='bbox 963 1918 998 1946; x_wconf 89' lang='lat' dir='ltr'><strong>de</strong></span> 
     </span>
    </p>
   </div>
   <div class='ocr_carea' id='block_1_57' title="bbox 210 1964 994 1997">
    <p class='ocr_par' dir='ltr' id='par_1_57' title="bbox 210 1964 994 1997">
     <span class='ocr_line' id='line_1_57' title="bbox 210 1964 994 1997; baseline 0.001 -7"><span class='ocrx_word' id='word_1_421' title='bbox 210 1967 313 1991; x_wconf 67' lang='lat' dir='ltr'><strong>aeterna</strong></span> <span class='ocrx_word' id='word_1_422' title='bbox 331 1964 383 1992; x_wconf 86' lang='lat' dir='ltr'><strong>vita</strong></span> <span class='ocrx_word' id='word_1_423' title='bbox 398 1968 446 1992; x_wconf 89' lang='lat' dir='ltr'><strong>aut</strong></span> <span class='ocrx_word' id='word_1_424' title='bbox 461 1968 559 1997; x_wconf 88' lang='lat' dir='ltr'><strong>morte,</strong></span> <span class='ocrx_word' id='word_1_425' title='bbox 575 1964 658 1992; x_wconf 88' lang='lat' dir='ltr'><strong>dicite</strong></span> <span class='ocrx_word' id='word_1_426' title='bbox 674 1965 848 1992; x_wconf 85' lang='lat' dir='ltr'><strong>sententiam.</strong></span> <span class='ocrx_word' id='word_1_427' title='bbox 871 1974 880 1991; x_wconf 82' lang='grc' dir='ltr'><strong>ι</strong></span> <span class='ocrx_word' id='word_1_428' title='bbox 894 1964 971 1992; x_wconf 83' lang='lat' dir='ltr'><strong>Juste</strong></span> <span class='ocrx_word' id='word_1_429' title='bbox 984 1974 994 1991; x_wconf 77' lang='grc' dir='ltr'><strong>ι</strong></span> 
     </span>
    </p>
   </div>
   <div class='ocr_carea' id='block_1_58' title="bbox 211 2010 997 2047">
    <p class='ocr_par' dir='ltr' id='par_1_58' title="bbox 211 2010 997 2047">
     <span class='ocr_line' id='line_1_58' title="bbox 211 2010 997 2047; baseline 0.001 -10"><span class='ocrx_word' id='word_1_430' title='bbox 211 2010 306 2043; x_wconf 90' lang='lat' dir='ltr'><strong>enim,</strong></span> <span class='ocrx_word' id='word_1_431' title='bbox 337 2010 427 2046; x_wconf 89' lang='lat' dir='ltr'><strong>inquit</strong></span> <span class='ocrx_word' id='word_1_432' title='bbox 450 2010 523 2039; x_wconf 88' lang='lat' dir='ltr'><strong>Deus</strong></span> <span class='ocrx_word' id='word_1_433' title='bbox 537 2030 545 2044; x_wconf 92' lang='lat'><strong>,</strong></span> <span class='ocrx_word' id='word_1_434' title='bbox 575 2011 772 2047; x_wconf 64' lang='lat' dir='ltr'><strong>(persequeris</strong></span> <span class='ocrx_word' id='word_1_435' title='bbox 794 2010 868 2046; x_wconf 91' lang='lat' dir='ltr'><strong>quod</strong></span> <span class='ocrx_word' id='word_1_436' title='bbox 891 2011 997 2046; x_wconf 85' lang='lat' dir='ltr'><strong>justum</strong></span> 
     </span>
    </p>
   </div>
   <div class='ocr_carea' id='block_1_59' title="bbox 210 2057 998 2093">
    <p class='ocr_par' dir='ltr' id='par_1_59' title="bbox 210 2057 998 2093">
     <span class='ocr_line' id='line_1_59' title="bbox 210 2057 998 2093; baseline 0.001 -9"><span class='ocrx_word' id='word_1_437' title='bbox 210 2061 253 2085; x_wconf 89' lang='lat' dir='ltr'><strong>est</strong></span> <span class='ocrx_word' id='word_1_438' title='bbox 270 2057 319 2085; x_wconf 78' lang='grc'><strong>⁸⁸.»</strong></span> <span class='ocrx_word' id='word_1_439' title='bbox 337 2057 405 2084; x_wconf 88' lang='lat' dir='ltr'><strong>Nam</strong></span> <span class='ocrx_word' id='word_1_440' title='bbox 420 2058 468 2093; x_wconf 91' lang='lat' dir='ltr'><strong>qui</strong></span> <span class='ocrx_word' id='word_1_441' title='bbox 478 2057 552 2093; x_wconf 86' lang='lat' dir='ltr'><strong>juste</strong></span> <span class='ocrx_word' id='word_1_442' title='bbox 575 2064 591 2084; x_wconf 89' lang='lat' dir='ltr'><strong>a</strong></span> <span class='ocrx_word' id='word_1_443' title='bbox 612 2057 690 2085; x_wconf 83' lang='lat' dir='ltr'><strong>vobis</strong></span> <span class='ocrx_word' id='word_1_444' title='bbox 705 2057 817 2092; x_wconf 89' lang='lat' dir='ltr'><strong>punitus</strong></span> <span class='ocrx_word' id='word_1_445' title='bbox 831 2061 875 2085; x_wconf 86' lang='lat' dir='ltr'><strong>est</strong></span> <span class='ocrx_word' id='word_1_446' title='bbox 893 2065 925 2085; x_wconf 85' lang='lat' dir='ltr'><strong>ac</strong></span> <span class='ocrx_word' id='word_1_447' title='bbox 949 2065 998 2085; x_wconf 78' lang='lat' dir='ltr'><strong>ex-</strong></span> 
     </span>
    </p>
   </div>
   <div class='ocr_carea' id='block_1_60' title="bbox 210 2103 996 2139">
    <p class='ocr_par' dir='ltr' id='par_1_60' title="bbox 210 2103 996 2139">
     <span class='ocr_line' id='line_1_60' title="bbox 210 2103 996 2139; baseline 0.001 -8"><span class='ocrx_word' id='word_1_448' title='bbox 210 2104 441 2137; x_wconf 86' lang='lat' dir='ltr'><strong>communicatus,</strong></span> <span class='ocrx_word' id='word_1_449' title='bbox 457 2111 473 2131; x_wconf 85' lang='lat' dir='ltr'><strong>a</strong></span> <span class='ocrx_word' id='word_1_450' title='bbox 485 2104 651 2139; x_wconf 82' lang='lat' dir='ltr'><strong>sempiterna</strong></span> <span class='ocrx_word' id='word_1_451' title='bbox 661 2103 716 2131; x_wconf 92' lang='lat' dir='ltr'><strong>vita</strong></span> <span class='ocrx_word' id='word_1_452' title='bbox 730 2107 757 2131; x_wconf 91' lang='lat' dir='ltr'><strong>et</strong></span> <span class='ocrx_word' id='word_1_453' title='bbox 768 2103 853 2139; x_wconf 88' lang='lat' dir='ltr'><strong>gloria</strong></span> <span class='ocrx_word' id='word_1_454' title='bbox 866 2104 996 2139; x_wconf 88' lang='lat' dir='ltr'><strong>rejiculus</strong></span> 
     </span>
    </p>
   </div>
   <div class='ocr_carea' id='block_1_61' title="bbox 210 2150 994 2187">
    <p class='ocr_par' dir='ltr' id='par_1_61' title="bbox 210 2150 994 2187">
     <span class='ocr_line' id='line_1_61' title="bbox 210 2150 994 2187; baseline -0.001 -8"><span class='ocrx_word' id='word_1_455' title='bbox 210 2151 308 2183; x_wconf 84' lang='lat' dir='ltr'><strong>evasit,</strong></span> <span class='ocrx_word' id='word_1_456' title='bbox 329 2155 386 2178; x_wconf 93' lang='lat' dir='ltr'><strong>tum</strong></span> <span class='ocrx_word' id='word_1_457' title='bbox 410 2151 481 2187; x_wconf 87' lang='lat' dir='ltr'><strong>apud</strong></span> <span class='ocrx_word' id='word_1_458' title='bbox 508 2155 620 2179; x_wconf 85' lang='lat' dir='ltr'><strong>sanctos</strong></span> <span class='ocrx_word' id='word_1_459' title='bbox 637 2150 763 2178; x_wconf 86' lang='lat' dir='ltr'><strong>homines</strong></span> <span class='ocrx_word' id='word_1_460' title='bbox 785 2150 994 2186; x_wconf 80' lang='lat' dir='ltr'><strong>ignominiosus,</strong></span> 
     </span>
    </p>
   </div>
   <div class='ocr_carea' id='block_1_62' title="bbox 211 2197 613 2234">
    <p class='ocr_par' dir='ltr' id='par_1_62' title="bbox 211 2197 613 2234">
     <span class='ocr_line' id='line_1_62' title="bbox 211 2197 613 2234; baseline 0.005 -10"><span class='ocrx_word' id='word_1_461' title='bbox 211 2202 269 2226; x_wconf 90' lang='lat' dir='ltr'><strong>tum</strong></span> <span class='ocrx_word' id='word_1_462' title='bbox 283 2197 420 2226; x_wconf 82' lang='lat' dir='ltr'><strong>obnoxius</strong></span> <span class='ocrx_word' id='word_1_463' title='bbox 435 2199 507 2234; x_wconf 90' lang='lat' dir='ltr'><strong>apud</strong></span> <span class='ocrx_word' id='word_1_464' title='bbox 519 2198 613 2226; x_wconf 91' lang='lat' dir='ltr'><strong>Deum.</strong></span> 
     </span>
    </p>
   </div>
   <div class='ocr_carea' id='block_1_63' title="bbox 473 2288 724 2317">
    <p class='ocr_par' dir='ltr' id='par_1_63' title="bbox 473 2288 724 2317">
     <span class='ocr_line' id='line_1_63' title="bbox 473 2288 724 2317; baseline 0 -1"><span class='ocrx_word' id='word_1_465' title='bbox 473 2288 588 2317; x_wconf 81' lang='lat' dir='ltr'><strong>CAPUT</strong></span> <span class='ocrx_word' id='word_1_466' title='bbox 608 2288 724 2317; x_wconf 73' lang='lat' dir='ltr'><strong>XLVIII.</strong></span> 
     </span>
    </p>
   </div>
   <div class='ocr_carea' id='block_1_64' title="bbox 210 2334 1029 2372">
    <p class='ocr_par' dir='ltr' id='par_1_64' title="bbox 210 2334 1029 2372">
     <span class='ocr_line' id='line_1_64' title="bbox 210 2334 1029 2372; baseline 0.001 -10"><span class='ocrx_word' id='word_1_467' title='bbox 210 2334 288 2372; x_wconf 75' lang='lat' dir='ltr'><strong>Quod</strong></span> <span class='ocrx_word' id='word_1_468' title='bbox 303 2343 354 2362; x_wconf 83' lang='lat' dir='ltr'><strong>non</strong></span> <span class='ocrx_word' id='word_1_469' title='bbox 370 2340 489 2372; x_wconf 69' lang='lat' dir='ltr'><strong>oporteat</strong></span> <span class='ocrx_word' id='word_1_470' title='bbox 509 2336 625 2363; x_wconf 76' lang='lat' dir='ltr'><strong>eamdem</strong></span> <span class='ocrx_word' id='word_1_471' title='bbox 643 2344 746 2371; x_wconf 67' lang='lat' dir='ltr'><strong>pinnam</strong></span> <span class='ocrx_word' id='word_1_472' title='bbox 764 2336 791 2364; x_wconf 81' lang='lat' dir='ltr'><strong>in</strong></span> <span class='ocrx_word' id='word_1_473' title='bbox 806 2335 877 2362; x_wconf 79' lang='lat' dir='ltr'><strong>omni</strong></span> <span class='ocrx_word' id='word_1_474' title='bbox 897 2335 991 2363; x_wconf 81' lang='lat' dir='ltr'><strong>delicto</strong></span> <span class='ocrx_word' id='word_1_475' title='bbox 1007 2343 1029 2372; x_wconf 72' lang='grc' dir='ltr'>ῃ</span> 
     </span>
    </p>
   </div>
   <div class='ocr_carea' id='block_1_65' title="bbox 244 2370 955 2407">
    <p class='ocr_par' dir='ltr' id='par_1_65' title="bbox 244 2370 955 2407">
     <span class='ocr_line' id='line_1_65' title="bbox 244 2370 955 2407; baseline 0.001 -10"><span class='ocrx_word' id='word_1_476' title='bbox 244 2371 374 2407; x_wconf 78' lang='lat' dir='ltr'><strong>irrogare,</strong></span> <span class='ocrx_word' id='word_1_477' title='bbox 387 2370 435 2399; x_wconf 62' lang='lat' dir='ltr'><strong>sed</strong></span> <span class='ocrx_word' id='word_1_478' title='bbox 445 2373 557 2405; x_wconf 74' lang='lat' dir='ltr'><strong>variam,</strong></span> <span class='ocrx_word' id='word_1_479' title='bbox 568 2379 616 2406; x_wconf 84' lang='lat' dir='ltr'><strong>pro</strong></span> <span class='ocrx_word' id='word_1_480' title='bbox 631 2370 758 2399; x_wconf 70' lang='lat' dir='ltr'><strong>uarietate</strong></span> <span class='ocrx_word' id='word_1_481' title='bbox 772 2371 955 2407; x_wconf 68' lang='lat' dir='ltr'><strong>delinquentis.</strong></span> 
     </span>
    </p>
   </div>
   <div class='ocr_carea' id='block_1_66' title="bbox 243 2449 991 2487">
    <p class='ocr_par' dir='ltr' id='par_1_66' title="bbox 243 2449 991 2487">
     <span class='ocr_line' id='line_1_66' title="bbox 243 2449 991 2487; baseline 0.003 -10"><span class='ocrx_word' id='word_1_482' title='bbox 243 2449 332 2479; x_wconf 85' lang='lat' dir='ltr'><strong>Nolite</strong></span> <span class='ocrx_word' id='word_1_483' title='bbox 342 2451 376 2479; x_wconf 87' lang='lat' dir='ltr'><strong>de</strong></span> <span class='ocrx_word' id='word_1_484' title='bbox 383 2452 457 2479; x_wconf 91' lang='lat' dir='ltr'><strong>omni</strong></span> <span class='ocrx_word' id='word_1_485' title='bbox 473 2455 586 2487; x_wconf 86' lang='lat' dir='ltr'><strong>peccato</strong></span> <span class='ocrx_word' id='word_1_486' title='bbox 598 2451 722 2480; x_wconf 89' lang='lat' dir='ltr'><strong>eamdem</strong></span> <span class='ocrx_word' id='word_1_487' title='bbox 740 2451 863 2487; x_wconf 80' lang='lat' dir='ltr'><strong>proferre</strong></span> <span class='ocrx_word' id='word_1_488' title='bbox 878 2456 991 2480; x_wconf 85' lang='lat' dir='ltr'><strong>senten-</strong></span> 
     </span>
    </p>
   </div>
   <div class='ocr_carea' id='block_1_67' title="bbox 1301 993 1584 1022">
    <p class='ocr_par' dir='ltr' id='par_1_67' title="bbox 1301 993 1584 1022">
     <span class='ocr_line' id='line_1_67' title="bbox 1301 993 1584 1022; baseline 0.007 -1"><span class='ocrx_word' id='word_1_489' title='bbox 1301 993 1500 1022; x_wconf 79' lang='grc' dir='ltr'><strong>ΚΕΦΔΛΑῙΟΝ</strong></span> <span class='ocrx_word' id='word_1_490' title='bbox 1518 995 1584 1022; x_wconf 84' lang='grc' dir='ltr'><strong>ΜΖ’.</strong></span> 
     </span>
    </p>
   </div>
   <div class='ocr_carea' id='block_1_68' title="bbox 1053 1037 1853 1075">
    <p class='ocr_par' dir='ltr' id='par_1_68' title="bbox 1053 1037 1853 1075">
     <span class='ocr_line' id='line_1_68' title="bbox 1053 1037 1853 1075; baseline 0.004 -9"><span class='ocrx_word' id='word_1_491' title='bbox 1053 1037 1178 1073; x_wconf 79' lang='grc' dir='ltr'>Ὅτιχρὴ</span> <span class='ocrx_word' id='word_1_492' title='bbox 1188 1039 1351 1074; x_wconf 74' lang='grc' dir='ltr'>ἐνδευτέρᾳ</span> <span class='ocrx_word' id='word_1_493' title='bbox 1364 1039 1520 1068; x_wconf 74' lang='grc' dir='ltr'>Σαϐϐάτων</span> <span class='ocrx_word' id='word_1_494' title='bbox 1530 1040 1679 1068; x_wconf 80' lang='grc' dir='ltr'>ποιεῖσθαι</span> <span class='ocrx_word' id='word_1_495' title='bbox 1689 1040 1751 1074; x_wconf 82' lang='grc' dir='ltr'>τὰς</span> <span class='ocrx_word' id='word_1_496' title='bbox 1756 1041 1853 1075; x_wconf 73' lang='grc' dir='ltr'>δίκας.</span> 
     </span>
    </p>
   </div>
   <div class='ocr_carea' id='block_1_69' title="bbox 1085 1084 1854 1123">
    <p class='ocr_par' dir='ltr' id='par_1_69' title="bbox 1085 1084 1854 1123">
     <span class='ocr_line' id='line_1_69' title="bbox 1085 1084 1854 1123; baseline 0.004 -11"><span class='ocrx_word' id='word_1_497' title='bbox 1085 1084 1127 1112; x_wconf 85' lang='grc' dir='ltr'><strong>Τὰ</strong></span> <span class='ocrx_word' id='word_1_498' title='bbox 1148 1085 1311 1121; x_wconf 84' lang='grc' dir='ltr'>δικαστήρια</span> <span class='ocrx_word' id='word_1_499' title='bbox 1341 1085 1419 1121; x_wconf 79' lang='grc' dir='ltr'>ἡμῶν</span> <span class='ocrx_word' id='word_1_500' title='bbox 1447 1085 1563 1120; x_wconf 81' lang='grc' dir='ltr'><strong>γινέσθω</strong></span> <span class='ocrx_word' id='word_1_501' title='bbox 1590 1086 1712 1123; x_wconf 77' lang='grc' dir='ltr'><strong>δευτέρᾳ</strong></span> <span class='ocrx_word' id='word_1_502' title='bbox 1742 1087 1854 1115; x_wconf 61' lang='lat'><strong><em>£4665-</em></strong></span> 
     </span>
    </p>
   </div>
   <div class='ocr_carea' id='block_1_70' title="bbox 1049 1130 1854 1170">
    <p class='ocr_par' dir='ltr' id='par_1_70' title="bbox 1049 1130 1854 1170">
     <span class='ocr_line' id='line_1_70' title="bbox 1049 1130 1854 1170; baseline 0.005 -13"><span class='ocrx_word' id='word_1_503' title='bbox 1049 1138 1104 1157; x_wconf 85' lang='grc' dir='ltr'><strong>των</strong></span> <span class='ocrx_word' id='word_1_504' title='bbox 1125 1130 1200 1166; x_wconf 73' lang='grc'>(84),</span> <span class='ocrx_word' id='word_1_505' title='bbox 1225 1131 1299 1163; x_wconf 80' lang='grc' dir='ltr'>ὅπως</span> <span class='ocrx_word' id='word_1_506' title='bbox 1321 1130 1368 1158; x_wconf 77' lang='grc' dir='ltr'><strong>ἐὰν</strong></span> <span class='ocrx_word' id='word_1_507' title='bbox 1390 1131 1529 1166; x_wconf 82' lang='grc' dir='ltr'>ἀντιλογία</span> <span class='ocrx_word' id='word_1_508' title='bbox 1550 1134 1584 1168; x_wconf 78' lang='grc' dir='ltr'><strong>τῇ</strong></span> <span class='ocrx_word' id='word_1_509' title='bbox 1604 1132 1750 1167; x_wconf 79' lang='grc' dir='ltr'><strong>ἀποφάσει</strong></span> <span class='ocrx_word' id='word_1_510' title='bbox 1776 1135 1854 1170; x_wconf 71' lang='grc' dir='ltr'>ὑμῶν</span> 
     </span>
    </p>
   </div>
   <div class='ocr_carea' id='block_1_71' title="bbox 1049 1175 1855 1216">
    <p class='ocr_par' dir='ltr' id='par_1_71' title="bbox 1049 1175 1855 1216">
     <span class='ocr_line' id='line_1_71' title="bbox 1049 1175 1855 1216; baseline 0.005 -13"><span class='ocrx_word' id='word_1_511' title='bbox 1049 1176 1179 1212; x_wconf 84' lang='grc' dir='ltr'>γένηται,</span> <span class='ocrx_word' id='word_1_512' title='bbox 1194 1176 1247 1208; x_wconf 73' lang='grc' dir='ltr'>ἕως</span> <span class='ocrx_word' id='word_1_513' title='bbox 1261 1175 1400 1204; x_wconf 72' lang='grc' dir='ltr'>Σοῦσά-του</span> <span class='ocrx_word' id='word_1_514' title='bbox 1414 1177 1521 1213; x_wconf 77' lang='grc' dir='ltr'>ἔχοντες</span> <span class='ocrx_word' id='word_1_515' title='bbox 1534 1178 1635 1211; x_wconf 74' lang='grc' dir='ltr'>ἄδειαν,</span> <span class='ocrx_word' id='word_1_516' title='bbox 1650 1179 1794 1216; x_wconf 76' lang='grc' dir='ltr'><strong>δυνηθῆτε</strong></span> <span class='ocrx_word' id='word_1_517' title='bbox 1811 1181 1855 1207; x_wconf 71' lang='grc' dir='ltr'><strong>εὖ·</strong></span> 
     </span>
    </p>
   </div>
   <div class='ocr_carea' id='block_1_72' title="bbox 1049 1221 1855 1262">
    <p class='ocr_par' dir='ltr' id='par_1_72' title="bbox 1049 1221 1855 1262">
     <span class='ocr_line' id='line_1_72' title="bbox 1049 1221 1855 1262; baseline 0.006 -14"><span class='ocrx_word' id='word_1_518' title='bbox 1049 1221 1127 1249; x_wconf 82' lang='grc' dir='ltr'>θῦναι</span> <span class='ocrx_word' id='word_1_519' title='bbox 1142 1222 1192 1259; x_wconf 79' lang='grc' dir='ltr'><strong>τήν</strong></span> <span class='ocrx_word' id='word_1_520' title='bbox 1205 1222 1370 1258; x_wconf 77' lang='grc' dir='ltr'>ἀντιλογίαν,</span> <span class='ocrx_word' id='word_1_521' title='bbox 1385 1224 1433 1251; x_wconf 74' lang='grc' dir='ltr'>καὶ</span> <span class='ocrx_word' id='word_1_522' title='bbox 1447 1224 1601 1260; x_wconf 84' lang='grc' dir='ltr'>είρηνεῦσαι</span> <span class='ocrx_word' id='word_1_523' title='bbox 1616 1226 1658 1257; x_wconf 87' lang='grc' dir='ltr'><strong>είς</strong></span> <span class='ocrx_word' id='word_1_524' title='bbox 1671 1226 1728 1262; x_wconf 80' lang='grc' dir='ltr'>τὴν</span> <span class='ocrx_word' id='word_1_525' title='bbox 1744 1227 1855 1262; x_wconf 80' lang='grc' dir='ltr'>Κυρια-</span> 
     </span>
    </p>
   </div>
   <div class='ocr_carea' id='block_1_73' title="bbox 1049 1268 1853 1309">
    <p class='ocr_par' dir='ltr' id='par_1_73' title="bbox 1049 1268 1853 1309">
     <span class='ocr_line' id='line_1_73' title="bbox 1049 1268 1853 1309; baseline 0.007 -15"><span class='ocrx_word' id='word_1_526' title='bbox 1049 1268 1100 1304; x_wconf 80' lang='grc' dir='ltr'>κὴν</span> <span class='ocrx_word' id='word_1_527' title='bbox 1120 1269 1183 1300; x_wconf 83' lang='grc' dir='ltr'>τοὺς</span> <span class='ocrx_word' id='word_1_528' title='bbox 1204 1268 1415 1305; x_wconf 85' lang='grc' dir='ltr'>διαφερομένους</span> <span class='ocrx_word' id='word_1_529' title='bbox 1437 1270 1507 1306; x_wconf 73' lang='grc' dir='ltr'>πρὸς</span> <span class='ocrx_word' id='word_1_530' title='bbox 1528 1270 1669 1307; x_wconf 83' lang='grc' dir='ltr'>ἀλλήλους.</span> <span class='ocrx_word' id='word_1_531' title='bbox 1695 1273 1853 1309; x_wconf 82' lang='grc' dir='ltr'>Συμπαρέ-</span> 
     </span>
    </p>
   </div>
   <div class='ocr_carea' id='block_1_74' title="bbox 1049 1314 1853 1355">
    <p class='ocr_par' dir='ltr' id='par_1_74' title="bbox 1049 1314 1853 1355">
     <span class='ocr_line' id='line_1_74' title="bbox 1049 1314 1853 1355; baseline 0.007 -15"><span class='ocrx_word' id='word_1_532' title='bbox 1049 1322 1155 1341; x_wconf 88' lang='grc' dir='ltr'>στωσαν</span> <span class='ocrx_word' id='word_1_533' title='bbox 1167 1314 1196 1341; x_wconf 77' lang='grc' dir='ltr'>δὲ</span> <span class='ocrx_word' id='word_1_534' title='bbox 1208 1315 1248 1350; x_wconf 84' lang='grc' dir='ltr'>τῷ</span> <span class='ocrx_word' id='word_1_535' title='bbox 1260 1315 1427 1352; x_wconf 74' lang='grc' dir='ltr'>δικαστηρίῳ</span> <span class='ocrx_word' id='word_1_536' title='bbox 1436 1317 1483 1343; x_wconf 60' lang='grc' dir='ltr'><strong>καὶ¹</strong></span> <span class='ocrx_word' id='word_1_537' title='bbox 1492 1317 1516 1343; x_wconf 89' lang='grc' dir='ltr'><strong>οί</strong></span> <span class='ocrx_word' id='word_1_538' title='bbox 1530 1317 1649 1344; x_wconf 87' lang='grc' dir='ltr'>διάκονοι</span> <span class='ocrx_word' id='word_1_539' title='bbox 1659 1318 1711 1345; x_wconf 71' lang='grc' dir='ltr'>καὶ</span> <span class='ocrx_word' id='word_1_540' title='bbox 1725 1319 1752 1345; x_wconf 83' lang='grc' dir='ltr'><strong>οί</strong></span> <span class='ocrx_word' id='word_1_541' title='bbox 1763 1328 1853 1355; x_wconf 77' lang='grc' dir='ltr'>πρεσ-</span> 
     </span>
    </p>
   </div>
   <div class='ocr_carea' id='block_1_75' title="bbox 1047 1359 1853 1399">
    <p class='ocr_par' dir='ltr' id='par_1_75' title="bbox 1047 1359 1853 1399">
     <span class='ocr_line' id='line_1_75' title="bbox 1047 1359 1853 1399; baseline 0.006 -13"><span class='ocrx_word' id='word_1_542' title='bbox 1047 1359 1156 1396; x_wconf 77' lang='grc' dir='ltr'>6ύτεροι</span> <span class='ocrx_word' id='word_1_543' title='bbox 1178 1360 1245 1397; x_wconf 85' lang='grc'><strong>(85),</strong></span> <span class='ocrx_word' id='word_1_544' title='bbox 1260 1361 1518 1398; x_wconf 86' lang='grc' dir='ltr'>ἀπροσωπολήπτως</span> <span class='ocrx_word' id='word_1_545' title='bbox 1540 1363 1692 1399; x_wconf 80' lang='grc' dir='ltr'>κρίνοντες,</span> <span class='ocrx_word' id='word_1_546' title='bbox 1718 1364 1760 1396; x_wconf 83' lang='grc' dir='ltr'><strong>ὡς</strong></span> <span class='ocrx_word' id='word_1_547' title='bbox 1783 1365 1853 1391; x_wconf 63' lang='lat' dir='ltr'><strong>ears</strong></span> 
     </span>
    </p>
   </div>
   <div class='ocr_carea' id='block_1_76' title="bbox 1047 1406 1854 1445">
    <p class='ocr_par' dir='ltr' id='par_1_76' title="bbox 1047 1406 1854 1445">
     <span class='ocr_line' id='line_1_76' title="bbox 1047 1406 1854 1445; baseline 0.004 -11"><span class='ocrx_word' id='word_1_548' title='bbox 1047 1406 1196 1442; x_wconf 76' lang='grc' dir='ltr'>ἄνθρωποι,</span> <span class='ocrx_word' id='word_1_549' title='bbox 1227 1406 1295 1443; x_wconf 82' lang='grc' dir='ltr'>μετὰ</span> <span class='ocrx_word' id='word_1_550' title='bbox 1322 1407 1502 1444; x_wconf 80' lang='grc' dir='ltr'>δικαιοσύνης.</span> <span class='ocrx_word' id='word_1_551' title='bbox 1532 1409 1778 1445; x_wconf 70' lang='grc' dir='ltr'>Παραγενομένων</span> <span class='ocrx_word' id='word_1_552' title='bbox 1806 1409 1854 1438; x_wconf 73' lang='grc' dir='ltr'><strong>οὖν</strong></span> 
     </span>
    </p>
   </div>
   <div class='ocr_carea' id='block_1_77' title="bbox 1047 1451 1853 1492">
    <p class='ocr_par' dir='ltr' id='par_1_77' title="bbox 1047 1451 1853 1492">
     <span class='ocr_line' id='line_1_77' title="bbox 1047 1451 1853 1492; baseline 0.006 -14"><span class='ocrx_word' id='word_1_553' title='bbox 1047 1451 1185 1488; x_wconf 63' lang='grc' dir='ltr'>ἑκατέρων</span> <span class='ocrx_word' id='word_1_554' title='bbox 1197 1452 1252 1480; x_wconf 84' lang='grc' dir='ltr'><strong>τῶν</strong></span> <span class='ocrx_word' id='word_1_555' title='bbox 1267 1453 1432 1489; x_wconf 80' lang='grc' dir='ltr'>προσώπων,</span> <span class='ocrx_word' id='word_1_556' title='bbox 1453 1454 1544 1486; x_wconf 88' lang='grc' dir='ltr'>καθὼς</span> <span class='ocrx_word' id='word_1_557' title='bbox 1563 1456 1610 1482; x_wconf 79' lang='grc' dir='ltr'><strong>καὶ</strong></span> <span class='ocrx_word' id='word_1_558' title='bbox 1623 1457 1639 1482; x_wconf 84' lang='grc' dir='ltr'><strong>ό</strong></span> <span class='ocrx_word' id='word_1_559' title='bbox 1652 1455 1744 1492; x_wconf 85' lang='grc' dir='ltr'>νόμος</span> <span class='ocrx_word' id='word_1_560' title='bbox 1763 1456 1853 1491; x_wconf 78' lang='grc' dir='ltr'>λέγει,</span> 
     </span>
    </p>
   </div>
   <div class='ocr_carea' id='block_1_78' title="bbox 1049 1499 1854 1537">
    <p class='ocr_par' dir='ltr' id='par_1_78' title="bbox 1049 1499 1854 1537">
     <span class='ocr_line' id='line_1_78' title="bbox 1049 1499 1854 1537; baseline 0.004 -11"><span class='ocrx_word' id='word_1_561' title='bbox 1049 1499 1192 1535; x_wconf 81' lang='grc' dir='ltr'>στήσονται</span> <span class='ocrx_word' id='word_1_562' title='bbox 1209 1499 1334 1535; x_wconf 74' lang='grc' dir='ltr'>ἑκάτεροι</span> <span class='ocrx_word' id='word_1_563' title='bbox 1348 1500 1376 1526; x_wconf 81' lang='grc' dir='ltr'>ὲν</span> <span class='ocrx_word' id='word_1_564' title='bbox 1394 1500 1469 1536; x_wconf 83' lang='grc' dir='ltr'>μέσῳ</span> <span class='ocrx_word' id='word_1_565' title='bbox 1482 1500 1521 1536; x_wconf 87' lang='grc' dir='ltr'>τῷ</span> <span class='ocrx_word' id='word_1_566' title='bbox 1543 1501 1691 1537; x_wconf 85' lang='grc' dir='ltr'>κριτηρίῳ,</span> <span class='ocrx_word' id='word_1_567' title='bbox 1715 1499 1761 1534; x_wconf 77' lang='grc' dir='ltr'>οἷς</span> <span class='ocrx_word' id='word_1_568' title='bbox 1777 1503 1854 1529; x_wconf 64' lang='lat' dir='ltr'><strong>tm</strong></span> 
     </span>
    </p>
   </div>
   <div class='ocr_carea' id='block_1_79' title="bbox 1049 1545 1893 1585">
    <p class='ocr_par' dir='ltr' id='par_1_79' title="bbox 1049 1545 1893 1585">
     <span class='ocr_line' id='line_1_79' title="bbox 1049 1545 1893 1585; baseline 0.006 -12"><span class='ocrx_word' id='word_1_569' title='bbox 1049 1545 1065 1581; x_wconf 85' lang='grc' dir='ltr'>ἡ</span> <span class='ocrx_word' id='word_1_570' title='bbox 1077 1545 1225 1581; x_wconf 71' lang='grc' dir='ltr'>ἀντιλογίω</span> <span class='ocrx_word' id='word_1_571' title='bbox 1243 1546 1291 1574; x_wconf 78' lang='grc' dir='ltr'>καὶ</span> <span class='ocrx_word' id='word_1_572' title='bbox 1301 1546 1464 1580; x_wconf 83' lang='grc' dir='ltr'>ἀκούσαντες</span> <span class='ocrx_word' id='word_1_573' title='bbox 1473 1547 1571 1581; x_wconf 81' lang='grc' dir='ltr'>αὐτῶν,</span> <span class='ocrx_word' id='word_1_574' title='bbox 1582 1547 1665 1582; x_wconf 76' lang='grc' dir='ltr'>ὁσίως</span> <span class='ocrx_word' id='word_1_575' title='bbox 1673 1548 1855 1585; x_wconf 69' lang='grc' dir='ltr'>ἀνενέγκατε</span> <span class='ocrx_word' id='word_1_576' title='bbox 1892 1570 1893 1573; x_wconf 58' lang='grc' dir='ltr'><strong>η</strong></span> 
     </span>
    </p>
   </div>
   <div class='ocr_carea' id='block_1_80' title="bbox 1048 1592 1893 1633">
    <p class='ocr_par' dir='ltr' id='par_1_80' title="bbox 1048 1592 1893 1633">
     <span class='ocr_line' id='line_1_80' title="bbox 1048 1592 1893 1633; baseline 0.005 -14"><span class='ocrx_word' id='word_1_577' title='bbox 1048 1592 1099 1624; x_wconf 78' lang='grc' dir='ltr'>τὰς</span> <span class='ocrx_word' id='word_1_578' title='bbox 1111 1592 1227 1629; x_wconf 79' lang='grc' dir='ltr'>ψήφους,</span> <span class='ocrx_word' id='word_1_579' title='bbox 1243 1593 1438 1626; x_wconf 80' lang='grc' dir='ltr'>σπουδάζοντες</span> <span class='ocrx_word' id='word_1_580' title='bbox 1450 1594 1548 1626; x_wconf 87' lang='grc' dir='ltr'>αὐτοὺς</span> <span class='ocrx_word' id='word_1_581' title='bbox 1560 1595 1655 1629; x_wconf 85' lang='grc' dir='ltr'>φίλους</span> <span class='ocrx_word' id='word_1_582' title='bbox 1668 1595 1855 1633; x_wconf 73' lang='grc' dir='ltr'>ἀμφοτέρως</span> <span class='ocrx_word' id='word_1_583' title='bbox 1892 1613 1893 1616; x_wconf 62' lang='grc' dir='ltr'><strong>η</strong></span> 
     </span>
    </p>
   </div>
   <div class='ocr_carea' id='block_1_81' title="bbox 1050 1639 1855 1676">
    <p class='ocr_par' dir='ltr' id='par_1_81' title="bbox 1050 1639 1855 1676">
     <span class='ocr_line' id='line_1_81' title="bbox 1050 1639 1855 1676; baseline 0.006 -11"><span class='ocrx_word' id='word_1_584' title='bbox 1050 1639 1172 1675; x_wconf 83' lang='grc' dir='ltr'>ποιῆσαι,</span> <span class='ocrx_word' id='word_1_585' title='bbox 1187 1639 1253 1676; x_wconf 75' lang='grc' dir='ltr'>πρὶν</span> <span class='ocrx_word' id='word_1_586' title='bbox 1265 1639 1429 1674; x_wconf 82' lang='grc' dir='ltr'>ἀποφάσεως</span> <span class='ocrx_word' id='word_1_587' title='bbox 1447 1641 1498 1676; x_wconf 80' lang='grc' dir='ltr'>τῆς</span> <span class='ocrx_word' id='word_1_588' title='bbox 1515 1640 1562 1667; x_wconf 76' lang='grc' dir='ltr'><strong>τοῦ</strong></span> <span class='ocrx_word' id='word_1_589' title='bbox 1585 1641 1757 1674; x_wconf 72' lang='grc' dir='ltr'>ἐπισκόπου,</span> <span class='ocrx_word' id='word_1_590' title='bbox 1775 1644 1855 1675; x_wconf 69' lang='lat' dir='ltr'><strong>6m;</strong></span> 
     </span>
    </p>
   </div>
   <div class='ocr_carea' id='block_1_82' title="bbox 1049 1684 1853 1724">
    <p class='ocr_par' dir='ltr' id='par_1_82' title="bbox 1049 1684 1853 1724">
     <span class='ocr_line' id='line_1_82' title="bbox 1049 1684 1853 1724; baseline 0.006 -13"><span class='ocrx_word' id='word_1_591' title='bbox 1049 1684 1087 1720; x_wconf 85' lang='grc' dir='ltr'>μὴ</span> <span class='ocrx_word' id='word_1_592' title='bbox 1100 1684 1203 1718; x_wconf 74' lang='grc' dir='ltr'>ἐξέλθοι</span> <span class='ocrx_word' id='word_1_593' title='bbox 1217 1685 1265 1712; x_wconf 76' lang='grc' dir='ltr'><strong>ἐπὶ</strong></span> <span class='ocrx_word' id='word_1_594' title='bbox 1278 1685 1330 1721; x_wconf 85' lang='grc' dir='ltr'>γῆς</span> <span class='ocrx_word' id='word_1_595' title='bbox 1348 1686 1439 1721; x_wconf 88' lang='grc' dir='ltr'>κρίσις</span> <span class='ocrx_word' id='word_1_596' title='bbox 1458 1685 1529 1712; x_wconf 87' lang='grc' dir='ltr'><strong>κατά</strong></span> <span class='ocrx_word' id='word_1_597' title='bbox 1547 1686 1594 1713; x_wconf 82' lang='grc' dir='ltr'>τοῦ</span> <span class='ocrx_word' id='word_1_598' title='bbox 1616 1687 1853 1724; x_wconf 64' lang='grc' dir='ltr'>ἁμαρτήσαντος</span> 
     </span>
    </p>
   </div>
   <div class='ocr_carea' id='block_1_83' title="bbox 1048 1723 1893 1769">
    <p class='ocr_par' dir='ltr' id='par_1_83' title="bbox 1048 1723 1893 1769">
     <span class='ocr_line' id='line_1_83' title="bbox 1048 1723 1893 1769; baseline 0.007 -12"><span class='ocrx_word' id='word_1_599' title='bbox 1048 1730 1143 1758; x_wconf 83' lang='grc' dir='ltr'>καθότι</span> <span class='ocrx_word' id='word_1_600' title='bbox 1157 1732 1204 1759; x_wconf 76' lang='grc' dir='ltr'>καὶ</span> <span class='ocrx_word' id='word_1_601' title='bbox 1219 1732 1247 1758; x_wconf 85' lang='grc' dir='ltr'>ὲν</span> <span class='ocrx_word' id='word_1_602' title='bbox 1259 1731 1299 1767; x_wconf 82' lang='grc' dir='ltr'>τῷ</span> <span class='ocrx_word' id='word_1_603' title='bbox 1311 1731 1476 1768; x_wconf 82' lang='grc' dir='ltr'>δικαστηρίῳ</span> <span class='ocrx_word' id='word_1_604' title='bbox 1487 1731 1629 1768; x_wconf 76' lang='grc' dir='ltr'>σύμψηφον</span> <span class='ocrx_word' id='word_1_605' title='bbox 1643 1733 1706 1769; x_wconf 76' lang='grc' dir='ltr'>ἔχει</span> <span class='ocrx_word' id='word_1_606' title='bbox 1722 1723 1775 1762; x_wconf 72' lang='grc' dir='ltr'>καὶ</span> <span class='ocrx_word' id='word_1_607' title='bbox 1792 1744 1854 1762; x_wconf 76' lang='grc' dir='ltr'>συν-</span> <span class='ocrx_word' id='word_1_608' title='bbox 1892 1723 1893 1726; x_wconf 14' lang='grc' dir='ltr'>Ἰ</span> 
     </span>
    </p>
   </div>
   <div class='ocr_carea' id='block_1_84' title="bbox 1049 1777 1855 1814">
    <p class='ocr_par' dir='ltr' id='par_1_84' title="bbox 1049 1777 1855 1814">
     <span class='ocr_line' id='line_1_84' title="bbox 1049 1777 1855 1814; baseline 0.005 -10"><span class='ocrx_word' id='word_1_609' title='bbox 1049 1777 1144 1814; x_wconf 77' lang='grc' dir='ltr'>ίστορα</span> <span class='ocrx_word' id='word_1_610' title='bbox 1155 1778 1205 1814; x_wconf 81' lang='grc' dir='ltr'><strong>τῆς</strong></span> <span class='ocrx_word' id='word_1_611' title='bbox 1217 1778 1295 1814; x_wconf 86' lang='grc' dir='ltr'>δίκης</span> <span class='ocrx_word' id='word_1_612' title='bbox 1309 1777 1354 1805; x_wconf 74' lang='grc' dir='ltr'>τὸν</span> <span class='ocrx_word' id='word_1_613' title='bbox 1368 1778 1484 1814; x_wconf 76' lang='grc' dir='ltr'>Χριστὸν</span> <span class='ocrx_word' id='word_1_614' title='bbox 1498 1779 1545 1806; x_wconf 84' lang='grc' dir='ltr'>τοῦ</span> <span class='ocrx_word' id='word_1_615' title='bbox 1559 1779 1636 1806; x_wconf 79' lang='grc' dir='ltr'>Θεοῦ.</span> <span class='ocrx_word' id='word_1_616' title='bbox 1662 1780 1698 1806; x_wconf 79' lang='lat' dir='ltr'><strong>Et</strong></span> <span class='ocrx_word' id='word_1_617' title='bbox 1720 1780 1752 1807; x_wconf 74' lang='grc' dir='ltr'><strong>δέ</strong></span> <span class='ocrx_word' id='word_1_618' title='bbox 1777 1790 1855 1814; x_wconf 78' lang='grc' dir='ltr'>τινες</span> 
     </span>
    </p>
   </div>
   <div class='ocr_carea' id='block_1_85' title="bbox 1047 1823 1854 1863">
    <p class='ocr_par' dir='ltr' id='par_1_85' title="bbox 1047 1823 1854 1863">
     <span class='ocr_line' id='line_1_85' title="bbox 1047 1823 1854 1863; baseline 0.005 -13"><span class='ocrx_word' id='word_1_619' title='bbox 1047 1824 1077 1850; x_wconf 83' lang='grc' dir='ltr'>ὲν</span> <span class='ocrx_word' id='word_1_620' title='bbox 1092 1823 1274 1860; x_wconf 83' lang='grc' dir='ltr'>βλασφημίαις</span> <span class='ocrx_word' id='word_1_621' title='bbox 1286 1824 1333 1852; x_wconf 80' lang='grc' dir='ltr'><strong>τοῦ</strong></span> <span class='ocrx_word' id='word_1_622' title='bbox 1345 1824 1382 1861; x_wconf 82' lang='grc' dir='ltr'><strong>μὴ</strong></span> <span class='ocrx_word' id='word_1_623' title='bbox 1395 1824 1485 1857; x_wconf 83' lang='grc' dir='ltr'>καλῶς</span> <span class='ocrx_word' id='word_1_624' title='bbox 1497 1824 1598 1853; x_wconf 79' lang='grc' dir='ltr'>ὁδεύειν</span> <span class='ocrx_word' id='word_1_625' title='bbox 1610 1826 1640 1852; x_wconf 72' lang='grc' dir='ltr'>ὲν</span> <span class='ocrx_word' id='word_1_626' title='bbox 1655 1826 1761 1863; x_wconf 81' lang='grc' dir='ltr'>Κυρίῳ</span> <span class='ocrx_word' id='word_1_627' title='bbox 1771 1828 1854 1862; x_wconf 62' lang='grc' dir='ltr'>ἐλέγ-</span> 
     </span>
    </p>
   </div>
   <div class='ocr_carea' id='block_1_86' title="bbox 1048 1871 1853 1908">
    <p class='ocr_par' dir='ltr' id='par_1_86' title="bbox 1048 1871 1853 1908">
     <span class='ocr_line' id='line_1_86' title="bbox 1048 1871 1853 1908; baseline 0.004 -11"><span class='ocrx_word' id='word_1_628' title='bbox 1048 1879 1137 1906; x_wconf 83' lang='grc' dir='ltr'>χοιντο</span> <span class='ocrx_word' id='word_1_629' title='bbox 1149 1871 1201 1898; x_wconf 72' lang='grc' dir='ltr'>ὑπό</span> <span class='ocrx_word' id='word_1_630' title='bbox 1215 1879 1297 1903; x_wconf 80' lang='grc' dir='ltr'>τινος,</span> <span class='ocrx_word' id='word_1_631' title='bbox 1317 1871 1418 1907; x_wconf 82' lang='grc' dir='ltr'>ὁμοίως</span> <span class='ocrx_word' id='word_1_632' title='bbox 1436 1871 1601 1904; x_wconf 84' lang='grc' dir='ltr'>ἀκούσαντες</span> <span class='ocrx_word' id='word_1_633' title='bbox 1621 1872 1772 1908; x_wconf 63' lang='grc' dir='ltr'>ἑκατέρων</span> <span class='ocrx_word' id='word_1_634' title='bbox 1795 1875 1853 1901; x_wconf 66' lang='grc' dir='ltr'><strong>τῶν</strong></span> 
     </span>
    </p>
   </div>
   <div class='ocr_carea' id='block_1_87' title="bbox 1048 1916 1852 1957">
    <p class='ocr_par' dir='ltr' id='par_1_87' title="bbox 1048 1916 1852 1957">
     <span class='ocr_line' id='line_1_87' title="bbox 1048 1916 1852 1957; baseline 0.005 -14"><span class='ocrx_word' id='word_1_635' title='bbox 1048 1916 1212 1953; x_wconf 75' lang='grc' dir='ltr'>προσώπων,</span> <span class='ocrx_word' id='word_1_636' title='bbox 1224 1917 1270 1944; x_wconf 79' lang='grc' dir='ltr'>τοῦ</span> <span class='ocrx_word' id='word_1_637' title='bbox 1280 1925 1311 1944; x_wconf 83' lang='grc' dir='ltr'><strong>τε</strong></span> <span class='ocrx_word' id='word_1_638' title='bbox 1320 1917 1545 1953; x_wconf 81' lang='grc' dir='ltr'>κατηγοροῦντος,</span> <span class='ocrx_word' id='word_1_639' title='bbox 1553 1917 1599 1945; x_wconf 71' lang='grc' dir='ltr'>καὶ</span> <span class='ocrx_word' id='word_1_640' title='bbox 1606 1918 1653 1945; x_wconf 84' lang='grc' dir='ltr'>τοῦ</span> <span class='ocrx_word' id='word_1_641' title='bbox 1663 1927 1852 1957; x_wconf 65' lang='grc' dir='ltr'>κατηγορου-</span> 
     </span>
    </p>
   </div>
   <div class='ocr_carea' id='block_1_88' title="bbox 1049 1962 1852 1999">
    <p class='ocr_par' dir='ltr' id='par_1_88' title="bbox 1049 1962 1852 1999">
     <span class='ocr_line' id='line_1_88' title="bbox 1049 1962 1852 1999; baseline -0.012 -9"><span class='ocrx_word' id='word_1_642' title='bbox 1049 1962 1142 1998; x_wconf 80' lang='grc' dir='ltr'>μένου,</span> <span class='ocrx_word' id='word_1_643' title='bbox 1166 1962 1234 1990; x_wconf 78' lang='grc' dir='ltr'>ἀλλὰ</span> <span class='ocrx_word' id='word_1_644' title='bbox 1257 1963 1294 1998; x_wconf 83' lang='grc' dir='ltr'>μὴ</span> <span class='ocrx_word' id='word_1_645' title='bbox 1317 1962 1459 1998; x_wconf 80' lang='grc' dir='ltr'>προλήψει,</span> <span class='ocrx_word' id='word_1_646' title='bbox 1486 1963 1553 1998; x_wconf 68' lang='grc' dir='ltr'>μηδὲ</span> <span class='ocrx_word' id='word_1_647' title='bbox 1575 1965 1750 1999; x_wconf 43' lang='grc' dir='ltr'><strong>μρνομερελν</strong></span> <span class='ocrx_word' id='word_1_648' title='bbox 1779 1967 1852 1994; x_wconf 65' lang='grc' dir='ltr'><strong>ἀλλά</strong></span> 
     </span>
    </p>
   </div>
   <div class='ocr_carea' id='block_1_89' title="bbox 1049 2008 1849 2046">
    <p class='ocr_par' dir='ltr' id='par_1_89' title="bbox 1049 2008 1849 2046">
     <span class='ocr_line' id='line_1_89' title="bbox 1049 2008 1849 2046; baseline 0.005 -11"><span class='ocrx_word' id='word_1_649' title='bbox 1049 2008 1118 2044; x_wconf 80' lang='grc' dir='ltr'>μετὰ</span> <span class='ocrx_word' id='word_1_650' title='bbox 1131 2008 1312 2044; x_wconf 84' lang='grc' dir='ltr'>δικαιοσύνης,</span> <span class='ocrx_word' id='word_1_651' title='bbox 1326 2008 1365 2040; x_wconf 83' lang='grc' dir='ltr'>ὡς</span> <span class='ocrx_word' id='word_1_652' title='bbox 1377 2009 1447 2045; x_wconf 82' lang='grc' dir='ltr'>ὑπὲρ</span> <span class='ocrx_word' id='word_1_653' title='bbox 1461 2008 1532 2044; x_wconf 81' lang='grc' dir='ltr'>ζωῆς</span> <span class='ocrx_word' id='word_1_654' title='bbox 1551 2009 1660 2036; x_wconf 85' lang='grc' dir='ltr'>αίωνίου</span> <span class='ocrx_word' id='word_1_655' title='bbox 1676 2010 1696 2046; x_wconf 80' lang='grc' dir='ltr'>ἢ</span> <span class='ocrx_word' id='word_1_656' title='bbox 1723 2010 1849 2039; x_wconf 66' lang='grc' dir='ltr'>θανάτου</span> 
     </span>
    </p>
   </div>
   <div class='ocr_carea' id='block_1_90' title="bbox 1046 2053 1849 2092">
    <p class='ocr_par' dir='ltr' id='par_1_90' title="bbox 1046 2053 1849 2092">
     <span class='ocr_line' id='line_1_90' title="bbox 1046 2053 1849 2092; baseline 0.004 -11"><span class='ocrx_word' id='word_1_657' title='bbox 1046 2054 1161 2086; x_wconf 83' lang='grc' dir='ltr'>διδόντες</span> <span class='ocrx_word' id='word_1_658' title='bbox 1183 2053 1329 2089; x_wconf 83' lang='grc' dir='ltr'>ἀπόφασιν.</span> <span class='ocrx_word' id='word_1_659' title='bbox 1356 2063 1366 2080; x_wconf 83' lang='grc'>‹</span> <span class='ocrx_word' id='word_1_660' title='bbox 1380 2055 1594 2092; x_wconf 74' lang='grc' dir='ltr'>Δικαίωςιγὰρ,</span> <span class='ocrx_word' id='word_1_661' title='bbox 1616 2056 1702 2092; x_wconf 79' lang='grc' dir='ltr'>φησὶν</span> <span class='ocrx_word' id='word_1_662' title='bbox 1727 2058 1743 2084; x_wconf 83' lang='grc'>6</span> <span class='ocrx_word' id='word_1_663' title='bbox 1764 2058 1849 2091; x_wconf 74' lang='grc' dir='ltr'>Θεὸς,</span> 
     </span>
    </p>
   </div>
   <div class='ocr_carea' id='block_1_91' title="bbox 1049 2100 1849 2139">
    <p class='ocr_par' dir='ltr' id='par_1_91' title="bbox 1049 2100 1849 2139">
     <span class='ocr_line' id='line_1_91' title="bbox 1049 2100 1849 2139; baseline 0.008 -12"><span class='ocrx_word' id='word_1_664' title='bbox 1049 2110 1059 2127; x_wconf 80' lang='grc' dir='ltr'><strong>ι</strong></span> <span class='ocrx_word' id='word_1_665' title='bbox 1077 2100 1166 2133; x_wconf 77' lang='grc' dir='ltr'>διώξει</span> <span class='ocrx_word' id='word_1_666' title='bbox 1180 2100 1210 2128; x_wconf 81' lang='grc' dir='ltr'><strong>τὸ</strong></span> <span class='ocrx_word' id='word_1_667' title='bbox 1223 2100 1334 2128; x_wconf 85' lang='grc' dir='ltr'>δίκαιον.</span> <span class='ocrx_word' id='word_1_668' title='bbox 1343 2110 1353 2127; x_wconf 71' lang='grc' dir='ltr'><strong>ι</strong></span> <span class='ocrx_word' id='word_1_669' title='bbox 1374 2101 1403 2128; x_wconf 92' lang='lat'><strong>&#39;0</strong></span> <span class='ocrx_word' id='word_1_670' title='bbox 1416 2101 1471 2138; x_wconf 87' lang='grc' dir='ltr'><strong>γὰρ</strong></span> <span class='ocrx_word' id='word_1_671' title='bbox 1483 2101 1595 2134; x_wconf 80' lang='grc' dir='ltr'>δικαίως</span> <span class='ocrx_word' id='word_1_672' title='bbox 1607 2103 1787 2139; x_wconf 71' lang='grc' dir='ltr'>τιμωρηθεὶς</span> <span class='ocrx_word' id='word_1_673' title='bbox 1802 2108 1849 2133; x_wconf 71' lang='grc' dir='ltr'>καὶ</span> 
     </span>
    </p>
   </div>
   <div class='ocr_carea' id='block_1_92' title="bbox 1045 2147 1848 2186">
    <p class='ocr_par' dir='ltr' id='par_1_92' title="bbox 1045 2147 1848 2186">
     <span class='ocr_line' id='line_1_92' title="bbox 1045 2147 1848 2186; baseline 0.006 -12"><span class='ocrx_word' id='word_1_674' title='bbox 1045 2147 1203 2184; x_wconf 77' lang='grc' dir='ltr'>ἀφορισθεὶς</span> <span class='ocrx_word' id='word_1_675' title='bbox 1217 2147 1282 2184; x_wconf 87' lang='grc' dir='ltr'>παρ’</span> <span class='ocrx_word' id='word_1_676' title='bbox 1297 2148 1385 2184; x_wconf 80' lang='grc' dir='ltr'>ὑμῶν,</span> <span class='ocrx_word' id='word_1_677' title='bbox 1399 2148 1507 2175; x_wconf 86' lang='grc' dir='ltr'>αἰωνίου</span> <span class='ocrx_word' id='word_1_678' title='bbox 1522 2148 1594 2184; x_wconf 81' lang='grc' dir='ltr'>ζωῆς</span> <span class='ocrx_word' id='word_1_679' title='bbox 1614 2150 1662 2176; x_wconf 77' lang='grc' dir='ltr'>καὶ</span> <span class='ocrx_word' id='word_1_680' title='bbox 1673 2150 1760 2186; x_wconf 77' lang='grc' dir='ltr'>δόξης</span> <span class='ocrx_word' id='word_1_681' title='bbox 1774 2152 1848 2179; x_wconf 74' lang='grc' dir='ltr'>ἀπό-</span> 
     </span>
    </p>
   </div>
   <div class='ocr_carea' id='block_1_93' title="bbox 1046 2193 1847 2234">
    <p class='ocr_par' dir='ltr' id='par_1_93' title="bbox 1046 2193 1847 2234">
     <span class='ocr_line' id='line_1_93' title="bbox 1046 2193 1847 2234; baseline 0.005 -14"><span class='ocrx_word' id='word_1_682' title='bbox 1046 2193 1144 2230; x_wconf 71' lang='grc' dir='ltr'>ϐλητος</span> <span class='ocrx_word' id='word_1_683' title='bbox 1166 2194 1272 2228; x_wconf 82' lang='grc' dir='ltr'>γέγονε,</span> <span class='ocrx_word' id='word_1_684' title='bbox 1293 2195 1339 2221; x_wconf 78' lang='grc' dir='ltr'>καὶ</span> <span class='ocrx_word' id='word_1_685' title='bbox 1360 2194 1426 2230; x_wconf 81' lang='grc' dir='ltr'>παρ’</span> <span class='ocrx_word' id='word_1_686' title='bbox 1446 2193 1598 2230; x_wconf 84' lang='grc' dir='ltr'>ἀνθρώποις</span> <span class='ocrx_word' id='word_1_687' title='bbox 1621 2195 1710 2228; x_wconf 79' lang='grc' dir='ltr'>ὁσίοις</span> <span class='ocrx_word' id='word_1_688' title='bbox 1731 2197 1847 2234; x_wconf 69' lang='grc' dir='ltr'>ἄτιμος,</span> 
     </span>
    </p>
   </div>
   <div class='ocr_carea' id='block_1_94' title="bbox 1047 2240 1421 2277">
    <p class='ocr_par' dir='ltr' id='par_1_94' title="bbox 1047 2240 1421 2277">
     <span class='ocr_line' id='line_1_94' title="bbox 1047 2240 1421 2277; baseline -0.003 -9"><span class='ocrx_word' id='word_1_689' title='bbox 1047 2241 1094 2268; x_wconf 77' lang='grc' dir='ltr'>καὶ</span> <span class='ocrx_word' id='word_1_690' title='bbox 1107 2240 1182 2277; x_wconf 80' lang='grc' dir='ltr'>παρὰ</span> <span class='ocrx_word' id='word_1_691' title='bbox 1196 2240 1255 2276; x_wconf 85' lang='grc' dir='ltr'><strong>Θεῷ</strong></span> <span class='ocrx_word' id='word_1_692' title='bbox 1268 2240 1421 2272; x_wconf 87' lang='grc' dir='ltr'>κατάδικος.</span> 
     </span>
    </p>
   </div>
   <div class='ocr_carea' id='block_1_95' title="bbox 1289 2285 1573 2314">
    <p class='ocr_par' dir='ltr' id='par_1_95' title="bbox 1289 2285 1573 2314">
     <span class='ocr_line' id='line_1_95' title="bbox 1289 2285 1573 2314; baseline 0 -1"><span class='ocrx_word' id='word_1_693' title='bbox 1289 2285 1485 2313; x_wconf 74' lang='grc' dir='ltr'><strong>ΚΕΦΑΔΑΙΟΝ</strong></span> <span class='ocrx_word' id='word_1_694' title='bbox 1502 2286 1573 2314; x_wconf 78' lang='lat' dir='ltr'><strong>MH’.</strong></span> 
     </span>
    </p>
   </div>
   <div class='ocr_carea' id='block_1_96' title="bbox 1046 2331 1845 2394">
    <p class='ocr_par' dir='ltr' id='par_1_96' title="bbox 1046 2331 1845 2394">
     <span class='ocr_line' id='line_1_96' title="bbox 1046 2331 1845 2394; baseline 0 -31"><span class='ocrx_word' id='word_1_695' title='bbox 1046 2337 1109 2363; x_wconf 79' lang='grc' dir='ltr'><strong>ὀτι</strong></span> <span class='ocrx_word' id='word_1_696' title='bbox 1121 2334 1164 2370; x_wconf 82' lang='grc' dir='ltr'>μὴ</span> <span class='ocrx_word' id='word_1_697' title='bbox 1187 2333 1245 2369; x_wconf 82' lang='grc' dir='ltr'><strong>χρὴ</strong></span> <span class='ocrx_word' id='word_1_698' title='bbox 1266 2334 1378 2366; x_wconf 83' lang='grc' dir='ltr'>ταύτην</span> <span class='ocrx_word' id='word_1_699' title='bbox 1400 2331 1455 2368; x_wconf 85' lang='grc'><strong>(86)</strong></span> <span class='ocrx_word' id='word_1_700' title='bbox 1476 2332 1600 2394; x_wconf 56' lang='grc' dir='ltr'><strong>ἐκάἕειν</strong></span> <span class='ocrx_word' id='word_1_701' title='bbox 1621 2334 1769 2369; x_wconf 73' lang='grc' dir='ltr'>τιμωρΙσν</span> <span class='ocrx_word' id='word_1_702' title='bbox 1793 2336 1845 2363; x_wconf 65' lang='grc' dir='ltr'><strong>ἔτι</strong></span> 
     </span>
     <span class='ocr_line' id='line_1_97' title="bbox 1082 2367 1844 2394; baseline 0 0"><span class='ocrx_word' id='word_1_703' title='bbox 1082 2370 1183 2394; x_wconf 70' lang='lat' dir='ltr'><strong>animi)!-</strong></span> <span class='ocrx_word' id='word_1_704' title='bbox 1204 2368 1416 2394; x_wconf 68' lang='grc' dir='ltr'>παπαιιελείιιε.</span> <span class='ocrx_word' id='word_1_705' title='bbox 1436 2368 1518 2394; x_wconf 69' lang='grc' dir='ltr'><strong>ἀλλὰ</strong></span> <span class='ocrx_word' id='word_1_706' title='bbox 1551 2367 1686 2394; x_wconf 74' lang='grc' dir='ltr'>ιάωοοον.</span> <span class='ocrx_word' id='word_1_707' title='bbox 1708 2371 1789 2394; x_wconf 65' lang='grc' dir='ltr'><strong>εωὸι-</strong></span> <span class='ocrx_word' id='word_1_708' title='bbox 1809 2373 1844 2394; x_wconf 67' lang='grc' dir='ltr'><strong>πή</strong></span> 
     </span>
    </p>
   </div>
   <div class='ocr_carea' id='block_1_97' title="bbox 1082 2367 1844 2409">
    <p class='ocr_par' dir='ltr' id='par_1_97' title="bbox 1082 2367 1844 2409">
     <span class='ocr_line' id='line_1_98' title="bbox 1082 2367 1844 2409; baseline -0.001 -14"><span class='ocrx_word' id='word_1_709' title='bbox 1082 2367 1416 2409; x_wconf 43' lang='grc' dir='ltr'>ίτάρῆςῖῐιιτυέμςλείας,</span> <span class='ocrx_word' id='word_1_710' title='bbox 1436 2368 1518 2395; x_wconf 70' lang='grc' dir='ltr'><strong>ἀλλὰ</strong></span> <span class='ocrx_word' id='word_1_711' title='bbox 1531 2367 1789 2405; x_wconf 41' lang='grc' dir='ltr'>διάφορὸνίπρὲς</span> <span class='ocrx_word' id='word_1_712' title='bbox 1809 2373 1844 2399; x_wconf 66' lang='grc' dir='ltr'><strong>τύ</strong></span> 
     </span>
    </p>
   </div>
   <div class='ocr_carea' id='block_1_98' title="bbox 1081 2402 1532 2440">
    <p class='ocr_par' dir='ltr' id='par_1_98' title="bbox 1081 2402 1532 2440">
     <span class='ocr_line' id='line_1_99' title="bbox 1081 2402 1532 2440; baseline -0.004 -7"><span class='ocrx_word' id='word_1_713' title='bbox 1081 2402 1223 2440; x_wconf 64' lang='grc' dir='ltr'>διάφορον</span> <span class='ocrx_word' id='word_1_714' title='bbox 1237 2402 1290 2430; x_wconf 79' lang='grc' dir='ltr'>τοῦ</span> <span class='ocrx_word' id='word_1_715' title='bbox 1305 2402 1532 2437; x_wconf 72' lang='grc' dir='ltr'>ἁμαρτάνοντος.</span> 
     </span>
    </p>
   </div>
   <div class='ocr_carea' id='block_1_99' title="bbox 1082 2448 1847 2487">
    <p class='ocr_par' dir='ltr' id='par_1_99' title="bbox 1082 2448 1847 2487">
     <span class='ocr_line' id='line_1_100' title="bbox 1082 2448 1847 2487; baseline 0.001 -9"><span class='ocrx_word' id='word_1_716' title='bbox 1082 2452 1128 2487; x_wconf 81' lang='grc' dir='ltr'><strong>Μὴ</strong></span> <span class='ocrx_word' id='word_1_717' title='bbox 1143 2451 1232 2486; x_wconf 84' lang='grc' dir='ltr'>πάσης</span> <span class='ocrx_word' id='word_1_718' title='bbox 1245 2449 1275 2476; x_wconf 68' lang='grc' dir='ltr'>δὲ</span> <span class='ocrx_word' id='word_1_719' title='bbox 1289 2448 1424 2485; x_wconf 72' lang='grc' dir='ltr'>ἁμαρτίας</span> <span class='ocrx_word' id='word_1_720' title='bbox 1435 2449 1486 2485; x_wconf 81' lang='grc' dir='ltr'>τὴν</span> <span class='ocrx_word' id='word_1_721' title='bbox 1501 2449 1586 2486; x_wconf 78' lang='grc' dir='ltr'>αὐτὴν</span> <span class='ocrx_word' id='word_1_722' title='bbox 1597 2452 1721 2479; x_wconf 75' lang='grc' dir='ltr'>ποιεῖσθε</span> <span class='ocrx_word' id='word_1_723' title='bbox 1732 2453 1847 2487; x_wconf 67' lang='grc' dir='ltr'>ἀπόφα-</span> 
     </span>
    </p>
   </div>
   <div class='ocr_carea' id='block_1_100' title="bbox 243 2505 1350 2543">
    <p class='ocr_par' dir='ltr' id='par_1_100' title="bbox 243 2505 1350 2543">
     <span class='ocr_line' id='line_1_101' title="bbox 243 2505 1350 2543; baseline -0.003 -7"><span class='ocrx_word' id='word_1_724' title='bbox 243 2507 268 2524; x_wconf 84' lang='grc'><strong>⁸⁴</strong></span> <span class='ocrx_word' id='word_1_725' title='bbox 284 2507 380 2537; x_wconf 75' lang='lat' dir='ltr'><strong>Matth.</strong></span> <span class='ocrx_word' id='word_1_726' title='bbox 392 2515 472 2543; x_wconf 79' lang='lat' dir='ltr'><strong>xvnt,</strong></span> <span class='ocrx_word' id='word_1_727' title='bbox 485 2508 530 2535; x_wconf 75' lang='grc'><strong>21.</strong></span> <span class='ocrx_word' id='word_1_728' title='bbox 567 2508 589 2524; x_wconf 74' lang='grc' dir='ltr'>’ί</span> <span class='ocrx_word' id='word_1_729' title='bbox 598 2507 693 2536; x_wconf 80' lang='lat' dir='ltr'><strong>Matth.</strong></span> <span class='ocrx_word' id='word_1_730' title='bbox 710 2516 739 2540; x_wconf 84' lang='grc' dir='ltr'><strong>ν,</strong></span> <span class='ocrx_word' id='word_1_731' title='bbox 753 2507 781 2536; x_wconf 87' lang='lat'><strong>9.</strong></span> <span class='ocrx_word' id='word_1_732' title='bbox 820 2508 844 2524; x_wconf 82' lang='lat'><strong>&quot;</strong></span> <span class='ocrx_word' id='word_1_733' title='bbox 856 2508 934 2536; x_wconf 92' lang='lat' dir='ltr'><strong>Deut.</strong></span> <span class='ocrx_word' id='word_1_734' title='bbox 949 2516 1007 2541; x_wconf 70' lang='lat' dir='ltr'><strong>mi.</strong></span> <span class='ocrx_word' id='word_1_735' title='bbox 1023 2509 1068 2537; x_wconf 81' lang='lat' dir='ltr'><strong>l7.</strong></span> <span class='ocrx_word' id='word_1_736' title='bbox 1106 2508 1129 2525; x_wconf 84' lang='grc'><strong>³³</strong></span> <span class='ocrx_word' id='word_1_737' title='bbox 1140 2507 1219 2536; x_wconf 89' lang='lat' dir='ltr'><strong>Deut.</strong></span> <span class='ocrx_word' id='word_1_738' title='bbox 1234 2514 1291 2540; x_wconf 76' lang='lat' dir='ltr'><strong>va,</strong></span> <span class='ocrx_word' id='word_1_739' title='bbox 1305 2505 1350 2534; x_wconf 75' lang='lat'><strong>20.</strong></span> 
     </span>
    </p>
   </div>
   <div class='ocr_carea' id='block_1_101' title="bbox 852 2567 1163 2596">
    <p class='ocr_par' dir='ltr' id='par_1_101' title="bbox 852 2567 1163 2596">
     <span class='ocr_line' id='line_1_102' title="bbox 852 2567 1163 2596; baseline -0.003 -1"><span class='ocrx_word' id='word_1_740' title='bbox 852 2567 1033 2596; x_wconf 80' lang='lat' dir='ltr'><strong>VARIORUM</strong></span> <span class='ocrx_word' id='word_1_741' title='bbox 1049 2567 1163 2596; x_wconf 64' lang='lat' dir='ltr'><strong>NOTAE.</strong></span> 
     </span>
    </p>
   </div>
   <div class='ocr_carea' id='block_1_102' title="bbox 241 2624 991 2662">
    <p class='ocr_par' dir='ltr' id='par_1_102' title="bbox 241 2624 991 2662">
     <span class='ocr_line' id='line_1_103' title="bbox 241 2624 991 2662; baseline -0.001 -9"><span class='ocrx_word' id='word_1_742' title='bbox 241 2626 297 2662; x_wconf 64' lang='grc'><strong>(84)</strong></span> <span class='ocrx_word' id='word_1_743' title='bbox 317 2626 444 2661; x_wconf 76' lang='grc' dir='ltr'>Δευτέρᾳ</span> <span class='ocrx_word' id='word_1_744' title='bbox 456 2624 706 2662; x_wconf 63' lang='grc' dir='ltr'>Σαϐϐάτων.ᾘοο</span> <span class='ocrx_word' id='word_1_745' title='bbox 719 2629 779 2662; x_wconf 82' lang='lat' dir='ltr'><strong>est,</strong></span> <span class='ocrx_word' id='word_1_746' title='bbox 805 2625 926 2662; x_wconf 81' lang='lat' dir='ltr'><strong>secundo</strong></span> <span class='ocrx_word' id='word_1_747' title='bbox 946 2625 991 2662; x_wconf 84' lang='lat' dir='ltr'><strong>die</strong></span> 
     </span>
    </p>
   </div>
   <div class='ocr_carea' id='block_1_103' title="bbox 201 2660 992 2695">
    <p class='ocr_par' dir='ltr' id='par_1_103' title="bbox 201 2660 992 2695">
     <span class='ocr_line' id='line_1_104' title="bbox 201 2660 992 2695; baseline -0.001 -7"><span class='ocrx_word' id='word_1_748' title='bbox 201 2662 214 2688; x_wconf 57' lang='grc' dir='ltr'>ξι</span> <span class='ocrx_word' id='word_1_749' title='bbox 224 2660 396 2693; x_wconf 70' lang='lat' dir='ltr'><strong>ebddmadis,</strong></span> <span class='ocrx_word' id='word_1_750' title='bbox 411 2669 472 2688; x_wconf 83' lang='lat' dir='ltr'><strong>nam</strong></span> <span class='ocrx_word' id='word_1_751' title='bbox 487 2661 615 2688; x_wconf 75' lang='grc' dir='ltr'>Σᾱὸϐατα</span> <span class='ocrx_word' id='word_1_752' title='bbox 630 2661 674 2688; x_wconf 92' lang='lat' dir='ltr'><strong>hic</strong></span> <span class='ocrx_word' id='word_1_753' title='bbox 688 2660 873 2688; x_wconf 78' lang='lat' dir='ltr'><strong>hebdomudem</strong></span> <span class='ocrx_word' id='word_1_754' title='bbox 887 2661 992 2695; x_wconf 78' lang='lat' dir='ltr'><strong>signiﬁ-</strong></span> 
     </span>
    </p>
   </div>
   <div class='ocr_carea' id='block_1_104' title="bbox 200 2695 990 2727">
    <p class='ocr_par' dir='ltr' id='par_1_104' title="bbox 200 2695 990 2727">
     <span class='ocr_line' id='line_1_105' title="bbox 200 2695 990 2727; baseline -0.003 -2"><span class='ocrx_word' id='word_1_755' title='bbox 200 2701 260 2727; x_wconf 81' lang='lat' dir='ltr'><strong>cat.</strong></span> <span class='ocrx_word' id='word_1_756' title='bbox 276 2705 330 2724; x_wconf 88' lang='lat' dir='ltr'><strong>non</strong></span> <span class='ocrx_word' id='word_1_757' title='bbox 347 2697 504 2723; x_wconf 81' lang='lat' dir='ltr'><strong>Sabbatum.</strong></span> <span class='ocrx_word' id='word_1_758' title='bbox 531 2695 576 2723; x_wconf 86' lang='lat' dir='ltr'><strong>Sic</strong></span> <span class='ocrx_word' id='word_1_759' title='bbox 587 2697 646 2724; x_wconf 88' lang='lat' dir='ltr'><strong>dies</strong></span> <span class='ocrx_word' id='word_1_760' title='bbox 662 2696 744 2727; x_wconf 84' lang='lat' dir='ltr'><strong>solis,</strong></span> <span class='ocrx_word' id='word_1_761' title='bbox 766 2696 823 2724; x_wconf 88' lang='lat' dir='ltr'><strong>sive</strong></span> <span class='ocrx_word' id='word_1_762' title='bbox 834 2695 990 2723; x_wconf 86' lang='lat' dir='ltr'><strong>Dominicus</strong></span> 
     </span>
    </p>
   </div>
   <div class='ocr_carea' id='block_1_105' title="bbox 206 2730 990 2767">
    <p class='ocr_par' dir='ltr' id='par_1_105' title="bbox 206 2730 990 2767">
     <span class='ocr_line' id='line_1_106' title="bbox 206 2730 990 2767; baseline -0.004 -7"><span class='ocrx_word' id='word_1_763' title='bbox 206 2733 308 2760; x_wconf 82' lang='lat' dir='ltr'><strong>dicitur</strong></span> <span class='ocrx_word' id='word_1_764' title='bbox 332 2732 381 2767; x_wconf 87' lang='grc' dir='ltr'><strong>μία</strong></span> <span class='ocrx_word' id='word_1_765' title='bbox 405 2731 551 2759; x_wconf 76' lang='grc' dir='ltr'>Σαϐϐάτων</span> <span class='ocrx_word' id='word_1_766' title='bbox 567 2731 661 2758; x_wconf 85' lang='lat' dir='ltr'><strong>Matth.</strong></span> <span class='ocrx_word' id='word_1_767' title='bbox 686 2739 783 2762; x_wconf 76' lang='lat' dir='ltr'><strong>xxvnl,</strong></span> <span class='ocrx_word' id='word_1_768' title='bbox 803 2731 833 2767; x_wconf 28' lang='lat' dir='ltr'><strong>Al,</strong></span> <span class='ocrx_word' id='word_1_769' title='bbox 853 2730 887 2767; x_wconf 91' lang='lat' dir='ltr'><strong>a_d</strong></span> <span class='ocrx_word' id='word_1_770' title='bbox 909 2738 990 2767; x_wconf 91' lang='lat' dir='ltr'><strong>quem</strong></span> 
     </span>
    </p>
   </div>
   <div class='ocr_carea' id='block_1_106' title="bbox 206 2765 988 2802">
    <p class='ocr_par' dir='ltr' id='par_1_106' title="bbox 206 2765 988 2802">
     <span class='ocr_line' id='line_1_107' title="bbox 206 2765 988 2802; baseline -0.003 -8"><span class='ocrx_word' id='word_1_771' title='bbox 206 2768 295 2795; x_wconf 65' lang='lat' dir='ltr'><strong>lorum</strong></span> <span class='ocrx_word' id='word_1_772' title='bbox 309 2765 371 2796; x_wconf 86' lang='lat' dir='ltr'><strong>vide</strong></span> <span class='ocrx_word' id='word_1_773' title='bbox 392 2768 565 2802; x_wconf 85' lang='lat' dir='ltr'><strong>interpretes,</strong></span> <span class='ocrx_word' id='word_1_774' title='bbox 581 2771 610 2794; x_wconf 90' lang='lat' dir='ltr'><strong>et</strong></span> <span class='ocrx_word' id='word_1_775' title='bbox 628 2767 780 2802; x_wconf 72' lang='lat' dir='ltr'><strong>pmsertim</strong></span> <span class='ocrx_word' id='word_1_776' title='bbox 803 2765 837 2794; x_wconf 89' lang='lat' dir='ltr'><strong>ll.</strong></span> <span class='ocrx_word' id='word_1_777' title='bbox 853 2765 988 2794; x_wconf 85' lang='lat' dir='ltr'><strong>Grotium.</strong></span> 
     </span>
    </p>
   </div>
   <div class='ocr_carea' id='block_1_107' title="bbox 204 2803 288 2830">
    <p class='ocr_par' dir='ltr' id='par_1_107' title="bbox 204 2803 288 2830">
     <span class='ocr_line' id='line_1_108' title="bbox 204 2803 288 2830; baseline 0.012 -1"><span class='ocrx_word' id='word_1_778' title='bbox 204 2803 288 2830; x_wconf 59' lang='lat' dir='ltr'><strong>Cum</strong></span> 
     </span>
    </p>
   </div>
   <div class='ocr_carea' id='block_1_108' title="bbox 238 2835 987 2872">
    <p class='ocr_par' dir='ltr' id='par_1_108' title="bbox 238 2835 987 2872">
     <span class='ocr_line' id='line_1_109' title="bbox 238 2835 987 2872; baseline -0.003 -7"><span class='ocrx_word' id='word_1_779' title='bbox 238 2837 295 2870; x_wconf 79' lang='lat'><strong>(85)</strong></span> <span class='ocrx_word' id='word_1_780' title='bbox 316 2836 579 2872; x_wconf 81' lang='grc' dir='ltr'>Συμπαρέστωσαν</span> <span class='ocrx_word' id='word_1_781' title='bbox 588 2837 631 2869; x_wconf 79' lang='grc' dir='ltr'><strong>δέ,</strong></span> <span class='ocrx_word' id='word_1_782' title='bbox 642 2846 668 2864; x_wconf 83' lang='grc' dir='ltr'>κ.</span> <span class='ocrx_word' id='word_1_783' title='bbox 677 2845 702 2863; x_wconf 87' lang='grc' dir='ltr'>τ.</span> <span class='ocrx_word' id='word_1_784' title='bbox 711 2837 736 2864; x_wconf 88' lang='grc' dir='ltr'>λ.</span> <span class='ocrx_word' id='word_1_785' title='bbox 748 2836 884 2864; x_wconf 87' lang='lat' dir='ltr'><strong>Interdum</strong></span> <span class='ocrx_word' id='word_1_786' title='bbox 891 2835 938 2872; x_wconf 75' lang='lat' dir='ltr'><strong>jus</strong></span> <span class='ocrx_word' id='word_1_787' title='bbox 944 2835 987 2862; x_wconf 93' lang='lat' dir='ltr'><strong>di-</strong></span> 
     </span>
    </p>
   </div>
   <div class='ocr_carea' id='block_1_109' title="bbox 206 2871 988 2908">
    <p class='ocr_par' dir='ltr' id='par_1_109' title="bbox 206 2871 988 2908">
     <span class='ocr_line' id='line_1_110' title="bbox 206 2871 988 2908; baseline -0.001 -9"><span class='ocrx_word' id='word_1_788' title='bbox 206 2876 305 2900; x_wconf 80' lang='lat' dir='ltr'><strong>cebant</strong></span> <span class='ocrx_word' id='word_1_789' title='bbox 316 2873 436 2908; x_wconf 87' lang='lat' dir='ltr'><strong>episcopi</strong></span> <span class='ocrx_word' id='word_1_790' title='bbox 449 2873 510 2907; x_wconf 81' lang='lat' dir='ltr'><strong>soli;</strong></span> <span class='ocrx_word' id='word_1_791' title='bbox 518 2873 653 2900; x_wconf 89' lang='lat' dir='ltr'><strong>interdum</strong></span> <span class='ocrx_word' id='word_1_792' title='bbox 660 2872 798 2901; x_wconf 85' lang='lat' dir='ltr'><strong>advocatis</strong></span> <span class='ocrx_word' id='word_1_793' title='bbox 810 2872 837 2900; x_wconf 93' lang='lat' dir='ltr'><strong>in</strong></span> <span class='ocrx_word' id='word_1_794' title='bbox 844 2871 988 2900; x_wconf 88' lang='lat' dir='ltr'><strong>consilium</strong></span> 
     </span>
    </p>
   </div>
   <div class='ocr_carea' id='block_1_110' title="bbox 1043 2622 1838 2658">
    <p class='ocr_par' dir='ltr' id='par_1_110' title="bbox 1043 2622 1838 2658">
     <span class='ocr_line' id='line_1_111' title="bbox 1043 2622 1838 2658; baseline -0.001 -6"><span class='ocrx_word' id='word_1_795' title='bbox 1043 2624 1152 2652; x_wconf 89' lang='lat' dir='ltr'><strong>clericis</strong></span> <span class='ocrx_word' id='word_1_796' title='bbox 1165 2623 1234 2651; x_wconf 88' lang='lat' dir='ltr'><strong>suis.</strong></span> <span class='ocrx_word' id='word_1_797' title='bbox 1253 2622 1406 2658; x_wconf 86' lang='lat' dir='ltr'><strong>Aliquando</strong></span> <span class='ocrx_word' id='word_1_798' title='bbox 1422 2622 1574 2650; x_wconf 84' lang='lat' dir='ltr'><strong>liberabant</strong></span> <span class='ocrx_word' id='word_1_799' title='bbox 1594 2631 1625 2651; x_wconf 89' lang='lat' dir='ltr'><strong>se</strong></span> <span class='ocrx_word' id='word_1_800' title='bbox 1638 2631 1670 2651; x_wconf 89' lang='lat' dir='ltr'><strong>ea</strong></span> <span class='ocrx_word' id='word_1_801' title='bbox 1685 2624 1815 2652; x_wconf 84' lang='lat' dir='ltr'><strong>molestia</strong></span> <span class='ocrx_word' id='word_1_802' title='bbox 1828 2634 1838 2657; x_wconf 86' lang='lat'><strong>;</strong></span> 
     </span>
    </p>
   </div>
   <div class='ocr_carea' id='block_1_111' title="bbox 1044 2658 1836 2702">
    <p class='ocr_par' dir='ltr' id='par_1_111' title="bbox 1044 2658 1836 2702">
     <span class='ocr_line' id='line_1_112' title="bbox 1044 2658 1836 2702; baseline -0.001 -16"><span class='ocrx_word' id='word_1_803' title='bbox 1044 2659 1275 2702; x_wconf 64' lang='lat' dir='ltr'><strong>inferioribusque</strong></span> <span class='ocrx_word' id='word_1_804' title='bbox 1292 2658 1434 2702; x_wconf 71' lang='lat' dir='ltr'><strong>ordinibus</strong></span> <span class='ocrx_word' id='word_1_805' title='bbox 1454 2658 1540 2685; x_wconf 89' lang='lat' dir='ltr'><strong>litium</strong></span> <span class='ocrx_word' id='word_1_806' title='bbox 1555 2658 1836 2702; x_wconf 43' lang='lat' dir='ltr'><strong>diremptionem-re-</strong></span> 
     </span>
    </p>
   </div>
   <div class='ocr_carea' id='block_1_112' title="bbox 1043 2693 1835 2729">
    <p class='ocr_par' dir='ltr' id='par_1_112' title="bbox 1043 2693 1835 2729">
     <span class='ocr_line' id='line_1_113' title="bbox 1043 2693 1835 2729; baseline -0.003 -7"><span class='ocrx_word' id='word_1_807' title='bbox 1043 2694 1212 2729; x_wconf 84' lang='lat' dir='ltr'><strong>linquebant.</strong></span> <span class='ocrx_word' id='word_1_808' title='bbox 1221 2693 1314 2729; x_wconf 82' lang='lat' dir='ltr'><strong>Coacti</strong></span> <span class='ocrx_word' id='word_1_809' title='bbox 1326 2694 1405 2720; x_wconf 85' lang='lat' dir='ltr'><strong>etiam</strong></span> <span class='ocrx_word' id='word_1_810' title='bbox 1418 2700 1614 2729; x_wconf 65' lang='lat' dir='ltr'><strong>nonnunquam</strong></span> <span class='ocrx_word' id='word_1_811' title='bbox 1626 2693 1739 2720; x_wconf 85' lang='lat' dir='ltr'><strong>luerunt</strong></span> <span class='ocrx_word' id='word_1_812' title='bbox 1750 2694 1835 2720; x_wconf 74' lang='lat' dir='ltr'><strong>laicus</strong></span> 
     </span>
    </p>
   </div>
   <div class='ocr_carea' id='block_1_113' title="bbox 1043 2728 1834 2763">
    <p class='ocr_par' dir='ltr' id='par_1_113' title="bbox 1043 2728 1834 2763">
     <span class='ocr_line' id='line_1_114' title="bbox 1043 2728 1834 2763; baseline -0.003 -7"><span class='ocrx_word' id='word_1_813' title='bbox 1043 2728 1098 2756; x_wconf 80' lang='lat' dir='ltr'><strong>hac</strong></span> <span class='ocrx_word' id='word_1_814' title='bbox 1110 2729 1135 2756; x_wconf 90' lang='lat' dir='ltr'><strong>in</strong></span> <span class='ocrx_word' id='word_1_815' title='bbox 1147 2737 1176 2756; x_wconf 91' lang='lat' dir='ltr'><strong>re</strong></span> <span class='ocrx_word' id='word_1_816' title='bbox 1184 2728 1291 2756; x_wconf 87' lang='lat' dir='ltr'><strong>clericis</strong></span> <span class='ocrx_word' id='word_1_817' title='bbox 1302 2735 1467 2763; x_wconf 63' lang='lat' dir='ltr'><strong>praeponere.</strong></span> <span class='ocrx_word' id='word_1_818' title='bbox 1477 2728 1562 2762; x_wconf 82' lang='lat' dir='ltr'><strong>Cujus</strong></span> <span class='ocrx_word' id='word_1_819' title='bbox 1574 2728 1663 2755; x_wconf 90' lang='lat' dir='ltr'><strong>ultimi</strong></span> <span class='ocrx_word' id='word_1_820' title='bbox 1675 2730 1834 2763; x_wconf 72' lang='lat' dir='ltr'><strong>exemplum</strong></span> 
     </span>
    </p>
   </div>
   <div class='ocr_carea' id='block_1_114' title="bbox 1043 2762 1830 2798">
    <p class='ocr_par' dir='ltr' id='par_1_114' title="bbox 1043 2762 1830 2798">
     <span class='ocr_line' id='line_1_115' title="bbox 1043 2762 1830 2798; baseline -0.003 -7"><span class='ocrx_word' id='word_1_821' title='bbox 1043 2764 1127 2791; x_wconf 81' lang='lat' dir='ltr'><strong>habes</strong></span> <span class='ocrx_word' id='word_1_822' title='bbox 1141 2764 1211 2798; x_wconf 92' lang='lat' dir='ltr'><strong>apud</strong></span> <span class='ocrx_word' id='word_1_823' title='bbox 1229 2762 1379 2790; x_wconf 80' lang='lat' dir='ltr'><strong>Socratem.</strong></span> <span class='ocrx_word' id='word_1_824' title='bbox 1397 2762 1559 2798; x_wconf 38' lang='grc' dir='ltr'><strong>Ηίδιηεεσι..</strong></span> <span class='ocrx_word' id='word_1_825' title='bbox 1577 2763 1626 2790; x_wconf 93' lang='lat' dir='ltr'><strong>lih.</strong></span> <span class='ocrx_word' id='word_1_826' title='bbox 1640 2772 1693 2796; x_wconf 84' lang='lat' dir='ltr'><strong>vn,</strong></span> <span class='ocrx_word' id='word_1_827' title='bbox 1710 2762 1770 2798; x_wconf 62' lang='lat' dir='ltr'><strong>cap.</strong></span> <span class='ocrx_word' id='word_1_828' title='bbox 1784 2763 1830 2796; x_wconf 72' lang='grc' dir='ltr'><strong>Ξῖ,</strong></span> 
     </span>
    </p>
   </div>
   <div class='ocr_carea' id='block_1_115' title="bbox 1042 2797 1536 2833">
    <p class='ocr_par' dir='ltr' id='par_1_115' title="bbox 1042 2797 1536 2833">
     <span class='ocr_line' id='line_1_116' title="bbox 1042 2797 1536 2833; baseline -0.004 -7"><span class='ocrx_word' id='word_1_829' title='bbox 1042 2799 1070 2827; x_wconf 88' lang='lat' dir='ltr'><strong>in</strong></span> <span class='ocrx_word' id='word_1_830' title='bbox 1087 2797 1197 2826; x_wconf 84' lang='lat' dir='ltr'><strong>Silvano</strong></span> <span class='ocrx_word' id='word_1_831' title='bbox 1212 2798 1301 2833; x_wconf 77' lang='lat' dir='ltr'><strong>Troja:</strong></span> <span class='ocrx_word' id='word_1_832' title='bbox 1315 2799 1452 2833; x_wconf 88' lang='lat' dir='ltr'><strong>episcopo.</strong></span> <span class='ocrx_word' id='word_1_833' title='bbox 1468 2797 1536 2825; x_wconf 87' lang='lat' dir='ltr'><strong>Cor.</strong></span> 
     </span>
    </p>
   </div>
   <div class='ocr_carea' id='block_1_116' title="bbox 1076 2832 1828 2869">
    <p class='ocr_par' dir='ltr' id='par_1_116' title="bbox 1076 2832 1828 2869">
     <span class='ocr_line' id='line_1_117' title="bbox 1076 2832 1828 2869; baseline -0.001 -8"><span class='ocrx_word' id='word_1_834' title='bbox 1076 2833 1132 2869; x_wconf 88' lang='lat'><strong>(86)</strong></span> <span class='ocrx_word' id='word_1_835' title='bbox 1155 2832 1278 2869; x_wconf 63' lang='grc' dir='ltr'>Ταύζηνζ</span> <span class='ocrx_word' id='word_1_836' title='bbox 1295 2832 1364 2869; x_wconf 68' lang='lat' dir='ltr'><strong>Lege</strong></span> <span class='ocrx_word' id='word_1_837' title='bbox 1382 2841 1414 2862; x_wconf 76' lang='lat' dir='ltr'><strong>ex</strong></span> <span class='ocrx_word' id='word_1_838' title='bbox 1430 2833 1490 2861; x_wconf 86' lang='lat' dir='ltr'><strong>cod.</strong></span> <span class='ocrx_word' id='word_1_839' title='bbox 1507 2832 1664 2861; x_wconf 82' lang='lat' dir='ltr'><strong>Vindohon.</strong></span> <span class='ocrx_word' id='word_1_840' title='bbox 1684 2838 1711 2862; x_wconf 88' lang='lat' dir='ltr'><strong>et</strong></span> <span class='ocrx_word' id='word_1_841' title='bbox 1726 2842 1755 2862; x_wconf 89' lang='lat' dir='ltr'><strong>re</strong></span> <span class='ocrx_word' id='word_1_842' title='bbox 1771 2834 1828 2869; x_wconf 75' lang='lat' dir='ltr'><strong>ipsa</strong></span> 
     </span>
    </p>
   </div>
   <div class='ocr_carea' id='block_1_117' title="bbox 1041 2868 1295 2905">
    <p class='ocr_par' dir='ltr' id='par_1_117' title="bbox 1041 2868 1295 2905">
     <span class='ocr_line' id='line_1_118' title="bbox 1041 2868 1295 2905; baseline 0.004 -10"><span class='ocrx_word' id='word_1_843' title='bbox 1041 2868 1089 2905; x_wconf 84' lang='grc' dir='ltr'>τὴν</span> <span class='ocrx_word' id='word_1_844' title='bbox 1104 2869 1196 2905; x_wconf 81' lang='grc' dir='ltr'>αὑτήν.</span> <span class='ocrx_word' id='word_1_845' title='bbox 1212 2868 1295 2896; x_wconf 72' lang='lat' dir='ltr'><strong>CLER.</strong></span> 
     </span>
    </p>
   </div>
  </div>
