1893 3109
38 148 80 177 109
468 143 773 172 CONSTITUTIONES
789 143 1128 173 APOSTOLIC£.—LIB.
1144 143 1175 171 ll.

1580 144 1633 173 710

37 214 79 238 σιν,
98 203 149 230 ἀλλ’
171 202 286 238 ἑκάστης
310 201 386 229 ίδίαν·
422 201 491 237 μετὰ
521 201 621 237 πολλῆς
643 203 791 238 φρονήσεως

853 204 933 235 tiam,
961 202 1008 229 sed
1030 201 1064 230 de
1090 209 1255 236 unoquoque
1279 201 1418 236 propriam
1458 209 1521 230 cum
1544 205 1630 232 multa

37 252 152 287 κρίνοντες
161 250 260 276 ἕκαστα
268 247 322 274 τῶν
332 247 583 282 πλημμελημάτων,
597 247 632 274 τά
641 256 670 274 τε
681 247 795 283 σμικρὰ,

38 298 73 323 καὶ
92 295 122 321 τὰ
144 294 256 330 μεγάλα,
279 294 326 320 καὶ
346 293 433 324 ἄλλως
456 293 511 328 (87)
534 293 625 328 ἔργου,
650 294 697 320 καὶ
718 293 796 327 λόγου

37 341 100 368 πάλιν
119 341 223 376 ἑτέρως,
248 340 295 367 καὶ
314 339 468 375 προθέσεως
491 338 557 373 (88),
580 339 597 374 ἢ
620 338 762 375 λοιδορίας,
778 339 795 374 ἢ

37 387 169 423 ὑπολήψεως
181 385 324 421 διαφόρως,
341 385 388 412 καὶ
401 385 464 416 τοὺς
480 385 529 420 μὲν
545 384 688 416 ὑπώαλεῖς
703 386 796 420 μόναις

35 434 151 465 ἁπειλαξ,
178 432 240 463 τοὺς
268 431 296 458 δὲ
326 431 450 466 πενήτων
473 431 626 466 χορηγίαις,
649 431 744 463 ἄλλους
767 431 796 458 δὲ

36 479 148 515 νηστείαις
162 477 311 509 πιόιῦσεις,
326 477 374 504 καὶ
388 477 498 512 ἑτέρους
511 477 660 512 ἁφορίσεις,
684 477 752 513 πρὸς
766 477 796 504 τὸ

37 524 128 559 μέγεθος
139 523 183 550 τοῦ
196 523 364 559 ἐγκλήματος
379 522 477 550 αὐτῶν.
490 523 545 549 Καὶ
559 522 613 558 γὰρ
628 523 674 549 καὶ
687 524 702 549 ὁ
716 523 796 558 νόμος

35 573 57 598 οὐ
75 570 162 602 παντὸς
183 570 378 605 ἁμαρτήματος
398 570 448 606 τήν
463 569 548 604 αὐτὴν
570 570 688 596 ἐποιεῖτο
711 577 796 604 τιμω-

36 618 91 651 ρίαν,
103 615 164 643 ἀλλὰ
176 615 261 647 ἄλλως
276 615 325 650 μὲν
339 615 374 642 τὰ
387 616 427 647 είς
442 615 508 642 Θεὸν
522 615 569 642 καὶ
589 615 629 646 είς
651 615 727 651 ἱερέα
749 615 795 642 καὶ

34 665 64 694 εἰς
78 662 138 698 ίερδν
150 662 195 688 καὶ
217 663 257 693 είς
273 662 381 697 ἱερεῖον,
405 661 507 697 ἑτέρως
520 661 555 688 τὰ
569 662 608 693 είς
623 661 733 696 βασιλέα
748 662 795 688 καὶ

34 710 128 744 ἀρχοντα
147 708 192 735 καὶ
211 707 379 743 στρατιώτην
400 708 447 734 καὶ
469 707 606 744 ὑπήκοον,
621 708 760 743 ὁμότιμον,
777 708 793 744 ἢ

33 755 128 790 οἰκέτην,
141 754 157 790 ἡ
171 754 209 785 εἰς
222 754 323 789 κτῆμα,
333 753 350 789 ἢ
361 754 400 785 είς
414 753 520 787 ἄλογον,
535 754 582 780 καὶ
596 753 676 780 πάλιν
690 753 795 789 παρηλ-

34 801 149 835 λαγμένως
166 799 200 825 τὰ
221 800 262 831 είς
281 800 368 833 γονεῖς
383 799 430 826 καὶ
445 800 596 833 συγγενεῖς,
612 799 698 830 ἄλλως
711 799 746 826 τὰ
765 799 795 831 ἐξ

33 846 115 880 ἐφόδου,
129 846 173 872 καί
183 845 219 872 τὰ
231 844 366 876 ἀκουσίως
380 845 490 880 ἑτέρως·
516 845 562 871 καὶ
576 845 632 876 τοῖς
647 845 696 880 μὲν
710 844 792 871 θάνα-

847 248 992 283 prudentia
1015 247 1171 282 judicantcs
1195 248 1300 282 singula
1325 248 1441 279 delicta,
1466 255 1528 275 cum
1547 257 1630 284 parva
1653 272 1660 279 ,

847 299 904 321 tum
928 302 1042 328 magna;
1073 298 1155 329 atque
1181 294 1260 321 aliter
1281 294 1436 321 sancientes
1459 294 1493 322 de
1517 300 1631 329 peccato

846 341 949 376 operis,
966 340 1118 374 iterumque
1140 339 1218 366 aliter
1239 339 1273 366 de
1297 344 1409 374 peccato
1427 341 1572 371 sermonis.
1588 341 1631 368 di-

846 395 924 414 verse
937 386 1020 414 etiam
1035 386 1068 413 de
1087 385 1193 413 delictis
1213 386 1356 420 propositi,
1374 390 1420 412 aut
1440 386 1566 418 convicii,
1583 391 1631 414 aut

846 432 1023 467 suspicionis.
1044 431 1077 459 Et
1096 431 1205 467 quidem
1225 440 1258 459 ex
1281 432 1471 466 peccatoribus
1493 432 1544 460 hos
1563 433 1631 461 solis

846 479 928 505 minis
952 478 1098 512 subjicies;
1121 478 1183 505 illos
1197 478 1378 513 eleeinosynis
1391 486 1455 514 erga
1477 487 1629 515 pauperes;

845 524 914 551 alios
930 531 994 551 vero
1008 523 1123 558 jejnniis
1144 524 1319 557 comprimes.
1341 527 1368 550 et
1389 524 1456 551 alios
1478 532 1527 559 pro
1541 526 1630 559 gravi-

845 574 900 597 tate
917 570 1039 597 criminis
1054 569 1097 597 sui
1113 577 1128 595 a
1145 569 1269 596 ﬁdelibus
1285 570 1436 604 separabis.
1451 569 1545 606 Neque
1557 571 1630 598 enim

846 616 887 642 lex
903 615 976 642 omni
998 619 1111 650 peccato
1125 618 1248 642 eamdem
1263 615 1427 643 decernebat
1441 623 1565 650 poenam;
1582 617 1631 645 sed

845 662 925 688 aliam
945 661 1055 695 quidem
1076 661 1231 688 commissis
1247 661 1274 687 in
1297 660 1392 692 Deum.
1415 667 1441 688 et
1457 661 1484 688 in
1502 663 1632 690 sacerdo-

844 711 910 738 tem,
931 710 958 734 et
984 706 1012 734 in
1038 707 1179 742 templum,
1193 711 1220 734 et
1241 708 1269 734 in
1293 707 1494 741 sanctuarinm;
1518 709 1630 736 alteram

844 760 910 780 vero
924 752 1075 788 designatis
1099 752 1231 780 adversus
1248 761 1349 788 regem.
1364 757 1391 781 et
1406 754 1556 789 principem
1569 773 1577 786 ,
1604 758 1632 783 et

845 800 971 832 militem,
987 803 1014 827 et
1027 799 1193 834 subjectum.
1219 799 1351 826 adversus
1370 800 1514 834 aequalem,
1531 801 1575 827 vel
1590 800 1632 827 fa-

845 846 965 878 mulum,
995 846 1054 873 sive
1081 849 1176 872 contra
1199 845 1422 880 possessionem,
1451 848 1498 872 aut
1526 853 1630 880 pecus;

32 901 64 918 τον
75 892 89 927 ἢ
101 891 139 918 διὰ
150 891 276 927 σταυροῦ,
285 891 302 926 ἢ
317 891 363 918 τὸν
377 890 422 917 διὰ
435 890 528 922 λίθων,
539 892 596 923 τοῖς
610 890 638 917 δὲ
647 890 758 926 ζημίαν,
773 891 790 926 ἢ

853 895 995 926 torumque
1004 890 1140 918 diversam
1151 891 1259 918 delictis
1270 891 1297 918 in
1309 895 1436 926 parentes
1446 895 1473 918 et
1483 895 1629 927 cognatos;

33 938 150 973 μάστιγας,
165 937 181 973 ἢ
194 937 225 964 τὸ
238 937 273 964 τὰ
286 937 367 972 ὅμοια
382 937 478 964 παθεῖν
491 935 531 969 οἷς
544 937 664 973 ἔδρασεν.
687 936 792 964 Οὐκοῦν

31 984 66 1009 καὶ
87 984 157 1018 ὑμεῖς
181 982 235 1009 τῶν
261 982 395 1018 διαφόρων
422 983 627 1019 ἁμαρτημάτων
649 983 792 1018 διαφόρους

31 1029 125 1056 ποιεῖσθε
137 1029 181 1056 καὶ
193 1028 242 1061 τὰς
257 1029 400 1064 τιμωρίας,
417 1029 460 1056 ἵνα
476 1029 512 1065 μή
526 1038 568 1061 τις
580 1029 670 1056 ἀδικία
686 1038 792 1066 παρεμ-

30 1075 127 1101 meo-30a
140 1076 235 1112 κινήσῃ
248 1075 294 1102 τὸν
308 1075 373 1102 Θεὸν
387 1075 456 1111 πρὸς
469 1075 664 1111 ἀγανάκτησιν.
673 1073 727 1107 Ἦς
737 1075 791 1112 γὰρ

30 1123 54 1147 ἂν
65 1122 142 1148 ἀδίκου
157 1122 273 1158 κρίσεως
288 1123 396 1158 μεσίται
417 1122 544 1158 γένησθε,
559 1122 660 1158 ταύτης
680 1123 726 1149 καὶ
745 1122 791 1149 τὸν

29 1168 69 1194 ἀπὸ
80 1168 137 1195 θεοῦ
151 1168 265 1204 λήψεσθε
281 1168 384 1204 μισθόν·
412 1178 422 1195 ι
436 1166 471 1204 ᾯ
481 1168 535 1205 γὰρ
547 1168 660 1204 κρίματι
673 1168 790 1205 κρίνετε,

30 1213 173 1249 κριθήσεσθε.
188 1223 197 1240 ι

254 1361 450 1390 ΚΕΦΑΛΑῘΟΝ
467 1363 533 1390 ΜΘ.

65 1417 188 1451 Ὁποίους
208 1418 286 1445 εἶναι
305 1419 364 1463 χρῇ
384 1419 455 1452 τοὺς
477 1420 670 1455 κατηγόρους,
693 1419 742 1448 καὶ

314 1463 478 1489 μαρτυρας.

53 1498 203 1532 Καθίσαντες
216 1497 265 1527 οὖν
278 1500 324 1527 ἐπὶ
337 1501 367 1528 τὺ
387 1502 538 1536 κριτήριον,
559 1501 701 1537 παρόντων
723 1502 790 1528 ἑκα-

843 937 962 972 peccatis
976 944 1009 964 ex
1024 937 1157 964 industria
1174 937 1267 969 aliam,
1290 941 1316 964 et
1332 936 1413 964 aliam
1430 944 1485 964 non
1502 937 1631 964 volunta-

842 983 891 1010 riis
909 992 915 1010 :
930 988 1011 1018 atque
1032 982 1139 1018 aliquos
1154 983 1263 1018 quidem
1279 991 1341 1011 reos
1355 983 1508 1010 adiciebant
1522 989 1609 1011 morte
1620 1003 1628 1016 .

842 1037 890 1057 seu
915 1030 1016 1062 crucis,
1039 1038 1087 1058 seu
1113 1029 1298 1066 lapidationis,
1322 1033 1435 1058 exteros
1452 1030 1565 1061 mulcta,
1581 1034 1629 1057 aut

841 1077 1011 1108 verberibus.
1029 1081 1076 1104 ant
1097 1077 1208 1104 talionis
1231 1077 1375 1112 supplicio.
1396 1076 1481 1112 Igitur
1494 1085 1543 1104 vos
1561 1085 1630 1112 quo-

841 1130 894 1158 que
907 1123 1025 1151 diversis
1041 1123 1161 1158 peccatis
1175 1123 1299 1151 diversas
1314 1131 1410 1158 pamas
1426 1123 1574 1158 imponite,
1596 1131 1632 1152 no

841 1177 895 1204 qua
909 1169 1009 1203 injuria
1021 1168 1146 1196 incidens
1161 1172 1291 1204 provocet
1302 1168 1386 1196 Deum
1402 1169 1436 1196 ad
1447 1169 1628 1197 iracundiam.

840 1215 926 1250 Cujus
946 1215 1047 1242 etenim
1069 1215 1156 1250 iniqui
1178 1215 1273 1250 judicii
1296 1215 1374 1242 eritis
1389 1215 1496 1247 arbitri,
1519 1215 1579 1249 ejus
1603 1218 1631 1242 et

841 1261 993 1289 mercedem
1018 1261 1158 1295 accipietis
1181 1268 1196 1288 a
1216 1261 1272 1288 Deo
1293 1269 1300 1288 :
1327 1270 1336 1286 ι
1351 1260 1410 1294 Quo
1432 1261 1505 1288 enim
1525 1261 1631 1296 judicio

838 1306 1038 1342 judicaveritis.
1051 1307 1283 1342 judirabimini“.
1300 1317 1309 1332 ι

1121 1362 1235 1390 CAPUT
1254 1362 1348 1391 XLIX.

935 1420 1033 1469 Quales
1053 1429 1109 1448 esse
1123 1421 1195 1448 decet
1211 1425 1390 1453 accttsalores,
1408 1425 1432 1448 et
1448 1425 1534 1448 testes.

877 1498 1008 1526 Sedentes
1025 1499 1109 1534 igitur
1127 1499 1154 1526 in
1170 1499 1312 1530 lribunali,
1337 1498 1520 1533 pmscntibns
1544 1497 1630 1525 utris-

26 1544 94 1579 τέρων
117 1544 167 1572 τῶν
194 1545 360 1582 προσώπων,
383 1547 414 1573 οὐ
442 1547 497 1582 γὰρ
520 1547 635 1583 ὲροῦμεν
656 1547 787 1583 ἀδελφῶν,

853 1552 893 1580 lue
914 1546 1038 1580 personis
1056 1546 1130 1580 (non
1145 1545 1218 1572 enim
1233 1552 1281 1571 eos
1298 1544 1494 1579 appellabimus
1517 1544 1628 1576 fratres.

28 1589 106 1624 μέχρις
117 1587 146 1617 οὗ
161 1591 274 1623 ἑαυτοὺς
288 1592 317 1618 ὲν
336 1593 430 1628 εἰρήνῃ
452 1592 641 1626 ἀπολάϐωσιν,
662 1594 790 1630 ὲρευνᾶτε

26 1635 125 1670 ἀκριϐῶς
137 1637 199 1673 περὶ
210 1637 266 1664 τῶν
279 1637 456 1673 ἐνεχομένων·
482 1639 529 1665 καὶ
542 1639 650 1675 πρῶτον
665 1640 730 1675 περὶ
742 1639 789 1667 τοῦ

26 1682 224 1717 κατηγοροῦντος,
239 1684 264 1710 εἰ
279 1682 386 1719 πρώτου
404 1683 459 1719 (89)
474 1684 570 1711 τούτου
585 1686 749 1721 κατηγορεῖ,
771 1685 789 1721 ἢ

25 1727 61 1753 καὶ
73 1728 166 1763 ἑτέροις
178 1730 250 1756 τισὶν
264 1729 423 1765 ἐγκλήματα
440 1730 613 1766 κατενήνοχε,
636 1731 683 1758 καὶ
704 1731 728 1757 εί
752 1731 789 1767 μὴ

24 1772 50 1798 ὲκ
68 1773 185 1809 μέμψεως
203 1774 295 1802 αὐτῶν
315 1776 332 1811 ή
356 1775 504 1810 φιλονεικία
514 1775 536 1792 ³⁵
560 1777 608 1803 καὶ
620 1776 651 1803 τδ
665 1776 790 1812 ἔγκλημα

24 1817 155 1852 ὑπόκειται,
169 1821 217 1847 καὶ
231 1821 312 1848 ὁποία
323 1829 366 1853 τις
384 1822 402 1857 ή
422 1821 577 1858 ἀναστροφὴ
598 1821 680 1849 αὐτοῦ
703 1822 791 1859 ὑπάρ-

24 1872 65 1898 χει·
79 1866 121 1893 καὶ
132 1867 251 1899 τοιοῦτος
263 1867 292 1894 δὲ
307 1867 345 1894 ὢν
359 1867 555 1904 εὐσυνείδητος,
571 1868 608 1904 μὴ
622 1868 791 1896 πιστευέσθω

25 1910 97 1943 μόνος·
120 1913 275 1949 παράνομον
296 1913 351 1950 γὰρ
365 1914 396 1940 τὸ
409 1913 537 1941 τοιοῦτον·
558 1914 615 1941 ἀλλ’
637 1915 723 1950 ἐχέτω
743 1915 790 1942 καὶ

24 1957 114 1991 ἑτέρως
128 1959 278 1996 μάρτυρας,
292 1959 401 1995 ὁμοίους
414 1960 488 1995 αὐτῷ
500 1960 546 1987 τὸν
559 1960 668 1996 τρόπον·
699 1960 791 1993 καθὼς

24 2003 112 2038 ἐνόμος
124 2004 195 2040 λέγει
209 2013 216 2020 -
235 2014 244 2031 ι
265 2005 326 2032 Ἐπὶ
341 2005 473 2041 στόματος
485 2006 532 2033 δύο
552 2007 598 2034 καὶ
619 2007 702 2043 τριῶν
718 2016 790 2044 μαρ-

24 2049 96 2083 τύρων
109 2051 269 2087 σταθήσεται
283 2052 336 2078 πᾶν
353 2052 437 2088 ῥῆμα.
450 2061 460 2078 ι
476 2052 551 2079 Διατι
565 2052 593 2079 δὲ
607 2054 729 2089 εἴπομεν,
744 2053 790 2081 τὸν

24 2094 106 2129 τρόπον
125 2097 213 2124 αὐτῶν
237 2097 435 2133 ἐπιζητεῖσθαι,
456 2099 546 2131 ὁποῖος
567 2099 622 2135 (90)
643 2099 788 2135 τυγχάνιι;

24 2140 98 2178 ἐπειδὴ
119 2143 246 2176 πολλάκις
267 2144 395 2180 ἐγχωρεῖ.
422 2145 468 2172 καὶ
494 2146 557 2176 τοὺς
581 2145 628 2172 δύο
654 2147 702 2173 καὶ⁸
726 2147 790 2178 τοὺς

24 2186 128 2221 πλείονας
141 2190 187 2216 ἐπὶ
200 2190 277 2226 κακῷ
293 2191 465 2227 μαρτυρῆσαι
474 2211 482 2223 ,
496 2191 543 2218 καὶ
558 2191 710 2227 συμφώνως
723 2201 790 2228 προ-

838 1590 926 1618 donec
939 1598 1000 1618 cum
1015 1598 1081 1625 pace
1103 1598 1132 1618 se
1152 1591 1179 1617 in
1195 1590 1411 1618 benevolentiam
1429 1589 1625 1625 susceperint),

839 1636 974 1671 exquirite
989 1636 1132 1671 diligenter
1156 1635 1190 1663 de
1207 1635 1422 1669 altercantibus;
1443 1642 1475 1662 ac
1491 1636 1579 1670 primo
1594 1635 1630 1663 de

839 1686 1009 1715 accusatore,
1023 1689 1057 1709 an
1072 1682 1145 1710 hunc
1156 1683 1273 1717 primum
1290 1685 1412 1713 accuset,
1427 1681 1468 1708 vel
1484 1681 1546 1709 aliis
1560 1689 1630 1716 quo—

839 1735 893 1763 que
907 1728 1022 1755 crimina
1037 1728 1189 1763 impegerit,
1208 1732 1235 1755 et
1251 1735 1342 1754 annon
1357 1735 1390 1754 ex
1406 1727 1517 1761 querela
1532 1734 1628 1754 eurum

840 1781 873 1801 ac
893 1774 1067 1802 contentione
1091 1774 1196 1801 crimen
1219 1774 1390 1809 suppositum
1412 1773 1458 1805 sit,
1483 1776 1510 1800 et
1533 1772 1629 1808 quales

840 1820 895 1847 sint
911 1827 1002 1848 mores
1022 1820 1178 1847 accusantis
1195 1829 1202 1847 :
1222 1820 1266 1846 cui
1285 1820 1348 1847 licet
1365 1819 1436 1846 bona
1459 1818 1628 1846 conscientia

840 1867 922 1898 freto.
937 1867 988 1895 soli
1008 1872 1098 1894 tamen
1114 1867 1180 1894 ﬁdes
1200 1874 1256 1893 non
1276 1866 1407 1893 habeatur
1417 1865 1458 1899 “;
1483 1865 1510 1892 id
1528 1864 1629 1900 quippe

840 1913 964 1949 iniquum
997 1918 1054 1946 est;
1075 1913 1123 1941 sed
1142 1913 1240 1940 habeat
1254 1917 1281 1939 et
1297 1912 1367 1940 alios
1381 1915 1479 1945 lestes,
1495 1911 1519 1939 ei
1535 1911 1629 1946 probi-

840 1964 895 1988 tate
910 1967 1016 1988 morum
1028 1959 1202 1992 consimiles;
1222 1958 1453 1994 quemadmodum
1478 1958 1521 1985 lex
1543 1958 1627 1987 dicit;

842 2015 852 2032 ι
868 2006 896 2033 ln
910 2014 958 2033 ore
970 2005 1087 2033 duorum
1108 2010 1135 2033 et
1147 2005 1231 2032 trium
1245 2004 1356 2032 testium
1370 2004 1453 2032 stabit
1468 2011 1550 2031 omne
1563 2011 1628 2031 ver-

839 2051 943 2079 bum".
956 2061 965 2078 ι
974 2051 1064 2085 Quare
1077 2055 1166 2078 autem
1173 2050 1303 2083 diximus,
1316 2050 1415 2085 inquiri
1425 2053 1551 2085 oportere
1565 2058 1627 2085 quae

840 2098 876 2126 sit
892 2098 1002 2127 testium
1015 2098 1089 2125 vita?
1104 2097 1180 2133 quia,
1195 2097 1311 2129 scilicet,
1325 2104 1513 2132 smpcnumero
1526 2097 1626 2129 evenit,

840 2148 870 2171 ut
885 2144 939 2172 duo
953 2144 995 2171 vel
1010 2143 1102 2179 plures
1116 2143 1302 2171 testimonium
1324 2142 1417 2170 dicant
1439 2143 1467 2170 in
1487 2143 1559 2170 malo
1571 2162 1579 2175 ,
1600 2147 1629 2170 et

839 2197 893 2218 una
906 2197 973 2217 voce
988 2190 1131 2217 mendacio
1153 2189 1354 2224 suﬂragentur;
1374 2193 1404 2215 ut
1421 2188 1557 2224 Babylone
1573 2188 1629 2216 duo

24 2235 100 2270 πῆναι
112 2236 156 2262 τοῦ
170 2235 292 2271 ψεύδους·
321 2237 359 2268 ὡς
373 2237 436 2268 τοὺς
447 2236 494 2263 δύο
507 2236 708 2273 πρεσϐυτέρους
721 2238 791 2265 κατὰ

853 2245 921 2264 cnes
935 2241 1032 2264 contra
1048 2236 1245 2268 Susannam".
1267 2239 1294 2263 et
1313 2236 1340 2263 in
1363 2235 1489 2262 Samaria
1509 2236 1556 2262 lilii
1573 2235 1627 2262 ini—

24 2279 146 2318 Σωσὰννης
160 2283 189 2309 ὲν
202 2282 351 2314 Βαϐυλῶνι,
367 2283 414 2309 καὶ
427 2283 490 2314 τοὺς
505 2283 581 2314 υἱοὺς
599 2283 653 2310 τῶν
668 2284 788 2320 παρανό-

24 2335 69 2360 μων
82 2328 149 2355 κατὰ
161 2329 208 2355 τοῦ
222 2328 360 2356 Ναϐουθαὶ
373 2329 402 2355 ὲν
417 2328 569 2364 Σαμαρείᾳ,
585 2329 632 2356 καὶ
644 2330 675 2357 τὸ
688 2330 789 2366 πλῆθος

24 2373 64 2398 τῶν
81 2373 210 2402 Ἰουδαίων
222 2374 293 2402 κατὰ
309 2374 357 2401 τοῦ
372 2374 474 2410 Κυρίου
489 2375 518 2401 ὲν
539 2374 725 2411 Ἰερουσαλὴμ,
740 2376 789 2403 καὶ

24 2419 78 2446 uti
90 2420 221 2456 Στεφάνου
233 2420 280 2448 τοῦ
293 2419 524 2457 πριιντομάρτυρος
537 2420 629 2448 αὐτοῦ.
647 2421 789 2450 Ἔστωσαν

26 2556 33 2569 ⁷
50 2556 117 2585 Deut.
134 2566 191 2591 nx,
209 2558 252 2586 15.
290 2556 394 2584 "Dan.
410 2556 471 2585 rm.
509 2559 532 2575 ⁸⁸
544 2558 575 2585 lll
591 2556 730 2594 Reng‘xt.

841 2283 953 2318 quitatis
963 2287 1058 2310 contra
1071 2282 1251 2310 Nabuthaeum
1259 2283 1293 2315 ⁸⁸,
1305 2286 1332 2309 et
1342 2281 1537 2318 Hierosolymis
1547 2281 1629 2310 turba

840 2329 995 2356 Judzeorum
1012 2329 1144 2358 adversus
1167 2329 1312 2356 Dominum
1321 2329 1355 2360 ".
1374 2329 1491 2364 ejusque
1510 2328 1629 2363 primum

838 2379 985 2411 martyrem
997 2374 1204 2410 Stephanum“.
1219 2375 1280 2403 Sint
1292 2376 1374 2411 igitur
1384 2379 1469 2403 testes
1481 2375 1629 2407 mansueti,

840 2422 888 2450 ira).
897 2425 1036 2456 expertes,
1048 2422 1130 2457 aequi,
1145 2421 1278 2450 charitate
1294 2421 1411 2457 praediti,
1429 2425 1627 2456 temperantes.

49 2522 68 2536 “
81 2522 172 2550 Matth.
185 2530 235 2553 vn.
251 2522 279 2550 2.
317 2522 340 2538 "
353 2522 390 2548 Ἦ
404 2522 577 2557 φιλονεικίας,
593 2524 634 2550 vel
649 2523 665 2559 ἢ
681 2523 791 2558 φιλονειι

50 2556 117 2585 Deut.
134 2566 191 2585 nx.
209 2558 252 2585 15.
290 2556 394 2584 "Dan.
410 2565 471 2585 xm.
509 2559 532 2575 ⁸⁸
544 2558 575 2585 lll
591 2558 656 2585 Rea.
674 2567 730 2585 xxi.
779 2559 788 2574 '

877 2522 903 2538 ⁸⁸
919 2521 1059 2550 Laudatur
1075 2531 1089 2550 a
1104 2523 1241 2550 Cedreno.
1259 2522 1328 2550 Vide
1340 2521 1418 2552 τοδε.
1433 2521 1576 2551 Veterum.

853 2558 911 2585 ittb.
930 2566 1004 2585 mli.
1043 2559 1064 2575 ⁹¹
1077 2560 1138 2585 Act.
1156 2566 1181 2585 \‘I
1197 2564 1224 2585 et
1239 2567 1288 2585 vn.

930 2566 1004 2586 sxw.
1043 2559 1064 2575 ⁹¹
1077 2560 1138 2586 Act.
1156 2566 1181 2586 \‘I
1197 2564 1224 2586 et
1239 2567 1288 2585 vn.

654 2644 837 2673 VARIORUM
853 2645 969 2674 NOT/E.

50 2719 102 2754 ’87)
117 2721 174 2749 Καὶ
186 2722 295 2756 ἄλλως.
310 2722 393 2750 Abest
412 2722 458 2749 καί
479 2721 508 2750 in
519 2721 638 2751 Vindob.
658 2721 720 2749 cod.
738 2729 788 2750 nec

24 2757 192 2784 .msarium
203 2762 253 2785 est.
263 2759 345 2787 CLEB.

49 2789 101 2826 (88)
116 2791 174 2819 Eat
185 2794 360 2826 προθέσεως.
377 2791 441 2820 Dele
455 2792 502 2819 καί
522 2800 554 2820 ex
568 2792 662 2820 eodem
682 2792 786 2825 codice,

24 2829 43 2850 tl
55 2825 95 2862 sic,
102 2825 237 2862 distingue
250 2827 359 2862 ἑτέρως·
376 2827 541 2862 προθέσεως,
556 2832 609 2854 etc.
626 2827 662 2854 In.

50 2858 101 2894 (89)
118 2862 153 2890 Et
174 2858 303 2897 ἆρώτουί
323 2862 388 2890 Cod.
398 2858 486 2890 'Vind.
510 2858 540 2890 Et
564 2862 617 2899 πρὸ
639 2862 733 2890 τούτου
755 2858 786 2890 οὗ

841 2724 991 2758 κατηγορεῖ
1004 2722 1051 2750 καὶ
1065 2722 1169 2758 ἑτέροις
1185 2732 1192 2749 :
1209 2731 1242 2749 an
1258 2727 1318 2749 ante
1336 2722 1496 2758 Ilunciqtmn
1510 2727 1626 2749 accusat.

842 2758 922 2800 etimit
946 2758 1018 2793 aliis
1033 2757 1213 2785 accusationes
1233 2759 1375 2792 impegerit.
1404 2757 1505 2785 Eodem
1533 2765 1626 2785 sensu.

841 2796 932 2864 αδδ)
959 2827 1082 2862 Ὀποῒος.
1099 2827 1181 2856 Vind.
1196 2827 1258 2857 cod.
1273 2827 1363 2860 ὁποῖός
1376 2836 1424 2860 τις⁴
1447 2826 1486 2854 In.
