1893 3109
66 134 112 161 'ii'l

524 131 825 161 CONS’IITUTIONES
838 132 1101 161 APOSTOLICIE.—
1114 131 1176 160 LIB.
1197 132 1228 160 ll.

1632 135 1681 162 71νὸ

64 198 105 217 σου
127 190 182 224 ἔχει
200 198 226 215 τι
243 189 316 216 κατὰ
336 189 395 221 σοῦ,
417 190 485 224 ἄφες
506 191 564 216 ὲκεῖ
579 190 611 216 τὸ
629 190 715 226 δῶρόν
738 200 784 217 σου
799 190 834 226 ἐμ

899 194 975 217 ιιιιιιιι
1001 190 1036 217 ad
1062 190 1149 217 altare
1164 210 1171 223 ,
1199 194 1227 217 et
1257 190 1293 217 ibi
1318 190 1477 219 recordatus
1510 191 1594 219 fueris
1617 193 1681 228 quia

64 237 171 273 προσ-θεν
184 236 234 263 τοῦ
253 235 457 271 Θυσιαστηρίου,
475 235 522 263 καὶ
538 235 638 270 ὕπαγε,
654 236 760 272 πρῶτον
772 236 845 262 διαλ-

63 283 152 318 λάγηθι
165 282 205 317 τῷ
219 282 329 317 ἀδελφῷ
344 291 402 312 σου.
423 283 469 308 καὶ
485 283 546 309 τότε
559 281 644 308 ἐλθὼν
664 282 801 318 πρόσφερε
814 281 845 309 τὸ

62 329 137 365 δῶρόν
146 338 203 355 σου.
216 338 226 355 ι
235 328 327 364 Δῶρον
337 328 365 355 δέ
376 329 434 355 ἐστι
441 328 500 364 Θεῷ
507 329 524 364 ἡ
534 328 647 355 ἑκάστου
655 328 791 364 προσευχὴ
798 329 845 355 καὶ

63 375 220 410 εὐχαριστία.
254 375 318 401 Ἐὰν
331 373 377 402 οὖν
392 374 457 410 ἔχῃς
470 383 496 400 τι
511 374 581 401 κατὰ
593 374 641 401 τοῦ
655 374 768 409 ἁδελφοῦ
785 383 843 406 σου,

63 421 77 456 ἢ
90 420 164 452 αὐτὸς
177 419 226 455 ἔχῃ
241 428 269 446 τι
285 419 355 446 κατὰ
371 420 429 451 σοῦ,
445 420 507 446 οὔτε
522 420 551 447 αἱ
565 419 713 456 προσευχαί
725 428 772 446 σου
787 421 843 446 εἱσ-

63 465 266 501 ακουσθήσονται
278 485 286 497 ,
308 465 370 492 οὔτε
385 466 413 492 αἱ
428 466 596 502 εὐχαριστίαι
611 474 657 492 σου
677 465 843 501 προσδεχθή-

64 520 157 543 sonat,
171 511 214 538 διὰ
230 510 281 546 τὴν
299 511 481 546 ὑποκειμένην
499 511 594 547 ὀργήν·
609 511 661 547 χρὴ
676 511 704 538 δὲ
725 512 843 546 συνεχῶς

63 557 247 593 προσεύχεσθαι
257 558 340 592 ὑμᾶς,
348 557 466 592 ἀδελφοί·
476 557 531 584 ἀλλ’
542 557 634 593 ἐπειδὴ
639 557 693 584 τῶν
702 558 731 584 ἐν
746 558 842 593 ὀργαῖς

63 603 150 634 ἀδίκως
162 603 362 638 ὲχθραινόντων
389 603 511 638 ἀδελφοῖς
524 604 539 630 ὁ
555 603 621 635 Θεὸς
634 604 685 630 οὐκ
701 603 840 635 ἐπακούει,

64 650 103 674 καὶ
114 648 158 675 ἐὰν
172 649 233 684 τρὶς
253 648 305 684 τῆς
326 648 402 684 ὧρας
416 648 630 684 προσεύξωνται,
653 649 706 685 χρὴ
721 649 838 676 διαλύειν

63 695 142 720 πᾶσαν
156 693 256 729 ἔχθραν
271 695 319 721 καὶ
336 695 532 730 μικροψυχίαν,
547 695 591 721 ἵνα
604 695 745 730 δυνώμεθα
757 704 841 731 προσ-

64 739 176 774 εὐχεσθαι
195 739 306 775 καθαρᾷ
319 741 353 775 τῇ
372 740 471 775 καρδίᾳ
483 740 529 766 καὶ
546 739 669 777 ἁῤῥύπῳ.
684 741 780 768 Καίτοι
807 749 840 775 γε

63 786 102 810 καὶ
113 785 226 820 ἐχθροὺς
240 786 255 812 ὁ
270 785 373 821 Κύριος
387 786 498 822 ἀγαπᾷν
522 787 687 822 προσέταξεν
699 807 706 818 ,
730 788 790 823 οὐχὶ
811 788 839 815 δὲ

64 831 168 862 καὶτοὺς
180 830 275 865 φίλους
291 833 388 867 μισεῖν·
405 832 452 858 καὶ
468 833 482 858 ό
496 832 645 868 νομοθέτης
664 833 758 869 φησιν’
777 843 786 859 ι
800 835 837 860 Οὐ

65 878 175 912 μισήσεις
188 877 279 904 πάντα
292 878 446 914 ἄνθρωπον·
463 879 494 905 οὐ
517 879 642 915 μισήσεις
656 879 702 905 τὸν
725 879 837 914 ἀδελφόν

65 923 259 959 σουτῇδιανοίᾳ
285 932 342 950 σου·
370 923 478 959 ὲλεγμῷ
505 924 624 958 ὲλέγξεις
652 925 698 952 τὸν
725 925 837 960 ἀδελφόν

853 864 874 892 Β

64 976 119 999 σου,
135 969 223 995 καὶού
253 969 326 1004 λήψῃ
339 968 379 996 δι’
392 970 473 996 αὐτὸν
489 970 635 1005 ἁμαρτίαν·
652 971 683 997 οὐ
712 972 838 1007 μισήσεις

64 1014 204 1048 Αίγύπτιον,
218 1015 261 1041 ὃτι
275 1015 408 1050 πάροικος
422 1014 493 1051 ἦσθα
507 1017 572 1052 παρ’
593 1016 677 1051 αὐτῷ·
695 1017 726 1044 οὐ
757 1018 838 1053 μισή-

64 1068 110 1092 σεις
127 1060 284 1096 Ἰδουμαῖον,
300 1062 342 1088 ὃτι
370 1061 483 1096 ἀδελφός
506 1071 553 1089 σου
568 1063 635 1089 ἐστί.
657 1073 666 1088 ι
685 1063 740 1090 Καὶ
753 1065 767 1090 ὁ
785 1065 837 1090 Δα-

63 1106 97 1131 ειδ
108 1106 185 1140 λέγει·
217 1117 226 1133 ι
254 1108 288 1134 Εἰ
303 1107 481 1135 ἁνταπέόωκα
497 1110 553 1140 τοῖς
562 1109 768 1136 ἀνταπώιδοῦσί
791 1118 836 1145 μοι

63 1153 130 1179 κακὰ.
151 1163 159 1178 ι
175 1153 255 1180 Ὅθεν
269 1155 295 1180 εί
309 1155 471 1190 Χριστιανὸς
487 1154 573 1187 Θέλεις
593 1154 678 1188 εἶναι,
694 1156 837 1189 ὲξακολού-

63 1197 137 1234 Θίιτῷ
151 1198 196 1226 τοῦ
212 1200 319 1236 Κυρίου
335 1200 419 1236 νόμῳ·
430 1211 440 1227 ι
458 1201 512 1228 Λύε
526 1202 614 1229 πάντα
625 1202 773 1238 σύνδεσμον
783 1203 838 1230 ἀδι-

894 235 978 263 frater
1000 240 1064 263 tuus
1095 235 1176 263 habet
1199 235 1303 270 aliquid
1335 236 1480 264 adversum
1492 240 1530 269 te,
1558 237 1682 272 relinque

894 281 933 308 ibi
961 289 1061 308 munus
1088 285 1165 308 tuum
1193 285 1256 309 ante
1282 282 1382 314 altare,
1405 286 1433 309 et
1448 282 1607 317 vade,prius
1638 291 1681 310 re

893 327 1043 355 conciliare
1069 326 1147 355 fratri
1171 331 1234 357 tuo:
1258 331 1286 355 et
1306 332 1372 355 tunc
1386 328 1508 360 veniens,
1531 327 1595 356 oﬁ‘ci
1621 337 1681 356 mu-

892 380 946 400 nus
968 376 1044 400 tuum
1062 373 1081 399 ¹.
1100 382 1109 399 i
1144 372 1243 401 Munus
1264 381 1328 400 vero
1348 377 1392 401 est
1407 373 1462 401 Deo
1485 374 1574 401 oratio
1588 374 1681 409 cujus-

892 426 946 454 que
960 423 987 446 ct
1001 419 1074 446 actio
1083 419 1246 454 gratiarum.
1264 418 1293 447 Si
1306 427 1371 455 ergo
1385 420 1486 448 habeas
1501 420 1603 456 aliquid
1615 428 1682 448 con-

891 468 934 492 tra
950 463 1060 492 fratrem
1075 469 1163 497 tiium,
1181 469 1228 492 aut
1242 465 1301 500 ipse
1317 465 1419 501 aliquid
1430 466 1529 494 habeat
1538 471 1633 494 contra
1644 471 1680 500 te,

891 518 980 546 neque
998 511 1139 539 orationes
1168 514 1220 538 tum
1237 511 1420 538 cxaudientur
1433 532 1440 544 ,
1468 520 1557 547 neque
1582 513 1682 547 gratia-

891 563 952 583 rum
979 556 1102 584 actiones
1132 557 1330 591 suscipieiitiir,
1354 561 1466 592 propter
1494 558 1679 592 subjacentem

891 602 975 635 iram;
1001 606 1110 637 oportet
1133 607 1235 634 autem,
1253 603 1362 636 fratres,
1380 612 1429 631 vos
1445 603 1555 631 assidue
1575 612 1655 632 orare
1670 613 1678 638 ;

890 651 918 675 et
932 648 996 683 quia
1015 655 1063 675 eos
1084 648 1132 682 qui
1146 655 1209 675 cum
1229 648 1364 683 injustitia
1388 649 1521 677 fratribus
1543 649 1680 677 hostiliter

890 693 1057 726 irascuntur,
1088 693 1160 721 Deus
1187 701 1241 721 non
1264 694 1386 727 exaudit,
1409 694 1472 722 licet
1494 695 1522 722 in
1548 695 1615 722 hora
1637 699 1680 723 ter

889 739 1043 770 oraverint.
1066 739 1127 766 ideo
1141 739 1270 767 dirimere
1289 740 1420 768 debemus
1447 747 1556 768 omnem
1586 741 1679 768 inimi-

889 786 981 813 citiam
997 790 1024 813 et
1042 786 1171 820 pusillum
1199 787 1339 818 animum,
1362 794 1417 821 quo
1435 788 1572 821 possimus
1596 788 1679 815 corde

891 839 960 866 puro
971 839 1002 858 ac
1027 831 1245 859 incontaminato
1260 839 1350 859 orare.
1364 832 1447 868 Atqui
1475 833 1556 860 etiam
1585 833 1679 860 inimi-

889 884 938 904 cos
952 877 1065 912 diligere
1072 878 1201 912 praecepit
1210 876 1352 910 Dominus,
1364 885 1418 905 non
1427 881 1518 905 autem
1528 879 1612 905 etiam
1645 885 1676 904 a—

889 922 978 950 micos
990 923 1098 955 odisse;
1117 926 1144 950 et
1155 922 1306 958 Legislator
1320 924 1358 950 ait
1374 932 1380 950 :
1399 933 1408 949 ι
1427 923 1465 951 Ne
1477 924 1569 951 oderis
1590 925 1675 952 ullum

887 969 1023 996 hominem
1035 979 1040 996 :
1052 977 1086 996 ne
1099 969 1162 996 odio
1174 969 1275 996 habeas
1289 968 1399 996 fratrem
1415 972 1502 1001 tuum,
1516 970 1608 997 animo
1618 974 1677 998 tuo:

886 1014 1025 1050 arguendo
1036 1022 1118 1050 argue
1129 1014 1238 1042 fratrem
1253 1019 1343 1046 tuum,
1360 1019 1433 1042 etne
1452 1015 1588 1049 suscipias
1612 1023 1678 1050 pec-

886 1065 975 1088 eatum
993 1064 1102 1095 propter
1116 1061 1208 1088 eum’.
1228 1059 1287 1086 Non
1299 1060 1362 1087 odio
1376 1060 1489 1088 habebis
1504 1060 1676 1096 Egyptium,

886 1106 1014 1142 quoniam
1039 1106 1128 1133 incola
1144 1105 1219 1133 fuisti
1233 1105 1304 1141 apud
1314 1113 1377 1134 eum
1394 1115 1401 1134 :
1417 1114 1472 1134 non
1488 1107 1601 1135 habebis
1612 1107 1676 1134 odio

885 1150 1047 1184 lduinacum,
1063 1153 1194 1186 quoniam
1207 1151 1290 1180 frater
1301 1157 1364 1180 tuus
1380 1155 1422 1180 est
1433 1152 1453 1180 ³,
1474 1162 1484 1179 ι
1502 1152 1585 1180 David
1606 1160 1675 1187 quo—

886 1206 939 1234 que
953 1198 991 1225 ait
1005 1207 1011 1225 :
1029 1207 1038 1223 ι
1060 1197 1088 1225 Si
1103 1197 1208 1225 reddidi
1223 1197 1439 1226 retribuentibus
1454 1198 1520 1225 mihi
1538 1199 1608 1225 male
1621 1198 1640 1225 ⁸.
1662 1208 1672 1224 i

64 1245 139 1276 χίας.»
160 1245 219 1272 Ἐπὶ
234 1247 276 1273 σο).
290 1246 345 1283 γὰρ
356 1248 370 1274 ὁ
383 1247 485 1284 Κύριος
499 1248 623 1281 ἐξουσίαν
637 1248 713 1276 ἔθετο
726 1249 835 1284 ἀφιέναι

886 1243 976 1277 Quare
987 1244 1010 1271 si
1025 1243 1200 1271 Christianus
1212 1251 1274 1272 esse
1287 1244 1339 1276 vis,
1353 1251 1469 1279 sequere
1481 1244 1566 1279 legem
1581 1243 1658 1271 Domi
1667 1259 1674 1264 -

63 1289 180 1326 ἁμαρτίας
191 1292 230 1328 τῷ
244 1292 352 1329 ἀδελφῷ
365 1294 415 1325 τὰς
428 1295 468 1326 είς
483 1295 513 1321 σὲ
527 1295 685 1331 γενομένας,
713 1296 766 1328 ἕως
790 1297 835 1324 έδ-

885 1289 914 1317 ιιὶ
933 1298 940 1317 :
959 1299 969 1316 ι
988 1289 1069 1317 Solve
1086 1297 1194 1317 onmem
1207 1290 1408 1325 colligationem
1424 1289 1572 1325 impietatis
1587 1290 1607 1317 '.
1622 1300 1631 1315 ι
1645 1289 1673 1317 In

62 1335 237 1372 ὼμηχοντάκις
252 1338 334 1365 ἑπτά·
343 1339 476 1372 τουτέστι,
482 1341 659 1376 τετρακοσίας
665 1342 686 1357 ⁶’
695 1342 835 1378 ἐνενήκον-

886 1340 913 1363 te
927 1335 1001 1362 enim
1019 1335 1152 1364 Dominus
1167 1335 1260 1371 posuit
1272 1338 1435 1370 potestatem
1451 1335 1675 1363 remittendifra-

63 1389 96 1406 τα.
110 1382 220 1415 Ποσάκις
233 1382 281 1411 οὗν
311 1385 361 1421 ἤδη
372 1385 482 1422 ἀφῆκας
494 1386 534 1422 τῷ
547 1386 653 1423 ἁδελφῴ
668 1396 725 1420 σου,
742 1389 786 1416 ἵνα
797 1389 834 1425 μὴ

884 1382 920 1409 tri
932 1385 1046 1417 peccata
1065 1386 1160 1410 contra
1175 1386 1202 1409 te
1220 1382 1385 1414 commissa,
1403 1389 1490 1417 usque
1516 1383 1673 1417 septuagies

65 1427 94 1461 (6)
108 1427 215 1466 θελήσῃς
227 1430 304 1466 αὐτῷ
331 1431 440 1465 ἀφιέναι
454 1433 501 1459 καὶ
514 1432 573 1466 νῦν;
601 1434 699 1461 Καίτοι
715 1434 834 1467 ἀκούσας

884 1428 995 1462 septies,
1010 1428 1062 1455 hoc
1073 1431 1125 1460 est,
1139 1427 1339 1463 quadringenta
1366 1429 1515 1463 nonaginta
1528 1427 1548 1456 ⁸.
1560 1427 1673 1460 Quoties

63 1472 101 1498 τοῦ
118 1473 241 1510 Ἰερεμίου
255 1476 393 1510 λέγοντος,
408 1477 449 1504 ὅτι
466 1487 476 1503 ι
493 1478 608 1510 ἕκαστος
620 1479 670 1515 τὴν
678 1480 776 1506 κακίαν
785 1480 833 1508 τοῦ

883 1481 950 1508 ergo
958 1473 1014 1508 jam
1028 1474 1161 1501 remisisti
1177 1473 1255 1500 fratri
1273 1478 1330 1507 tuo,
1346 1477 1375 1500 ut
1386 1473 1457 1500 nolis
1466 1474 1490 1501 ei
1504 1473 1586 1501 etiam
1600 1481 1673 1500 nunc

64 1518 160 1565 fiquiov
172 1521 252 1548 αὐτοῦ
268 1522 308 1558 μὴ
322 1522 462 1557 λογίζεσθε
475 1523 505 1550 ὲν
518 1525 578 1556 ταῖς
592 1524 716 1561 καρδίαις
727 1526 813 1562 ὑμῶν.
822 1536 830 1552 ο

884 1519 1044 1546 remittere?
1073 1518 1142 1546 Cum
1168 1523 1195 1547 et
1221 1519 1320 1547 audias
1344 1518 1490 1546 Jeremiam
1512 1519 1671 1546 dicentem:

64 1563 322 1602 Σῦδὲμνησικακεῑς,
338 1569 386 1595 καὶ
412 1570 555 1605 ωντηρεῖς
581 1570 619 1606 (7)
646 1570 762 1607 ἔχθραν,
785 1573 832 1600 καὶ

884 1573 895 1591 ι
916 1565 1107 1600 Unusquisque
1116 1565 1217 1592 malum
1230 1566 1347 1600 proximi
1363 1565 1406 1593 sui
1433 1573 1468 1593 ne
1489 1565 1616 1601 cogitetis
1643 1574 1671 1593 ιιι

64 1608 102 1636 ἐπὶ
116 1612 196 1646 κρίσιν
214 1613 293 1650 ἔρχῃ,
308 1615 354 1641 καὶ
370 1615 449 1650 μῆνιν
466 1616 569 1652 ὑφορᾷς
579 1616 628 1652 (8),
644 1617 692 1644 καὶ
710 1618 726 1653 ή
747 1626 832 1654 προσ-

882 1611 1011 1639 cordibus
1025 1612 1125 1639 vestris
1137 1612 1158 1639 ".
1176 1621 1185 1637 )
1202 1610 1242 1638 Τιι
1259 1615 1350 1638 autem
1363 1611 1471 1645 injuria:
1482 1618 1587 1638 memor
1595 1616 1634 1641 es.
1644 1615 1671 1638 et

65 1656 118 1692 ευχή
132 1666 174 1684 σου
187 1659 372 1695 ὲμποδίζεται.
395 1661 469 1688 Ἀλλ’
483 1663 508 1688 εί
534 1662 581 1689 καὶ
606 1662 642 1689 τὰ
668 1663 831 1699 τετρακόσια

883 1657 1052 1685 inimicitiam
1065 1658 1177 1689 retines,
1192 1660 1219 1685 et
1241 1658 1269 1684 in
1291 1656 1425 1692 judicium
1448 1656 1536 1688 venis,
1558 1659 1585 1684 et
1603 1655 1670 1682 irain

65 1701 203 1738 ἐνενήκοντα
215 1706 295 1745 ἀφεὶς
309 1706 346 1742 (9)
360 1706 399 1742 τῷ
415 1706 520 1743 ἀδελφῷ
540 1716 603 1739 σου,
622 1708 768 1735 πλεόνασον
781 1710 831 1745 τὴν

882 1703 910 1730 in
925 1708 951 1731 te
966 1704 1090 1738 respicis,
1115 1707 1143 1731 et
1165 1704 1255 1731 oratio
1277 1707 1325 1730 tua
1351 1703 1508 1738 impeditur.
1538 1701 1592 1730 Sed
1616 1702 1668 1729 etsi

65 1748 192 1784 ἀοργησίαν
205 1752 250 1778 ἐπὶ
278 1743 369 1779 ῗιτλεῖον
396 1754 436 1784 εἰς
465 1753 645 1790 ἀγαθωσύνην
671 1754 711 1781 δι’
725 1743 828 1782 ἑαυτόν.

882 1749 1079 1784 quadringenta
1102 1749 1251 1784 nonaginta
1275 1748 1414 1776 remiseris
1437 1748 1515 1775 fratri
1529 1751 1576 1774 tuo
1588 1747 1610 1779 ⁸,
1622 1748 1671 1774 ad-

66 1793 113 1820 Κᾶν
124 1795 218 1829 ἐκεῖνος
232 1798 270 1834 μὴ
285 1800 367 1829 ποιεῖ,
381 1799 449 1826 ἀλλά
462 1807 493 1833 γε
509 1800 541 1826 σὺ
555 1799 599 1826 διὰ
613 1800 658 1826 τὸν
672 1800 737 1827 Θεὸν
753 1801 831 1828 σπού-

882 1795 934 1822 huc
949 1799 1059 1830 propter
1070 1796 1187 1830 teipsum
1200 1803 1269 1831 auge
1285 1794 1525 1822 mansuetudinem
1548 1797 1622 1820 tuam
1641 1794 1668 1821 iii

65 1838 115 1870 δαζε
127 1841 226 1875 ἀφιέναι
238 1844 280 1880 τῷ
294 1844 418 1880 πλησίον,
433 1845 507 1877 ὅπως
521 1845 587 1882 γένῃ
598 1846 655 1878 υἱὸς
667 1846 714 1873 τοῦ
724 1847 830 1883 Πατρός

67 1887 154 1913 σουτοῦ
167 1889 194 1915 ὲν
206 1890 343 1925 οὐρανοῖς.
371 1891 418 1918 καὶ
446 1891 662 1927 προσευχόμενος
689 1893 828 1929 ὑπακούῃ,

66 1929 96 1961 ὡς
107 1932 171 1965 φΐλος
183 1934 257 1963 Θεοῦ.

303 2034 511 2062 ΚΕΦΔΛΑΙΟΝ.
527 2035 577 2062 NA’
583 2050 592 2059 .

69 2072 120 2101 ὀτι
132 2076 184 2116 χρὴ
190 2078 259 2112 τοὺς
270 2079 455 2114 ἐπισκόπους
468 2082 504 2108 τὰ
514 2081 580 2116 περὶ
593 2081 767 2116 είρήνηςδιὰ
776 2082 828 2110 τοῦ

168 2113 304 2142 διακόνου
317 2113 556 2150 ὑπομιμνήσκειῦ
568 2117 608 2150 τῷ

94 2155 133 2182 Διὰ
145 2158 226 2191 τοῦτο,
240 2158 263 2187 ὦ
277 2161 431 2193 ἐπίσκοποι,
442 2162 592 2197 μελλόντων
606 2163 683 2199 ὑμῶν
698 2164 738 2195 εἰς
748 2172 828 2200 προσ-

68 2200 134 2236 ευκὴν
152 2203 268 2241 ἀπαντᾷν
280 2226 287 2238 ,
304 2207 373 2242 μετὰ
386 2208 436 2244 τὴν
468 2208 620 2242 ἀνάγνωσιν
635 2209 681 2236 καὶ
694 2209 744 2245 τὴν
758 2210 830 2236 Ψαλ-
845 2204 867 2230 ί)

69 2245 160 2290 ιιῳδιαν,
173 2252 217 2277 καὶ
233 2253 283 2288 τὴν
310 2253 356 2279 ἐπὶ
381 2255 442 2286 ταῖς
469 2255 590 2290 Γραφαίς
615 2255 796 2288 διδασκαλίαν,
810 2257 825 2283 ό

881 1841 1084 1875 heirgnitatem;
1096 1845 1123 1868 et
1132 1842 1258 1876 quamvis
1280 1841 1325 1868 ille
1353 1849 1409 1868 non
1425 1841 1524 1873 faciat,
1538 1845 1565 1868 tu
1578 1845 1668 1868 tamen

880 1890 990 1921 propter
1005 1886 1090 1914 Deum
1100 1891 1193 1922 satage
1206 1887 1342 1914 dimittere
1356 1888 1490 1922 proximo.
1504 1891 1533 1913 ut
1547 1887 1586 1915 sis
1597 1886 1668 1914 filim:

877 1933 966 1960 Patris
977 1933 1026 1965 tui,
1040 1932 1086 1968 qui
1102 1934 1129 1960 in
1141 1933 1219 1960 ccelis
1231 1938 1282 1965 est,
1296 1937 1379 1968 utque
1391 1933 1455 1960 dum
1463 1932 1666 1967 oras,audiaris

879 1982 1007 2013 tanquam
1019 1978 1066 2006 Dei
1081 1978 1188 2006 amicus
1202 1979 1223 2005 ’.

1173 2036 1288 2064 CAPUT
1309 2036 1376 2065 LIV.

880 2082 956 2116 Quod
972 2086 1088 2118 oporteat
1108 2083 1241 2117 episcopos
1250 2082 1281 2109 de
1291 2091 1354 2117 pace
1365 2090 1410 2116 per
1420 2081 1561 2110 diaconum
1570 2082 1666 2117 popqu

1097 2119 1124 2145 in
1137 2119 1289 2146 memoriam
1302 2126 1448 2154 suggerere.

914 2164 1032 2198 Idcirco,
1048 2172 1065 2192 ο
1080 2165 1212 2200 episcopi,
1224 2173 1286 2192 cum
1302 2165 1336 2191 ad
1357 2165 1506 2191 orationem
1535 2163 1665 2199 procede-

879 2211 925 2243 tis,
946 2215 1008 2246 post
1032 2211 1176 2238 lectionem
1200 2215 1227 2238 et
1250 2210 1420 2238 Psaliiiorum
1448 2215 1578 2242 cantum,
1604 2214 1664 2245 pest

876 2262 1018 2285 enarratas
1032 2256 1204 2292 Scripturas;
1234 2257 1368 2284 diaconus
1395 2257 1473 2291 juxta
1503 2263 1551 2283 vos
1575 2259 1662 2287 stans.

69 2289 168 2338 ξιάκονος
180 2297 260 2330 ἑστὼς
274 2298 387 2334 πλησίον
403 2289 496 2335 ὑμῶνξ
506 2301 574 2335 μετὰ
603 2301 706 2337 ὑψηλῆς
733 2303 824 2338 φωνῆς

882 2303 1044 2338 proclamet:
1072 2313 1080 2328 I
1093 2302 1131 2330 Ne
1144 2303 1206 2338 quis
1228 2307 1322 2330 contra
1338 2303 1471 2337 aliquem;
1496 2310 1531 2330 ne
1551 2302 1613 2337 quis
1637 2304 1663 2328 in

69 2335 159 2371 λεγέτωυ
167 2351 176 2368 ι
188 2343 272 2380 Mque
286 2346 356 2372 κατά
368 2355 449 2378 τινος·
459 2347 539 2382 μήτις
545 2348 573 2374 ὲν
583 2335 818 2384 ὑποκρίσει(10)·ἰ

882 2335 1029 2384 aypocrisi;
1044 2359 1053 2375 ι
1071 2353 1101 2376 ιιι
1115 2349 1139 2376 si
1149 2335 1177 2376 in
1192 2349 1331 2376 nonnullis
1343 2335 1487 2376 dissidiuin
1497 2335 1662 2382 reperiatur,

69 2415 187 2463 «‘llatth.
203 2430 228 2454 ν,
248 2423 284 2451 23
329 2424 339 2440 ²
355 2424 418 2452 Lev.
435 2433 491 2456 III,
510 2426 552 2453 t7.
592 2428 602 2443 ³
618 2426 696 2454 Deut.
712 2435 790 2459 xxiii,
804 2428 831 2455 ’1.

96 2449 243 2476 Τετοανληη.
272 2465 296 2476 ..ι
317 2459 408 2476 ς..ι·....·ι
439 2461 449 2476 ιι
477 2460 546 2476 νιηηι.
574 2469 620 2476 .....
643 2463 675 2476 ι’)
718 2462 824 2476 unum.

882 2427 1085 2476 'OP‘sal..viiL,_15.
1133 2427 1197 2476 :Els.
1213 2436 1290 2461 Li'iii,
1303 2428 1330 2456 6.
1382 2429 1392 2444 ⁶
1411 2427 1506 2454 Matth.
1520 2435 1598 2459 xvm,
1615 2427 1660 2453 22.

114 2456 254 2490 ετρακὸσια,
272 2465 300 2487 ιιι
317 2459 408 2487 infra?
439 2461 449 2476 ⁷
477 2460 559 2490 Zach.
574 2463 685 2494 vni,l7.
718 2463 729 2479 ³
741 2456 835 2490 Maith.

893 2463 940 2491 ει.
985 2463 995 2479 ν
1011 2456 1078 2491 Ibid.
1090 2472 1116 2496 ν,
1129 2464 1175 2491 t5.

686 2518 835 2548 VARIORU

98 2563 132 2636 ἒξ)
145 2566 204 2595 Ἵνα
215 2570 321 2612 μύρια.
337 2571 387 2600 Ms.
402 2571 520 2601 Vindob.
534 2574 575 2601 ὃτι
589 2575 620 2601 οὗ
648 2575 743 2607 θέλεις.

147 2603 304 2636 Συντηρεις.
333 2606 383 2635 Ms.
396 2615 469 2635 unus
484 2608 619 2636 συζητεῑς.
634 2611 702 2636 alter
722 2610 821 2636 φυλάτ-

884 2521 999 2549 NOT/E.

882 2578 999 2618 :ontinen

882 2621 928 2636 των
942 2621 999 2636 κατι

215 2570 321 2612 μύρια.
333 2571 387 2612 Ms.
402 2571 575 2612 Vindob._6rt
585 2575 620 2612 οὗ
648 2575 743 2612 θέλεις.

98 2603 132 2636 (7)
147 2603 304 2644 Συγτῖηρὲἴς.
333 2606 383 2635 Ms.
396 2615 469 2635 unus
484 2608 619 2644 συζητεῑς,
634 2611 702 2638 alter
722 2603 821 2644 ᾧυλάτ-

70 2639 125 2672 ηις,
144 2638 315 2669 scribentibus
345 2641 466 2670 librariis
490 2651 545 2671 non
567 2645 647 2672 verba
678 2645 821 2672 dictantis.

75 2653 125 2667 --ην
144 2653 315 2669 υυιιυσιιιιυυὸ
346 2653 466 2670 llDl'al'lls
490 2653 545 2671 non
567 2653 647 2672 verna
678 2653 821 2678 σιειίιιιιιε,

72 2667 260 2707 ίαιωῠιῃειιιὶιηι
271 2676 414 2704 verborum
425 2678 533 2707 qualem
548 2681 689 2707 nutabant.
705 2681 789 2707 Cum.

140 2686 260 2718 τρειιιιιιιι
271 2686 414 2704 vei-norum
445 2686 533 2706 uatem
548 2686 689 2713 putabant.
705 2686 789 2708 ιλιιῑιι.

140 2706 262 2770 ηνῖφορᾷς
276 2711 326 2739 Ms.
343 2686 463 2754 Yin'do‘b:
476 2713 620 2755 ὑφορᾶσαι,
634 2714 678 2741 δ.ὰ
691 2715 779 2742 τοῦτο.

151 2743 206 2770 Ᾱφε
216 2754 241 2770 ρ.
266 2745 442 2770 Pmmilliliir
457 2756 484 2770 in
501 2749 551 2770 uid
575 2748 682 2770 denh
710 2759 788 2770 κιιυςν

97 2740 130 2774 (9)
140 2740 257 2778 Ἄφείςῗ
266 2745 442 2775 Pmmittitur
456 2749 485 2775 in
500 2740 562 2776 'cdd.
575 2740 822 2786 vihdoiﬁbiéio

73 2777 149 2809 97199;.
159 2782 327 2809 «cumulasti.
341 2781 379 2809 lo.

74 2803 149 2864 σ’(ίσ).
166 2803 458 2851 ’,τινος
484 2818 573 2852 μήτις
594 2819 628 2845 ἐν
655 2821 820 2854 ὑποκρίσει.

91 2848 222 2873 “tonorum
237 2850 283 2873 hac
297 2852 418 2873 alimmum
442 2854 664 2873 nrmlnniglinnm
692 2855 820 2873 ull-"inm:

154 2852 222 2877 orum
237 2850 283 2880 has
297 2852 418 2887 aliasque
438 2850 665 2889 pro—clamationes
691 2850 823 2891 pliirinias

873 2578 1016 2614 continent
1029 2579 1166 2614 pra-cipue
1179 2578 1324 2614 Liturgiae,
1348 2579 1429 2606 etiam
1445 2578 1543 2606 nostri:
1571 2579 1661 2614 Μῆτις

874 2612 928 2649 τῷν
942 2612 1163 2648 κατηχουμένων·
1181 2615 1217 2649 μή
1232 2612 1274 2645 τις
1287 2613 1340 2640 τῶν
1359 2614 1557 2649 ἀκροωμένων-ν
1569 2612 1662 2649 μήτις

873 2647 927 2673 τῶν
941 2647 1072 2690 ἀπίστωνέ
1091 2649 1127 2684 μή
1145 2647 1187 2680 τις
1200 2647 1253 2675 τῶν
1268 2647 1435 2709 ἑτεροδόξων.
1454 2647 1609 2691 nmiae-.5
1637 2649 1661 2674 ot

875 2691 1071 2709 mcryouuevot
1086 2684 1116 2709 ὲν
1129 2684 1234 2709 είοήνη.
1253 2684 1309 2709 Ilao
1325 2683 1401 2709 λθετε
1420 2684 1445 2709 οἱ
1460 2684 1658 2709 ὲνεονουιιενοι.

875 2682 1071 2719 κατηχούμενοι
1086 2682 1234 2719 ἕνἐίρήνῃ.
1253 2682 1409 2719 Ιιροέλθετεγ
1420 2684 1445 2709 οἱ
1460 2682 1658 2719 ἐνεργούμενοι.

875 2691 942 2708 καττ
963 2691 1071 2717 ουμενοι
1086 2691 1116 2709 εν
1129 2691 1153 2709 ει
1173 2691 1234 2718 ηνη.
1253 2691 1401 2719 ιιροελυετε
1420 2691 1445 2709 οι.
1460 2691 1657 2719 ενεργουμενοι.

875 2691 1054 2754 Προέξθετερί
1064 2692 1252 2754 φωτιζὲμενοι.
1269 2718 1429 2745 Ἀπολὺεσθε
1438 2720 1463 2745 ot
1477 2718 1657 2754 tvparavpiq.

874 2752 918 2787 Μή
934 2761 976 2783 τις
1003 2752 1056 2778 τῶν
1083 2752 1223 2788 ἀμυήτων,
1253 2754 1289 2789 μή
1313 2762 1353 2784 τις
1372 2753 1425 2779 τῶν
1448 2752 1659 2813 μὴΐδυναμένών

875 2787 939 2813 ἡμῖν
962 2786 1146 2813 συῶεηθῆναι·
1164 2788 1292 2813 ἀλλήλους
1316 2789 1458 2813 ὲπίγνωτε.
1504 2787 1536 2813 ὰς
1562 2786 1658 2813 θύρας.

875 2787 891 2821 ἡ
915 2788 939 2812 ἵν
962 2787 1038 2813 συνδε
1059 2786 1292 2824 θῆναι-’ἀλλήλους
1316 2786 1458 2821 ὲπίγνωτεζ
1479 2786 1536 2819 Τὰς
1562 2786 1658 2822 θύρας,

875 2795 922 2851 :5;
937 2821 1030 2858 θύρας.
1040 2795 1214 2858 τίίλέπετεγμή
1229 2831 1270 2854 τις
1280 2823 1333 2849 τῶν
1347 2822 1565 2858 κξιτηχουμένων,
1581 2823 1658 2849 Ὅσοι

875 2856 1074 2892 κχτηχούμενοι
1097 2856 1252 2893 προέλθετε,
1278 2862 1331 2885 etc.
1356 2856 1515 2886 Tiiiibtheus
1540 2857 1657 2886 Alenus

1672 2958 1695 2976 ί
