1893 3109
45 158 102 186 75⁸1

490 156 790 186 CONSTITUTIONES
809 155 1046 185 APOSTOLICIE.
1065 155 1176 185 —LlB.
1199 156 1242 184 III.

1622 158 1675 186 ’158

41 215 178 251 ἀσθενὴς.
205 216 255 251 τὴν
269 215 366 250 σοφίαν
378 216 517 251 τιμήσασα
531 214 655 250 προήχθη
666 214 732 250 (I5).
752 223 761 239 ι
786 214 840 240 Καὶ
855 218 871 245 Α

895 213 983 247 iaces;
996 213 1107 247 quando
1122 217 1212 241 autem
1227 221 1243 242 e
1259 221 1356 241 somno
1365 213 1547 242 escitaberis?
1560 213 1674 243 Paulum

42 263 111 297 ἑξῆς
128 271 136 279 ο
157 271 167 288 ι
186 262 259 300 Ἕως
273 262 355 294 ποτε,
365 261 480 297 ὀκνηρὲ,
494 261 671 293 acerbitatem;
688 260 752 286 πότε
766 259 795 285 δὲ
808 260 838 292 ἐξ

42 308 135 335 ὕπνου
150 307 302 344 ἐγερθήσῃς
323 307 427 342 Ὀλίγον
443 307 492 342 μὲν
507 307 611 337 ὑπνοῖς,
628 305 718 340 ὀλίγον
730 305 757 332 δὲ
772 305 838 332 κάθ-

40 363 130 390 ησαι,
157 354 254 390 μικρὸν
280 354 309 380 δὲ
331 353 490 386 νυστάζεις,
512 352 602 386 ὀλίγον
627 351 656 378 δὲ
675 351 837 388 ὲναγκαλίζῃ

41 401 127 435 χερσὶ
153 399 250 435 στήθη·
275 397 335 426 εἷτα
357 399 538 435 παραγίνεταί
570 407 611 426 σοι
633 399 727 435 ὥσπερ
753 399 838 431 κακὸς

41 445 189 481 ὁδοιπόρος
213 447 230 481 ἡ
256 445 351 477 πενία,
379 445 427 472 καὶ
462 446 479 480 ἡ
508 444 594 471 ἔνδεια
620 444 714 480 ὥσπερ
738 445 839 478 ἀγαθὸς

42 491 178 527 δρομεὺς.
189 490 251 518 Ἐὰν
263 491 291 517 δὲ
305 491 402 523 ἄοκνος
416 488 464 527 ᾖς,
478 489 537 526 ἥξει
551 489 645 526 ὥσπερ
658 490 756 526 πηγὴὸ
765 491 837 526 ἀμη-

43 537 94 568 τός
119 545 184 568 σου,
198 537 245 564 καὶ
260 537 277 571 ἡ
293 536 380 563 ἔνδεια
405 536 499 572 ὥσπερ
517 536 602 568 κακὸς
627 536 697 573 ἀνὴρ
719 537 839 564 ἀπαυτο-

46 583 175 618 μολήσει.
196 593 205 609 ›
222 583 277 610 Καὶ
291 583 382 610 πάλιν·
400 592 410 609 ι
435 583 464 610 '0
477 582 659 618 ἐργαζόμενος
676 582 725 618 τὴν
740 583 838 611 ἑαυτοῦ

43 629 111 664 γῆν,
120 629 306 664 πλησθήσεται
315 628 437 664 ἄρτωνξ»
452 629 507 656 Καὶ
521 630 550 656 ὲν
563 629 653 660 ἄλλοις
667 630 759 664 φησίν·
775 639 784 655 ι
809 630 838 657 '0

43 675 136 710 ἀργὸς
159 674 303 710 περιέλαὸε
325 674 374 706 τὰς
388 676 483 710 χεῖρας
497 675 610 706 ἑαυτοῦ,
627 675 674 702 καὶ
692 675 777 710 ἔφαγε
790 675 840 708 τὰς

43 720 157 755 σάρκας
177 720 271 746 αὑτοῦ.
292 730 301 746 ι
319 721 374 746 Καὶ
396 720 468 755 ἑξῆς·
492 730 501 746 ι
520 720 635 756 Κρύψας
655 721 770 757 ὀκνηρὸς
790 721 839 757 τὴν

42 767 128 800 χεῖρα
148 765 246 796 αὑτοῦ,
271 766 302 792 οὐ
316 766 459 801 δυνήσεται
474 766 635 800 ἀπενεγκεῖν
648 767 688 798 εις
696 766 727 792 τὺ
752 767 839 802 στόμα

42 810 144 836 αὑτοῦ.
153 811 220 837 »Καὶ
228 811 319 838 πάλιν·
333 812 385 838 «Δι’
395 812 495 848 ἀργίαν
505 812 603 847 χειρῶν
608 811 838 848 ταπεινωθήσεται

42 857 59 890 ἡ
77 857 204 888 δόκωπις.
225 866 235 882 ι
259 856 421 893 Ἐργάζεσοε
429 855 475 884 οὖν
490 857 644 893 ἐνδελεχῶς·
654 857 839 893 ἀθεράπευτος

889 259 998 294 quidem
1014 259 1128 289 dormis.
1143 259 1254 294 paulum
1267 263 1356 286 autem
1369 259 1458 291 sedes,
1475 267 1570 294 parum
1583 265 1674 288 autem

888 304 1033 336 dormitas,
1055 305 1166 340 paulum
1181 309 1273 332 autem
1289 305 1464 340 amplecteris
1485 305 1614 332 manibus
1630 314 1675 341 pe-

889 349 1098 378 ctorazdeinde
1122 350 1233 377 advenit
1256 350 1307 377 tibi
1331 355 1463 385 tanquam
1487 351 1577 378 malus
1588 351 1676 379 viator

888 400 1045 431 paupertas,
1069 399 1098 424 et
1112 400 1221 432 egestas
1246 400 1376 431 tanquam
1406 396 1495 424 bonus
1511 404 1620 425 cursor.
1647 398 1676 425 Si

888 450 954 470 vero
971 443 1086 478 impiger
1100 441 1197 476 fueris,
1214 443 1304 470 veniet
1320 447 1350 470 ut
1371 442 1433 471 fons
1454 442 1554 471 messis
1575 447 1633 476 tua,
1649 449 1676 473 et

888 491 997 523 egestas
1012 487 1093 524 quasi
1112 488 1202 516 malus
1219 488 1261 515 vir
1283 488 1405 524 aufugict
1416 489 1450 515 ⁸⁸.
1471 498 1482 515 ι
1503 488 1537 516 Ει
1553 489 1653 518 iterum
1667 499 1674 518 :

891 543 901 560 ι
920 534 973 568 Qui
982 538 1112 570 operatur
1119 537 1222 562 terram
1232 542 1321 567 suam,
1330 535 1481 570 replebitur
1494 535 1651 570 panibus".
1663 546 1673 563 ι

889 580 923 607 Et
935 581 989 608 alio
1000 581 1029 608 in
1044 581 1104 609 Ioco
1117 580 1156 608 ait
1172 590 1178 608 :
1197 590 1208 607 ι
1230 580 1341 609 Otiosus
1354 581 1513 616 complexus
1525 585 1568 609 est
1577 590 1676 611 manus

890 634 967 659 suas,
989 631 1017 654 et
1035 626 1156 654 comedit
1182 633 1281 654 carnes
1303 633 1368 654 suas
1378 627 1412 653 ⁸ο.
1434 636 1443 652 ι
1465 625 1498 654 Et
1519 631 1674 662 praeterea:

892 681 901 697 ι
924 672 1004 708 Piger
1027 672 1075 707 qui
1100 673 1245 700 abscondit
1263 680 1375 700 manum
1394 680 1484 706 suam,
1503 680 1560 701 non
1575 674 1676 708 poterit

889 725 949 745 eam
963 718 1070 746 deferre
1084 718 1120 745 ad
1133 726 1165 746 os
1179 727 1259 747 suum
1269 717 1305 746 σί.
1324 728 1334 745 ι
1355 718 1388 746 Ει
1403 718 1492 747 adhuc
1505 729 1513 747 :
1530 729 1540 746 ι
1557 719 1674 756 Propter

889 764 1032 800 segnitiem
1053 772 1195 798 manuum,
1223 764 1403 792 inciinabitur
1424 766 1594 801 contignatio
1605 766 1642 793 ".
1663 779 1671 792 ι

890 810 975 846 Igitur
992 811 1144 846 operamini
1169 811 1279 839 assidue
1296 821 1303 839 :
1322 811 1509 846 irreparabilis
1533 812 1608 840 enim
1633 818 1675 840 cst

890 857 958 892 pigri
974 856 1097 884 infamia.
1123 856 1229 892 Siquis
1251 861 1341 885 autem
1366 864 1422 884 non
1445 861 1586 892 operatur,
1603 859 1674 894 apud

41 903 101 938 γὰρ
116 904 193 929 ἐστιν
213 902 299 938 ἀργοῦ
324 903 428 938 μῶμος.
445 903 476 929 Εἰ
497 903 526 929 δέ
548 911 590 934 τις
612 903 649 939 μὴ
672 903 832 939 ἐργάζεται,
850 907 871 935 Β

895 902 968 932 νοενίε
982 910 1038 930 non
1053 902 1242 930 manducet".
1258 901 1368 931 Otiosos
1391 903 1466 931 enim
1490 903 1554 931 odio
1577 911 1673 939 prose-

41 946 125 980 οἶιτος
141 949 207 984 παρ’
219 949 283 984 ὑμῖν
300 948 337 984 μὴ
360 948 481 976 ἐσθιέτω.
505 949 618 984 Ἀργοὺς
633 949 687 985 γὰρ
703 951 777 985 μισεῖ
791 951 837 976 καὶ

40 995 56 1020 ὁ
71 993 179 1029 Κύριος
191 995 205 1020 6
219 994 284 1026 Θεὸς
297 994 387 1030 ἡμῶν·
402 994 486 1030 ἀργὸς
500 994 554 1030 γὰρ
578 993 648 1022 εἶναι
666 995 716 1022 οὐκ
735 995 837 1030 ὀφείλει

39 1040 135 1071 οὐδεὶς
147 1040 202 1067 τῶν
216 1039 276 1076 θεῷ
290 1040 524 1076 προσανεχόντων.

78 1096 196 1161 ⁵ἱῡιιιίά.
209 1097 226 1125 9
243 1102 270 1126 et
283 1100 362 1134 seq.‘
377 1098 402 1115 "
421 1098 501 1126 Prov.
519 1106 567 1130 xu,
582 1098 626 1125 Il.

40 1140 136 1165 “1,10.

889 949 983 984 quitur
996 948 1128 977 Dominus
1138 948 1210 977 Deus
1221 952 1333 982 noster;
1349 956 1400 977 nec
1414 949 1505 986 segnis
1520 957 1582 978 esse
1595 949 1674 978 debet

889 996 1035 1030 quisquam
1050 1003 1145 1023 eorum
1159 995 1207 1031 qui
1222 994 1306 1023 Deum
1319 995 1424 1022 colunt.

674 1098 697 1114 ⁸⁸
715 1097 848 1130 Eccie.|v,
866 1098 892 1126 5.
941 1097 963 1114 ⁶¹
976 1096 1059 1125 Prov.
1071 1103 1128 1129 xu,
1146 1095 1192 1123 2t.
1231 1096 1254 1111 ⁶²
1274 1094 1362 1123 Eccle.
1374 1095 1452 1126 ms.
1491 1095 1515 1111 “
1531 1095 1553 1122 Il
1570 1095 1668 1124 Thess.

705 1149 887 1178 VARIORUM
903 1149 1021 1178 ΝΟΤΑΞ.

80 1197 141 1234 (15)
157 1197 215 1231 Τὴν
237 1197 349 1232 σοφίαν
371 1196 524 1231 τιμήσασα
549 1195 693 1230 προήχθη.
708 1195 815 1222 Omissa
832 1193 871 1222 hat

904 1194 931 1220 in
946 1194 1033 1222 altero
1048 1201 1100 1222 ms.
1114 1193 1327 1222 Vindobonensi.
1341 1194 1425 1222 Cum.

163 1313 337 1340 ΚΕΦΑΛΑΙΑ
351 1313 420 1340 ΤΟΥ
435 1312 560 1340 ΤΡΙΤΟΥ
575 1311 721 1338 ΒῘΒΛΙΟΥ,

40 1428 86 1461 β’.
106 1429 174 1455 ὀτι
191 1427 388 1462 παραιτητέον
405 1426 550 1461 καθιστᾶν
567 1426 711 1461 νεωτέρας
728 1425 838 1460 χήρας,

82 1474 134 1502 διὰ
147 1474 181 1500 τὸ
196 1474 340 1501 ὕποπτον.

45 1520 84 1556 γ’.
110 1521 233 1553 Ὀποίας
245 1520 321 1547 εἶναι
339 1519 398 1554 χρὴ
421 1519 473 1553 τὰς
491 1518 599 1553 χήρας,
615 1518 664 1546 καὶ
678 1518 758 1551 ὅπως
771 1517 835 1544 ἐπι-

82 1565 258 1601 περιαιρεῖσθαι
272 1565 352 1600 παρὰ
365 1565 417 1592 τοῦ
431 1564 608 1592 ἐπισκόπου.

44 1611 80 1638 δ’.
100 1612 162 1639 ὀτι
179 1611 267 1639 πάνθ’
284 1610 446 1638 ὁντιναοῦν
454 1609 543 1644 ἐνδεῆ
556 1610 690 1637 εὑποιεῐν
703 1611 773 1645 χρή.

45 1655 80 1683 ε’.
100 1656 160 1683 Ὀτι
173 1657 222 1684 καὶ
235 1657 288 1684 τοῦ
302 1656 395 1691 ἤθους
407 1655 603 1691 ἐπιμελητέον
612 1655 669 1690 τὴν
683 1656 790 1691 χήραν.

44 1701 85 1734 ς’.
99 1702 161 1729 Ὀτι
172 1702 209 1730 οὐ
219 1702 277 1737 χρὴ
286 1702 430 1738 γυναῖκας
439 1701 594 1729 διδάσκειν
603 1721 612 1734 ,
628 1701 760 1736 ἀπρεπὲς
769 1701 834 1736 γάρ·

80 1748 133 1775 καὶ
144 1747 226 1775 ποῖαι
243 1748 383 1783 γυναῖκες
394 1748 514 1776 εἵποντο
524 1746 565 1780 τῷ
577 1746 686 1781 Κυρίῳ.

45 1832 87 1865 ζ’.
107 1831 174 1861 οἶαί
183 1835 262 1862 εἰσιν
271 1836 300 1862 al
310 1835 506 1871 ψευδοχῆραι.

45 1879 86 1914 η’.
105 1880 166 1907 Ὅτι
179 1881 217 1908 οὐ
227 1880 285 1915 χρὴ
300 1882 381 1915 παρὰ
390 1882 523 1915 ἀναξίων
535 1883 699 1918 λαμϐάνειν
717 1884 774 1918 τὴν
787 1883 841 1919 χή-

78 1935 151 1961 ραν,
167 1926 187 1961 ἢ
204 1926 258 1954 τὸν
271 1927 450 1961 ἐπίσκοπον,
462 1928 482 1962 ἢ
499 1928 596 1956 ἄλλον
605 1931 726 1958 πιστόν.

45 1972 81 2001 θ’.
99 1973 165 1999 Ὀτι
178 1974 214 2000 οὐ
229 1972 286 2008 χρὴ
301 1975 446 2009 γυναῖκας
463 1975 618 2007 βαπτίζειν
629 1985 636 1991 ·
654 1976 762 2010 ἀσεϐὲς
773 1978 838 2013 γὰρ,

81 2019 133 2045 καὶ
144 2019 201 2053 τῆς
215 2019 343 2053 Χριστοῦ
357 2019 554 2054 διδασκαλίας
567 2022 736 2056 ἀλλότριον.

45 2063 73 2091 ι’.
93 2064 155 2090 Ὅτι
165 2065 201 2091 οὐ
213 2064 271 2098 χρὴ
283 2065 391 2092 λατκὸν
400 2066 496 2093 ποιεῖν
507 2067 656 2101 ἱερατικὸν
669 2068 758 2104 ἔργον
767 2077 774 2084 ·
783 2069 840 2102 ,ϐά-

81 2117 207 2144 πτισμα,
220 2110 239 2145 ἢ
251 2111 370 2144 θυσίαν,
381 2112 401 2146 ἢ
411 2113 609 2147 χειροθεσίαν,
620 2113 639 2148 ἢ
651 2115 803 2149 εὐλογίαν.

45 2195 94 2223 ια’.
112 2197 177 2223 ὀτι
189 2196 274 2231 πλὴν
284 2196 453 2224 ἐπισκόπου
470 2196 490 2231 ἢ
506 2197 718 2232 πρεσϐυτέρου,
736 2198 836 2226 οὐδενὶ

78 2242 141 2270 τῶν
153 2243 269 2271 λοιπῶν
282 2243 431 2278 κληρικῶν
449 2243 654 2278 ἐπιτέτραπται
669 2243 705 2271 τὰ
719 2243 779 2271 τῶν
792 2246 834 2272 ιε-
848 2242 871 2270 Ι)

75 2290 158 2324 ρέων
176 2290 325 2325 ἐνεργεῖν⁸
347 2289 381 2317 τὸ
402 2289 436 2316 δὲ
459 2289 642 2324 χειροτονεῖν
660 2290 744 2325 μόνῳ
769 2291 833 2318 ἐπι-

80 2336 189 2368 σκόπφ
203 2334 359 2370 προσήκει,
371 2334 462 2368 ἑτέρῳ
475 2334 509 2361 δὲ
527 2334 639 2362 οὐδενί.

43 2381 87 2408 ιδ’.
109 2380 272 2415 Ἀποτροπὴ
283 2381 465 2414 βασκανίας.

43 2426 88 2462 ιγ’.
107 2427 207 2460 ὀπως
220 2427 268 2454 δεῖ
277 2428 498 2462 προσεύχεσθαι
510 2428 563 2462 τὰς
575 2437 670 2464 χηρας
687 2428 763 2464 ὑπὲρ
775 2429 834 2457 τῶν

78 2472 224 2500 διδόντων
232 2473 269 2500 τὰ
282 2472 356 2508 πρὸς
373 2474 426 2507 τὰς
442 2474 554 2508 χρείας.

42 2518 91 2546 ιδ’.
107 2519 173 2546 Ὅτι
186 2519 222 2546 οὐ
236 2518 295 2553 χρὴ
311 2518 480 2553 κομπάζειν,
494 2519 543 2546 καὶ
562 2518 786 2554 περιαγγέλλειν
799 2519 832 2546 τὸ

77 2563 190 2599 ἑαυτῆς
205 2565 308 2599 ὄνομα,
327 2564 381 2598 τὴν
398 2565 666 2600 καρποφοροῦσαν,
681 2565 754 2592 κατὰ
775 2564 832 2599 τὴν

76 2610 132 2638 τοῦ
142 2610 254 2644 Κυρίου
267 2610 411 2643 διάταξιν.

42 2658 84 2681 ιε’.
101 2654 166 2681 ὀτι
178 2653 313 2688 ἀπρεπὲς
328 2654 362 2682 τὸ
371 2654 519 2689 λοιδορεῖν
538 2654 590 2682 τὸν
602 2655 736 2689 πλησίον
745 2663 751 2670 ι
778 2654 831 2683 ἀλ-

76 2700 198 2734 λότριον
210 2700 267 2735 γὰρ
278 2699 462 2735 Χριστιανῶν
471 2700 505 2728 τὸ
515 2700 709 2735 καταρᾶσθαι.

42 2745 91 2778 ις’.
106 2745 178 2780 Περὶ
185 2746 329 2780 μυήσεως
342 2746 424 2780 θείας
437 2745 490 2773 τοῦ
508 2747 595 2781 ἁγίου
610 2746 828 2781 βαπτίσματος.

39 2790 86 2822 ιζ’.
101 2790 197 2819 Ποίαν
208 2791 309 2818 αἰτίαν
317 2792 380 2828 ἔχει
394 2792 428 2820 τὸ
443 2794 486 2826 εὶς
500 2792 554 2820 τὸν
575 2793 703 2827 Χριστὸν
720 2793 829 2826 ,βά-πτι-

72 2831 138 2874 σμα
148 2846 156 2854 ·
173 2837 227 2866 καὶ
244 2837 322 2865 διατι
341 2838 398 2866 τῶν
412 2839 448 2867 ἐν
466 2839 546 2873 αὐτῷ
559 2839 689 2867 ἕκαστον
701 2840 827 2875 λέγεται,

71 2884 123 2912 καὶ
136 2884 304 2919 πράττεται.

1099 1310 1221 1339 CAPITA
1238 1311 1327 1339 LIBRI
1342 1311 1468 1341 TERTII.

889 1424 921 1452 II.
943 1424 1020 1458 Quod
1035 1425 1178 1452 cavendum
1193 1425 1238 1456 sit.
1257 1433 1289 1452 ne
1302 1426 1361 1460 quis
1374 1425 1466 1453 viduas
1477 1427 1598 1461 junioros
1611 1437 1674 1456 con-

925 1471 1031 1502 stituat,
1047 1475 1152 1505 propter
1166 1471 1351 1505 suspicionem.

888 1515 931 1544 III.
954 1517 1052 1550 Quales
1064 1525 1120 1544 esse
1135 1522 1253 1551 oporteat
1266 1518 1369 1551 viduas,
1383 1524 1409 1546 et
1420 1519 1550 1554 quomodo
1569 1520 1602 1547 ab
1624 1522 1676 1556 epi-

848 1572 869 1600 c
921 1571 999 1598 scopo
1015 1562 1125 1591 debeant
1140 1563 1273 1598 adjuvari.

886 1607 930 1636 IV.
953 1609 1029 1642 Quod
1043 1614 1161 1644 oporteat
1175 1611 1314 1646 unicuique
1326 1611 1453 1647 indigenti
1469 1612 1628 1648 benefacere.

886 1653 920 1682 V.
941 1655 1019 1688 Quod
1035 1655 1119 1683 vidum
1133 1656 1251 1691 probitas
1268 1665 1369 1684 morum
1382 1665 1454 1685 cura:
1468 1666 1524 1686 esse
1535 1659 1636 1688 debeat.

886 1699 931 1728 VI.
944 1701 1020 1734 Quod
1032 1710 1084 1729 non
1097 1706 1214 1737 oporteat
1227 1703 1348 1730 mulieres
1358 1704 1470 1731 docendi
1481 1704 1572 1739 ofﬁcio
1583 1705 1673 1742 fungi;

920 1747 1072 1774 indecorum
1095 1749 1165 1776 enim
1181 1753 1294 1776 esse:et
1318 1749 1409 1784 quales
1431 1751 1556 1779 mulieres
1578 1751 1673 1780 Domi-

921 1802 983 1820 num
998 1794 1181 1830 sequebantur.

887 1838 943 1867 VII.
965 1839 1064 1873 Quales
1078 1841 1132 1868 sint
1145 1841 1223 1876 [alue
1238 1842 1334 1870 vidule.

886 1884 955 1912 VIII.
977 1886 1054 1919 Quod
1067 1895 1119 1914 non
1142 1891 1260 1919 oporteat
1276 1893 1304 1915 ut
1324 1888 1356 1916 ab
1371 1889 1486 1925 indignis
1503 1890 1617 1926 accipiat
1634 1893 1672 1920 oi-

919 1931 984 1963 dua,
999 1931 1038 1958 vel
1053 1933 1201 1967 episcopus.
1217 1933 1257 1960 vel
1271 1934 1342 1961 alius
1360 1935 1457 1970 ﬁdelis.

887 1977 931 2005 IX.
953 1978 1029 2012 Quod
1057 1987 1109 2005 non
1136 1983 1254 2013 oporteat
1274 1985 1304 2006 ut
1324 1981 1445 2008 mulieres
1470 1981 1605 2016 baptizent
1620 1990 1630 2010 :
1644 1983 1671 2011 id

920 2024 989 2051 enim
1003 2024 1130 2059 impium,
1144 2030 1170 2052 et
1185 2033 1203 2051 a
1218 2024 1341 2062 doctrina
1354 2025 1455 2054 Christi
1472 2028 1600 2058 alienum.

886 2069 919 2097 Χ.
942 2070 1018 2104 Quod
1034 2079 1086 2098 non
1098 2071 1191 2099 debeat
1209 2072 1294 2099 laicus
1309 2081 1375 2107 opus
1388 2073 1552 2102 sacerdotale
1567 2075 1670 2110 facere;

929 2117 1071 2151 baptisma,
1087 2122 1133 2144 aut
1150 2118 1324 2153 sacriﬁcium,
1342 2123 1388 2146 aut
1410 2127 1505 2147 manus
1524 2121 1670 2155 impositiq-

920 2170 989 2195 nem,
1002 2167 1048 2190 aut
1061 2162 1273 2192 benedictionem.

885 2207 932 2236 XI.
954 2208 1030 2241 Quod
1044 2214 1218 2244 prwterquam
1233 2210 1353 2246 episcopo
1366 2216 1412 2238 aut
1423 2211 1584 2248 presbytero,
1601 2213 1669 2240 nulli

918 2259 1073 2282 ceterorum
1088 2255 1243 2283 clericorum
1260 2257 1337 2284 liceat
1351 2265 1409 2292 qua:
1424 2262 1485 2284 sunt
1502 2258 1667 2286 sacerdotum

916 2308 1059 2329 exercere:
1075 2306 1100 2329 et
1118 2302 1187 2337 quod
1210 2302 1345 2336 ordinare,
1365 2303 1417 2331 soli
1433 2303 1554 2338 episcopo
1577 2312 1669 2332 canae-

917 2347 984 2379 niat,
1001 2347 1068 2375 nulli
1083 2356 1141 2375 vero
1159 2348 1217 2376 alii.

883 2391 939 2420 XII.
963 2393 1116 2421 Dehortatio
1130 2393 1163 2420 ab
1177 2393 1288 2422 invidia.

882 2437 951 2466 XIII.
973 2439 1111 2472 Quomodo
1126 2445 1245 2475 oporteat
1257 2440 1350 2468 viduas
1366 2440 1442 2467 orare
1456 2448 1504 2475 pro
1519 2441 1552 2468 iis
1565 2442 1610 2476 qui
1621 2451 1666 2470 ne-

915 2485 1032 2512 cessaria
1046 2486 1174 2514 tribuunt.

882 2529 951 2558 XIV.
973 2530 1050 2564 Quod
1069 2532 1213 2559 secundum
1237 2532 1345 2559 Domini
1366 2533 1591 2565 constitutionem,
1614 2542 1666 2561 nm

915 2575 1006 2603 debeat
1013 2576 1120 2611 jactare
1129 2585 1167 2610 se,
1183 2585 1229 2605 nec
1243 2586 1338 2606 nomen
1352 2586 1428 2605 suum
1441 2579 1597 2614 pra'dicare,
1607 2588 1666 2615 qua:

915 2631 1010 2650 munus
1024 2623 1130 2652 tribuit.

879 2690 937 2718 XV.
959 2691 1035 2724 Quod
1050 2700 1102 2718 non
1116 2691 1206 2720 deceat
1228 2693 1370 2720 conviciari
1392 2693 1511 2728 proximo
1526 2701 1535 2720 :
1548 2693 1664 2720 alienum

913 2739 982 2764 enim
998 2746 1055 2764 esse
1068 2747 1085 2764 a
1098 2738 1270 2770 Christianis,
1286 2739 1450 2767 maledicere.

880 2782 950 2811 XVI.
972 2783 1010 2810 De
1021 2783 1110 2810 diuina
1125 2785 1211 2811 sancti
1227 2784 1394 2819 baptismatis
1413 2786 1572 2813 initiatione.

879 2841 960 2869 XVII.
983 2842 1068 2874 Quam
1082 2850 1190 2868 causam
1203 2842 1298 2869 habeat
1313 2842 1458 2876 baptisma:
1471 2843 1496 2869 in
1511 2843 1660 2870 Christum.-

913 2892 937 2914 et
953 2895 1035 2922 quare
1050 2887 1154 2922 singula
1167 2888 1192 2915 in
1211 2896 1239 2915 eo
1257 2893 1281 2915 et
1293 2888 1426 2920 dicantur,
1443 2895 1467 2915 et
1488 2889 1564 2921 ﬁant.
