  <div class='ocr_page' id='page_1' title='image "/cluster/home/n/w/nwhite01/storage/ocr_20150623/1/njp.32101077772331/481.png"; bbox 0 0 1893 3109; ppageno 0'>
   <div class='ocr_carea' id='block_1_1' title="bbox 227 157 283 185">
    <p class='ocr_par' dir='ltr' id='par_1_1' title="bbox 227 157 283 185">
     <span class='ocr_line' id='line_1_1' title="bbox 227 157 283 185; baseline -0.036 0"><span class='ocrx_word' id='word_1_1' title='bbox 227 157 283 185; x_wconf 80' lang='lat'><strong>767</strong></span> 
     </span>
    </p>
   </div>
   <div class='ocr_carea' id='block_1_2' title="bbox 656 155 1414 188">
    <p class='ocr_par' dir='ltr' id='par_1_2' title="bbox 656 155 1414 188">
     <span class='ocr_line' id='line_1_2' title="bbox 656 155 1414 188; baseline 0.004 -3"><span class='ocrx_word' id='word_1_2' title='bbox 656 155 686 186; x_wconf 70' lang='grc' dir='ltr'><strong>Β.</strong></span> <span class='ocrx_word' id='word_1_3' title='bbox 702 157 898 186; x_wconf 72' lang='lat' dir='ltr'><strong>CLEIENTIS</strong></span> <span class='ocrx_word' id='word_1_4' title='bbox 914 158 923 186; x_wconf 96' lang='lat' dir='ltr'><strong>l</strong></span> <span class='ocrx_word' id='word_1_5' title='bbox 944 157 1027 187; x_wconf 63' lang='lat' dir='ltr'><strong>R0“.</strong></span> <span class='ocrx_word' id='word_1_6' title='bbox 1046 158 1150 187; x_wconf 82' lang='lat' dir='ltr'><strong>PONT.</strong></span> <span class='ocrx_word' id='word_1_7' title='bbox 1166 158 1282 188; x_wconf 71' lang='lat' dir='ltr'><strong>OPERA</strong></span> <span class='ocrx_word' id='word_1_8' title='bbox 1299 158 1414 188; x_wconf 75' lang='lat' dir='ltr'><strong>DUBIA.</strong></span> 
     </span>
    </p>
   </div>
   <div class='ocr_carea' id='block_1_3' title="bbox 1794 165 1846 194">
    <p class='ocr_par' dir='ltr' id='par_1_3' title="bbox 1794 165 1846 194">
     <span class='ocr_line' id='line_1_3' title="bbox 1794 165 1846 194; baseline 0 0"><span class='ocrx_word' id='word_1_9' title='bbox 1794 165 1846 194; x_wconf 66' lang='lat'><strong>768</strong></span> 
     </span>
    </p>
   </div>
   <div class='ocr_carea' id='block_1_4' title="bbox 226 214 1033 257">
    <p class='ocr_par' dir='ltr' id='par_1_4' title="bbox 226 214 1033 254">
     <span class='ocr_line' id='line_1_4' title="bbox 226 214 1033 254; baseline 0.006 -12"><span class='ocrx_word' id='word_1_10' title='bbox 226 217 254 243; x_wconf 90' lang='lat' dir='ltr'><strong>in</strong></span> <span class='ocrx_word' id='word_1_11' title='bbox 270 217 381 243; x_wconf 88' lang='lat' dir='ltr'><strong>domum</strong></span> <span class='ocrx_word' id='word_1_12' title='bbox 397 220 485 244; x_wconf 84' lang='lat' dir='ltr'><strong>tuam.</strong></span> <span class='ocrx_word' id='word_1_13' title='bbox 512 214 541 244; x_wconf 81' lang='lat' dir='ltr'><strong>Si</strong></span> <span class='ocrx_word' id='word_1_14' title='bbox 556 219 648 244; x_wconf 87' lang='lat' dir='ltr'><strong>autem</strong></span> <span class='ocrx_word' id='word_1_15' title='bbox 663 217 765 246; x_wconf 76' lang='lat' dir='ltr'><strong>videris</strong></span> <span class='ocrx_word' id='word_1_16' title='bbox 778 218 893 250; x_wconf 81' lang='lat' dir='ltr'><strong>nudum.</strong></span> <span class='ocrx_word' id='word_1_17' title='bbox 909 219 985 254; x_wconf 90' lang='lat' dir='ltr'><strong>operi</strong></span> <span class='ocrx_word' id='word_1_18' title='bbox 1002 228 1010 253; x_wconf 85' lang='lat'><strong>;</strong></span> <span class='ocrx_word' id='word_1_19' title='bbox 1026 225 1033 250; x_wconf 70' lang='grc' dir='ltr'><em>Α</em></span> 
     </span>
    </p>
   </div>
   <div class='ocr_carea' id='block_1_5' title="bbox 1065 214 1850 257">
    <p class='ocr_par' dir='ltr' id='par_1_5' title="bbox 1065 219 1850 257">
     <span class='ocr_line' id='line_1_5' title="bbox 1065 219 1850 257; baseline 0.004 -11"><span class='ocrx_word' id='word_1_20' title='bbox 1065 219 1148 255; x_wconf 69' lang='grc' dir='ltr'>ματος</span> <span class='ocrx_word' id='word_1_21' title='bbox 1165 228 1211 246; x_wconf 88' lang='grc' dir='ltr'><strong>σου</strong></span> <span class='ocrx_word' id='word_1_22' title='bbox 1225 220 1275 256; x_wconf 83' lang='grc' dir='ltr'><strong>οὐχ</strong></span> <span class='ocrx_word' id='word_1_23' title='bbox 1295 220 1428 256; x_wconf 78' lang='grc' dir='ltr'>ὑπερόψῃ·</span> <span class='ocrx_word' id='word_1_24' title='bbox 1447 229 1458 246; x_wconf 76' lang='grc' dir='ltr'><strong>ι</strong></span> <span class='ocrx_word' id='word_1_25' title='bbox 1478 220 1525 247; x_wconf 70' lang='grc' dir='ltr'><strong>καὶ</strong></span> <span class='ocrx_word' id='word_1_26' title='bbox 1539 220 1584 248; x_wconf 73' lang='grc' dir='ltr'><strong>διὰ</strong></span> <span class='ocrx_word' id='word_1_27' title='bbox 1604 220 1767 257; x_wconf 72' lang='grc' dir='ltr'>τοῦΔανιὴλ</span> <span class='ocrx_word' id='word_1_28' title='bbox 1780 222 1850 256; x_wconf 77' lang='grc' dir='ltr'>λέγει</span> 
     </span>
    </p>
   </div>
   <div class='ocr_carea' id='block_1_6' title="bbox 224 262 1011 299">
    <p class='ocr_par' dir='ltr' id='par_1_6' title="bbox 224 262 1011 299">
     <span class='ocr_line' id='line_1_6' title="bbox 224 262 1011 299; baseline 0.004 -10"><span class='ocrx_word' id='word_1_29' title='bbox 224 265 253 290; x_wconf 81' lang='lat' dir='ltr'><strong>et</strong></span> <span class='ocrx_word' id='word_1_30' title='bbox 263 262 432 290; x_wconf 78' lang='lat' dir='ltr'><strong>domesticos</strong></span> <span class='ocrx_word' id='word_1_31' title='bbox 449 262 562 290; x_wconf 85' lang='lat' dir='ltr'><strong>seminis</strong></span> <span class='ocrx_word' id='word_1_32' title='bbox 572 263 612 290; x_wconf 93' lang='lat' dir='ltr'><strong>tui</strong></span> <span class='ocrx_word' id='word_1_33' title='bbox 627 271 662 291; x_wconf 91' lang='lat' dir='ltr'><strong>ne</strong></span> <span class='ocrx_word' id='word_1_34' title='bbox 674 263 834 298; x_wconf 69' lang='lat' dir='ltr'><strong>despexeris</strong></span> <span class='ocrx_word' id='word_1_35' title='bbox 847 265 885 297; x_wconf 86' lang='lat'><strong>&quot;;</strong></span> <span class='ocrx_word' id='word_1_36' title='bbox 897 273 906 290; x_wconf 79' lang='grc' dir='ltr'><strong>ι</strong></span> <span class='ocrx_word' id='word_1_37' title='bbox 921 269 949 292; x_wconf 87' lang='lat' dir='ltr'><strong>et</strong></span> <span class='ocrx_word' id='word_1_38' title='bbox 962 272 1011 299; x_wconf 84' lang='lat' dir='ltr'><strong>per</strong></span> 
     </span>
    </p>
   </div>
   <div class='ocr_carea' id='block_1_7' title="bbox 226 307 1009 343">
    <p class='ocr_par' dir='ltr' id='par_1_7' title="bbox 226 307 1009 343">
     <span class='ocr_line' id='line_1_7' title="bbox 226 307 1009 343; baseline 0.003 -9"><span class='ocrx_word' id='word_1_39' title='bbox 226 307 365 335; x_wconf 88' lang='lat' dir='ltr'><strong>Danielem</strong></span> <span class='ocrx_word' id='word_1_40' title='bbox 381 307 448 334; x_wconf 90' lang='lat' dir='ltr'><strong>dicit</strong></span> <span class='ocrx_word' id='word_1_41' title='bbox 466 308 583 343; x_wconf 85' lang='lat' dir='ltr'><strong>principi</strong></span> <span class='ocrx_word' id='word_1_42' title='bbox 605 318 612 336; x_wconf 92' lang='lat'>:</span> <span class='ocrx_word' id='word_1_43' title='bbox 628 318 637 334; x_wconf 83' lang='grc' dir='ltr'><strong>ι</strong></span> <span class='ocrx_word' id='word_1_44' title='bbox 656 308 762 336; x_wconf 90' lang='lat' dir='ltr'><strong>Idcirco</strong></span> <span class='ocrx_word' id='word_1_45' title='bbox 786 317 846 341; x_wconf 86' lang='lat' dir='ltr'><strong>rex,</strong></span> <span class='ocrx_word' id='word_1_46' title='bbox 865 309 1009 337; x_wconf 89' lang='lat' dir='ltr'><strong>consilium</strong></span> 
     </span>
    </p>
   </div>
   <div class='ocr_carea' id='block_1_8' title="bbox 225 353 1012 391">
    <p class='ocr_par' dir='ltr' id='par_1_8' title="bbox 225 353 1012 391">
     <span class='ocr_line' id='line_1_8' title="bbox 225 353 1012 391; baseline 0.004 -11"><span class='ocrx_word' id='word_1_47' title='bbox 225 361 316 380; x_wconf 87' lang='lat' dir='ltr'><strong>meum</strong></span> <span class='ocrx_word' id='word_1_48' title='bbox 334 353 438 388; x_wconf 86' lang='lat' dir='ltr'><strong>placeat</strong></span> <span class='ocrx_word' id='word_1_49' title='bbox 460 353 509 380; x_wconf 84' lang='lat' dir='ltr'><strong>tibi</strong></span> <span class='ocrx_word' id='word_1_50' title='bbox 524 359 551 381; x_wconf 94' lang='lat' dir='ltr'><strong>et</strong></span> <span class='ocrx_word' id='word_1_51' title='bbox 568 358 677 388; x_wconf 85' lang='lat' dir='ltr'><strong>peccata</strong></span> <span class='ocrx_word' id='word_1_52' title='bbox 697 359 743 382; x_wconf 86' lang='lat' dir='ltr'><strong>tua</strong></span> <span class='ocrx_word' id='word_1_53' title='bbox 763 355 944 391; x_wconf 84' lang='lat' dir='ltr'><strong>elecmosynis</strong></span> <span class='ocrx_word' id='word_1_54' title='bbox 967 363 1012 383; x_wconf 82' lang='lat' dir='ltr'><strong>re-</strong></span> 
     </span>
    </p>
   </div>
   <div class='ocr_carea' id='block_1_9' title="bbox 225 398 1011 436">
    <p class='ocr_par' dir='ltr' id='par_1_9' title="bbox 225 398 1011 436">
     <span class='ocr_line' id='line_1_9' title="bbox 225 398 1011 436; baseline 0.001 -10"><span class='ocrx_word' id='word_1_55' title='bbox 225 398 310 430; x_wconf 85' lang='lat' dir='ltr'><strong>dime,</strong></span> <span class='ocrx_word' id='word_1_56' title='bbox 335 403 362 426; x_wconf 85' lang='lat' dir='ltr'><strong>et</strong></span> <span class='ocrx_word' id='word_1_57' title='bbox 389 399 549 434; x_wconf 85' lang='lat' dir='ltr'><strong>iniquitates</strong></span> <span class='ocrx_word' id='word_1_58' title='bbox 571 403 634 427; x_wconf 84' lang='lat' dir='ltr'><strong>tuas</strong></span> <span class='ocrx_word' id='word_1_59' title='bbox 659 400 885 429; x_wconf 72' lang='lat' dir='ltr'><strong>miserationibus</strong></span> <span class='ocrx_word' id='word_1_60' title='bbox 908 408 1011 436; x_wconf 77' lang='lat' dir='ltr'><strong>paupe-</strong></span> 
     </span>
    </p>
   </div>
   <div class='ocr_carea' id='block_1_10' title="bbox 227 443 1011 482">
    <p class='ocr_par' dir='ltr' id='par_1_10' title="bbox 227 443 1011 482">
     <span class='ocr_line' id='line_1_10' title="bbox 227 443 1011 482; baseline 0.005 -12"><span class='ocrx_word' id='word_1_61' title='bbox 227 452 287 471; x_wconf 86' lang='lat' dir='ltr'><strong>rum</strong></span> <span class='ocrx_word' id='word_1_62' title='bbox 303 444 344 478; x_wconf 83' lang='grc' dir='ltr'><strong>τ³;</strong></span> <span class='ocrx_word' id='word_1_63' title='bbox 360 454 369 470; x_wconf 78' lang='grc' dir='ltr'><strong>ι</strong></span> <span class='ocrx_word' id='word_1_64' title='bbox 385 447 412 471; x_wconf 89' lang='lat' dir='ltr'><strong>et</strong></span> <span class='ocrx_word' id='word_1_65' title='bbox 427 452 475 479; x_wconf 87' lang='lat' dir='ltr'><strong>per</strong></span> <span class='ocrx_word' id='word_1_66' title='bbox 490 443 662 472; x_wconf 89' lang='lat' dir='ltr'><strong>Salomonem</strong></span> <span class='ocrx_word' id='word_1_67' title='bbox 678 446 716 472; x_wconf 89' lang='lat' dir='ltr'><strong>ait</strong></span> <span class='ocrx_word' id='word_1_68' title='bbox 730 455 737 472; x_wconf 89' lang='lat'><strong>:</strong></span> <span class='ocrx_word' id='word_1_69' title='bbox 758 455 768 472; x_wconf 73' lang='grc' dir='ltr'><strong>ι</strong></span> <span class='ocrx_word' id='word_1_70' title='bbox 783 445 968 482; x_wconf 84' lang='lat' dir='ltr'><strong>Eleemosynis</strong></span> <span class='ocrx_word' id='word_1_71' title='bbox 983 451 1011 474; x_wconf 87' lang='lat' dir='ltr'><strong>et</strong></span> 
     </span>
    </p>
   </div>
   <div class='ocr_carea' id='block_1_11' title="bbox 225 490 1010 526">
    <p class='ocr_par' dir='ltr' id='par_1_11' title="bbox 225 490 1010 526">
     <span class='ocr_line' id='line_1_11' title="bbox 225 490 1010 526; baseline 0.005 -10"><span class='ocrx_word' id='word_1_72' title='bbox 225 490 279 516; x_wconf 64' lang='lat' dir='ltr'><strong>title</strong></span> <span class='ocrx_word' id='word_1_73' title='bbox 293 494 443 525; x_wconf 74' lang='lat' dir='ltr'><strong>purgantur</strong></span> <span class='ocrx_word' id='word_1_74' title='bbox 459 494 569 525; x_wconf 83' lang='lat' dir='ltr'><strong>peccata</strong></span> <span class='ocrx_word' id='word_1_75' title='bbox 584 491 622 524; x_wconf 68' lang='grc' dir='ltr'>υς</span> <span class='ocrx_word' id='word_1_76' title='bbox 641 501 650 517; x_wconf 83' lang='grc'><strong>›</strong></span> <span class='ocrx_word' id='word_1_77' title='bbox 663 496 690 519; x_wconf 89' lang='lat' dir='ltr'><strong>et</strong></span> <span class='ocrx_word' id='word_1_78' title='bbox 708 499 756 526; x_wconf 90' lang='lat' dir='ltr'><strong>per</strong></span> <span class='ocrx_word' id='word_1_79' title='bbox 770 491 898 519; x_wconf 87' lang='lat' dir='ltr'><strong>Davidem</strong></span> <span class='ocrx_word' id='word_1_80' title='bbox 911 493 1010 520; x_wconf 89' lang='lat' dir='ltr'><strong>iterum</strong></span> 
     </span>
    </p>
   </div>
   <div class='ocr_carea' id='block_1_12' title="bbox 225 535 1011 572">
    <p class='ocr_par' dir='ltr' id='par_1_12' title="bbox 225 535 1011 572">
     <span class='ocr_line' id='line_1_12' title="bbox 225 535 1011 572; baseline 0.004 -10"><span class='ocrx_word' id='word_1_81' title='bbox 225 535 292 562; x_wconf 83' lang='lat' dir='ltr'><strong>dicit</strong></span> <span class='ocrx_word' id='word_1_82' title='bbox 308 544 314 562; x_wconf 88' lang='lat'>:</span> <span class='ocrx_word' id='word_1_83' title='bbox 330 544 340 560; x_wconf 76' lang='grc' dir='ltr'><strong>ι</strong></span> <span class='ocrx_word' id='word_1_84' title='bbox 355 535 453 563; x_wconf 86' lang='lat' dir='ltr'><strong>Beatus</strong></span> <span class='ocrx_word' id='word_1_85' title='bbox 468 536 515 570; x_wconf 89' lang='lat' dir='ltr'><strong>qui</strong></span> <span class='ocrx_word' id='word_1_86' title='bbox 531 536 657 572; x_wconf 74' lang='lat' dir='ltr'><strong>intelligit</strong></span> <span class='ocrx_word' id='word_1_87' title='bbox 672 545 756 572; x_wconf 87' lang='lat' dir='ltr'><strong>super</strong></span> <span class='ocrx_word' id='word_1_88' title='bbox 769 545 885 572; x_wconf 78' lang='lat' dir='ltr'><strong>egenum</strong></span> <span class='ocrx_word' id='word_1_89' title='bbox 900 542 928 565; x_wconf 87' lang='lat' dir='ltr'><strong>et</strong></span> <span class='ocrx_word' id='word_1_90' title='bbox 943 545 1011 569; x_wconf 85' lang='lat' dir='ltr'><strong>pau-</strong></span> 
     </span>
    </p>
   </div>
   <div class='ocr_carea' id='block_1_13' title="bbox 224 581 1012 616">
    <p class='ocr_par' dir='ltr' id='par_1_13' title="bbox 224 581 1012 616">
     <span class='ocr_line' id='line_1_13' title="bbox 224 581 1012 616; baseline 0.004 -8"><span class='ocrx_word' id='word_1_91' title='bbox 224 588 317 616; x_wconf 85' lang='lat' dir='ltr'><strong>perem</strong></span> <span class='ocrx_word' id='word_1_92' title='bbox 330 589 337 607; x_wconf 89' lang='lat'><strong>:</strong></span> <span class='ocrx_word' id='word_1_93' title='bbox 351 581 378 608; x_wconf 93' lang='lat' dir='ltr'><strong>in</strong></span> <span class='ocrx_word' id='word_1_94' title='bbox 394 581 438 609; x_wconf 90' lang='lat' dir='ltr'><strong>die</strong></span> <span class='ocrx_word' id='word_1_95' title='bbox 452 582 522 609; x_wconf 85' lang='lat' dir='ltr'><strong>mala</strong></span> <span class='ocrx_word' id='word_1_96' title='bbox 541 582 668 609; x_wconf 84' lang='lat' dir='ltr'><strong>liberaLit</strong></span> <span class='ocrx_word' id='word_1_97' title='bbox 682 590 744 610; x_wconf 91' lang='lat' dir='ltr'><strong>eum</strong></span> <span class='ocrx_word' id='word_1_98' title='bbox 762 582 893 610; x_wconf 82' lang='lat' dir='ltr'><strong>Dominus</strong></span> <span class='ocrx_word' id='word_1_99' title='bbox 904 583 945 616; x_wconf 70' lang='lat'><strong>7&#39;;</strong></span> <span class='ocrx_word' id='word_1_100' title='bbox 961 593 971 610; x_wconf 71' lang='grc' dir='ltr'><strong>ι</strong></span> <span class='ocrx_word' id='word_1_101' title='bbox 983 587 1012 611; x_wconf 90' lang='lat' dir='ltr'><strong>et</strong></span> 
     </span>
    </p>
   </div>
   <div class='ocr_carea' id='block_1_14' title="bbox 224 626 1011 664">
    <p class='ocr_par' dir='ltr' id='par_1_14' title="bbox 224 626 1011 664">
     <span class='ocr_line' id='line_1_14' title="bbox 224 626 1011 664; baseline 0.003 -10"><span class='ocrx_word' id='word_1_102' title='bbox 224 635 322 654; x_wconf 85' lang='lat' dir='ltr'><strong>rursus</strong></span> <span class='ocrx_word' id='word_1_103' title='bbox 337 637 344 654; x_wconf 94' lang='lat'>:</span> <span class='ocrx_word' id='word_1_104' title='bbox 361 636 371 652; x_wconf 76' lang='grc' dir='ltr'><strong>ι</strong></span> <span class='ocrx_word' id='word_1_105' title='bbox 387 626 530 662; x_wconf 82' lang='lat' dir='ltr'><strong>Dispersit.</strong></span> <span class='ocrx_word' id='word_1_106' title='bbox 547 627 622 655; x_wconf 85' lang='lat' dir='ltr'><strong>dedit</strong></span> <span class='ocrx_word' id='word_1_107' title='bbox 637 628 820 663; x_wconf 79' lang='lat' dir='ltr'><strong>pauperibus;</strong></span> <span class='ocrx_word' id='word_1_108' title='bbox 833 628 940 664; x_wconf 86' lang='lat' dir='ltr'><strong>justitia</strong></span> <span class='ocrx_word' id='word_1_109' title='bbox 950 628 1011 663; x_wconf 82' lang='lat' dir='ltr'><strong>ejus</strong></span> 
     </span>
    </p>
   </div>
   <div class='ocr_carea' id='block_1_15' title="bbox 224 673 1005 707">
    <p class='ocr_par' dir='ltr' id='par_1_15' title="bbox 224 673 1005 707">
     <span class='ocr_line' id='line_1_15' title="bbox 224 673 1005 707; baseline 0.003 -7"><span class='ocrx_word' id='word_1_110' title='bbox 224 676 317 700; x_wconf 86' lang='lat' dir='ltr'><strong>manet</strong></span> <span class='ocrx_word' id='word_1_111' title='bbox 332 673 360 700; x_wconf 91' lang='lat' dir='ltr'><strong>in</strong></span> <span class='ocrx_word' id='word_1_112' title='bbox 375 673 502 700; x_wconf 70' lang='lat' dir='ltr'><strong>mulum</strong></span> <span class='ocrx_word' id='word_1_113' title='bbox 517 673 560 706; x_wconf 83' lang='lat'><strong>&quot;;</strong></span> <span class='ocrx_word' id='word_1_114' title='bbox 580 682 590 699; x_wconf 76' lang='grc' dir='ltr'><strong>ι</strong></span> <span class='ocrx_word' id='word_1_115' title='bbox 604 673 735 700; x_wconf 85' lang='lat' dir='ltr'><strong>Salomon</strong></span> <span class='ocrx_word' id='word_1_116' title='bbox 748 674 830 702; x_wconf 84' lang='lat' dir='ltr'><strong>etiam</strong></span> <span class='ocrx_word' id='word_1_117' title='bbox 853 674 910 701; x_wconf 87' lang='lat' dir='ltr'><strong>ait:</strong></span> <span class='ocrx_word' id='word_1_118' title='bbox 927 683 937 700; x_wconf 84' lang='grc' dir='ltr'><strong>ι</strong></span> <span class='ocrx_word' id='word_1_119' title='bbox 953 673 1005 707; x_wconf 84' lang='lat' dir='ltr'><strong>Qui</strong></span> 
     </span>
    </p>
   </div>
   <div class='ocr_carea' id='block_1_16' title="bbox 224 718 1010 754">
    <p class='ocr_par' dir='ltr' id='par_1_16' title="bbox 224 718 1010 754">
     <span class='ocr_line' id='line_1_16' title="bbox 224 718 1010 754; baseline 0.005 -10"><span class='ocrx_word' id='word_1_120' title='bbox 224 718 371 745; x_wconf 79' lang='lat' dir='ltr'><strong>miseretur</strong></span> <span class='ocrx_word' id='word_1_121' title='bbox 392 719 531 754; x_wconf 81' lang='lat' dir='ltr'><strong>pauperis,</strong></span> <span class='ocrx_word' id='word_1_122' title='bbox 548 718 664 746; x_wconf 83' lang='lat' dir='ltr'><strong>Domino</strong></span> <span class='ocrx_word' id='word_1_123' title='bbox 680 719 838 747; x_wconf 79' lang='lat' dir='ltr'><strong>fencratur:</strong></span> <span class='ocrx_word' id='word_1_124' title='bbox 859 721 1010 748; x_wconf 87' lang='lat' dir='ltr'><strong>secundum</strong></span> 
     </span>
    </p>
   </div>
   <div class='ocr_carea' id='block_1_17' title="bbox 225 765 1008 800">
    <p class='ocr_par' dir='ltr' id='par_1_17' title="bbox 225 765 1008 800">
     <span class='ocr_line' id='line_1_17' title="bbox 225 765 1008 800; baseline 0.004 -8"><span class='ocrx_word' id='word_1_125' title='bbox 225 769 315 792; x_wconf 84' lang='lat' dir='ltr'><strong>autem</strong></span> <span class='ocrx_word' id='word_1_126' title='bbox 342 765 436 792; x_wconf 83' lang='lat' dir='ltr'><strong>datum</strong></span> <span class='ocrx_word' id='word_1_127' title='bbox 459 765 520 800; x_wconf 83' lang='lat' dir='ltr'><strong>ejus</strong></span> <span class='ocrx_word' id='word_1_128' title='bbox 538 765 708 793; x_wconf 90' lang='lat' dir='ltr'><strong>retribuetur</strong></span> <span class='ocrx_word' id='word_1_129' title='bbox 728 765 753 793; x_wconf 88' lang='lat' dir='ltr'><strong>ei</strong></span> <span class='ocrx_word' id='word_1_130' title='bbox 769 765 807 798; x_wconf 90' lang='lat'><strong>&quot;;</strong></span> <span class='ocrx_word' id='word_1_131' title='bbox 831 775 840 791; x_wconf 81' lang='grc' dir='ltr'><strong>ι</strong></span> <span class='ocrx_word' id='word_1_132' title='bbox 861 769 889 793; x_wconf 89' lang='lat' dir='ltr'><strong>et</strong></span> <span class='ocrx_word' id='word_1_133' title='bbox 915 766 1008 795; x_wconf 74' lang='lat' dir='ltr'><strong>intra:</strong></span> 
     </span>
    </p>
   </div>
   <div class='ocr_carea' id='block_1_18' title="bbox 227 810 1011 847">
    <p class='ocr_par' dir='ltr' id='par_1_18' title="bbox 227 810 1011 847">
     <span class='ocr_line' id='line_1_18' title="bbox 227 810 1011 847; baseline 0.003 -10"><span class='ocrx_word' id='word_1_134' title='bbox 227 820 237 836; x_wconf 73' lang='grc' dir='ltr'><strong>ι</strong></span> <span class='ocrx_word' id='word_1_135' title='bbox 253 811 305 843; x_wconf 86' lang='lat' dir='ltr'><strong>Qui</strong></span> <span class='ocrx_word' id='word_1_136' title='bbox 319 810 431 838; x_wconf 85' lang='lat' dir='ltr'><strong>obturat</strong></span> <span class='ocrx_word' id='word_1_137' title='bbox 445 818 526 839; x_wconf 83' lang='lat' dir='ltr'><strong>aures</strong></span> <span class='ocrx_word' id='word_1_138' title='bbox 542 818 618 842; x_wconf 86' lang='lat' dir='ltr'><strong>suas,</strong></span> <span class='ocrx_word' id='word_1_139' title='bbox 629 819 663 838; x_wconf 90' lang='lat' dir='ltr'><strong>ne</strong></span> <span class='ocrx_word' id='word_1_140' title='bbox 676 810 771 838; x_wconf 80' lang='lat' dir='ltr'><strong>audiat</strong></span> <span class='ocrx_word' id='word_1_141' title='bbox 785 811 962 847; x_wconf 78' lang='lat' dir='ltr'><strong>indigentem,</strong></span> <span class='ocrx_word' id='word_1_142' title='bbox 984 816 1011 839; x_wconf 89' lang='lat' dir='ltr'><strong>et</strong></span> 
     </span>
    </p>
   </div>
   <div class='ocr_carea' id='block_1_19' title="bbox 225 856 956 892">
    <p class='ocr_par' dir='ltr' id='par_1_19' title="bbox 225 856 956 892">
     <span class='ocr_line' id='line_1_19' title="bbox 225 856 956 892; baseline 0 -9"><span class='ocrx_word' id='word_1_143' title='bbox 225 856 283 892; x_wconf 87' lang='lat' dir='ltr'><strong>ipse</strong></span> <span class='ocrx_word' id='word_1_144' title='bbox 296 856 443 890; x_wconf 79' lang='lat' dir='ltr'><strong>invocabit,</strong></span> <span class='ocrx_word' id='word_1_145' title='bbox 453 861 480 884; x_wconf 90' lang='lat' dir='ltr'><strong>et</strong></span> <span class='ocrx_word' id='word_1_146' title='bbox 491 865 545 884; x_wconf 92' lang='lat' dir='ltr'><strong>non</strong></span> <span class='ocrx_word' id='word_1_147' title='bbox 556 857 609 885; x_wconf 90' lang='lat' dir='ltr'><strong>erit</strong></span> <span class='ocrx_word' id='word_1_148' title='bbox 620 857 667 892; x_wconf 87' lang='lat' dir='ltr'><strong>qni</strong></span> <span class='ocrx_word' id='word_1_149' title='bbox 678 856 805 885; x_wconf 77' lang='lat' dir='ltr'><strong>exaudiat</strong></span> <span class='ocrx_word' id='word_1_150' title='bbox 815 865 878 885; x_wconf 91' lang='lat' dir='ltr'><strong>eum</strong></span> <span class='ocrx_word' id='word_1_151' title='bbox 893 857 926 884; x_wconf 81' lang='grc'><strong>⁷⁸.</strong></span> <span class='ocrx_word' id='word_1_152' title='bbox 946 867 956 883; x_wconf 76' lang='grc' dir='ltr'><strong>ι</strong></span> 
     </span>
    </p>
   </div>
   <div class='ocr_carea' id='block_1_20' title="bbox 528 943 695 972">
    <p class='ocr_par' dir='ltr' id='par_1_20' title="bbox 528 943 695 972">
     <span class='ocr_line' id='line_1_20' title="bbox 528 943 695 972; baseline 0.006 -1"><span class='ocrx_word' id='word_1_153' title='bbox 528 943 643 972; x_wconf 83' lang='lat' dir='ltr'><strong>CAPUT</strong></span> <span class='ocrx_word' id='word_1_154' title='bbox 661 943 695 972; x_wconf 77' lang='grc' dir='ltr'>ν.</span> 
     </span>
    </p>
   </div>
   <div class='ocr_carea' id='block_1_21' title="bbox 276 1011 955 1047">
    <p class='ocr_par' dir='ltr' id='par_1_21' title="bbox 276 1011 955 1047">
     <span class='ocr_line' id='line_1_21' title="bbox 276 1011 955 1047; baseline -0.003 -7"><span class='ocrx_word' id='word_1_155' title='bbox 276 1011 353 1046; x_wconf 72' lang='lat' dir='ltr'><strong>Quod</strong></span> <span class='ocrx_word' id='word_1_156' title='bbox 362 1012 447 1040; x_wconf 74' lang='grc' dir='ltr'>τὶάιιαι</span> <span class='ocrx_word' id='word_1_157' title='bbox 455 1012 572 1047; x_wconf 72' lang='lat' dir='ltr'><strong>probitas</strong></span> <span class='ocrx_word' id='word_1_158' title='bbox 589 1020 690 1039; x_wconf 79' lang='lat' dir='ltr'><strong>morum</strong></span> <span class='ocrx_word' id='word_1_159' title='bbox 703 1019 774 1039; x_wconf 79' lang='lat' dir='ltr'><strong>cura:</strong></span> <span class='ocrx_word' id='word_1_160' title='bbox 785 1019 841 1039; x_wconf 71' lang='lat' dir='ltr'><strong>esse</strong></span> <span class='ocrx_word' id='word_1_161' title='bbox 853 1011 955 1039; x_wconf 81' lang='lat' dir='ltr'><strong>debeat.</strong></span> 
     </span>
    </p>
   </div>
   <div class='ocr_carea' id='block_1_22' title="bbox 257 1057 1008 1092">
    <p class='ocr_par' dir='ltr' id='par_1_22' title="bbox 257 1057 1008 1092">
     <span class='ocr_line' id='line_1_22' title="bbox 257 1057 1008 1092; baseline -0.003 -6"><span class='ocrx_word' id='word_1_162' title='bbox 257 1059 391 1086; x_wconf 71' lang='lat' dir='ltr'><strong>Caeterum</strong></span> <span class='ocrx_word' id='word_1_163' title='bbox 419 1058 509 1085; x_wconf 89' lang='lat' dir='ltr'><strong>omnis</strong></span> <span class='ocrx_word' id='word_1_164' title='bbox 531 1057 612 1084; x_wconf 84' lang='lat' dir='ltr'><strong>vidua</strong></span> <span class='ocrx_word' id='word_1_165' title='bbox 628 1057 702 1085; x_wconf 88' lang='lat' dir='ltr'><strong>mitis</strong></span> <span class='ocrx_word' id='word_1_166' title='bbox 719 1057 766 1090; x_wconf 87' lang='lat' dir='ltr'><strong>sit,</strong></span> <span class='ocrx_word' id='word_1_167' title='bbox 784 1057 889 1092; x_wconf 86' lang='lat' dir='ltr'><strong>quieta.</strong></span> <span class='ocrx_word' id='word_1_168' title='bbox 914 1057 1008 1084; x_wconf 85' lang='lat' dir='ltr'><strong>mode-</strong></span> 
     </span>
    </p>
   </div>
   <div class='ocr_carea' id='block_1_23' title="bbox 222 1103 1008 1139">
    <p class='ocr_par' dir='ltr' id='par_1_23' title="bbox 222 1103 1008 1139">
     <span class='ocr_line' id='line_1_23' title="bbox 222 1103 1008 1139; baseline -0.001 -8"><span class='ocrx_word' id='word_1_169' title='bbox 222 1108 292 1136; x_wconf 83' lang='lat' dir='ltr'><strong>rata,</strong></span> <span class='ocrx_word' id='word_1_170' title='bbox 309 1104 419 1131; x_wconf 62' lang='lat' dir='ltr'><strong>malitiae</strong></span> <span class='ocrx_word' id='word_1_171' title='bbox 433 1111 465 1131; x_wconf 85' lang='lat' dir='ltr'><strong>ac</strong></span> <span class='ocrx_word' id='word_1_172' title='bbox 484 1103 532 1130; x_wconf 72' lang='lat' dir='ltr'><strong>irae</strong></span> <span class='ocrx_word' id='word_1_173' title='bbox 545 1110 655 1139; x_wconf 82' lang='lat' dir='ltr'><strong>expers,</strong></span> <span class='ocrx_word' id='word_1_174' title='bbox 668 1111 722 1130; x_wconf 92' lang='lat' dir='ltr'><strong>non</strong></span> <span class='ocrx_word' id='word_1_175' title='bbox 739 1104 859 1138; x_wconf 72' lang='lat' dir='ltr'><strong>garrula,</strong></span> <span class='ocrx_word' id='word_1_176' title='bbox 877 1111 932 1130; x_wconf 90' lang='lat' dir='ltr'><strong>non</strong></span> <span class='ocrx_word' id='word_1_177' title='bbox 951 1103 1008 1130; x_wconf 87' lang='lat' dir='ltr'><strong>cla-</strong></span> 
     </span>
    </p>
   </div>
   <div class='ocr_carea' id='block_1_24' title="bbox 221 1148 1007 1184">
    <p class='ocr_par' dir='ltr' id='par_1_24' title="bbox 221 1148 1007 1184">
     <span class='ocr_line' id='line_1_24' title="bbox 221 1148 1007 1184; baseline -0.003 -7"><span class='ocrx_word' id='word_1_178' title='bbox 221 1157 309 1180; x_wconf 85' lang='lat' dir='ltr'><strong>mosa.</strong></span> <span class='ocrx_word' id='word_1_179' title='bbox 327 1157 382 1176; x_wconf 91' lang='lat' dir='ltr'><strong>non</strong></span> <span class='ocrx_word' id='word_1_180' title='bbox 397 1149 525 1176; x_wconf 76' lang='lat' dir='ltr'><strong>volubilis</strong></span> <span class='ocrx_word' id='word_1_181' title='bbox 538 1149 647 1184; x_wconf 68' lang='lat' dir='ltr'><strong>linguae,</strong></span> <span class='ocrx_word' id='word_1_182' title='bbox 662 1157 717 1176; x_wconf 88' lang='lat' dir='ltr'><strong>non</strong></span> <span class='ocrx_word' id='word_1_183' title='bbox 732 1148 875 1180; x_wconf 80' lang='lat' dir='ltr'><strong>maledica.</strong></span> <span class='ocrx_word' id='word_1_184' title='bbox 891 1156 945 1176; x_wconf 92' lang='lat' dir='ltr'><strong>non</strong></span> <span class='ocrx_word' id='word_1_185' title='bbox 960 1148 1007 1176; x_wconf 87' lang='lat' dir='ltr'><strong>de-</strong></span> 
     </span>
    </p>
   </div>
   <div class='ocr_carea' id='block_1_25' title="bbox 221 1195 1007 1230">
    <p class='ocr_par' dir='ltr' id='par_1_25' title="bbox 221 1195 1007 1230">
     <span class='ocr_line' id='line_1_25' title="bbox 221 1195 1007 1230; baseline 0 -8"><span class='ocrx_word' id='word_1_186' title='bbox 221 1196 278 1223; x_wconf 83' lang='lat' dir='ltr'><strong>dita</strong></span> <span class='ocrx_word' id='word_1_187' title='bbox 291 1196 434 1223; x_wconf 74' lang='lat' dir='ltr'><strong>verborum</strong></span> <span class='ocrx_word' id='word_1_188' title='bbox 446 1195 574 1230; x_wconf 85' lang='lat' dir='ltr'><strong>aucupio.</strong></span> <span class='ocrx_word' id='word_1_189' title='bbox 587 1202 642 1222; x_wconf 91' lang='lat' dir='ltr'><strong>non</strong></span> <span class='ocrx_word' id='word_1_190' title='bbox 657 1195 774 1230; x_wconf 87' lang='lat' dir='ltr'><strong>duplicis</strong></span> <span class='ocrx_word' id='word_1_191' title='bbox 789 1195 934 1226; x_wconf 85' lang='lat' dir='ltr'><strong>sermonis,</strong></span> <span class='ocrx_word' id='word_1_192' title='bbox 952 1202 1007 1222; x_wconf 89' lang='lat' dir='ltr'><strong>non</strong></span> 
     </span>
    </p>
   </div>
   <div class='ocr_carea' id='block_1_26' title="bbox 220 1240 1006 1276">
    <p class='ocr_par' dir='ltr' id='par_1_26' title="bbox 220 1240 1006 1276">
     <span class='ocr_line' id='line_1_26' title="bbox 220 1240 1006 1276; baseline -0.001 -7"><span class='ocrx_word' id='word_1_193' title='bbox 220 1249 283 1269; x_wconf 75' lang='lat' dir='ltr'><strong>sese</strong></span> <span class='ocrx_word' id='word_1_194' title='bbox 310 1242 336 1268; x_wconf 92' lang='lat' dir='ltr'><strong>in</strong></span> <span class='ocrx_word' id='word_1_195' title='bbox 349 1242 437 1268; x_wconf 87' lang='lat' dir='ltr'><strong>aliena</strong></span> <span class='ocrx_word' id='word_1_196' title='bbox 452 1241 560 1276; x_wconf 79' lang='lat' dir='ltr'><strong>negotia</strong></span> <span class='ocrx_word' id='word_1_197' title='bbox 576 1241 736 1268; x_wconf 84' lang='lat' dir='ltr'><strong>immittens.</strong></span> <span class='ocrx_word' id='word_1_198' title='bbox 761 1240 830 1268; x_wconf 88' lang='lat' dir='ltr'><strong>Cum</strong></span> <span class='ocrx_word' id='word_1_199' title='bbox 845 1240 944 1269; x_wconf 88' lang='lat' dir='ltr'><strong>viderit</strong></span> <span class='ocrx_word' id='word_1_200' title='bbox 962 1241 1006 1269; x_wconf 88' lang='lat' dir='ltr'><strong>vel</strong></span> 
     </span>
    </p>
   </div>
   <div class='ocr_carea' id='block_1_27' title="bbox 221 1286 1006 1322">
    <p class='ocr_par' dir='ltr' id='par_1_27' title="bbox 221 1286 1006 1322">
     <span class='ocr_line' id='line_1_27' title="bbox 221 1286 1006 1322; baseline 0 -8"><span class='ocrx_word' id='word_1_201' title='bbox 221 1287 341 1315; x_wconf 88' lang='lat' dir='ltr'><strong>audierit</strong></span> <span class='ocrx_word' id='word_1_202' title='bbox 351 1287 460 1322; x_wconf 86' lang='lat' dir='ltr'><strong>aliquod</strong></span> <span class='ocrx_word' id='word_1_203' title='bbox 470 1287 611 1322; x_wconf 79' lang='lat' dir='ltr'><strong>indignum</strong></span> <span class='ocrx_word' id='word_1_204' title='bbox 624 1286 741 1319; x_wconf 82' lang='lat' dir='ltr'><strong>facinus,</strong></span> <span class='ocrx_word' id='word_1_205' title='bbox 751 1287 786 1314; x_wconf 84' lang='lat' dir='ltr'><strong>ita</strong></span> <span class='ocrx_word' id='word_1_206' title='bbox 795 1294 824 1314; x_wconf 83' lang='lat' dir='ltr'><strong>se</strong></span> <span class='ocrx_word' id='word_1_207' title='bbox 831 1291 917 1322; x_wconf 79' lang='lat' dir='ltr'><strong>gerat,</strong></span> <span class='ocrx_word' id='word_1_208' title='bbox 926 1287 1006 1322; x_wconf 84' lang='lat' dir='ltr'><strong>quasi</strong></span> 
     </span>
    </p>
   </div>
   <div class='ocr_carea' id='block_1_28' title="bbox 220 1332 1005 1367">
    <p class='ocr_par' dir='ltr' id='par_1_28' title="bbox 220 1332 1005 1367">
     <span class='ocr_line' id='line_1_28' title="bbox 220 1332 1005 1367; baseline 0.001 -7"><span class='ocrx_word' id='word_1_209' title='bbox 220 1341 272 1361; x_wconf 89' lang='lat' dir='ltr'><strong>nec</strong></span> <span class='ocrx_word' id='word_1_210' title='bbox 281 1333 380 1360; x_wconf 87' lang='lat' dir='ltr'><strong>viderit</strong></span> <span class='ocrx_word' id='word_1_211' title='bbox 394 1340 444 1360; x_wconf 78' lang='lat' dir='ltr'><strong>nec</strong></span> <span class='ocrx_word' id='word_1_212' title='bbox 463 1332 591 1364; x_wconf 84' lang='lat' dir='ltr'><strong>audierit,</strong></span> <span class='ocrx_word' id='word_1_213' title='bbox 601 1332 722 1367; x_wconf 87' lang='lat' dir='ltr'><strong>nihilque</strong></span> <span class='ocrx_word' id='word_1_214' title='bbox 733 1332 806 1360; x_wconf 84' lang='lat' dir='ltr'><strong>aliud</strong></span> <span class='ocrx_word' id='word_1_215' title='bbox 822 1337 900 1360; x_wconf 83' lang='lat' dir='ltr'><strong>curet</strong></span> <span class='ocrx_word' id='word_1_216' title='bbox 912 1333 1005 1365; x_wconf 86' lang='lat' dir='ltr'><strong>vidua.</strong></span> 
     </span>
    </p>
   </div>
   <div class='ocr_carea' id='block_1_29' title="bbox 220 1378 1006 1415">
    <p class='ocr_par' dir='ltr' id='par_1_29' title="bbox 220 1378 1006 1415">
     <span class='ocr_line' id='line_1_29' title="bbox 220 1378 1006 1415; baseline 0 -8"><span class='ocrx_word' id='word_1_217' title='bbox 220 1379 275 1407; x_wconf 82' lang='lat' dir='ltr'><strong>nisi</strong></span> <span class='ocrx_word' id='word_1_218' title='bbox 283 1387 361 1406; x_wconf 83' lang='lat' dir='ltr'><strong>orare</strong></span> <span class='ocrx_word' id='word_1_219' title='bbox 369 1387 418 1414; x_wconf 87' lang='lat' dir='ltr'><strong>pro</strong></span> <span class='ocrx_word' id='word_1_220' title='bbox 428 1379 557 1407; x_wconf 78' lang='lat' dir='ltr'><strong>beneﬁcis</strong></span> <span class='ocrx_word' id='word_1_221' title='bbox 563 1384 590 1406; x_wconf 87' lang='lat' dir='ltr'><strong>et</strong></span> <span class='ocrx_word' id='word_1_222' title='bbox 600 1386 649 1414; x_wconf 89' lang='lat' dir='ltr'><strong>pro</strong></span> <span class='ocrx_word' id='word_1_223' title='bbox 655 1382 712 1406; x_wconf 86' lang='lat' dir='ltr'><strong>tota</strong></span> <span class='ocrx_word' id='word_1_224' title='bbox 725 1378 857 1406; x_wconf 83' lang='lat' dir='ltr'><strong>Ecclesia.</strong></span> <span class='ocrx_word' id='word_1_225' title='bbox 864 1379 906 1406; x_wconf 81' lang='lat' dir='ltr'><strong>Ab</strong></span> <span class='ocrx_word' id='word_1_226' title='bbox 914 1380 1006 1415; x_wconf 92' lang='lat' dir='ltr'><strong>aliquo</strong></span> 
     </span>
    </p>
   </div>
   <div class='ocr_carea' id='block_1_30' title="bbox 219 1424 1004 1461">
    <p class='ocr_par' dir='ltr' id='par_1_30' title="bbox 219 1424 1004 1461">
     <span class='ocr_line' id='line_1_30' title="bbox 219 1424 1004 1461; baseline 0.001 -9"><span class='ocrx_word' id='word_1_227' title='bbox 219 1425 359 1461; x_wconf 87' lang='lat' dir='ltr'><strong>quidpiam</strong></span> <span class='ocrx_word' id='word_1_228' title='bbox 376 1429 481 1460; x_wconf 70' lang='lat' dir='ltr'><strong>rogata,</strong></span> <span class='ocrx_word' id='word_1_229' title='bbox 493 1432 527 1452; x_wconf 91' lang='lat' dir='ltr'><strong>ne</strong></span> <span class='ocrx_word' id='word_1_230' title='bbox 538 1424 618 1453; x_wconf 79' lang='lat' dir='ltr'><strong>facile</strong></span> <span class='ocrx_word' id='word_1_231' title='bbox 633 1424 807 1460; x_wconf 86' lang='lat' dir='ltr'><strong>respondeat,</strong></span> <span class='ocrx_word' id='word_1_232' title='bbox 823 1429 1004 1461; x_wconf 71' lang='lat' dir='ltr'><strong>przeterquam</strong></span> 
     </span>
    </p>
   </div>
   <div class='ocr_carea' id='block_1_31' title="bbox 219 1469 1007 1506">
    <p class='ocr_par' dir='ltr' id='par_1_31' title="bbox 219 1469 1007 1506">
     <span class='ocr_line' id='line_1_31' title="bbox 219 1469 1007 1506; baseline 0 -8"><span class='ocrx_word' id='word_1_233' title='bbox 219 1471 350 1498; x_wconf 18' lang='lat' dir='ltr'><strong>deirebus</strong></span> <span class='ocrx_word' id='word_1_234' title='bbox 361 1470 395 1497; x_wconf 90' lang='lat' dir='ltr'><strong>ad</strong></span> <span class='ocrx_word' id='word_1_235' title='bbox 409 1470 500 1501; x_wconf 82' lang='lat' dir='ltr'><strong>ﬁdem,</strong></span> <span class='ocrx_word' id='word_1_236' title='bbox 514 1470 661 1505; x_wconf 84' lang='lat' dir='ltr'><strong>justitiam,</strong></span> <span class='ocrx_word' id='word_1_237' title='bbox 677 1473 704 1497; x_wconf 85' lang='lat' dir='ltr'><strong>et</strong></span> <span class='ocrx_word' id='word_1_238' title='bbox 719 1470 746 1497; x_wconf 90' lang='lat' dir='ltr'><strong>in</strong></span> <span class='ocrx_word' id='word_1_239' title='bbox 763 1469 846 1497; x_wconf 89' lang='lat' dir='ltr'><strong>Deum</strong></span> <span class='ocrx_word' id='word_1_240' title='bbox 858 1478 933 1505; x_wconf 87' lang='lat' dir='ltr'><strong>spem</strong></span> <span class='ocrx_word' id='word_1_241' title='bbox 947 1479 1007 1506; x_wconf 90' lang='lat' dir='ltr'><strong>per-</strong></span> 
     </span>
    </p>
   </div>
   <div class='ocr_carea' id='block_1_32' title="bbox 220 1516 1005 1551">
    <p class='ocr_par' dir='ltr' id='par_1_32' title="bbox 220 1516 1005 1551">
     <span class='ocr_line' id='line_1_32' title="bbox 220 1516 1005 1551; baseline 0 -7"><span class='ocrx_word' id='word_1_242' title='bbox 220 1517 371 1545; x_wconf 87' lang='lat' dir='ltr'><strong>tinentibus</strong></span> <span class='ocrx_word' id='word_1_243' title='bbox 386 1525 393 1544; x_wconf 88' lang='lat'><strong>:</strong></span> <span class='ocrx_word' id='word_1_244' title='bbox 412 1523 514 1551; x_wconf 84' lang='lat' dir='ltr'><strong>eosque</strong></span> <span class='ocrx_word' id='word_1_245' title='bbox 529 1516 576 1551; x_wconf 92' lang='lat' dir='ltr'><strong>qui</strong></span> <span class='ocrx_word' id='word_1_246' title='bbox 600 1516 627 1543; x_wconf 94' lang='lat' dir='ltr'><strong>in</strong></span> <span class='ocrx_word' id='word_1_247' title='bbox 653 1516 762 1551; x_wconf 89' lang='lat' dir='ltr'><strong>pietatis</strong></span> <span class='ocrx_word' id='word_1_248' title='bbox 777 1516 951 1551; x_wconf 76' lang='lat' dir='ltr'><strong>dogmatibus</strong></span> <span class='ocrx_word' id='word_1_249' title='bbox 966 1516 1005 1544; x_wconf 88' lang='lat' dir='ltr'><strong>in-</strong></span> 
     </span>
    </p>
   </div>
   <div class='ocr_carea' id='block_1_33' title="bbox 219 1561 1005 1597">
    <p class='ocr_par' dir='ltr' id='par_1_33' title="bbox 219 1561 1005 1597">
     <span class='ocr_line' id='line_1_33' title="bbox 219 1561 1005 1597; baseline 0 -7"><span class='ocrx_word' id='word_1_250' title='bbox 219 1563 295 1591; x_wconf 80' lang='lat' dir='ltr'><strong>stitui</strong></span> <span class='ocrx_word' id='word_1_251' title='bbox 310 1562 434 1597; x_wconf 88' lang='lat' dir='ltr'><strong>cupiunt,</strong></span> <span class='ocrx_word' id='word_1_252' title='bbox 451 1561 483 1588; x_wconf 92' lang='lat' dir='ltr'><strong>ad</strong></span> <span class='ocrx_word' id='word_1_253' title='bbox 498 1562 660 1597; x_wconf 68' lang='lat' dir='ltr'><strong>praepositos</strong></span> <span class='ocrx_word' id='word_1_254' title='bbox 674 1561 814 1595; x_wconf 85' lang='lat' dir='ltr'><strong>remittat;</strong></span> <span class='ocrx_word' id='word_1_255' title='bbox 830 1561 858 1588; x_wconf 93' lang='lat' dir='ltr'><strong>in</strong></span> <span class='ocrx_word' id='word_1_256' title='bbox 870 1561 924 1589; x_wconf 84' lang='lat' dir='ltr'><strong>illis</strong></span> <span class='ocrx_word' id='word_1_257' title='bbox 939 1569 1005 1590; x_wconf 88' lang='lat' dir='ltr'><strong>vero</strong></span> 
     </span>
    </p>
   </div>
   <div class='ocr_carea' id='block_1_34' title="bbox 1060 265 1850 303">
    <p class='ocr_par' dir='ltr' id='par_1_34' title="bbox 1060 265 1850 303">
     <span class='ocr_line' id='line_1_34' title="bbox 1060 265 1850 303; baseline 0.006 -12"><span class='ocrx_word' id='word_1_258' title='bbox 1060 265 1100 301; x_wconf 79' lang='grc' dir='ltr'><strong>τῷ</strong></span> <span class='ocrx_word' id='word_1_259' title='bbox 1121 265 1249 302; x_wconf 76' lang='grc' dir='ltr'>δυνάστῃ·</span> <span class='ocrx_word' id='word_1_260' title='bbox 1268 275 1278 292; x_wconf 74' lang='grc' dir='ltr'><strong>ι</strong></span> <span class='ocrx_word' id='word_1_261' title='bbox 1302 266 1358 298; x_wconf 82' lang='grc' dir='ltr'>Διὸ,</span> <span class='ocrx_word' id='word_1_262' title='bbox 1382 265 1504 302; x_wconf 78' lang='grc' dir='ltr'>βασιλεῦ,</span> <span class='ocrx_word' id='word_1_263' title='bbox 1517 267 1535 302; x_wconf 84' lang='grc' dir='ltr'><strong>ἡ</strong></span> <span class='ocrx_word' id='word_1_264' title='bbox 1549 266 1631 303; x_wconf 80' lang='grc' dir='ltr'>βουλή</span> <span class='ocrx_word' id='word_1_265' title='bbox 1660 268 1850 302; x_wconf 61' lang='lat' dir='ltr'><strong>pou-ipsud“</strong></span> 
     </span>
    </p>
   </div>
   <div class='ocr_carea' id='block_1_35' title="bbox 1060 309 1893 356">
    <p class='ocr_par' dir='ltr' id='par_1_35' title="bbox 1060 309 1893 356">
     <span class='ocr_line' id='line_1_35' title="bbox 1060 309 1893 356; baseline 0.004 -19"><span class='ocrx_word' id='word_1_266' title='bbox 1060 319 1113 342; x_wconf 82' lang='grc' dir='ltr'>σοι,</span> <span class='ocrx_word' id='word_1_267' title='bbox 1129 311 1178 338; x_wconf 74' lang='grc' dir='ltr'>καὶ</span> <span class='ocrx_word' id='word_1_268' title='bbox 1192 311 1242 343; x_wconf 80' lang='grc' dir='ltr'><strong>τὰς</strong></span> <span class='ocrx_word' id='word_1_269' title='bbox 1261 311 1398 348; x_wconf 74' lang='grc' dir='ltr'>ἁμαρτιας</span> <span class='ocrx_word' id='word_1_270' title='bbox 1418 320 1465 338; x_wconf 82' lang='grc' dir='ltr'><strong>σου</strong></span> <span class='ocrx_word' id='word_1_271' title='bbox 1485 312 1514 339; x_wconf 81' lang='grc' dir='ltr'>ὲν</span> <span class='ocrx_word' id='word_1_272' title='bbox 1535 311 1733 348; x_wconf 82' lang='grc' dir='ltr'>ὲλεημοσὺναις</span> <span class='ocrx_word' id='word_1_273' title='bbox 1756 313 1849 349; x_wconf 69' lang='grc' dir='ltr'>λύτρων</span> 
     </span>
    </p>
   </div>
   <div class='ocr_carea' id='block_1_36' title="bbox 1061 357 1893 395">
    <p class='ocr_par' dir='ltr' id='par_1_36' title="bbox 1061 357 1893 395">
     <span class='ocr_line' id='line_1_36' title="bbox 1061 357 1893 395; baseline 0.005 -12"><span class='ocrx_word' id='word_1_274' title='bbox 1061 364 1117 387; x_wconf 83' lang='grc' dir='ltr'>σαι,</span> <span class='ocrx_word' id='word_1_275' title='bbox 1137 358 1185 384; x_wconf 79' lang='grc' dir='ltr'><strong>καὶ</strong></span> <span class='ocrx_word' id='word_1_276' title='bbox 1204 357 1254 389; x_wconf 81' lang='grc' dir='ltr'>τὰς</span> <span class='ocrx_word' id='word_1_277' title='bbox 1269 357 1377 389; x_wconf 77' lang='grc' dir='ltr'><strong>ἀδικίας</strong></span> <span class='ocrx_word' id='word_1_278' title='bbox 1394 366 1441 384; x_wconf 87' lang='grc' dir='ltr'><strong>σου</strong></span> <span class='ocrx_word' id='word_1_279' title='bbox 1459 358 1489 385; x_wconf 78' lang='grc' dir='ltr'>ὲν</span> <span class='ocrx_word' id='word_1_280' title='bbox 1508 359 1662 394; x_wconf 78' lang='grc' dir='ltr'>οἰκτιρμοῖς</span> <span class='ocrx_word' id='word_1_281' title='bbox 1677 359 1812 395; x_wconf 77' lang='grc' dir='ltr'>πενήτων·</span> <span class='ocrx_word' id='word_1_282' title='bbox 1838 370 1846 387; x_wconf 80' lang='grc' dir='ltr'><strong>ι</strong></span> <span class='ocrx_word' id='word_1_283' title='bbox 1892 370 1893 393; x_wconf 64' lang='lat'>3</span> 
     </span>
    </p>
   </div>
   <div class='ocr_carea' id='block_1_37' title="bbox 1060 401 1893 440">
    <p class='ocr_par' dir='ltr' id='par_1_37' title="bbox 1060 401 1893 440">
     <span class='ocr_line' id='line_1_37' title="bbox 1060 401 1893 440; baseline 0.007 -12"><span class='ocrx_word' id='word_1_284' title='bbox 1060 401 1108 428; x_wconf 80' lang='grc' dir='ltr'><strong>καὶ</strong></span> <span class='ocrx_word' id='word_1_285' title='bbox 1127 401 1172 429; x_wconf 82' lang='grc' dir='ltr'><strong>διὰ</strong></span> <span class='ocrx_word' id='word_1_286' title='bbox 1196 402 1352 438; x_wconf 73' lang='grc' dir='ltr'>Σολομῶνος</span> <span class='ocrx_word' id='word_1_287' title='bbox 1366 411 1458 438; x_wconf 78' lang='grc' dir='ltr'>φησιν’</span> <span class='ocrx_word' id='word_1_288' title='bbox 1484 413 1494 430; x_wconf 76' lang='grc' dir='ltr'><strong>ι</strong></span> <span class='ocrx_word' id='word_1_289' title='bbox 1518 404 1729 440; x_wconf 82' lang='grc' dir='ltr'>Ἐλεημοσύναις</span> <span class='ocrx_word' id='word_1_290' title='bbox 1742 406 1790 432; x_wconf 62' lang='grc' dir='ltr'><strong>καὶ</strong></span> <span class='ocrx_word' id='word_1_291' title='bbox 1808 407 1847 434; x_wconf 70' lang='grc' dir='ltr'>πί-</span> <span class='ocrx_word' id='word_1_292' title='bbox 1892 408 1893 434; x_wconf 73' lang='grc' dir='ltr'><strong>ἶ</strong></span> 
     </span>
    </p>
   </div>
   <div class='ocr_carea' id='block_1_38' title="bbox 1061 440 1893 485">
    <p class='ocr_par' dir='ltr' id='par_1_38' title="bbox 1061 440 1893 485">
     <span class='ocr_line' id='line_1_38' title="bbox 1061 440 1893 485; baseline 0.005 -11"><span class='ocrx_word' id='word_1_293' title='bbox 1061 455 1150 474; x_wconf 82' lang='grc' dir='ltr'>στεσιν</span> <span class='ocrx_word' id='word_1_294' title='bbox 1163 448 1390 485; x_wconf 76' lang='grc' dir='ltr'>ἁτωκαθαίρονται</span> <span class='ocrx_word' id='word_1_295' title='bbox 1408 449 1548 485; x_wconf 82' lang='grc' dir='ltr'>ἁμαρτίαι·</span> <span class='ocrx_word' id='word_1_296' title='bbox 1564 459 1574 476; x_wconf 76' lang='grc' dir='ltr'><strong>ι</strong></span> <span class='ocrx_word' id='word_1_297' title='bbox 1590 451 1638 478; x_wconf 81' lang='grc' dir='ltr'><strong>καὶ</strong></span> <span class='ocrx_word' id='word_1_298' title='bbox 1650 450 1697 477; x_wconf 77' lang='grc' dir='ltr'><strong>διὰ</strong></span> <span class='ocrx_word' id='word_1_299' title='bbox 1709 451 1759 478; x_wconf 78' lang='grc' dir='ltr'><strong>τοῦ</strong></span> <span class='ocrx_word' id='word_1_300' title='bbox 1773 451 1850 478; x_wconf 62' lang='lat' dir='ltr'><strong>MS</strong></span> <span class='ocrx_word' id='word_1_301' title='bbox 1892 440 1893 473; x_wconf 45' lang='grc' dir='ltr'>ἶ</span> 
     </span>
    </p>
   </div>
   <div class='ocr_carea' id='block_1_39' title="bbox 1062 492 1893 531">
    <p class='ocr_par' dir='ltr' id='par_1_39' title="bbox 1062 492 1893 531">
     <span class='ocr_line' id='line_1_39' title="bbox 1062 492 1893 531; baseline 0.007 -13"><span class='ocrx_word' id='word_1_302' title='bbox 1062 492 1144 519; x_wconf 75' lang='grc' dir='ltr'>πάλιν</span> <span class='ocrx_word' id='word_1_303' title='bbox 1160 493 1245 527; x_wconf 82' lang='grc' dir='ltr'><strong>λέγει·</strong></span> <span class='ocrx_word' id='word_1_304' title='bbox 1269 503 1279 520; x_wconf 79' lang='grc' dir='ltr'><strong>ι</strong></span> <span class='ocrx_word' id='word_1_305' title='bbox 1304 494 1447 531; x_wconf 79' lang='grc' dir='ltr'><strong>Μακάριος</strong></span> <span class='ocrx_word' id='word_1_306' title='bbox 1462 496 1477 522; x_wconf 82' lang='grc' dir='ltr'><strong>ὁ</strong></span> <span class='ocrx_word' id='word_1_307' title='bbox 1497 495 1596 522; x_wconf 85' lang='grc' dir='ltr'>συνιὼν</span> <span class='ocrx_word' id='word_1_308' title='bbox 1617 496 1664 523; x_wconf 78' lang='grc' dir='ltr'>ἐπὶ</span> <span class='ocrx_word' id='word_1_309' title='bbox 1682 497 1793 531; x_wconf 73' lang='grc' dir='ltr'>πτωχὸν</span> <span class='ocrx_word' id='word_1_310' title='bbox 1806 499 1849 524; x_wconf 68' lang='lat' dir='ltr'><strong>ut</strong></span> <span class='ocrx_word' id='word_1_311' title='bbox 1892 495 1893 511; x_wconf 65' lang='grc'>³</span> 
     </span>
    </p>
   </div>
   <div class='ocr_carea' id='block_1_40' title="bbox 1060 538 1893 579">
    <p class='ocr_par' dir='ltr' id='par_1_40' title="bbox 1060 538 1893 579">
     <span class='ocr_line' id='line_1_40' title="bbox 1060 538 1893 579; baseline 0.007 -15"><span class='ocrx_word' id='word_1_312' title='bbox 1060 538 1174 574; x_wconf 81' lang='grc' dir='ltr'>πένητα·</span> <span class='ocrx_word' id='word_1_313' title='bbox 1183 539 1213 566; x_wconf 74' lang='grc' dir='ltr'>ὲν</span> <span class='ocrx_word' id='word_1_314' title='bbox 1219 539 1310 575; x_wconf 77' lang='grc' dir='ltr'>ἡμέρα</span> <span class='ocrx_word' id='word_1_315' title='bbox 1316 541 1422 576; x_wconf 82' lang='grc' dir='ltr'>πονηρᾷ</span> <span class='ocrx_word' id='word_1_316' title='bbox 1429 540 1540 576; x_wconf 77' lang='grc' dir='ltr'>ῥύσεται</span> <span class='ocrx_word' id='word_1_317' title='bbox 1547 541 1771 579; x_wconf 63' lang='grc' dir='ltr'>αὐτὺνὸΚὺριος</span> <span class='ocrx_word' id='word_1_318' title='bbox 1783 552 1792 569; x_wconf 80' lang='grc' dir='ltr'><strong>ι</strong></span> <span class='ocrx_word' id='word_1_319' title='bbox 1804 543 1849 570; x_wconf 67' lang='lat' dir='ltr'><strong>ut</strong></span> <span class='ocrx_word' id='word_1_320' title='bbox 1892 564 1893 570; x_wconf 54' lang='grc' dir='ltr'><strong>η</strong></span> 
     </span>
    </p>
   </div>
   <div class='ocr_carea' id='block_1_41' title="bbox 1060 583 1893 623">
    <p class='ocr_par' dir='ltr' id='par_1_41' title="bbox 1060 583 1893 623">
     <span class='ocr_line' id='line_1_41' title="bbox 1060 583 1893 623; baseline 0.007 -13"><span class='ocrx_word' id='word_1_321' title='bbox 1060 583 1154 611; x_wconf 81' lang='grc' dir='ltr'>πάλιν·</span> <span class='ocrx_word' id='word_1_322' title='bbox 1173 594 1183 610; x_wconf 74' lang='grc' dir='ltr'><strong>ι</strong></span> <span class='ocrx_word' id='word_1_323' title='bbox 1209 585 1395 621; x_wconf 82' lang='grc' dir='ltr'>Ἐσκόρπισεν,</span> <span class='ocrx_word' id='word_1_324' title='bbox 1411 586 1495 613; x_wconf 73' lang='grc' dir='ltr'>ἔδωκε</span> <span class='ocrx_word' id='word_1_325' title='bbox 1509 589 1566 619; x_wconf 84' lang='grc' dir='ltr'>τοῖς</span> <span class='ocrx_word' id='word_1_326' title='bbox 1580 587 1705 623; x_wconf 76' lang='grc' dir='ltr'>πένησιν,</span> <span class='ocrx_word' id='word_1_327' title='bbox 1722 589 1741 623; x_wconf 81' lang='grc' dir='ltr'><strong>ἡ</strong></span> <span class='ocrx_word' id='word_1_328' title='bbox 1755 588 1848 616; x_wconf 66' lang='grc' dir='ltr'>διωθ-</span> <span class='ocrx_word' id='word_1_329' title='bbox 1892 593 1893 597; x_wconf 84' lang='lat'>‘</span> 
     </span>
    </p>
   </div>
   <div class='ocr_carea' id='block_1_42' title="bbox 1061 630 1848 670">
    <p class='ocr_par' dir='ltr' id='par_1_42' title="bbox 1061 630 1848 670">
     <span class='ocr_line' id='line_1_42' title="bbox 1061 630 1848 670; baseline 0.006 -14"><span class='ocrx_word' id='word_1_330' title='bbox 1061 630 1127 666; x_wconf 81' lang='grc' dir='ltr'>σύν-η</span> <span class='ocrx_word' id='word_1_331' title='bbox 1147 630 1229 657; x_wconf 79' lang='grc' dir='ltr'>αὑτοῦ</span> <span class='ocrx_word' id='word_1_332' title='bbox 1251 631 1326 666; x_wconf 81' lang='grc' dir='ltr'>μένει</span> <span class='ocrx_word' id='word_1_333' title='bbox 1343 632 1385 663; x_wconf 81' lang='grc' dir='ltr'><strong>είς</strong></span> <span class='ocrx_word' id='word_1_334' title='bbox 1402 632 1449 658; x_wconf 81' lang='grc' dir='ltr'>τὸν</span> <span class='ocrx_word' id='word_1_335' title='bbox 1469 632 1555 659; x_wconf 73' lang='grc' dir='ltr'>αἰῶνα</span> <span class='ocrx_word' id='word_1_336' title='bbox 1567 641 1575 648; x_wconf 90' lang='grc'><strong>·</strong></span> <span class='ocrx_word' id='word_1_337' title='bbox 1595 642 1605 658; x_wconf 78' lang='grc' dir='ltr'><strong>ι</strong></span> <span class='ocrx_word' id='word_1_338' title='bbox 1622 633 1670 660; x_wconf 79' lang='grc' dir='ltr'><strong>καὶ</strong></span> <span class='ocrx_word' id='word_1_339' title='bbox 1690 635 1706 660; x_wconf 84' lang='grc' dir='ltr'><strong><em>ὸ</em></strong></span> <span class='ocrx_word' id='word_1_340' title='bbox 1725 633 1848 670; x_wconf 53' lang='grc' dir='ltr'>Σολομῶν</span> 
     </span>
    </p>
   </div>
   <div class='ocr_carea' id='block_1_43' title="bbox 1060 676 1847 714">
    <p class='ocr_par' dir='ltr' id='par_1_43' title="bbox 1060 676 1847 714">
     <span class='ocr_line' id='line_1_43' title="bbox 1060 676 1847 714; baseline 0.006 -11"><span class='ocrx_word' id='word_1_341' title='bbox 1060 676 1154 712; x_wconf 78' lang='grc' dir='ltr'>φησιν·</span> <span class='ocrx_word' id='word_1_342' title='bbox 1177 686 1186 703; x_wconf 83' lang='grc' dir='ltr'><strong>ι</strong></span> <span class='ocrx_word' id='word_1_343' title='bbox 1211 677 1241 704; x_wconf 83' lang='lat'><strong>&#39;0</strong></span> <span class='ocrx_word' id='word_1_344' title='bbox 1255 677 1338 705; x_wconf 69' lang='grc' dir='ltr'>ἐλεῶν</span> <span class='ocrx_word' id='word_1_345' title='bbox 1351 678 1468 714; x_wconf 70' lang='grc' dir='ltr'><strong>πτωχὸν,</strong></span> <span class='ocrx_word' id='word_1_346' title='bbox 1483 679 1579 714; x_wconf 82' lang='grc' dir='ltr'>Κυρίῳ</span> <span class='ocrx_word' id='word_1_347' title='bbox 1592 679 1727 712; x_wconf 79' lang='grc' dir='ltr'><strong>δανείζει·</strong></span> <span class='ocrx_word' id='word_1_348' title='bbox 1744 681 1847 708; x_wconf 55' lang='lat' dir='ltr'><strong>mide</strong></span> 
     </span>
    </p>
   </div>
   <div class='ocr_carea' id='block_1_44' title="bbox 1059 722 1893 761">
    <p class='ocr_par' dir='ltr' id='par_1_44' title="bbox 1059 722 1893 761">
     <span class='ocr_line' id='line_1_44' title="bbox 1059 722 1893 761; baseline 0.004 -12"><span class='ocrx_word' id='word_1_349' title='bbox 1059 722 1090 749; x_wconf 80' lang='grc' dir='ltr'>τδ</span> <span class='ocrx_word' id='word_1_350' title='bbox 1111 723 1180 758; x_wconf 85' lang='grc' dir='ltr'>δόμα</span> <span class='ocrx_word' id='word_1_351' title='bbox 1202 723 1284 750; x_wconf 82' lang='grc' dir='ltr'>αὑτοῦ</span> <span class='ocrx_word' id='word_1_352' title='bbox 1305 724 1547 760; x_wconf 75' lang='grc' dir='ltr'><strong>ἀνταποδοθήσεται</strong></span> <span class='ocrx_word' id='word_1_353' title='bbox 1564 724 1649 760; x_wconf 76' lang='grc' dir='ltr'><strong>αὐτῷ·</strong></span> <span class='ocrx_word' id='word_1_354' title='bbox 1671 734 1683 751; x_wconf 73' lang='grc' dir='ltr'><strong>ι</strong></span> <span class='ocrx_word' id='word_1_355' title='bbox 1706 727 1754 752; x_wconf 79' lang='grc' dir='ltr'><strong>καὶ</strong></span> <span class='ocrx_word' id='word_1_356' title='bbox 1769 726 1845 761; x_wconf 73' lang='grc' dir='ltr'><strong>ἑξῆς-</strong></span> <span class='ocrx_word' id='word_1_357' title='bbox 1892 744 1893 756; x_wconf 38' lang='grc' dir='ltr'><strong>ι</strong></span> 
     </span>
    </p>
   </div>
   <div class='ocr_carea' id='block_1_45' title="bbox 1063 765 1846 807">
    <p class='ocr_par' dir='ltr' id='par_1_45' title="bbox 1063 765 1846 807">
     <span class='ocr_line' id='line_1_45' title="bbox 1063 765 1846 807; baseline 0.006 -13"><span class='ocrx_word' id='word_1_358' title='bbox 1063 777 1073 793; x_wconf 82' lang='grc' dir='ltr'><strong>ι</strong></span> <span class='ocrx_word' id='word_1_359' title='bbox 1095 769 1144 800; x_wconf 87' lang='grc' dir='ltr'><strong>Ὃς</strong></span> <span class='ocrx_word' id='word_1_360' title='bbox 1159 765 1274 804; x_wconf 78' lang='grc' dir='ltr'>φράσσει</span> <span class='ocrx_word' id='word_1_361' title='bbox 1287 769 1322 796; x_wconf 76' lang='grc' dir='ltr'><strong>τὰ</strong></span> <span class='ocrx_word' id='word_1_362' title='bbox 1336 767 1392 796; x_wconf 76' lang='grc' dir='ltr'><strong>ὦτα</strong></span> <span class='ocrx_word' id='word_1_363' title='bbox 1407 769 1489 796; x_wconf 77' lang='grc' dir='ltr'>αὐτοῦ</span> <span class='ocrx_word' id='word_1_364' title='bbox 1507 770 1544 807; x_wconf 83' lang='grc' dir='ltr'>μὴ</span> <span class='ocrx_word' id='word_1_365' title='bbox 1557 770 1719 798; x_wconf 72' lang='grc' dir='ltr'><strong>εἰσακοῦσαι</strong></span> <span class='ocrx_word' id='word_1_366' title='bbox 1731 771 1782 799; x_wconf 75' lang='grc' dir='ltr'><strong>τοῦ</strong></span> <span class='ocrx_word' id='word_1_367' title='bbox 1793 772 1846 799; x_wconf 83' lang='grc' dir='ltr'>δεο-</span> 
     </span>
    </p>
   </div>
   <div class='ocr_carea' id='block_1_46' title="bbox 1061 813 1846 848">
    <p class='ocr_par' dir='ltr' id='par_1_46' title="bbox 1061 813 1846 848">
     <span class='ocr_line' id='line_1_46' title="bbox 1061 813 1846 848; baseline 0.006 -8"><span class='ocrx_word' id='word_1_368' title='bbox 1061 813 1153 848; x_wconf 74' lang='grc' dir='ltr'>μένου,</span> <span class='ocrx_word' id='word_1_369' title='bbox 1168 815 1216 841; x_wconf 79' lang='grc' dir='ltr'><strong>καὶ</strong></span> <span class='ocrx_word' id='word_1_370' title='bbox 1235 814 1317 847; x_wconf 80' lang='grc' dir='ltr'>αὐτὸς</span> <span class='ocrx_word' id='word_1_371' title='bbox 1332 815 1537 848; x_wconf 75' lang='grc' dir='ltr'>ἐπικαλέσεται,</span> <span class='ocrx_word' id='word_1_372' title='bbox 1551 816 1599 843; x_wconf 75' lang='grc' dir='ltr'><strong>καὶ</strong></span> <span class='ocrx_word' id='word_1_373' title='bbox 1617 816 1667 844; x_wconf 82' lang='grc' dir='ltr'><strong>οὐκ</strong></span> <span class='ocrx_word' id='word_1_374' title='bbox 1683 816 1762 844; x_wconf 72' lang='grc' dir='ltr'>ἔσται</span> <span class='ocrx_word' id='word_1_375' title='bbox 1780 819 1846 845; x_wconf 67' lang='lat' dir='ltr'><strong>sla:-</strong></span> 
     </span>
    </p>
   </div>
   <div class='ocr_carea' id='block_1_47' title="bbox 1061 859 1283 886">
    <p class='ocr_par' dir='ltr' id='par_1_47' title="bbox 1061 859 1283 886">
     <span class='ocr_line' id='line_1_47' title="bbox 1061 859 1283 886; baseline 0 0"><span class='ocrx_word' id='word_1_376' title='bbox 1061 859 1148 886; x_wconf 80' lang='grc' dir='ltr'>κούων</span> <span class='ocrx_word' id='word_1_377' title='bbox 1161 859 1253 886; x_wconf 82' lang='grc' dir='ltr'><strong>αὐτοῦ.</strong></span> <span class='ocrx_word' id='word_1_378' title='bbox 1273 870 1283 886; x_wconf 71' lang='grc' dir='ltr'><strong>ι</strong></span> 
     </span>
    </p>
   </div>
   <div class='ocr_carea' id='block_1_48' title="bbox 1326 940 1574 968">
    <p class='ocr_par' dir='ltr' id='par_1_48' title="bbox 1326 940 1574 968">
     <span class='ocr_line' id='line_1_48' title="bbox 1326 940 1574 968; baseline 0.008 -2"><span class='ocrx_word' id='word_1_379' title='bbox 1326 940 1523 967; x_wconf 72' lang='grc' dir='ltr'><strong>ΚΕΦΔΛΑῙΟΝ</strong></span> <span class='ocrx_word' id='word_1_380' title='bbox 1536 940 1574 968; x_wconf 77' lang='lat' dir='ltr'><strong>E&#39;.</strong></span> 
     </span>
    </p>
   </div>
   <div class='ocr_carea' id='block_1_49' title="bbox 1078 1006 1829 1045">
    <p class='ocr_par' dir='ltr' id='par_1_49' title="bbox 1078 1006 1829 1045">
     <span class='ocr_line' id='line_1_49' title="bbox 1078 1006 1829 1045; baseline 0.004 -12"><span class='ocrx_word' id='word_1_381' title='bbox 1078 1006 1137 1033; x_wconf 85' lang='grc' dir='ltr'><strong>ὀτι</strong></span> <span class='ocrx_word' id='word_1_382' title='bbox 1151 1006 1199 1033; x_wconf 75' lang='grc' dir='ltr'><strong>καὶ</strong></span> <span class='ocrx_word' id='word_1_383' title='bbox 1212 1007 1264 1034; x_wconf 82' lang='grc' dir='ltr'><strong>τοῦ</strong></span> <span class='ocrx_word' id='word_1_384' title='bbox 1278 1006 1371 1041; x_wconf 74' lang='grc' dir='ltr'>ἤθους</span> <span class='ocrx_word' id='word_1_385' title='bbox 1383 1008 1578 1042; x_wconf 71' lang='grc' dir='ltr'><strong>ἐπιμελητέον</strong></span> <span class='ocrx_word' id='word_1_386' title='bbox 1587 1007 1644 1043; x_wconf 78' lang='grc' dir='ltr'><strong>τὴν</strong></span> <span class='ocrx_word' id='word_1_387' title='bbox 1651 1009 1752 1043; x_wconf 71' lang='grc' dir='ltr'>χήραν</span> <span class='ocrx_word' id='word_1_388' title='bbox 1765 1010 1829 1045; x_wconf 76' lang='grc'><strong>(55).</strong></span> 
     </span>
    </p>
   </div>
   <div class='ocr_carea' id='block_1_50' title="bbox 1099 1052 1893 1092">
    <p class='ocr_par' dir='ltr' id='par_1_50' title="bbox 1099 1052 1893 1092">
     <span class='ocr_line' id='line_1_50' title="bbox 1099 1052 1893 1092; baseline 0.005 -14"><span class='ocrx_word' id='word_1_389' title='bbox 1099 1052 1258 1089; x_wconf 80' lang='grc' dir='ltr'>’Υπαρχέτω</span> <span class='ocrx_word' id='word_1_390' title='bbox 1271 1053 1299 1080; x_wconf 81' lang='grc' dir='ltr'>δὲ</span> <span class='ocrx_word' id='word_1_391' title='bbox 1313 1054 1387 1081; x_wconf 81' lang='grc' dir='ltr'>πᾶσα</span> <span class='ocrx_word' id='word_1_392' title='bbox 1396 1054 1467 1090; x_wconf 85' lang='grc' dir='ltr'>χήρα</span> <span class='ocrx_word' id='word_1_393' title='bbox 1475 1055 1704 1090; x_wconf 79' lang='grc' dir='ltr'>πραεία,ἦσυχος,</span> <span class='ocrx_word' id='word_1_394' title='bbox 1713 1055 1845 1092; x_wconf 71' lang='grc' dir='ltr'>ἐπιεικής,</span> <span class='ocrx_word' id='word_1_395' title='bbox 1892 1081 1893 1088; x_wconf 37' lang='grc' dir='ltr'><strong>η</strong></span> 
     </span>
    </p>
   </div>
   <div class='ocr_carea' id='block_1_51' title="bbox 1057 1097 1893 1137">
    <p class='ocr_par' dir='ltr' id='par_1_51' title="bbox 1057 1097 1893 1137">
     <span class='ocr_line' id='line_1_51' title="bbox 1057 1097 1893 1137; baseline 0.006 -13"><span class='ocrx_word' id='word_1_396' title='bbox 1057 1097 1170 1130; x_wconf 75' lang='grc' dir='ltr'>ἄκακος.</span> <span class='ocrx_word' id='word_1_397' title='bbox 1185 1099 1328 1135; x_wconf 78' lang='grc' dir='ltr'>ἁόργητος,</span> <span class='ocrx_word' id='word_1_398' title='bbox 1344 1100 1381 1135; x_wconf 79' lang='grc' dir='ltr'>μὴ</span> <span class='ocrx_word' id='word_1_399' title='bbox 1397 1099 1555 1132; x_wconf 77' lang='grc' dir='ltr'>πολύλαλος,</span> <span class='ocrx_word' id='word_1_400' title='bbox 1570 1100 1608 1136; x_wconf 83' lang='grc' dir='ltr'>μὴ</span> <span class='ocrx_word' id='word_1_401' title='bbox 1623 1101 1795 1136; x_wconf 80' lang='grc' dir='ltr'>κραύγασος,</span> <span class='ocrx_word' id='word_1_402' title='bbox 1812 1102 1846 1137; x_wconf 76' lang='grc' dir='ltr'>μὴ</span> <span class='ocrx_word' id='word_1_403' title='bbox 1892 1133 1893 1136; x_wconf 26' lang='grc' dir='ltr'><strong>η</strong></span> 
     </span>
    </p>
   </div>
   <div class='ocr_carea' id='block_1_52' title="bbox 1057 1143 1847 1182">
    <p class='ocr_par' dir='ltr' id='par_1_52' title="bbox 1057 1143 1847 1182">
     <span class='ocr_line' id='line_1_52' title="bbox 1057 1143 1847 1182; baseline 0.005 -12"><span class='ocrx_word' id='word_1_404' title='bbox 1057 1143 1242 1179; x_wconf 79' lang='grc' dir='ltr'>πρόγλωσσος,</span> <span class='ocrx_word' id='word_1_405' title='bbox 1260 1144 1297 1180; x_wconf 83' lang='grc' dir='ltr'>μὴ</span> <span class='ocrx_word' id='word_1_406' title='bbox 1311 1144 1471 1177; x_wconf 82' lang='grc' dir='ltr'>κατάλαλος,</span> <span class='ocrx_word' id='word_1_407' title='bbox 1489 1146 1525 1182; x_wconf 79' lang='grc' dir='ltr'>μὴ</span> <span class='ocrx_word' id='word_1_408' title='bbox 1540 1145 1690 1182; x_wconf 79' lang='grc' dir='ltr'>λεξίθηρος,</span> <span class='ocrx_word' id='word_1_409' title='bbox 1709 1148 1748 1182; x_wconf 79' lang='grc' dir='ltr'>μὴ</span> <span class='ocrx_word' id='word_1_410' title='bbox 1766 1147 1847 1174; x_wconf 71' lang='grc' dir='ltr'>δισσοι</span> 
     </span>
    </p>
   </div>
   <div class='ocr_carea' id='block_1_53' title="bbox 1056 1188 1846 1228">
    <p class='ocr_par' dir='ltr' id='par_1_53' title="bbox 1056 1188 1846 1228">
     <span class='ocr_line' id='line_1_53' title="bbox 1056 1188 1846 1228; baseline 0.005 -13"><span class='ocrx_word' id='word_1_411' title='bbox 1056 1188 1146 1224; x_wconf 74' lang='grc' dir='ltr'>λόγος,</span> <span class='ocrx_word' id='word_1_412' title='bbox 1162 1189 1201 1226; x_wconf 74' lang='grc' dir='ltr'>μὴ</span> <span class='ocrx_word' id='word_1_413' title='bbox 1216 1189 1422 1226; x_wconf 81' lang='grc' dir='ltr'>φιλοπράγμων.</span> <span class='ocrx_word' id='word_1_414' title='bbox 1442 1191 1582 1218; x_wconf 74' lang='grc' dir='ltr'>Βλέπουσά</span> <span class='ocrx_word' id='word_1_415' title='bbox 1596 1200 1622 1218; x_wconf 84' lang='grc' dir='ltr'>τι</span> <span class='ocrx_word' id='word_1_416' title='bbox 1636 1192 1746 1219; x_wconf 71' lang='grc' dir='ltr'>σκολιὸν</span> <span class='ocrx_word' id='word_1_417' title='bbox 1766 1192 1784 1228; x_wconf 71' lang='grc' dir='ltr'><strong>ἢ</strong></span> <span class='ocrx_word' id='word_1_418' title='bbox 1803 1194 1846 1219; x_wconf 76' lang='grc' dir='ltr'><strong>καὶ</strong></span> 
     </span>
    </p>
   </div>
   <div class='ocr_carea' id='block_1_54' title="bbox 1056 1235 1846 1274">
    <p class='ocr_par' dir='ltr' id='par_1_54' title="bbox 1056 1235 1846 1274">
     <span class='ocr_line' id='line_1_54' title="bbox 1056 1235 1846 1274; baseline 0.004 -12"><span class='ocrx_word' id='word_1_419' title='bbox 1056 1235 1192 1263; x_wconf 65' lang='grc' dir='ltr'>ἀκούουσα</span> <span class='ocrx_word' id='word_1_420' title='bbox 1207 1236 1358 1272; x_wconf 78' lang='grc' dir='ltr'>γινόμενον,</span> <span class='ocrx_word' id='word_1_421' title='bbox 1373 1236 1443 1264; x_wconf 74' lang='grc' dir='ltr'>ἔστω</span> <span class='ocrx_word' id='word_1_422' title='bbox 1457 1236 1512 1272; x_wconf 75' lang='grc'><strong>(56)</strong></span> <span class='ocrx_word' id='word_1_423' title='bbox 1529 1236 1567 1269; x_wconf 83' lang='grc' dir='ltr'><strong>ὡς</strong></span> <span class='ocrx_word' id='word_1_424' title='bbox 1583 1237 1620 1274; x_wconf 81' lang='grc' dir='ltr'>μὴ</span> <span class='ocrx_word' id='word_1_425' title='bbox 1638 1237 1789 1272; x_wconf 75' lang='grc' dir='ltr'>βλέπουσα,</span> <span class='ocrx_word' id='word_1_426' title='bbox 1803 1240 1846 1265; x_wconf 77' lang='grc' dir='ltr'><strong>καὶ</strong></span> 
     </span>
    </p>
   </div>
   <div class='ocr_carea' id='block_1_55' title="bbox 1056 1281 1845 1320">
    <p class='ocr_par' dir='ltr' id='par_1_55' title="bbox 1056 1281 1845 1320">
     <span class='ocr_line' id='line_1_55' title="bbox 1056 1281 1845 1320; baseline 0.004 -12"><span class='ocrx_word' id='word_1_427' title='bbox 1056 1282 1096 1313; x_wconf 88' lang='grc' dir='ltr'>ὡς</span> <span class='ocrx_word' id='word_1_428' title='bbox 1118 1281 1155 1318; x_wconf 84' lang='grc' dir='ltr'><strong>μὴ</strong></span> <span class='ocrx_word' id='word_1_429' title='bbox 1178 1281 1313 1309; x_wconf 78' lang='grc' dir='ltr'>ἀκούουσα</span> <span class='ocrx_word' id='word_1_430' title='bbox 1340 1282 1495 1318; x_wconf 70' lang='grc' dir='ltr'><strong>ὑπαρχέτων</strong></span> <span class='ocrx_word' id='word_1_431' title='bbox 1525 1283 1572 1310; x_wconf 70' lang='grc' dir='ltr'>καὶ</span> <span class='ocrx_word' id='word_1_432' title='bbox 1600 1283 1683 1319; x_wconf 79' lang='grc' dir='ltr'>μηδὲν</span> <span class='ocrx_word' id='word_1_433' title='bbox 1698 1284 1795 1320; x_wconf 63' lang='grc' dir='ltr'>ἕτερον</span> <span class='ocrx_word' id='word_1_434' title='bbox 1814 1286 1845 1320; x_wconf 75' lang='grc' dir='ltr'><strong>τῇ</strong></span> 
     </span>
    </p>
   </div>
   <div class='ocr_carea' id='block_1_56' title="bbox 1055 1327 1893 1365">
    <p class='ocr_par' dir='ltr' id='par_1_56' title="bbox 1055 1327 1893 1365">
     <span class='ocr_line' id='line_1_56' title="bbox 1055 1327 1893 1365; baseline 0.005 -11"><span class='ocrx_word' id='word_1_435' title='bbox 1055 1328 1129 1364; x_wconf 77' lang='grc' dir='ltr'>χήρᾳ</span> <span class='ocrx_word' id='word_1_436' title='bbox 1144 1328 1257 1364; x_wconf 78' lang='grc' dir='ltr'>μελέτω,</span> <span class='ocrx_word' id='word_1_437' title='bbox 1271 1328 1295 1355; x_wconf 77' lang='grc' dir='ltr'><strong>εί</strong></span> <span class='ocrx_word' id='word_1_438' title='bbox 1305 1327 1342 1364; x_wconf 85' lang='grc' dir='ltr'>μὴ</span> <span class='ocrx_word' id='word_1_439' title='bbox 1356 1328 1387 1354; x_wconf 75' lang='grc' dir='ltr'>τὸ</span> <span class='ocrx_word' id='word_1_440' title='bbox 1400 1327 1598 1363; x_wconf 82' lang='grc' dir='ltr'><strong>προσεύχεσθαι</strong></span> <span class='ocrx_word' id='word_1_441' title='bbox 1615 1329 1685 1365; x_wconf 80' lang='grc' dir='ltr'>ὑπὲρ</span> <span class='ocrx_word' id='word_1_442' title='bbox 1699 1330 1757 1356; x_wconf 84' lang='grc' dir='ltr'>τῶν</span> <span class='ocrx_word' id='word_1_443' title='bbox 1771 1330 1847 1357; x_wconf 68' lang='grc' dir='ltr'>διδόν-</span> <span class='ocrx_word' id='word_1_444' title='bbox 1892 1351 1893 1358; x_wconf 55' lang='grc' dir='ltr'><strong>η</strong></span> 
     </span>
    </p>
   </div>
   <div class='ocr_carea' id='block_1_57' title="bbox 1054 1370 1893 1411">
    <p class='ocr_par' dir='ltr' id='par_1_57' title="bbox 1054 1370 1893 1411">
     <span class='ocr_line' id='line_1_57' title="bbox 1054 1370 1893 1411; baseline 0.002 -10"><span class='ocrx_word' id='word_1_445' title='bbox 1054 1382 1110 1401; x_wconf 80' lang='grc' dir='ltr'><strong>⁴ιων</strong></span> <span class='ocrx_word' id='word_1_446' title='bbox 1123 1375 1170 1401; x_wconf 73' lang='grc' dir='ltr'><strong>καὶ</strong></span> <span class='ocrx_word' id='word_1_447' title='bbox 1183 1374 1253 1409; x_wconf 77' lang='grc' dir='ltr'>ὑπὲρ</span> <span class='ocrx_word' id='word_1_448' title='bbox 1266 1373 1330 1409; x_wconf 83' lang='grc' dir='ltr'>ὅλης</span> <span class='ocrx_word' id='word_1_449' title='bbox 1341 1374 1392 1410; x_wconf 80' lang='grc' dir='ltr'><strong>τῆς</strong></span> <span class='ocrx_word' id='word_1_450' title='bbox 1401 1373 1573 1409; x_wconf 75' lang='grc' dir='ltr'>Ἑκκλησιας.</span> <span class='ocrx_word' id='word_1_451' title='bbox 1583 1374 1804 1411; x_wconf 76' lang='grc' dir='ltr'>Ἑπερωτωμένη</span> <span class='ocrx_word' id='word_1_452' title='bbox 1820 1375 1846 1403; x_wconf 77' lang='grc' dir='ltr'>δέ</span> 
     </span>
    </p>
   </div>
   <div class='ocr_carea' id='block_1_58' title="bbox 1054 1419 1847 1457">
    <p class='ocr_par' dir='ltr' id='par_1_58' title="bbox 1054 1419 1847 1457">
     <span class='ocr_line' id='line_1_58' title="bbox 1054 1419 1847 1457; baseline 0.003 -11"><span class='ocrx_word' id='word_1_453' title='bbox 1054 1427 1082 1445; x_wconf 81' lang='grc' dir='ltr'>τι</span> <span class='ocrx_word' id='word_1_454' title='bbox 1097 1419 1149 1446; x_wconf 80' lang='grc' dir='ltr'><strong>ὑπό</strong></span> <span class='ocrx_word' id='word_1_455' title='bbox 1161 1427 1244 1451; x_wconf 79' lang='grc' dir='ltr'>τινος,</span> <span class='ocrx_word' id='word_1_456' title='bbox 1260 1419 1297 1455; x_wconf 85' lang='grc' dir='ltr'>μὴ</span> <span class='ocrx_word' id='word_1_457' title='bbox 1309 1419 1408 1455; x_wconf 78' lang='grc' dir='ltr'><strong>ῥᾳδίως</strong></span> <span class='ocrx_word' id='word_1_458' title='bbox 1421 1419 1620 1454; x_wconf 57' lang='grc' dir='ltr'>ἀποκρινέσθω,</span> <span class='ocrx_word' id='word_1_459' title='bbox 1632 1420 1705 1456; x_wconf 82' lang='grc' dir='ltr'>πλὴν</span> <span class='ocrx_word' id='word_1_460' title='bbox 1719 1421 1772 1448; x_wconf 74' lang='grc' dir='ltr'>ὅσα</span> <span class='ocrx_word' id='word_1_461' title='bbox 1787 1422 1847 1457; x_wconf 75' lang='grc' dir='ltr'>περὶ</span> 
     </span>
    </p>
   </div>
   <div class='ocr_carea' id='block_1_59' title="bbox 1057 1464 1844 1501">
    <p class='ocr_par' dir='ltr' id='par_1_59' title="bbox 1057 1464 1844 1501">
     <span class='ocr_line' id='line_1_59' title="bbox 1057 1464 1844 1501; baseline 0.004 -10"><span class='ocrx_word' id='word_1_462' title='bbox 1057 1464 1188 1496; x_wconf 78' lang='grc' dir='ltr'>πίστεως,</span> <span class='ocrx_word' id='word_1_463' title='bbox 1204 1465 1252 1492; x_wconf 73' lang='grc' dir='ltr'>καὶ</span> <span class='ocrx_word' id='word_1_464' title='bbox 1265 1464 1449 1500; x_wconf 83' lang='grc' dir='ltr'>δικαιοσύνης,</span> <span class='ocrx_word' id='word_1_465' title='bbox 1464 1466 1512 1492; x_wconf 82' lang='grc' dir='ltr'>καὶ</span> <span class='ocrx_word' id='word_1_466' title='bbox 1529 1465 1578 1501; x_wconf 85' lang='grc' dir='ltr'><strong>τῆς</strong></span> <span class='ocrx_word' id='word_1_467' title='bbox 1591 1466 1631 1498; x_wconf 80' lang='grc' dir='ltr'><strong>είς</strong></span> <span class='ocrx_word' id='word_1_468' title='bbox 1644 1466 1714 1493; x_wconf 82' lang='grc' dir='ltr'><strong>Θεὸν</strong></span> <span class='ocrx_word' id='word_1_469' title='bbox 1728 1466 1844 1499; x_wconf 71' lang='grc' dir='ltr'>ἐλπίδος·</span> 
     </span>
    </p>
   </div>
   <div class='ocr_carea' id='block_1_60' title="bbox 1054 1510 1847 1548">
    <p class='ocr_par' dir='ltr' id='par_1_60' title="bbox 1054 1510 1847 1548">
     <span class='ocr_line' id='line_1_60' title="bbox 1054 1510 1847 1548; baseline 0.001 -10"><span class='ocrx_word' id='word_1_470' title='bbox 1054 1510 1253 1538; x_wconf 79' lang='grc' dir='ltr'><strong>ἀποστέλλουσα</strong></span> <span class='ocrx_word' id='word_1_471' title='bbox 1272 1512 1327 1541; x_wconf 77' lang='grc' dir='ltr'>τοῖς</span> <span class='ocrx_word' id='word_1_472' title='bbox 1345 1510 1506 1546; x_wconf 77' lang='grc' dir='ltr'>ἡγουμένοις</span> <span class='ocrx_word' id='word_1_473' title='bbox 1531 1512 1595 1543; x_wconf 81' lang='grc' dir='ltr'>τοὺς</span> <span class='ocrx_word' id='word_1_474' title='bbox 1616 1511 1744 1544; x_wconf 80' lang='grc' dir='ltr'>θέλοντας</span> <span class='ocrx_word' id='word_1_475' title='bbox 1765 1521 1847 1548; x_wconf 75' lang='grc' dir='ltr'>κατη-</span> 
     </span>
    </p>
   </div>
   <div class='ocr_carea' id='block_1_61' title="bbox 1054 1556 1847 1594">
    <p class='ocr_par' dir='ltr' id='par_1_61' title="bbox 1054 1556 1847 1594">
     <span class='ocr_line' id='line_1_61' title="bbox 1054 1556 1847 1594; baseline 0.003 -11"><span class='ocrx_word' id='word_1_476' title='bbox 1054 1556 1159 1592; x_wconf 75' lang='grc' dir='ltr'>χεῑσθαι</span> <span class='ocrx_word' id='word_1_477' title='bbox 1175 1557 1210 1583; x_wconf 81' lang='grc' dir='ltr'><strong>τὰ</strong></span> <span class='ocrx_word' id='word_1_478' title='bbox 1225 1556 1275 1592; x_wconf 81' lang='grc' dir='ltr'><strong>τῆς</strong></span> <span class='ocrx_word' id='word_1_479' title='bbox 1294 1556 1434 1589; x_wconf 75' lang='grc' dir='ltr'>εὐσεϐείας</span> <span class='ocrx_word' id='word_1_480' title='bbox 1447 1557 1581 1592; x_wconf 66' lang='grc' dir='ltr'>δόγματαν</span> <span class='ocrx_word' id='word_1_481' title='bbox 1605 1557 1674 1592; x_wconf 73' lang='grc' dir='ltr'>μόνα</span> <span class='ocrx_word' id='word_1_482' title='bbox 1687 1558 1718 1584; x_wconf 78' lang='grc' dir='ltr'>δὲ</span> <span class='ocrx_word' id='word_1_483' title='bbox 1730 1559 1847 1594; x_wconf 69' lang='grc' dir='ltr'>ἀποκρισ</span> 
     </span>
    </p>
   </div>
   <div class='ocr_carea' id='block_1_62' title="bbox 219 1601 1033 1643">
    <p class='ocr_par' dir='ltr' id='par_1_62' title="bbox 219 1607 1033 1643">
     <span class='ocr_line' id='line_1_62' title="bbox 219 1607 1033 1643; baseline 0.001 -7"><span class='ocrx_word' id='word_1_484' title='bbox 219 1609 308 1637; x_wconf 80' lang='lat' dir='ltr'><strong>solum</strong></span> <span class='ocrx_word' id='word_1_485' title='bbox 330 1607 493 1643; x_wconf 86' lang='lat' dir='ltr'><strong>respondeat</strong></span> <span class='ocrx_word' id='word_1_486' title='bbox 511 1615 572 1643; x_wconf 66' lang='lat' dir='ltr'><strong>quae</strong></span> <span class='ocrx_word' id='word_1_487' title='bbox 586 1607 618 1634; x_wconf 87' lang='lat' dir='ltr'><strong>ad</strong></span> <span class='ocrx_word' id='word_1_488' title='bbox 635 1607 810 1635; x_wconf 85' lang='lat' dir='ltr'><strong>evertendum</strong></span> <span class='ocrx_word' id='word_1_489' title='bbox 825 1607 858 1635; x_wconf 84' lang='lat' dir='ltr'><strong>de</strong></span> <span class='ocrx_word' id='word_1_490' title='bbox 879 1608 1003 1636; x_wconf 87' lang='lat' dir='ltr'><strong>multitu—</strong></span> <span class='ocrx_word' id='word_1_491' title='bbox 1016 1607 1033 1637; x_wconf 85' lang='lat' dir='ltr'><strong>C</strong></span> 
     </span>
    </p>
   </div>
   <div class='ocr_carea' id='block_1_63' title="bbox 1065 1601 1848 1643">
    <p class='ocr_par' dir='ltr' id='par_1_63' title="bbox 1065 1601 1848 1639">
     <span class='ocr_line' id='line_1_63' title="bbox 1065 1601 1848 1639; baseline 0.001 -10"><span class='ocrx_word' id='word_1_492' title='bbox 1065 1601 1140 1629; x_wconf 67' lang='grc' dir='ltr'>ιὲσθω</span> <span class='ocrx_word' id='word_1_493' title='bbox 1165 1602 1201 1629; x_wconf 77' lang='grc' dir='ltr'><strong>τὰ</strong></span> <span class='ocrx_word' id='word_1_494' title='bbox 1227 1602 1289 1638; x_wconf 73' lang='grc' dir='ltr'>περὶ</span> <span class='ocrx_word' id='word_1_495' title='bbox 1310 1602 1465 1638; x_wconf 81' lang='grc' dir='ltr'>ἀνατροπῆς</span> <span class='ocrx_word' id='word_1_496' title='bbox 1486 1602 1615 1629; x_wconf 58' lang='lat' dir='ltr'><strong>mlum-Eoo</strong></span> <span class='ocrx_word' id='word_1_497' title='bbox 1645 1603 1764 1639; x_wconf 79' lang='grc' dir='ltr'><strong>πλάνης,</strong></span> <span class='ocrx_word' id='word_1_498' title='bbox 1784 1605 1848 1630; x_wconf 81' lang='grc' dir='ltr'>ἁπο-</span> 
     </span>
    </p>
   </div>
   <div class='ocr_carea' id='block_1_64' title="bbox 219 1653 1005 1688">
    <p class='ocr_par' dir='ltr' id='par_1_64' title="bbox 219 1653 1005 1688">
     <span class='ocr_line' id='line_1_64' title="bbox 219 1653 1005 1688; baseline -0.001 -7"><span class='ocrx_word' id='word_1_499' title='bbox 219 1655 284 1682; x_wconf 90' lang='lat' dir='ltr'><strong>dine</strong></span> <span class='ocrx_word' id='word_1_500' title='bbox 307 1654 420 1681; x_wconf 90' lang='lat' dir='ltr'><strong>deorum</strong></span> <span class='ocrx_word' id='word_1_501' title='bbox 445 1661 567 1681; x_wconf 78' lang='lat' dir='ltr'><strong>errarent</strong></span> <span class='ocrx_word' id='word_1_502' title='bbox 580 1657 717 1688; x_wconf 83' lang='lat' dir='ltr'><strong>spectant.</strong></span> <span class='ocrx_word' id='word_1_503' title='bbox 741 1653 932 1681; x_wconf 75' lang='lat' dir='ltr'><strong>demonstrans</strong></span> <span class='ocrx_word' id='word_1_504' title='bbox 954 1653 1005 1681; x_wconf 91' lang='lat' dir='ltr'><strong>do-</strong></span> 
     </span>
    </p>
   </div>
   <div class='ocr_carea' id='block_1_65' title="bbox 218 1699 1006 1732">
    <p class='ocr_par' dir='ltr' id='par_1_65' title="bbox 218 1699 1006 1732">
     <span class='ocr_line' id='line_1_65' title="bbox 218 1699 1006 1732; baseline 0.003 -6"><span class='ocrx_word' id='word_1_505' title='bbox 218 1700 335 1727; x_wconf 87' lang='lat' dir='ltr'><strong>ctrinam</strong></span> <span class='ocrx_word' id='word_1_506' title='bbox 355 1699 389 1727; x_wconf 87' lang='lat' dir='ltr'><strong>de</strong></span> <span class='ocrx_word' id='word_1_507' title='bbox 407 1699 454 1726; x_wconf 89' lang='lat' dir='ltr'><strong>Dei</strong></span> <span class='ocrx_word' id='word_1_508' title='bbox 475 1699 596 1732; x_wconf 87' lang='lat' dir='ltr'><strong>unitate;</strong></span> <span class='ocrx_word' id='word_1_509' title='bbox 617 1703 644 1726; x_wconf 86' lang='lat' dir='ltr'><strong>at</strong></span> <span class='ocrx_word' id='word_1_510' title='bbox 657 1699 684 1726; x_wconf 94' lang='lat' dir='ltr'><strong>in</strong></span> <span class='ocrx_word' id='word_1_511' title='bbox 698 1699 806 1726; x_wconf 68' lang='lat' dir='ltr'><strong>caeteris</strong></span> <span class='ocrx_word' id='word_1_512' title='bbox 822 1699 891 1727; x_wconf 88' lang='lat' dir='ltr'><strong>nihil</strong></span> <span class='ocrx_word' id='word_1_513' title='bbox 902 1702 1006 1728; x_wconf 87' lang='lat' dir='ltr'><strong>temere</strong></span> 
     </span>
    </p>
   </div>
   <div class='ocr_carea' id='block_1_66' title="bbox 218 1744 1004 1781">
    <p class='ocr_par' dir='ltr' id='par_1_66' title="bbox 218 1744 1004 1781">
     <span class='ocr_line' id='line_1_66' title="bbox 218 1744 1004 1781; baseline 0.001 -8"><span class='ocrx_word' id='word_1_514' title='bbox 218 1750 343 1781; x_wconf 86' lang='lat' dir='ltr'><strong>reponat.</strong></span> <span class='ocrx_word' id='word_1_515' title='bbox 366 1753 400 1773; x_wconf 87' lang='lat' dir='ltr'><strong>ne</strong></span> <span class='ocrx_word' id='word_1_516' title='bbox 428 1745 531 1781; x_wconf 84' lang='lat' dir='ltr'><strong>aliquid</strong></span> <span class='ocrx_word' id='word_1_517' title='bbox 553 1745 652 1774; x_wconf 82' lang='lat' dir='ltr'><strong>inscite</strong></span> <span class='ocrx_word' id='word_1_518' title='bbox 679 1745 832 1780; x_wconf 88' lang='lat' dir='ltr'><strong>prolocuta,</strong></span> <span class='ocrx_word' id='word_1_519' title='bbox 862 1744 1004 1774; x_wconf 83' lang='lat' dir='ltr'><strong>infamiam</strong></span> 
     </span>
    </p>
   </div>
   <div class='ocr_carea' id='block_1_67' title="bbox 217 1791 1004 1824">
    <p class='ocr_par' dir='ltr' id='par_1_67' title="bbox 217 1791 1004 1824">
     <span class='ocr_line' id='line_1_67' title="bbox 217 1791 1004 1824; baseline 0 -4"><span class='ocrx_word' id='word_1_520' title='bbox 217 1793 302 1820; x_wconf 73' lang='lat' dir='ltr'><strong>verbo</strong></span> <span class='ocrx_word' id='word_1_521' title='bbox 325 1792 373 1819; x_wconf 87' lang='lat' dir='ltr'><strong>Dei</strong></span> <span class='ocrx_word' id='word_1_522' title='bbox 395 1792 495 1819; x_wconf 81' lang='lat' dir='ltr'><strong>inurat.</strong></span> <span class='ocrx_word' id='word_1_523' title='bbox 516 1791 614 1819; x_wconf 87' lang='lat' dir='ltr'><strong>Docuit</strong></span> <span class='ocrx_word' id='word_1_524' title='bbox 632 1791 705 1819; x_wconf 87' lang='lat' dir='ltr'><strong>enim</strong></span> <span class='ocrx_word' id='word_1_525' title='bbox 721 1791 870 1824; x_wconf 86' lang='lat' dir='ltr'><strong>Dominus,</strong></span> <span class='ocrx_word' id='word_1_526' title='bbox 885 1791 1004 1820; x_wconf 84' lang='lat' dir='ltr'><strong>Verbum</strong></span> 
     </span>
    </p>
   </div>
   <div class='ocr_carea' id='block_1_68' title="bbox 217 1838 1006 1873">
    <p class='ocr_par' dir='ltr' id='par_1_68' title="bbox 217 1838 1006 1873">
     <span class='ocr_line' id='line_1_68' title="bbox 217 1838 1006 1873; baseline 0 -7"><span class='ocrx_word' id='word_1_527' title='bbox 217 1839 308 1866; x_wconf 84' lang='lat' dir='ltr'><strong>simile</strong></span> <span class='ocrx_word' id='word_1_528' title='bbox 327 1846 388 1866; x_wconf 85' lang='lat' dir='ltr'><strong>esse</strong></span> <span class='ocrx_word' id='word_1_529' title='bbox 403 1845 488 1873; x_wconf 73' lang='lat' dir='ltr'><strong>grano</strong></span> <span class='ocrx_word' id='word_1_530' title='bbox 515 1838 620 1873; x_wconf 80' lang='lat' dir='ltr'><strong>sinapis</strong></span> <span class='ocrx_word' id='word_1_531' title='bbox 630 1838 673 1865; x_wconf 87' lang='lat'><strong>&quot;:</strong></span> <span class='ocrx_word' id='word_1_532' title='bbox 691 1838 742 1865; x_wconf 88' lang='lat' dir='ltr'><strong>hoc</strong></span> <span class='ocrx_word' id='word_1_533' title='bbox 769 1841 860 1865; x_wconf 85' lang='lat' dir='ltr'><strong>autem</strong></span> <span class='ocrx_word' id='word_1_534' title='bbox 889 1845 953 1866; x_wconf 87' lang='lat' dir='ltr'><strong>acre</strong></span> <span class='ocrx_word' id='word_1_535' title='bbox 978 1842 1006 1866; x_wconf 89' lang='lat' dir='ltr'><strong>et</strong></span> 
     </span>
    </p>
   </div>
   <div class='ocr_carea' id='block_1_69' title="bbox 217 1883 1004 1919">
    <p class='ocr_par' dir='ltr' id='par_1_69' title="bbox 217 1883 1004 1919">
     <span class='ocr_line' id='line_1_69' title="bbox 217 1883 1004 1919; baseline 0.001 -9"><span class='ocrx_word' id='word_1_536' title='bbox 217 1884 319 1915; x_wconf 80' lang='lat' dir='ltr'><strong>ardens</strong></span> <span class='ocrx_word' id='word_1_537' title='bbox 333 1888 384 1916; x_wconf 88' lang='lat' dir='ltr'><strong>est,</strong></span> <span class='ocrx_word' id='word_1_538' title='bbox 398 1892 452 1919; x_wconf 90' lang='lat' dir='ltr'><strong>quo</strong></span> <span class='ocrx_word' id='word_1_539' title='bbox 468 1884 491 1912; x_wconf 83' lang='lat' dir='ltr'><strong>si</strong></span> <span class='ocrx_word' id='word_1_540' title='bbox 505 1885 567 1919; x_wconf 91' lang='lat' dir='ltr'><strong>quis</strong></span> <span class='ocrx_word' id='word_1_541' title='bbox 587 1883 713 1919; x_wconf 88' lang='lat' dir='ltr'><strong>imperite</strong></span> <span class='ocrx_word' id='word_1_542' title='bbox 728 1883 865 1916; x_wconf 84' lang='lat' dir='ltr'><strong>abutatur,</strong></span> <span class='ocrx_word' id='word_1_543' title='bbox 882 1891 1004 1911; x_wconf 88' lang='lat' dir='ltr'><strong>amarum</strong></span> 
     </span>
    </p>
   </div>
   <div class='ocr_carea' id='block_1_70' title="bbox 218 1929 1005 1965">
    <p class='ocr_par' dir='ltr' id='par_1_70' title="bbox 218 1929 1005 1965">
     <span class='ocr_line' id='line_1_70' title="bbox 218 1929 1005 1965; baseline 0.001 -8"><span class='ocrx_word' id='word_1_544' title='bbox 218 1929 285 1957; x_wconf 87' lang='lat' dir='ltr'><strong>illud</strong></span> <span class='ocrx_word' id='word_1_545' title='bbox 298 1930 436 1962; x_wconf 85' lang='lat' dir='ltr'><strong>inveniet;</strong></span> <span class='ocrx_word' id='word_1_546' title='bbox 449 1930 565 1962; x_wconf 86' lang='lat' dir='ltr'><strong>scilicet.</strong></span> <span class='ocrx_word' id='word_1_547' title='bbox 582 1930 610 1957; x_wconf 94' lang='lat' dir='ltr'><strong>in</strong></span> <span class='ocrx_word' id='word_1_548' title='bbox 624 1929 747 1965; x_wconf 83' lang='lat' dir='ltr'><strong>mysticis</strong></span> <span class='ocrx_word' id='word_1_549' title='bbox 755 1933 862 1965; x_wconf 87' lang='lat' dir='ltr'><strong>oportet</strong></span> <span class='ocrx_word' id='word_1_550' title='bbox 880 1937 935 1957; x_wconf 87' lang='lat' dir='ltr'><strong>non</strong></span> <span class='ocrx_word' id='word_1_551' title='bbox 944 1937 1005 1958; x_wconf 87' lang='lat' dir='ltr'><strong>esse</strong></span> 
     </span>
    </p>
   </div>
   <div class='ocr_carea' id='block_1_71' title="bbox 218 1974 1004 2013">
    <p class='ocr_par' dir='ltr' id='par_1_71' title="bbox 218 1974 1004 2013">
     <span class='ocr_line' id='line_1_71' title="bbox 218 1974 1004 2013; baseline 0 -11"><span class='ocrx_word' id='word_1_552' title='bbox 218 1975 395 2013; x_wconf 81' lang='lat' dir='ltr'><strong>proditorem.</strong></span> <span class='ocrx_word' id='word_1_553' title='bbox 417 1975 464 2003; x_wconf 89' lang='lat' dir='ltr'><strong>sed</strong></span> <span class='ocrx_word' id='word_1_554' title='bbox 475 1980 595 2008; x_wconf 90' lang='lat' dir='ltr'><strong>cautum,</strong></span> <span class='ocrx_word' id='word_1_555' title='bbox 611 1975 674 2011; x_wconf 84' lang='lat' dir='ltr'><strong>quia</strong></span> <span class='ocrx_word' id='word_1_556' title='bbox 685 1982 736 2002; x_wconf 86' lang='lat' dir='ltr'><strong>nos</strong></span> <span class='ocrx_word' id='word_1_557' title='bbox 748 1975 790 2002; x_wconf 91' lang='lat' dir='ltr'><strong>his</strong></span> <span class='ocrx_word' id='word_1_558' title='bbox 806 1975 896 2003; x_wconf 84' lang='lat' dir='ltr'><strong>verbis</strong></span> <span class='ocrx_word' id='word_1_559' title='bbox 911 1974 1004 2002; x_wconf 88' lang='lat' dir='ltr'><strong>Domi-</strong></span> 
     </span>
    </p>
   </div>
   <div class='ocr_carea' id='block_1_72' title="bbox 217 2020 1004 2056">
    <p class='ocr_par' dir='ltr' id='par_1_72' title="bbox 217 2020 1004 2056">
     <span class='ocr_line' id='line_1_72' title="bbox 217 2020 1004 2056; baseline 0 -8"><span class='ocrx_word' id='word_1_560' title='bbox 217 2029 271 2050; x_wconf 88' lang='lat' dir='ltr'><strong>nus</strong></span> <span class='ocrx_word' id='word_1_561' title='bbox 286 2021 413 2049; x_wconf 83' lang='lat' dir='ltr'><strong>adlnonet</strong></span> <span class='ocrx_word' id='word_1_562' title='bbox 429 2030 435 2048; x_wconf 87' lang='lat'>:</span> <span class='ocrx_word' id='word_1_563' title='bbox 455 2030 464 2047; x_wconf 79' lang='grc' dir='ltr'><strong>ι</strong></span> <span class='ocrx_word' id='word_1_564' title='bbox 479 2020 568 2048; x_wconf 83' lang='lat' dir='ltr'><strong>Nolite</strong></span> <span class='ocrx_word' id='word_1_565' title='bbox 591 2021 698 2048; x_wconf 88' lang='lat' dir='ltr'><strong>mittere</strong></span> <span class='ocrx_word' id='word_1_566' title='bbox 714 2020 878 2056; x_wconf 74' lang='lat' dir='ltr'><strong>margaritas</strong></span> <span class='ocrx_word' id='word_1_567' title='bbox 899 2025 1004 2048; x_wconf 86' lang='lat' dir='ltr'><strong>vestras</strong></span> 
     </span>
    </p>
   </div>
   <div class='ocr_carea' id='block_1_73' title="bbox 220 2065 1003 2102">
    <p class='ocr_par' dir='ltr' id='par_1_73' title="bbox 220 2065 1003 2102">
     <span class='ocr_line' id='line_1_73' title="bbox 220 2065 1003 2102; baseline 0 -8"><span class='ocrx_word' id='word_1_568' title='bbox 220 2071 284 2095; x_wconf 85' lang='lat' dir='ltr'><strong>ante</strong></span> <span class='ocrx_word' id='word_1_569' title='bbox 296 2074 406 2102; x_wconf 88' lang='lat' dir='ltr'><strong>porcos,</strong></span> <span class='ocrx_word' id='word_1_570' title='bbox 419 2075 453 2094; x_wconf 90' lang='lat' dir='ltr'><strong>ne</strong></span> <span class='ocrx_word' id='word_1_571' title='bbox 473 2067 543 2094; x_wconf 83' lang='lat' dir='ltr'><strong>forte</strong></span> <span class='ocrx_word' id='word_1_572' title='bbox 557 2066 722 2094; x_wconf 87' lang='lat' dir='ltr'><strong>conculcent</strong></span> <span class='ocrx_word' id='word_1_573' title='bbox 732 2073 780 2094; x_wconf 87' lang='lat' dir='ltr'><strong>eas</strong></span> <span class='ocrx_word' id='word_1_574' title='bbox 802 2065 918 2101; x_wconf 85' lang='lat' dir='ltr'><strong>pedibus</strong></span> <span class='ocrx_word' id='word_1_575' title='bbox 934 2066 1003 2098; x_wconf 88' lang='lat' dir='ltr'><strong>suis,</strong></span> 
     </span>
    </p>
   </div>
   <div class='ocr_carea' id='block_1_74' title="bbox 216 2110 1003 2148">
    <p class='ocr_par' dir='ltr' id='par_1_74' title="bbox 216 2110 1003 2148">
     <span class='ocr_line' id='line_1_74' title="bbox 216 2110 1003 2148; baseline -0.004 -6"><span class='ocrx_word' id='word_1_576' title='bbox 216 2118 247 2144; x_wconf 78' lang='lat' dir='ltr'><strong>et</strong></span> <span class='ocrx_word' id='word_1_577' title='bbox 261 2113 386 2142; x_wconf 84' lang='lat' dir='ltr'><strong>conversi</strong></span> <span class='ocrx_word' id='word_1_578' title='bbox 399 2113 558 2148; x_wconf 87' lang='lat' dir='ltr'><strong>dirumpant</strong></span> <span class='ocrx_word' id='word_1_579' title='bbox 568 2119 618 2140; x_wconf 87' lang='lat' dir='ltr'><strong>vos</strong></span> <span class='ocrx_word' id='word_1_580' title='bbox 627 2112 662 2139; x_wconf 81' lang='lat'><strong>”.</strong></span> <span class='ocrx_word' id='word_1_581' title='bbox 675 2121 684 2138; x_wconf 77' lang='grc' dir='ltr'><strong>ι</strong></span> <span class='ocrx_word' id='word_1_582' title='bbox 701 2111 771 2139; x_wconf 90' lang='lat' dir='ltr'><strong>Cum</strong></span> <span class='ocrx_word' id='word_1_583' title='bbox 785 2112 858 2138; x_wconf 88' lang='lat' dir='ltr'><strong>enim</strong></span> <span class='ocrx_word' id='word_1_584' title='bbox 870 2110 1003 2143; x_wconf 79' lang='lat' dir='ltr'><strong>inﬁdeles,</strong></span> 
     </span>
    </p>
   </div>
   <div class='ocr_carea' id='block_1_75' title="bbox 221 2156 1004 2195">
    <p class='ocr_par' dir='ltr' id='par_1_75' title="bbox 221 2156 1004 2195">
     <span class='ocr_line' id='line_1_75' title="bbox 221 2156 1004 2195; baseline -0.005 -7"><span class='ocrx_word' id='word_1_585' title='bbox 221 2167 277 2188; x_wconf 89' lang='lat' dir='ltr'><strong>non</strong></span> <span class='ocrx_word' id='word_1_586' title='bbox 301 2167 351 2195; x_wconf 90' lang='lat' dir='ltr'><strong>pro</strong></span> <span class='ocrx_word' id='word_1_587' title='bbox 379 2159 521 2194; x_wconf 80' lang='lat' dir='ltr'><strong>dignitate,</strong></span> <span class='ocrx_word' id='word_1_588' title='bbox 541 2157 589 2185; x_wconf 87' lang='lat' dir='ltr'><strong>sed</strong></span> <span class='ocrx_word' id='word_1_589' title='bbox 604 2157 695 2184; x_wconf 86' lang='lat' dir='ltr'><strong>minus</strong></span> <span class='ocrx_word' id='word_1_590' title='bbox 720 2163 802 2192; x_wconf 86' lang='lat' dir='ltr'><strong>quam</strong></span> <span class='ocrx_word' id='word_1_591' title='bbox 820 2163 870 2192; x_wconf 89' lang='lat' dir='ltr'><strong>par</strong></span> <span class='ocrx_word' id='word_1_592' title='bbox 895 2156 942 2187; x_wconf 84' lang='lat' dir='ltr'><strong>sit,</strong></span> <span class='ocrx_word' id='word_1_593' title='bbox 969 2156 1004 2184; x_wconf 89' lang='lat' dir='ltr'><strong>de</strong></span> 
     </span>
    </p>
   </div>
   <div class='ocr_carea' id='block_1_76' title="bbox 215 2202 1004 2239">
    <p class='ocr_par' dir='ltr' id='par_1_76' title="bbox 215 2202 1004 2239">
     <span class='ocr_line' id='line_1_76' title="bbox 215 2202 1004 2239; baseline -0.005 -6"><span class='ocrx_word' id='word_1_594' title='bbox 215 2205 327 2234; x_wconf 77' lang='lat' dir='ltr'><strong>Christo</strong></span> <span class='ocrx_word' id='word_1_595' title='bbox 341 2205 455 2232; x_wconf 89' lang='lat' dir='ltr'><strong>verbum</strong></span> <span class='ocrx_word' id='word_1_596' title='bbox 471 2203 638 2239; x_wconf 83' lang='lat' dir='ltr'><strong>acceperint,</strong></span> <span class='ocrx_word' id='word_1_597' title='bbox 654 2202 862 2238; x_wconf 63' lang='lat' dir='ltr'><strong>praesertimque</strong></span> <span class='ocrx_word' id='word_1_598' title='bbox 875 2202 948 2237; x_wconf 91' lang='lat' dir='ltr'><strong>quod</strong></span> <span class='ocrx_word' id='word_1_599' title='bbox 961 2202 1004 2230; x_wconf 91' lang='lat' dir='ltr'><strong>in-</strong></span> 
     </span>
    </p>
   </div>
   <div class='ocr_carea' id='block_1_77' title="bbox 214 2247 1003 2285">
    <p class='ocr_par' dir='ltr' id='par_1_77' title="bbox 214 2247 1003 2285">
     <span class='ocr_line' id='line_1_77' title="bbox 214 2247 1003 2285; baseline -0.003 -7"><span class='ocrx_word' id='word_1_600' title='bbox 214 2250 402 2281; x_wconf 83' lang='lat' dir='ltr'><strong>carnationem</strong></span> <span class='ocrx_word' id='word_1_601' title='bbox 410 2250 452 2277; x_wconf 88' lang='lat' dir='ltr'><strong>vel</strong></span> <span class='ocrx_word' id='word_1_602' title='bbox 460 2250 616 2285; x_wconf 83' lang='lat' dir='ltr'><strong>passionem</strong></span> <span class='ocrx_word' id='word_1_603' title='bbox 627 2249 687 2284; x_wconf 87' lang='lat' dir='ltr'><strong>ejus</strong></span> <span class='ocrx_word' id='word_1_604' title='bbox 695 2248 790 2279; x_wconf 88' lang='lat' dir='ltr'><strong>tradit.</strong></span> <span class='ocrx_word' id='word_1_605' title='bbox 798 2248 886 2283; x_wconf 74' lang='lat' dir='ltr'><strong>magis</strong></span> <span class='ocrx_word' id='word_1_606' title='bbox 896 2247 1003 2276; x_wconf 84' lang='lat' dir='ltr'><strong>adunco</strong></span> 
     </span>
    </p>
   </div>
   <div class='ocr_carea' id='block_1_78' title="bbox 216 2293 1002 2330">
    <p class='ocr_par' dir='ltr' id='par_1_78' title="bbox 216 2293 1002 2330">
     <span class='ocr_line' id='line_1_78' title="bbox 216 2293 1002 2330; baseline -0.005 -6"><span class='ocrx_word' id='word_1_607' title='bbox 216 2304 286 2325; x_wconf 88' lang='lat' dir='ltr'><strong>naso</strong></span> <span class='ocrx_word' id='word_1_608' title='bbox 303 2295 458 2323; x_wconf 87' lang='lat' dir='ltr'><strong>irridebunt</strong></span> <span class='ocrx_word' id='word_1_609' title='bbox 471 2295 554 2323; x_wconf 89' lang='lat' dir='ltr'><strong>veluti</strong></span> <span class='ocrx_word' id='word_1_610' title='bbox 569 2295 695 2326; x_wconf 82' lang='lat' dir='ltr'><strong>mendax,</strong></span> <span class='ocrx_word' id='word_1_611' title='bbox 710 2302 790 2330; x_wconf 86' lang='lat' dir='ltr'><strong>quam</strong></span> <span class='ocrx_word' id='word_1_612' title='bbox 816 2293 944 2321; x_wconf 84' lang='lat' dir='ltr'><strong>laudibus</strong></span> <span class='ocrx_word' id='word_1_613' title='bbox 956 2300 1002 2320; x_wconf 90' lang='lat' dir='ltr'><strong>ce-</strong></span> 
     </span>
    </p>
   </div>
   <div class='ocr_carea' id='block_1_79' title="bbox 215 2339 1002 2377">
    <p class='ocr_par' dir='ltr' id='par_1_79' title="bbox 215 2339 1002 2377">
     <span class='ocr_line' id='line_1_79' title="bbox 215 2339 1002 2377; baseline -0.004 -7"><span class='ocrx_word' id='word_1_614' title='bbox 215 2343 363 2371; x_wconf 89' lang='lat' dir='ltr'><strong>lebrabuut</strong></span> <span class='ocrx_word' id='word_1_615' title='bbox 373 2351 381 2375; x_wconf 80' lang='lat'><strong>;</strong></span> <span class='ocrx_word' id='word_1_616' title='bbox 391 2342 497 2377; x_wconf 87' lang='lat' dir='ltr'><strong>eritque</strong></span> <span class='ocrx_word' id='word_1_617' title='bbox 506 2349 576 2369; x_wconf 89' lang='lat' dir='ltr'><strong>anus</strong></span> <span class='ocrx_word' id='word_1_618' title='bbox 591 2348 637 2368; x_wconf 88' lang='lat' dir='ltr'><strong>rea</strong></span> <span class='ocrx_word' id='word_1_619' title='bbox 647 2340 813 2369; x_wconf 88' lang='lat' dir='ltr'><strong>temeritatis</strong></span> <span class='ocrx_word' id='word_1_620' title='bbox 829 2347 862 2367; x_wconf 87' lang='lat' dir='ltr'><strong>ac</strong></span> <span class='ocrx_word' id='word_1_621' title='bbox 872 2339 1002 2374; x_wconf 87' lang='lat' dir='ltr'><strong>blasphe-</strong></span> 
     </span>
    </p>
   </div>
   <div class='ocr_carea' id='block_1_80' title="bbox 215 2386 1001 2421">
    <p class='ocr_par' dir='ltr' id='par_1_80' title="bbox 215 2386 1001 2421">
     <span class='ocr_line' id='line_1_80' title="bbox 215 2386 1001 2421; baseline -0.005 -5"><span class='ocrx_word' id='word_1_622' title='bbox 215 2389 293 2420; x_wconf 61' lang='lat' dir='ltr'><strong>miae,</strong></span> <span class='ocrx_word' id='word_1_623' title='bbox 303 2392 331 2416; x_wconf 92' lang='lat' dir='ltr'><strong>et</strong></span> <span class='ocrx_word' id='word_1_624' title='bbox 345 2396 385 2416; x_wconf 72' lang='lat' dir='ltr'><strong>va:</strong></span> <span class='ocrx_word' id='word_1_625' title='bbox 395 2388 536 2417; x_wconf 86' lang='lat' dir='ltr'><strong>sortietur.</strong></span> <span class='ocrx_word' id='word_1_626' title='bbox 549 2396 560 2413; x_wconf 77' lang='grc' dir='ltr'><strong>ι</strong></span> <span class='ocrx_word' id='word_1_627' title='bbox 578 2386 625 2414; x_wconf 66' lang='grc' dir='ltr'>νε</span> <span class='ocrx_word' id='word_1_628' title='bbox 634 2391 735 2418; x_wconf 84' lang='lat' dir='ltr'><strong>autem.</strong></span> <span class='ocrx_word' id='word_1_629' title='bbox 749 2387 848 2421; x_wconf 82' lang='lat' dir='ltr'><strong>inquit.</strong></span> <span class='ocrx_word' id='word_1_630' title='bbox 861 2393 910 2421; x_wconf 89' lang='lat' dir='ltr'><strong>per</strong></span> <span class='ocrx_word' id='word_1_631' title='bbox 920 2391 1001 2421; x_wconf 89' lang='lat' dir='ltr'><strong>quem</strong></span> 
     </span>
    </p>
   </div>
   <div class='ocr_carea' id='block_1_81' title="bbox 216 2432 885 2469">
    <p class='ocr_par' dir='ltr' id='par_1_81' title="bbox 216 2432 885 2469">
     <span class='ocr_line' id='line_1_81' title="bbox 216 2432 885 2469; baseline -0.004 -7"><span class='ocrx_word' id='word_1_632' title='bbox 216 2442 316 2466; x_wconf 84' lang='lat' dir='ltr'><strong>nomen</strong></span> <span class='ocrx_word' id='word_1_633' title='bbox 329 2442 419 2462; x_wconf 90' lang='lat' dir='ltr'><strong>meum</strong></span> <span class='ocrx_word' id='word_1_634' title='bbox 428 2433 633 2469; x_wconf 81' lang='lat' dir='ltr'><strong>blasphematur</strong></span> <span class='ocrx_word' id='word_1_635' title='bbox 644 2433 670 2460; x_wconf 91' lang='lat' dir='ltr'><strong>in</strong></span> <span class='ocrx_word' id='word_1_636' title='bbox 686 2433 812 2467; x_wconf 72' lang='lat' dir='ltr'><strong>gentibus</strong></span> <span class='ocrx_word' id='word_1_637' title='bbox 826 2432 858 2459; x_wconf 84' lang='lat'><strong>&quot;.</strong></span> <span class='ocrx_word' id='word_1_638' title='bbox 875 2442 885 2458; x_wconf 74' lang='grc' dir='ltr'><strong>ι</strong></span> 
     </span>
    </p>
   </div>
   <div class='ocr_carea' id='block_1_82' title="bbox 1056 1647 1846 1686">
    <p class='ocr_par' dir='ltr' id='par_1_82' title="bbox 1056 1647 1846 1686">
     <span class='ocr_line' id='line_1_82' title="bbox 1056 1647 1846 1686; baseline 0.004 -12"><span class='ocrx_word' id='word_1_639' title='bbox 1056 1647 1214 1675; x_wconf 74' lang='grc' dir='ltr'>δεικνύουσα</span> <span class='ocrx_word' id='word_1_640' title='bbox 1233 1648 1278 1675; x_wconf 79' lang='grc' dir='ltr'><strong>τὸν</strong></span> <span class='ocrx_word' id='word_1_641' title='bbox 1298 1648 1363 1684; x_wconf 72' lang='grc' dir='ltr'>περὶ</span> <span class='ocrx_word' id='word_1_642' title='bbox 1382 1648 1531 1684; x_wconf 84' lang='grc' dir='ltr'>μοναρχίας</span> <span class='ocrx_word' id='word_1_643' title='bbox 1544 1648 1611 1675; x_wconf 83' lang='grc' dir='ltr'>Θεοῦ</span> <span class='ocrx_word' id='word_1_644' title='bbox 1625 1648 1715 1683; x_wconf 79' lang='grc' dir='ltr'>λόγον·</span> <span class='ocrx_word' id='word_1_645' title='bbox 1742 1651 1810 1686; x_wconf 77' lang='grc' dir='ltr'>περὶ</span> <span class='ocrx_word' id='word_1_646' title='bbox 1821 1650 1846 1677; x_wconf 80' lang='grc' dir='ltr'>δὲ</span> 
     </span>
    </p>
   </div>
   <div class='ocr_carea' id='block_1_83' title="bbox 1054 1692 1847 1730">
    <p class='ocr_par' dir='ltr' id='par_1_83' title="bbox 1054 1692 1847 1730">
     <span class='ocr_line' id='line_1_83' title="bbox 1054 1692 1847 1730; baseline 0.003 -11"><span class='ocrx_word' id='word_1_647' title='bbox 1054 1693 1109 1720; x_wconf 76' lang='grc' dir='ltr'><strong>τῶν</strong></span> <span class='ocrx_word' id='word_1_648' title='bbox 1126 1692 1189 1728; x_wconf 76' lang='grc' dir='ltr'><strong>ἑξῆς</strong></span> <span class='ocrx_word' id='word_1_649' title='bbox 1203 1694 1345 1729; x_wconf 78' lang='grc' dir='ltr'>προπετῶς</span> <span class='ocrx_word' id='word_1_650' title='bbox 1358 1702 1386 1720; x_wconf 83' lang='grc' dir='ltr'>τι</span> <span class='ocrx_word' id='word_1_651' title='bbox 1403 1694 1441 1729; x_wconf 87' lang='grc' dir='ltr'><strong>μὴ</strong></span> <span class='ocrx_word' id='word_1_652' title='bbox 1458 1694 1657 1730; x_wconf 76' lang='grc' dir='ltr'>ἀποκρινέσθω,</span> <span class='ocrx_word' id='word_1_653' title='bbox 1672 1695 1749 1727; x_wconf 72' lang='grc' dir='ltr'>ὅπως</span> <span class='ocrx_word' id='word_1_654' title='bbox 1765 1696 1805 1730; x_wconf 79' lang='grc' dir='ltr'><strong>μή</strong></span> <span class='ocrx_word' id='word_1_655' title='bbox 1822 1704 1847 1721; x_wconf 76' lang='grc' dir='ltr'>τι</span> 
     </span>
    </p>
   </div>
   <div class='ocr_carea' id='block_1_84' title="bbox 1054 1738 1845 1777">
    <p class='ocr_par' dir='ltr' id='par_1_84' title="bbox 1054 1738 1845 1777">
     <span class='ocr_line' id='line_1_84' title="bbox 1054 1738 1845 1777; baseline 0.004 -12"><span class='ocrx_word' id='word_1_656' title='bbox 1054 1738 1168 1774; x_wconf 76' lang='grc' dir='ltr'>ἀμαθῶς</span> <span class='ocrx_word' id='word_1_657' title='bbox 1176 1738 1348 1775; x_wconf 71' lang='grc' dir='ltr'><strong>φθεγξαμένη</strong></span> <span class='ocrx_word' id='word_1_658' title='bbox 1357 1739 1529 1775; x_wconf 73' lang='grc' dir='ltr'>βλασφημίαν</span> <span class='ocrx_word' id='word_1_659' title='bbox 1544 1740 1699 1777; x_wconf 69' lang='grc' dir='ltr'>προσ-τρίψει</span> <span class='ocrx_word' id='word_1_660' title='bbox 1705 1741 1747 1777; x_wconf 84' lang='grc' dir='ltr'><strong>τῷ</strong></span> <span class='ocrx_word' id='word_1_661' title='bbox 1760 1741 1832 1776; x_wconf 78' lang='grc' dir='ltr'>λόγῳ</span> <span class='ocrx_word' id='word_1_662' title='bbox 1839 1762 1845 1768; x_wconf 92' lang='grc'><strong>.</strong></span> 
     </span>
    </p>
   </div>
   <div class='ocr_carea' id='block_1_85' title="bbox 1055 1784 1847 1822">
    <p class='ocr_par' dir='ltr' id='par_1_85' title="bbox 1055 1784 1847 1822">
     <span class='ocr_line' id='line_1_85' title="bbox 1055 1784 1847 1822; baseline 0.004 -11"><span class='ocrx_word' id='word_1_663' title='bbox 1055 1784 1156 1820; x_wconf 76' lang='grc' dir='ltr'><strong>Κόκκῳ</strong></span> <span class='ocrx_word' id='word_1_664' title='bbox 1175 1784 1230 1820; x_wconf 86' lang='grc' dir='ltr'><strong>γὰρ</strong></span> <span class='ocrx_word' id='word_1_665' title='bbox 1250 1785 1384 1816; x_wconf 81' lang='grc' dir='ltr'>σινάπεως</span> <span class='ocrx_word' id='word_1_666' title='bbox 1404 1785 1521 1812; x_wconf 76' lang='grc' dir='ltr'>ἐοικέναι</span> <span class='ocrx_word' id='word_1_667' title='bbox 1545 1785 1590 1812; x_wconf 74' lang='grc' dir='ltr'><strong>τὸν</strong></span> <span class='ocrx_word' id='word_1_668' title='bbox 1609 1785 1687 1820; x_wconf 85' lang='grc' dir='ltr'>λόγον</span> <span class='ocrx_word' id='word_1_669' title='bbox 1708 1787 1724 1813; x_wconf 81' lang='grc' dir='ltr'><strong>δ</strong></span> <span class='ocrx_word' id='word_1_670' title='bbox 1745 1787 1847 1822; x_wconf 75' lang='grc' dir='ltr'>Κύριος</span> 
     </span>
    </p>
   </div>
   <div class='ocr_carea' id='block_1_86' title="bbox 1055 1828 1845 1866">
    <p class='ocr_par' dir='ltr' id='par_1_86' title="bbox 1055 1828 1845 1866">
     <span class='ocr_line' id='line_1_86' title="bbox 1055 1828 1845 1866; baseline 0.001 -8"><span class='ocrx_word' id='word_1_671' title='bbox 1055 1830 1225 1866; x_wconf 71' lang='grc' dir='ltr'>ἐδογμάτισε.</span> <span class='ocrx_word' id='word_1_672' title='bbox 1241 1831 1326 1858; x_wconf 77' lang='grc' dir='ltr'>Τοῦτο</span> <span class='ocrx_word' id='word_1_673' title='bbox 1339 1831 1428 1858; x_wconf 69' lang='grc' dir='ltr'>δ’ἐστὶ</span> <span class='ocrx_word' id='word_1_674' title='bbox 1440 1831 1587 1866; x_wconf 79' lang='grc' dir='ltr'>διάπυρον,</span> <span class='ocrx_word' id='word_1_675' title='bbox 1601 1828 1625 1865; x_wconf 79' lang='grc' dir='ltr'>ᾧ</span> <span class='ocrx_word' id='word_1_676' title='bbox 1643 1831 1693 1858; x_wconf 70' lang='grc' dir='ltr'><strong>ἐὰν</strong></span> <span class='ocrx_word' id='word_1_677' title='bbox 1707 1840 1752 1864; x_wconf 83' lang='grc' dir='ltr'>τις</span> <span class='ocrx_word' id='word_1_678' title='bbox 1768 1832 1845 1859; x_wconf 73' lang='grc' dir='ltr'>ἀπεί-</span> 
     </span>
    </p>
   </div>
   <div class='ocr_carea' id='block_1_87' title="bbox 1057 1877 1846 1914">
    <p class='ocr_par' dir='ltr' id='par_1_87' title="bbox 1057 1877 1846 1914">
     <span class='ocr_line' id='line_1_87' title="bbox 1057 1877 1846 1914; baseline 0.001 -11"><span class='ocrx_word' id='word_1_679' title='bbox 1057 1885 1111 1912; x_wconf 85' lang='grc' dir='ltr'><strong>ρως</strong></span> <span class='ocrx_word' id='word_1_680' title='bbox 1124 1877 1374 1913; x_wconf 75' lang='grc' dir='ltr'>χρήσηται,πικρδν</span> <span class='ocrx_word' id='word_1_681' title='bbox 1389 1877 1454 1904; x_wconf 80' lang='grc' dir='ltr'>αὐτὸ</span> <span class='ocrx_word' id='word_1_682' title='bbox 1464 1877 1575 1913; x_wconf 78' lang='grc' dir='ltr'>εὑρήσει</span> <span class='ocrx_word' id='word_1_683' title='bbox 1586 1885 1593 1893; x_wconf 74' lang='grc'><strong><em>³</em></strong></span> <span class='ocrx_word' id='word_1_684' title='bbox 1609 1877 1662 1913; x_wconf 82' lang='grc' dir='ltr'><strong>χρὴ</strong></span> <span class='ocrx_word' id='word_1_685' title='bbox 1676 1877 1734 1914; x_wconf 80' lang='grc' dir='ltr'><strong>γὰρ</strong></span> <span class='ocrx_word' id='word_1_686' title='bbox 1748 1878 1781 1904; x_wconf 83' lang='grc' dir='ltr'>ὲν</span> <span class='ocrx_word' id='word_1_687' title='bbox 1793 1879 1846 1909; x_wconf 71' lang='grc' dir='ltr'>τοῖς</span> 
     </span>
    </p>
   </div>
   <div class='ocr_carea' id='block_1_88' title="bbox 1057 1920 1844 1959">
    <p class='ocr_par' dir='ltr' id='par_1_88' title="bbox 1057 1920 1844 1959">
     <span class='ocr_line' id='line_1_88' title="bbox 1057 1920 1844 1959; baseline 0.003 -11"><span class='ocrx_word' id='word_1_688' title='bbox 1057 1924 1197 1957; x_wconf 79' lang='grc' dir='ltr'>μυστικοῖς</span> <span class='ocrx_word' id='word_1_689' title='bbox 1212 1922 1249 1958; x_wconf 83' lang='grc' dir='ltr'>μὴ</span> <span class='ocrx_word' id='word_1_690' title='bbox 1264 1923 1395 1959; x_wconf 76' lang='grc' dir='ltr'>προδότην</span> <span class='ocrx_word' id='word_1_691' title='bbox 1409 1920 1490 1957; x_wconf 72' lang='grc' dir='ltr'>εἶναι,</span> <span class='ocrx_word' id='word_1_692' title='bbox 1509 1922 1565 1949; x_wconf 81' lang='grc' dir='ltr'>ἀλλ’</span> <span class='ocrx_word' id='word_1_693' title='bbox 1575 1922 1694 1958; x_wconf 76' lang='grc' dir='ltr'>ἀσφαλῆ·</span> <span class='ocrx_word' id='word_1_694' title='bbox 1718 1925 1844 1959; x_wconf 79' lang='grc' dir='ltr'>παραινεῖ</span> 
     </span>
    </p>
   </div>
   <div class='ocr_carea' id='block_1_89' title="bbox 1054 1968 1843 2005">
    <p class='ocr_par' dir='ltr' id='par_1_89' title="bbox 1054 1968 1843 2005">
     <span class='ocr_line' id='line_1_89' title="bbox 1054 1968 1843 2005; baseline -0.003 -9"><span class='ocrx_word' id='word_1_695' title='bbox 1054 1969 1109 2005; x_wconf 85' lang='grc' dir='ltr'>γὰρ</span> <span class='ocrx_word' id='word_1_696' title='bbox 1123 1970 1188 2005; x_wconf 82' lang='grc' dir='ltr'>ἡμῖν</span> <span class='ocrx_word' id='word_1_697' title='bbox 1203 1970 1217 1996; x_wconf 82' lang='grc' dir='ltr'>ὁ</span> <span class='ocrx_word' id='word_1_698' title='bbox 1229 1969 1331 2004; x_wconf 76' lang='grc' dir='ltr'>Κύριος</span> <span class='ocrx_word' id='word_1_699' title='bbox 1349 1969 1446 2003; x_wconf 81' lang='grc' dir='ltr'>λέγων·</span> <span class='ocrx_word' id='word_1_700' title='bbox 1464 1978 1474 1994; x_wconf 73' lang='grc' dir='ltr'><strong>ι</strong></span> <span class='ocrx_word' id='word_1_701' title='bbox 1497 1968 1543 2004; x_wconf 78' lang='grc' dir='ltr'><strong>Μὴ</strong></span> <span class='ocrx_word' id='word_1_702' title='bbox 1562 1968 1674 2004; x_wconf 77' lang='grc' dir='ltr'>βάλλετε</span> <span class='ocrx_word' id='word_1_703' title='bbox 1690 1969 1758 2001; x_wconf 81' lang='grc' dir='ltr'>τοὺς</span> <span class='ocrx_word' id='word_1_704' title='bbox 1778 1978 1843 2004; x_wconf 84' lang='grc' dir='ltr'>μαρ-</span> 
     </span>
    </p>
   </div>
   <div class='ocr_carea' id='block_1_90' title="bbox 1054 2014 1842 2051">
    <p class='ocr_par' dir='ltr' id='par_1_90' title="bbox 1054 2014 1842 2051">
     <span class='ocr_line' id='line_1_90' title="bbox 1054 2014 1842 2051; baseline -0.001 -10"><span class='ocrx_word' id='word_1_705' title='bbox 1054 2015 1169 2051; x_wconf 85' lang='grc' dir='ltr'>γαρίτας</span> <span class='ocrx_word' id='word_1_706' title='bbox 1183 2015 1259 2050; x_wconf 79' lang='grc' dir='ltr'>ὑμῶν</span> <span class='ocrx_word' id='word_1_707' title='bbox 1274 2014 1428 2050; x_wconf 78' lang='grc' dir='ltr'>ἔμπροσθεν</span> <span class='ocrx_word' id='word_1_708' title='bbox 1441 2014 1497 2041; x_wconf 81' lang='grc' dir='ltr'>τῶν</span> <span class='ocrx_word' id='word_1_709' title='bbox 1509 2014 1619 2050; x_wconf 84' lang='grc' dir='ltr'>χοίρων,</span> <span class='ocrx_word' id='word_1_710' title='bbox 1636 2015 1745 2050; x_wconf 76' lang='grc' dir='ltr'>μήποτε</span> <span class='ocrx_word' id='word_1_711' title='bbox 1761 2023 1842 2041; x_wconf 70' lang='grc' dir='ltr'>κατα-</span> 
     </span>
    </p>
   </div>
   <div class='ocr_carea' id='block_1_91' title="bbox 1055 2059 1840 2096">
    <p class='ocr_par' dir='ltr' id='par_1_91' title="bbox 1055 2059 1840 2096">
     <span class='ocr_line' id='line_1_91' title="bbox 1055 2059 1840 2096; baseline -0.001 -9"><span class='ocrx_word' id='word_1_712' title='bbox 1055 2062 1212 2096; x_wconf 85' lang='grc' dir='ltr'>πατήσωσιν</span> <span class='ocrx_word' id='word_1_713' title='bbox 1222 2060 1354 2091; x_wconf 79' lang='grc' dir='ltr'>αὑτοὺςὲν</span> <span class='ocrx_word' id='word_1_714' title='bbox 1367 2061 1422 2092; x_wconf 84' lang='grc' dir='ltr'>τοῖς</span> <span class='ocrx_word' id='word_1_715' title='bbox 1431 2059 1493 2087; x_wconf 72' lang='grc' dir='ltr'>ποσὶ</span> <span class='ocrx_word' id='word_1_716' title='bbox 1508 2060 1662 2093; x_wconf 77' lang='grc' dir='ltr'><strong>αὑτῶν,καὶ</strong></span> <span class='ocrx_word' id='word_1_717' title='bbox 1676 2059 1840 2096; x_wconf 70' lang='grc' dir='ltr'>στραφέντες</span> 
     </span>
    </p>
   </div>
   <div class='ocr_carea' id='block_1_92' title="bbox 1056 2105 1840 2143">
    <p class='ocr_par' dir='ltr' id='par_1_92' title="bbox 1056 2105 1840 2143">
     <span class='ocr_line' id='line_1_92' title="bbox 1056 2105 1840 2143; baseline -0.003 -10"><span class='ocrx_word' id='word_1_718' title='bbox 1056 2106 1172 2143; x_wconf 82' lang='grc' dir='ltr'>ῥήξωσιν</span> <span class='ocrx_word' id='word_1_719' title='bbox 1187 2106 1268 2141; x_wconf 80' lang='grc' dir='ltr'>ὑμᾶς.</span> <span class='ocrx_word' id='word_1_720' title='bbox 1279 2116 1288 2132; x_wconf 80' lang='grc' dir='ltr'><strong>ι</strong></span> <span class='ocrx_word' id='word_1_721' title='bbox 1304 2106 1480 2139; x_wconf 80' lang='grc' dir='ltr'>Ἀκούσαντες</span> <span class='ocrx_word' id='word_1_722' title='bbox 1491 2105 1546 2141; x_wconf 78' lang='grc' dir='ltr'><strong>γὰρ</strong></span> <span class='ocrx_word' id='word_1_723' title='bbox 1560 2106 1584 2132; x_wconf 87' lang='lat' dir='ltr'><strong>ol</strong></span> <span class='ocrx_word' id='word_1_724' title='bbox 1599 2105 1711 2133; x_wconf 77' lang='grc' dir='ltr'>ἄπιστοι</span> <span class='ocrx_word' id='word_1_725' title='bbox 1724 2105 1772 2132; x_wconf 74' lang='grc' dir='ltr'>τὸν</span> <span class='ocrx_word' id='word_1_726' title='bbox 1782 2106 1840 2141; x_wconf 68' lang='grc' dir='ltr'>περὶ</span> 
     </span>
    </p>
   </div>
   <div class='ocr_carea' id='block_1_93' title="bbox 1055 2151 1839 2188">
    <p class='ocr_par' dir='ltr' id='par_1_93' title="bbox 1055 2151 1839 2188">
     <span class='ocr_line' id='line_1_93' title="bbox 1055 2151 1839 2188; baseline -0.001 -9"><span class='ocrx_word' id='word_1_727' title='bbox 1055 2151 1173 2188; x_wconf 81' lang='grc' dir='ltr'>Χριστοῦ</span> <span class='ocrx_word' id='word_1_728' title='bbox 1182 2151 1271 2185; x_wconf 87' lang='grc' dir='ltr'>λόγον,</span> <span class='ocrx_word' id='word_1_729' title='bbox 1286 2151 1317 2178; x_wconf 86' lang='grc' dir='ltr'>οὐ</span> <span class='ocrx_word' id='word_1_730' title='bbox 1331 2151 1455 2184; x_wconf 81' lang='grc' dir='ltr'>δεόντως,</span> <span class='ocrx_word' id='word_1_731' title='bbox 1470 2151 1526 2178; x_wconf 81' lang='grc' dir='ltr'>ἀλλ’</span> <span class='ocrx_word' id='word_1_732' title='bbox 1536 2151 1633 2183; x_wconf 81' lang='grc' dir='ltr'>ὲνδεῶς</span> <span class='ocrx_word' id='word_1_733' title='bbox 1647 2151 1719 2186; x_wconf 78' lang='grc'><strong>(57),</strong></span> <span class='ocrx_word' id='word_1_734' title='bbox 1734 2151 1782 2178; x_wconf 77' lang='grc' dir='ltr'><strong>καὶ</strong></span> <span class='ocrx_word' id='word_1_735' title='bbox 1796 2151 1839 2186; x_wconf 77' lang='grc' dir='ltr'><strong>μά-</strong></span> 
     </span>
    </p>
   </div>
   <div class='ocr_carea' id='block_1_94' title="bbox 1054 2196 1839 2235">
    <p class='ocr_par' dir='ltr' id='par_1_94' title="bbox 1054 2196 1839 2235">
     <span class='ocr_line' id='line_1_94' title="bbox 1054 2196 1839 2235; baseline -0.004 -10"><span class='ocrx_word' id='word_1_736' title='bbox 1054 2199 1132 2226; x_wconf 81' lang='grc' dir='ltr'>λιστα</span> <span class='ocrx_word' id='word_1_737' title='bbox 1145 2198 1190 2225; x_wconf 84' lang='grc' dir='ltr'><strong>τὸν</strong></span> <span class='ocrx_word' id='word_1_738' title='bbox 1198 2206 1231 2224; x_wconf 90' lang='grc' dir='ltr'><strong>πε</strong></span> <span class='ocrx_word' id='word_1_739' title='bbox 1236 2197 1261 2233; x_wconf 77' lang='grc' dir='ltr'>ρὶ</span> <span class='ocrx_word' id='word_1_740' title='bbox 1267 2196 1495 2233; x_wconf 75' lang='grc' dir='ltr'>ὲνσωματώσεως,</span> <span class='ocrx_word' id='word_1_741' title='bbox 1509 2197 1526 2232; x_wconf 77' lang='grc' dir='ltr'>ἢ</span> <span class='ocrx_word' id='word_1_742' title='bbox 1531 2197 1578 2223; x_wconf 82' lang='grc' dir='ltr'><strong>τοῦ</strong></span> <span class='ocrx_word' id='word_1_743' title='bbox 1585 2196 1689 2228; x_wconf 79' lang='grc' dir='ltr'>πάθους</span> <span class='ocrx_word' id='word_1_744' title='bbox 1694 2196 1788 2235; x_wconf 59' lang='grc' dir='ltr'><strong>αὐτοῦ,</strong></span> <span class='ocrx_word' id='word_1_745' title='bbox 1797 2205 1839 2232; x_wconf 83' lang='grc' dir='ltr'>μυ-</span> 
     </span>
    </p>
   </div>
   <div class='ocr_carea' id='block_1_95' title="bbox 1054 2241 1893 2280">
    <p class='ocr_par' dir='ltr' id='par_1_95' title="bbox 1054 2241 1893 2280">
     <span class='ocr_line' id='line_1_95' title="bbox 1054 2241 1893 2280; baseline -0.004 -10"><span class='ocrx_word' id='word_1_746' title='bbox 1054 2244 1230 2280; x_wconf 83' lang='grc' dir='ltr'>κτηρίσαντες</span> <span class='ocrx_word' id='word_1_747' title='bbox 1240 2243 1399 2278; x_wconf 84' lang='grc' dir='ltr'>χλευάσουσι</span> <span class='ocrx_word' id='word_1_748' title='bbox 1411 2242 1508 2278; x_wconf 78' lang='grc' dir='ltr'>μᾶλλον</span> <span class='ocrx_word' id='word_1_749' title='bbox 1514 2241 1551 2273; x_wconf 85' lang='grc' dir='ltr'><strong>ὡς</strong></span> <span class='ocrx_word' id='word_1_750' title='bbox 1557 2241 1653 2277; x_wconf 77' lang='grc' dir='ltr'>ψευδῆ,</span> <span class='ocrx_word' id='word_1_751' title='bbox 1660 2242 1677 2277; x_wconf 82' lang='grc' dir='ltr'>ἦ</span> <span class='ocrx_word' id='word_1_752' title='bbox 1687 2242 1837 2274; x_wconf 75' lang='grc' dir='ltr'>δοξάοουσι.</span> 
     </span>
    </p>
   </div>
   <div class='ocr_carea' id='block_1_96' title="bbox 1054 2287 1893 2324">
    <p class='ocr_par' dir='ltr' id='par_1_96' title="bbox 1054 2287 1893 2324">
     <span class='ocr_line' id='line_1_96' title="bbox 1054 2287 1893 2324; baseline -0.004 -8"><span class='ocrx_word' id='word_1_753' title='bbox 1054 2289 1110 2317; x_wconf 76' lang='grc' dir='ltr'><strong>Καὶ</strong></span> <span class='ocrx_word' id='word_1_754' title='bbox 1127 2289 1217 2324; x_wconf 72' lang='grc' dir='ltr'>ἔνοχος</span> <span class='ocrx_word' id='word_1_755' title='bbox 1235 2288 1290 2324; x_wconf 79' lang='grc'><strong>(58)</strong></span> <span class='ocrx_word' id='word_1_756' title='bbox 1310 2288 1386 2315; x_wconf 74' lang='grc' dir='ltr'>ἔσται</span> <span class='ocrx_word' id='word_1_757' title='bbox 1407 2288 1457 2323; x_wconf 80' lang='grc' dir='ltr'><strong>τῆς</strong></span> <span class='ocrx_word' id='word_1_758' title='bbox 1475 2287 1638 2323; x_wconf 79' lang='grc' dir='ltr'>προπετείας</span> <span class='ocrx_word' id='word_1_759' title='bbox 1656 2289 1674 2323; x_wconf 84' lang='grc' dir='ltr'>ὴ</span> <span class='ocrx_word' id='word_1_760' title='bbox 1694 2287 1838 2324; x_wconf 74' lang='grc' dir='ltr'>πρεσϐῦτις</span> <span class='ocrx_word' id='word_1_761' title='bbox 1892 2287 1893 2320; x_wconf 64' lang='lat'><strong>1</strong></span> 
     </span>
    </p>
   </div>
   <div class='ocr_carea' id='block_1_97' title="bbox 1054 2326 1893 2370">
    <p class='ocr_par' dir='ltr' id='par_1_97' title="bbox 1054 2326 1893 2370">
     <span class='ocr_line' id='line_1_97' title="bbox 1054 2326 1893 2370; baseline -0.006 -8"><span class='ocrx_word' id='word_1_762' title='bbox 1054 2335 1102 2362; x_wconf 75' lang='grc' dir='ltr'>καὶ</span> <span class='ocrx_word' id='word_1_763' title='bbox 1127 2335 1176 2370; x_wconf 79' lang='grc' dir='ltr'><strong>τῆς</strong></span> <span class='ocrx_word' id='word_1_764' title='bbox 1204 2333 1386 2369; x_wconf 83' lang='grc' dir='ltr'>βλασφημίας,</span> <span class='ocrx_word' id='word_1_765' title='bbox 1414 2333 1461 2360; x_wconf 75' lang='grc' dir='ltr'>καὶ</span> <span class='ocrx_word' id='word_1_766' title='bbox 1486 2333 1517 2360; x_wconf 76' lang='grc' dir='ltr'><strong>τὸ</strong></span> <span class='ocrx_word' id='word_1_767' title='bbox 1543 2333 1604 2359; x_wconf 73' lang='grc' dir='ltr'>οὐαὶ</span> <span class='ocrx_word' id='word_1_768' title='bbox 1630 2332 1835 2368; x_wconf 77' lang='grc' dir='ltr'>κληρονομήσει-</span> <span class='ocrx_word' id='word_1_769' title='bbox 1892 2326 1893 2357; x_wconf 70' lang='grc' dir='ltr'><strong><em>Ϊ</em></strong></span> 
     </span>
    </p>
   </div>
   <div class='ocr_carea' id='block_1_98' title="bbox 1056 2376 1836 2415">
    <p class='ocr_par' dir='ltr' id='par_1_98' title="bbox 1056 2376 1836 2415">
     <span class='ocr_line' id='line_1_98' title="bbox 1056 2376 1836 2415; baseline -0.005 -9"><span class='ocrx_word' id='word_1_770' title='bbox 1056 2390 1066 2406; x_wconf 77' lang='grc' dir='ltr'><strong>ι</strong></span> <span class='ocrx_word' id='word_1_771' title='bbox 1086 2380 1153 2406; x_wconf 79' lang='grc' dir='ltr'>Οὐαὶ</span> <span class='ocrx_word' id='word_1_772' title='bbox 1166 2380 1205 2413; x_wconf 83' lang='grc' dir='ltr'><strong>δὲ,</strong></span> <span class='ocrx_word' id='word_1_773' title='bbox 1220 2380 1296 2415; x_wconf 80' lang='grc' dir='ltr'>φησὶ,</span> <span class='ocrx_word' id='word_1_774' title='bbox 1311 2379 1343 2406; x_wconf 81' lang='grc' dir='ltr'>δι’</span> <span class='ocrx_word' id='word_1_775' title='bbox 1353 2376 1384 2406; x_wconf 76' lang='grc' dir='ltr'><strong>οὗ</strong></span> <span class='ocrx_word' id='word_1_776' title='bbox 1398 2379 1428 2405; x_wconf 81' lang='grc' dir='ltr'><strong>τὸ</strong></span> <span class='ocrx_word' id='word_1_777' title='bbox 1442 2378 1528 2414; x_wconf 78' lang='grc' dir='ltr'>ὄνομά</span> <span class='ocrx_word' id='word_1_778' title='bbox 1538 2387 1588 2414; x_wconf 87' lang='grc' dir='ltr'><strong>μου</strong></span> <span class='ocrx_word' id='word_1_779' title='bbox 1597 2378 1798 2414; x_wconf 69' lang='grc' dir='ltr'>βλασφημεῖται</span> <span class='ocrx_word' id='word_1_780' title='bbox 1811 2377 1836 2402; x_wconf 78' lang='grc' dir='ltr'>ἐν</span> 
     </span>
    </p>
   </div>
   <div class='ocr_carea' id='block_1_99' title="bbox 1052 2426 1260 2458">
    <p class='ocr_par' dir='ltr' id='par_1_99' title="bbox 1052 2426 1260 2458">
     <span class='ocr_line' id='line_1_99' title="bbox 1052 2426 1260 2458; baseline -0.005 -5"><span class='ocrx_word' id='word_1_781' title='bbox 1052 2428 1107 2458; x_wconf 78' lang='grc' dir='ltr'>τοῖς</span> <span class='ocrx_word' id='word_1_782' title='bbox 1122 2426 1234 2453; x_wconf 76' lang='grc' dir='ltr'>ἔθνεσιν.</span> <span class='ocrx_word' id='word_1_783' title='bbox 1250 2434 1260 2452; x_wconf 73' lang='grc' dir='ltr'><strong>ι</strong></span> 
     </span>
    </p>
   </div>
   <div class='ocr_carea' id='block_1_100' title="bbox 251 2513 1033 2552">
    <p class='ocr_par' dir='ltr' id='par_1_100' title="bbox 251 2517 1016 2552">
     <span class='ocr_line' id='line_1_100' title="bbox 251 2517 1016 2552; baseline -0.009 -1"><span class='ocrx_word' id='word_1_784' title='bbox 251 2523 274 2540; x_wconf 82' lang='grc'><strong>⁷¹</strong></span> <span class='ocrx_word' id='word_1_785' title='bbox 291 2522 326 2551; x_wconf 83' lang='lat' dir='ltr'><strong>Is.</strong></span> <span class='ocrx_word' id='word_1_786' title='bbox 344 2530 424 2552; x_wconf 81' lang='lat' dir='ltr'><strong>Lvul.</strong></span> <span class='ocrx_word' id='word_1_787' title='bbox 442 2523 468 2549; x_wconf 93' lang='lat'><strong>7.</strong></span> <span class='ocrx_word' id='word_1_788' title='bbox 503 2522 528 2538; x_wconf 85' lang='grc'>⁷³</span> <span class='ocrx_word' id='word_1_789' title='bbox 545 2521 611 2548; x_wconf 83' lang='lat' dir='ltr'><strong>Dan.</strong></span> <span class='ocrx_word' id='word_1_790' title='bbox 628 2529 665 2551; x_wconf 82' lang='lat' dir='ltr'><strong>Iv,</strong></span> <span class='ocrx_word' id='word_1_791' title='bbox 681 2521 726 2549; x_wconf 67' lang='grc'><strong>24.</strong></span> <span class='ocrx_word' id='word_1_792' title='bbox 764 2521 787 2537; x_wconf 72' lang='grc'><strong>⁷⁸</strong></span> <span class='ocrx_word' id='word_1_793' title='bbox 803 2519 883 2548; x_wconf 84' lang='lat' dir='ltr'><strong>Prov.</strong></span> <span class='ocrx_word' id='word_1_794' title='bbox 900 2526 954 2549; x_wconf 79' lang='lat' dir='ltr'><strong>xv.</strong></span> <span class='ocrx_word' id='word_1_795' title='bbox 970 2517 1016 2545; x_wconf 73' lang='grc'><strong>27.</strong></span> 
     </span>
    </p>
   </div>
   <div class='ocr_carea' id='block_1_101' title="bbox 1065 2513 1829 2552">
    <p class='ocr_par' dir='ltr' id='par_1_101' title="bbox 1067 2513 1829 2552">
     <span class='ocr_line' id='line_1_101' title="bbox 1067 2513 1829 2552; baseline -0.003 -9"><span class='ocrx_word' id='word_1_796' title='bbox 1067 2517 1078 2533; x_wconf 82' lang='grc'><strong>⁵</strong></span> <span class='ocrx_word' id='word_1_797' title='bbox 1095 2516 1237 2552; x_wconf 47' lang='grc' dir='ltr'>Ρειιιηιι,</span> <span class='ocrx_word' id='word_1_798' title='bbox 1251 2515 1278 2542; x_wconf 77' lang='grc'><strong>2.</strong></span> <span class='ocrx_word' id='word_1_799' title='bbox 1307 2515 1340 2552; x_wconf 37' lang='grc'><strong>,7⁵</strong></span> <span class='ocrx_word' id='word_1_800' title='bbox 1358 2514 1491 2548; x_wconf 86' lang='lat' dir='ltr'><strong>Psal.cxl,</strong></span> <span class='ocrx_word' id='word_1_801' title='bbox 1504 2514 1532 2542; x_wconf 86' lang='lat'><strong>9.</strong></span> <span class='ocrx_word' id='word_1_802' title='bbox 1569 2514 1591 2531; x_wconf 81' lang='grc'><strong>’⁷</strong></span> <span class='ocrx_word' id='word_1_803' title='bbox 1613 2513 1696 2542; x_wconf 85' lang='lat' dir='ltr'><strong>Prov.</strong></span> <span class='ocrx_word' id='word_1_804' title='bbox 1715 2522 1771 2546; x_wconf 79' lang='lat' dir='ltr'><strong>xix,</strong></span> <span class='ocrx_word' id='word_1_805' title='bbox 1788 2514 1829 2541; x_wconf 80' lang='grc' dir='ltr'><strong>Π.</strong></span> 
     </span>
    </p>
   </div>
   <div class='ocr_carea' id='block_1_102' title="bbox 213 2550 1033 2591">
    <p class='ocr_par' dir='ltr' id='par_1_102' title="bbox 213 2550 1027 2591">
     <span class='ocr_line' id='line_1_102' title="bbox 213 2550 1027 2591; baseline -0.009 -5"><span class='ocrx_word' id='word_1_806' title='bbox 213 2558 240 2578; x_wconf 73' lang='grc' dir='ltr'><strong>τ’</strong></span> <span class='ocrx_word' id='word_1_807' title='bbox 258 2550 340 2590; x_wconf 78' lang='lat' dir='ltr'><strong>Prov.</strong></span> <span class='ocrx_word' id='word_1_808' title='bbox 353 2550 477 2591; x_wconf 45' lang='grc' dir='ltr'><strong>ειη-15.</strong></span> <span class='ocrx_word' id='word_1_809' title='bbox 514 2557 537 2573; x_wconf 81' lang='grc'><strong>⁷⁵</strong></span> <span class='ocrx_word' id='word_1_810' title='bbox 554 2556 648 2584; x_wconf 80' lang='lat' dir='ltr'><strong>Matth.</strong></span> <span class='ocrx_word' id='word_1_811' title='bbox 661 2550 732 2589; x_wconf 68' lang='lat' dir='ltr'><strong>xm.</strong></span> <span class='ocrx_word' id='word_1_812' title='bbox 751 2556 796 2584; x_wconf 83' lang='grc'><strong>51.</strong></span> <span class='ocrx_word' id='word_1_813' title='bbox 834 2555 857 2571; x_wconf 78' lang='grc'><strong>⁸⁸</strong></span> <span class='ocrx_word' id='word_1_814' title='bbox 877 2554 974 2582; x_wconf 80' lang='lat' dir='ltr'><strong>Matth.</strong></span> <span class='ocrx_word' id='word_1_815' title='bbox 988 2560 1027 2580; x_wconf 89' lang='lat' dir='ltr'><strong>vu</strong></span> 
     </span>
    </p>
   </div>
   <div class='ocr_carea' id='block_1_103' title="bbox 1065 2550 1333 2591">
    <p class='ocr_par' dir='ltr' id='par_1_103' title="bbox 1065 2550 1333 2584">
     <span class='ocr_line' id='line_1_103' title="bbox 1065 2550 1333 2584; baseline -0.007 -4"><span class='ocrx_word' id='word_1_816' title='bbox 1065 2552 1090 2580; x_wconf 77' lang='grc'><strong>6.</strong></span> <span class='ocrx_word' id='word_1_817' title='bbox 1126 2552 1149 2568; x_wconf 77' lang='grc'><strong>⁸³</strong></span> <span class='ocrx_word' id='word_1_818' title='bbox 1169 2551 1221 2579; x_wconf 90' lang='lat' dir='ltr'><strong>lsa.</strong></span> <span class='ocrx_word' id='word_1_819' title='bbox 1233 2558 1289 2584; x_wconf 80' lang='lat' dir='ltr'><strong>ut,</strong></span> <span class='ocrx_word' id='word_1_820' title='bbox 1305 2550 1333 2578; x_wconf 85' lang='lat'><strong>5.</strong></span> 
     </span>
    </p>
   </div>
   <div class='ocr_carea' id='block_1_104' title="bbox 869 2681 1182 2712">
    <p class='ocr_par' dir='ltr' id='par_1_104' title="bbox 869 2681 1182 2712">
     <span class='ocr_line' id='line_1_104' title="bbox 869 2681 1182 2712; baseline -0.013 0"><span class='ocrx_word' id='word_1_821' title='bbox 869 2682 1050 2712; x_wconf 77' lang='lat' dir='ltr'><strong>VARlORUM</strong></span> <span class='ocrx_word' id='word_1_822' title='bbox 1067 2681 1182 2711; x_wconf 64' lang='lat' dir='ltr'><strong>NOTE.</strong></span> 
     </span>
    </p>
   </div>
   <div class='ocr_carea' id='block_1_105' title="bbox 261 2814 974 2854">
    <p class='ocr_par' dir='ltr' id='par_1_105' title="bbox 261 2814 974 2854">
     <span class='ocr_line' id='line_1_105' title="bbox 261 2814 974 2854; baseline -0.01 -7"><span class='ocrx_word' id='word_1_823' title='bbox 261 2819 306 2854; x_wconf 69' lang='lat'><strong>35)</strong></span> <span class='ocrx_word' id='word_1_824' title='bbox 328 2818 387 2853; x_wconf 78' lang='grc' dir='ltr'><strong>Τὴν</strong></span> <span class='ocrx_word' id='word_1_825' title='bbox 396 2817 502 2854; x_wconf 67' lang='grc' dir='ltr'>χήραν.</span> <span class='ocrx_word' id='word_1_826' title='bbox 520 2818 582 2847; x_wconf 76' lang='grc' dir='ltr'>Τῶν</span> <span class='ocrx_word' id='word_1_827' title='bbox 593 2816 702 2851; x_wconf 84' lang='grc' dir='ltr'>χηρῶν,</span> <span class='ocrx_word' id='word_1_828' title='bbox 714 2815 793 2843; x_wconf 90' lang='lat' dir='ltr'><strong>alter.</strong></span> <span class='ocrx_word' id='word_1_829' title='bbox 811 2814 898 2842; x_wconf 72' lang='lat' dir='ltr'><strong>Cum.</strong></span> <span class='ocrx_word' id='word_1_830' title='bbox 968 2848 974 2854; x_wconf 88' lang='lat'><em>_</em></span> 
     </span>
    </p>
   </div>
   <div class='ocr_carea' id='block_1_106' title="bbox 262 2852 995 2887">
    <p class='ocr_par' dir='ltr' id='par_1_106' title="bbox 262 2852 995 2887">
     <span class='ocr_line' id='line_1_106' title="bbox 262 2852 995 2887; baseline -0.008 -5"><span class='ocrx_word' id='word_1_831' title='bbox 262 2852 306 2887; x_wconf 70' lang='lat'><strong>56)</strong></span> <span class='ocrx_word' id='word_1_832' title='bbox 326 2852 431 2880; x_wconf 69' lang='grc' dir='ltr'>Ἔστω.</span> <span class='ocrx_word' id='word_1_833' title='bbox 444 2852 507 2879; x_wconf 67' lang='lat' dir='ltr'><strong>Haec</strong></span> <span class='ocrx_word' id='word_1_834' title='bbox 522 2860 575 2879; x_wconf 85' lang='lat' dir='ltr'><strong>vox</strong></span> <span class='ocrx_word' id='word_1_835' title='bbox 589 2856 617 2880; x_wconf 88' lang='lat' dir='ltr'><strong>et</strong></span> <span class='ocrx_word' id='word_1_836' title='bbox 639 2856 695 2880; x_wconf 79' lang='lat' dir='ltr'><strong>tres</strong></span> <span class='ocrx_word' id='word_1_837' title='bbox 710 2858 786 2886; x_wconf 84' lang='lat' dir='ltr'><strong>seqq.</strong></span> <span class='ocrx_word' id='word_1_838' title='bbox 806 2855 948 2887; x_wconf 84' lang='lat' dir='ltr'><strong>perperam</strong></span> <span class='ocrx_word' id='word_1_839' title='bbox 968 2852 995 2876; x_wconf 91' lang='lat' dir='ltr'><strong>in</strong></span> 
     </span>
    </p>
   </div>
   <div class='ocr_carea' id='block_1_107' title="bbox 217 2886 536 2917">
    <p class='ocr_par' dir='ltr' id='par_1_107' title="bbox 217 2886 536 2917">
     <span class='ocr_line' id='line_1_107' title="bbox 217 2886 536 2917; baseline -0.003 -1"><span class='ocrx_word' id='word_1_840' title='bbox 217 2886 301 2917; x_wconf 70' lang='lat' dir='ltr'><strong>altero</strong></span> <span class='ocrx_word' id='word_1_841' title='bbox 312 2889 475 2917; x_wconf 70' lang='lat' dir='ltr'><strong>omittuntur</strong></span> <span class='ocrx_word' id='word_1_842' title='bbox 498 2886 536 2916; x_wconf 79' lang='lat' dir='ltr'><strong>In.</strong></span> 
     </span>
    </p>
   </div>
   <div class='ocr_carea' id='block_1_108' title="bbox 1094 2809 1753 2843">
    <p class='ocr_par' dir='ltr' id='par_1_108' title="bbox 1094 2809 1753 2843">
     <span class='ocr_line' id='line_1_108' title="bbox 1094 2809 1753 2843; baseline 0 -4"><span class='ocrx_word' id='word_1_843' title='bbox 1094 2811 1139 2843; x_wconf 69' lang='lat'><strong>3])</strong></span> <span class='ocrx_word' id='word_1_844' title='bbox 1164 2809 1369 2843; x_wconf 72' lang='grc' dir='ltr'>Ἀλλ’ὲνδεῶς.</span> <span class='ocrx_word' id='word_1_845' title='bbox 1384 2809 1488 2838; x_wconf 84' lang='lat' dir='ltr'><strong>Desunt</strong></span> <span class='ocrx_word' id='word_1_846' title='bbox 1503 2810 1531 2837; x_wconf 89' lang='lat' dir='ltr'><strong>in</strong></span> <span class='ocrx_word' id='word_1_847' title='bbox 1541 2810 1629 2838; x_wconf 88' lang='lat' dir='ltr'><strong>altero</strong></span> <span class='ocrx_word' id='word_1_848' title='bbox 1639 2810 1702 2838; x_wconf 84' lang='lat' dir='ltr'><strong>cod.</strong></span> <span class='ocrx_word' id='word_1_849' title='bbox 1716 2810 1753 2839; x_wconf 79' lang='lat' dir='ltr'><strong>In.</strong></span> 
     </span>
    </p>
   </div>
   <div class='ocr_carea' id='block_1_109' title="bbox 1083 2812 1825 2882">
    <p class='ocr_par' dir='ltr' id='par_1_109' title="bbox 1083 2812 1825 2882">
     <span class='ocr_line' id='line_1_109' title="bbox 1094 2812 1753 2843; baseline 0 -4"><span class='ocrx_word' id='word_1_850' title='bbox 1094 2812 1128 2839; x_wconf 81' lang='lat'><strong>37</strong></span> <span class='ocrx_word' id='word_1_851' title='bbox 1164 2812 1369 2843; x_wconf 72' lang='grc' dir='ltr'>Ἀλλ’ὲνδεῶς.</span> <span class='ocrx_word' id='word_1_852' title='bbox 1384 2812 1488 2838; x_wconf 84' lang='lat' dir='ltr'><strong>Desunt</strong></span> <span class='ocrx_word' id='word_1_853' title='bbox 1503 2812 1531 2837; x_wconf 91' lang='lat' dir='ltr'><strong>in</strong></span> <span class='ocrx_word' id='word_1_854' title='bbox 1541 2812 1629 2838; x_wconf 88' lang='lat' dir='ltr'><strong>altero</strong></span> <span class='ocrx_word' id='word_1_855' title='bbox 1639 2812 1702 2838; x_wconf 86' lang='lat' dir='ltr'><strong>cod.</strong></span> <span class='ocrx_word' id='word_1_856' title='bbox 1716 2812 1753 2839; x_wconf 79' lang='lat' dir='ltr'><strong>In.</strong></span> 
     </span>
     <span class='ocr_line' id='line_1_110' title="bbox 1083 2812 1825 2882; baseline 0 -10"><span class='ocrx_word' id='word_1_857' title='bbox 1083 2812 1139 2882; x_wconf 49' lang='lat'><strong>$53;</strong></span> <span class='ocrx_word' id='word_1_858' title='bbox 1160 2847 1293 2882; x_wconf 81' lang='grc' dir='ltr'>Ἔνοχος.</span> <span class='ocrx_word' id='word_1_859' title='bbox 1313 2846 1389 2882; x_wconf 55' lang='lat' dir='ltr'><strong>Alter</strong></span> <span class='ocrx_word' id='word_1_860' title='bbox 1407 2845 1484 2874; x_wconf 86' lang='lat' dir='ltr'><strong>addit</strong></span> <span class='ocrx_word' id='word_1_861' title='bbox 1501 2845 1607 2873; x_wconf 74' lang='grc' dir='ltr'>λοιπόν</span> <span class='ocrx_word' id='word_1_862' title='bbox 1622 2850 1704 2882; x_wconf 84' lang='lat' dir='ltr'><strong>atque</strong></span> <span class='ocrx_word' id='word_1_863' title='bbox 1729 2847 1825 2874; x_wconf 81' lang='lat' dir='ltr'><strong>ornittit</strong></span> 
     </span>
    </p>
   </div>
   <div class='ocr_carea' id='block_1_110' title="bbox 1049 2881 1358 2917">
    <p class='ocr_par' dir='ltr' id='par_1_110' title="bbox 1049 2881 1358 2917">
     <span class='ocr_line' id='line_1_111' title="bbox 1049 2881 1358 2917; baseline -0.003 -7"><span class='ocrx_word' id='word_1_864' title='bbox 1049 2881 1103 2916; x_wconf 76' lang='grc' dir='ltr'><strong>τῆς</strong></span> <span class='ocrx_word' id='word_1_865' title='bbox 1117 2881 1304 2917; x_wconf 66' lang='grc' dir='ltr'>προπετείας.</span> <span class='ocrx_word' id='word_1_866' title='bbox 1318 2881 1358 2909; x_wconf 80' lang='lat' dir='ltr'><strong>In.</strong></span> 
     </span>
    </p>
   </div>
  </div>
