1893 3109
35 169 82 196 757

469 163 770 194 CONSTITUTIONES
788 160 1025 191 APOSTOLICE.
1044 161 1156 190 -ιω
1178 161 1222 189 Ill.

1601 161 1654 189 758

32 225 153 260 ἀσθενής,
181 225 233 260 τὴν
248 224 346 258 σοφίαν
357 224 497 259 τιμήσασα
511 222 634 258 προήχθη
646 221 711 256 (15).
732 230 740 245 ι
765 221 820 246 Ka‘t

884 227 962 253 aces;
976 219 1086 253 quando
1101 223 1191 246 autem
1207 226 1222 246 e
1238 225 1336 246 somno
1345 217 1526 246 excitaberis?
1540 216 1654 246 Paulum

33 273 90 307 ἑξῆς
104 280 112 288 ·
131 280 142 297 ε
161 271 237 309 Ἕως
253 269 459 305 πότε,ὀκνηρὲ,
474 269 651 300 κατάκεισαι;
667 267 732 293 πότε
746 266 774 292 δὲ
787 266 818 298 ἐξ

33 319 111 344 ὕπνου
124 316 282 352 ὲγερῡήσῃς
303 316 407 350 Ὀλίγον
423 315 471 350 μὲν
487 315 591 344 ὑπνοῖς.
608 313 697 347 ὀλίγον
710 312 737 338 δὲ
752 311 818 338 κάο-

32 373 106 399 ησαι,
131 363 232 399 μικρὸν
260 362 289 389 δὲ
311 361 470 393 νυστάζεις,
493 360 582 394 ὀλίγον
607 359 636 386 δὲ
655 358 818 395 ὲναγκαλίζῃ

34 409 103 445 χερσὶ
127 408 228 444 στήθη”
255 406 315 435 εἶτα
338 407 519 443 παραγίνεταί
551 414 592 433 σοι
613 406 707 441 ὥσπερ
734 405 819 437 κακὸς

34 454 164 490 ὸδοιπόρος
188 455 205 489 ἡ
235 454 331 486 πενία,
359 453 407 480 καὶ
443 454 460 488 ἡ
489 452 575 479 ἔνδεια
600 451 694 487 ὥσπερ
718 451 819 485 ἀγαθὸς

35 500 152 536 δρομεύς.
163 499 229 526 Ἐὰν
242 500 272 526 δὲ
286 500 382 530 ἄοκνος
397 496 445 535 ᾗς,
459 497 518 534 ἣξει
532 497 625 533 ὥσπερ
639 496 818 532 πηγὴόἀμη-

36 546 75 578 τός
96 554 158 577 σου,
173 546 222 572 καὶ
239 546 258 580 ἡ
274 545 361 572 ἔνδεια
386 544 480 580 ὥσπερ
499 543 583 575 κακὸς
608 543 678 580 ἀνὴρ
700 543 820 570 ἀπαυτο-

38 593 150 627 μολήσει.
171 601 180 618 ι
198 592 258 618 Καὶ
273 591 363 619 πάλιψ
382 600 391 617 ι
416 591 445 617 '0
459 590 640 626 ἐργαζόμενος
657 589 706 625 τὴν
721 590 819 617 ἑαυτοῦ

36 637 287 674 γῆν,πλησθήσεται
296 636 419 673 ἄρτωνξ»
433 637 488 663 Καὶ
502 638 531 663 ὲν
545 636 634 668 ἄλλοις
648 636 740 671 φησίν·
756 646 765 662 ι
791 637 819 663 '0

37 684 112 719 ἀργὸς
133 683 285 719 περιέλαῦε
306 683 355 714 τὰς
370 684 465 718 χεῖρας
479 681 592 714 ἑαυτοῦ,
609 682 656 709 καὶ
673 682 758 717 ἔφαγε
771 682 821 714 τὰς

37 729 131 764 σάρκας
152 728 251 755 αὐτοῦ.
274 738 283 754 ι
301 729 356 755 Καὶ
378 728 450 763 ἑξῆς·
474 737 483 754 ‹
502 727 616 763 Κρύψας
637 728 751 764 ὀκνηρὸς
772 727 821 763 τὴν

37 777 106 810 χεῖρα
123 773 224 805 αὐτοῦ,
252 775 285 800 οὐ
298 774 441 810 δυνήσεται
457 774 616 807 ἀπενεγκεῖν
630 774 670 804 είς
678 773 709 800 τὸ
734 773 821 809 στόμα.

37 819 119 846 αὐτοῦ.
128 820 197 846 »Καὶ
206 819 301 846 πάλιν·
315 820 368 846 «Δι’
377 820 478 856 ἀργίαν
488 819 585 855 χειρῶν
590 819 821 854 ταπεινωθήσεται

38 866 50 900 ἡ
64 866 181 897 δόκωσις.
203 875 213 892 ›
239 864 403 901 Ἐργάζεσθε
412 863 458 892 οὖν
472 864 626 900 ἐνδελεχῶς·
636 864 822 900 ἀθεράπευτος

868 265 978 300 quidem
994 265 1108 295 dormis.
1123 264 1234 300 paulum
1246 267 1336 290 autem
1349 264 1438 295 sedes,
1455 271 1549 298 parum
1563 268 1653 291 autem

868 310 1012 342 dormitas.
1035 310 1146 345 paulum
1161 313 1252 337 autem
1269 309 1443 344 amplecteris
1465 309 1594 336 manibus
1609 317 1655 344 pe-

869 355 1078 383 ctorazdeinde
1102 355 1213 382 advenit
1236 355 1286 382 tibi
1311 359 1443 390 tanquam
1467 354 1557 382 malus
1569 354 1656 382 viator

869 405 1026 436 paupertas,
1050 405 1078 429 et
1092 405 1201 437 egestas
1227 404 1357 436 tanquam
1386 400 1475 428 bonus
1491 407 1601 429 cursor.
1627 401 1656 428 Si

868 456 935 476 vero
952 448 1067 484 impiger
1081 447 1177 481 lueris,
1194 448 1284 475 veniet
1300 451 1330 474 ut
1352 447 1414 475 fons
1435 447 1535 475 messis
1556 450 1614 479 tua,
1629 452 1657 476 et

869 497 977 529 egestas
993 493 1073 529 quasi
1093 494 1183 521 malus
1199 493 1241 521 vir
1263 492 1385 528 auiugiet
1397 493 1431 519 ⁵⁸.
1451 502 1462 519 ι
1484 491 1518 519 Et
1533 493 1633 520 iterum
1648 502 1655 521 :

873 549 882 566 ι
901 540 954 574 Qui
963 543 1092 575 operatur
1100 543 1202 568 terram
1213 547 1302 572 suam,
1311 539 1461 574 replebitur
1475 539 1631 574 panibus“.
1644 549 1654 566 ι

870 586 904 614 Et
916 587 970 614 alio
981 587 1010 614 in
1025 586 1085 614 loco
1099 586 1138 613 ait
1153 595 1159 613 :
1179 595 1190 612 ι
1211 585 1322 613 Otiosus
1335 585 1495 620 complexus
1506 589 1550 613 est
1558 593 1657 614 manus

871 639 948 665 suas,
971 637 998 660 et
1016 631 1137 659 comedit
1163 638 1262 659 carnes
1284 638 1350 659 suas
1360 632 1393 657 ⁸ο.
1415 640 1424 657 ι
1446 630 1480 658 Ει
1500 634 1655 666 praeterea:

873 687 883 704 ‹
906 677 986 714 Piger
1008 677 1056 713 qui
1081 677 1226 705 abscondit
1245 684 1356 704 manum
1375 683 1465 709 suam,
1484 684 1542 704 non
1557 677 1657 712 poterit

870 731 930 751 eam
945 723 1052 752 deferre
1066 723 1101 751 ad
1114 731 1147 751 os
1160 731 1241 752 suum
1251 721 1286 751 εί.
1305 733 1315 749 ι
1337 722 1370 749 Et
1384 722 1474 750 adhuc
1487 732 1494 750 :
1512 733 1522 750 ι
1539 723 1655 759 Propter

871 770 1014 805 segnitiem
1035 777 1177 803 manuum,
1205 769 1385 796 inclinabitur
1406 769 1577 805 contignatio
1587 769 1624 796 “.
1645 782 1653 795 ι

872 816 957 852 Igitur
975 817 1126 852 operamini
1151 815 1261 844 assidue
1278 825 1285 843 :
1304 815 1491 850 irreparabilis
1516 815 1590 843 enim
1615 821 1657 843 est

872 863 940 898 pigri
957 862 1080 890 infamia.
1105 861 1211 898 Siquis
1233 866 1323 889 autem
1349 868 1405 888 non
1428 865 1568 896 operatur,
1585 862 1656 897 apud

37 912 84 947 γὰρ
97 913 169 938 ἐστιν
190 911 287 948 ἀργοῦ
306 911 412 947 μῶμος.
427 911 459 937 Εί
480 910 508 937 δέ
531 919 573 942 τις
595 910 632 946 μὴ
655 910 815 946 ἐργάζεται,

883 908 951 939 os,is
965 916 1021 935 non
1035 907 1182 936 manducet
1189 907 1225 935 ".
1241 906 1351 936 Otiosos
1373 907 1448 935 enim
1473 906 1536 934 odio
1560 914 1656 942 prose-

38 956 105 989 οὖτος
118 959 184 993 παρ’
198 958 266 993 ὑμῖν
283 957 320 993 μὴ
343 957 465 983 ἐσθιέτω.
488 957 600 992 Ἀργοῦς
616 956 670 992 γὰρ
686 958 760 991 μισεῖ
773 957 820 983 καὶ

38 1003 49 1028 ὁ
61 1003 156 1039 Κύριος
168 1004 183 1029 ὁ
197 1003 268 1035 Θεὸς
279 1002 369 1038 ἡμῶν·
385 1002 469 1038 ἀργὸς
483 1002 538 1038 γὰρ
561 1001 631 1029 εἶναι
649 1002 699 1029 οὐκ
718 1001 820 1036 ὀφείλει

39 1049 115 1080 οῶεὶς
126 1048 180 1076 τῶν
195 1049 259 1084 Θεῷ
273 1048 507 1085 προσανεχόντων.

40 1148 46 1168 Ι
67 1105 174 1170 Ἰθιὺὶᾱ.
188 1106 205 1134 9
223 1110 252 1134 et
266 1108 345 1142 seq.‘
361 1106 385 1123 "
404 1105 484 1134 Prov.
502 1114 551 1138 xu,
565 1106 609 1133 Η.

48 1150 74 1170 u.
111 1163 117 1169 .

48 1150 117 1174 11,10.

872 955 965 990 quitur
979 954 1111 982 Dominus
1121 953 1193 982 Deus
1204 957 1316 987 noster;
1332 960 1382 981 nec
1396 953 1488 989 segnis
1503 961 1564 981 esse
1578 953 1657 981 debet

872 1002 1018 1036 quisquam
1033 1007 1127 1028 eorum
1142 1000 1190 1036 qui
1205 999 1290 1028 Deum
1302 999 1406 1026 colunt.

658 1105 681 1121 °°
698 1104 786 1132 Ecclc.
795 1112 830 1137 Iv,

925 1103 947 1119 “
960 1102 1042 1130 Prov.
1055 1108 1112 1134 xu,
1129 1100 1176 1129 2i.
1215 1101 1238 1116 ⁶¹
1257 1099 1346 1127 Eccle.
1358 1099 1436 1130 x,l8.
1475 1099 1498 1115 "
1514 1098 1536 1126 Il
1553 1099 1652 1127 Thess.

688 1155 871 1185 VARIORUM
887 1155 1005 1184 NOTIE.

70 1207 122 1242 (15)
137 1207 195 1241 Τὴν
217 1206 333 1240 σοφίαν
355 1204 508 1239 τιμήσασα
533 1203 677 1237 προήχθη.
693 1201 799 1229 Omissa
816 1200 830 1227 ιι

888 1200 915 1227 in
930 1200 1016 1227 altero
1031 1207 1084 1228 ms.
1097 1198 1311 1226 Vindobonensi.
1325 1199 1409 1226 Cum.

144 1322 321 1349 ΚΕΦΛΛΑΙΑ
335 1321 404 1349 ΤΟΥ
419 1320 545 1348 ΤΡΙΤΟΥ
559 1318 706 1346 ΒῙΒΛΙΟΥ.

42 1436 78 1468 β’.
94 1437 155 1464 'Orl
172 1435 373 1472 παραιτητέον
390 1434 534 1468 καθιστᾷν
553 1433 696 1468 νεωτέρας
714 1432 823 1467 χήρας,

75 1483 119 1509 διὰ
131 1483 163 1509 τὸ
178 1483 326 1510 ὕποπτον.

46 1527 76 1563 γ’.
97 1529 216 1562 ὀποίας
228 1529 306 1556 εἶναι
324 1527 383 1562 χρὴ
406 1527 459 1561 τὰς
476 1526 585 1561 χήρας,
600 1525 650 1553 καί
663 1525 743 1558 ὅπως
756 1524 820 1551 ἐπι-

75 1574 242 1609 κουρεῖσθαι
257 1574 337 1608 παρὰ
350 1573 403 1600 τοῦ
417 1573 594 1600 ἐπισκόπου.

45 1617 74 1645 δ’.
90 1620 146 1647 ’Ὁτι
162 1620 253 1648 πάνθ’
269 1619 432 1647 ὁντιναοῦν
440 1617 529 1652 ἐνδεῆ
542 1617 676 1644 εὐποιεῖν
689 1617 759 1652 χρή.

47 1662 74 1689 ε’.
91 1664 145 1691 Ὅτι
156 1666 205 1692 καί
218 1665 274 1693 τοῦ
289 1665 381 1700 ἤθους
393 1663 589 1699 ἐπιμελητέον
598 1662 656 1697 τὴν
669 1663 776 1697 χήραν.

46 1707 78 1740 ς’.
90 1710 146 1738 Ὀτι
156 1711 192 1738 οὐ
202 1711 263 1746 χρὴ
273 1711 416 1747 γυναῖκας
425 1709 580 1737 διδάσκειν
589 1729 598 1742 ,
614 1708 747 1743 ἀπρεπὲς
755 1707 820 1743 γάρ·

75 1756 120 1782 καὶ
130 1756 210 1784 ποῖαι
227 1756 370 1792 γυναῖκες
380 1756 500 1784 εἵποντο
510 1754 551 1788 τῷ
564 1754 672 1788 Κυρίῳ.

49 1838 81 1870 ζ’.
98 1840 159 1870 οἶαί
168 1844 248 1871 εἰσιν
258 1845 287 1871 al
297 1843 493 1878 ψευδοχῆραι.

48 1885 81 1920 η’.
97 1887 151 1915 ’Ὁτι
165 1890 201 1917 οὐ
212 1889 272 1924 χρὴ
288 1890 368 1924 παρὰ
377 1890 510 1923 ἀναξίων
522 1890 686 1925 λαμϐάνειν
704 1890 761 1925 τὴν
774 1890 828 1925 χή-

76 1942 140 1968 ραν,
153 1934 172 1969 ἢ
189 1936 245 1962 τὸν
258 1936 437 1970 ἐπίσκοπον,
449 1937 468 1971 ἣ
486 1936 582 1964 ἄλλον
591 1938 712 1964 πιστόν.

49 1977 78 2007 0'.
93 1980 152 2007 Ὀτι
164 1983 199 2009 οὐ
214 1981 273 2017 χρὴ
289 1983 433 2017 γυναῖκας
450 1983 606 2015 βαπτίζειν
616 1992 623 1998 ·
641 1983 749 2017 ἀσεϐὲς
760 1985 825 2019 γὰρ.

79 2026 122 2052 καί
133 2027 186 2061 τῆς
200 2028 330 2062 Χριστοῦ
345 2027 542 2062 διδασκαλίας
554 2029 724 2063 ἀλλότριον.

50 2068 73 2096 ι’.
89 2071 143 2098 Ὅτι
152 2074 187 2100 οὐ
199 2072 259 2107 χρὴ
270 2073 378 2101 λατκὸν
388 2074 484 2101 ποιεῖν
494 2075 644 2109 ἱερατικὸν
657 2075 745 2110 ἔργον
755 2084 762 2090 ·
771 2076 828 2108 ,βά-

80 2124 194 2153 πτισμα,
206 2119 226 2154 ἣ
238 2119 359 2152 θυσίαν,
370 2119 389 2155 ἢ
399 2121 597 2155 χειροθεσίαν,
608 2120 627 2156 ἢ
639 2121 792 2156 εὐλογίαν.

51 2200 91 2228 ια’.
105 2203 165 2231 Ὅτι
176 2205 262 2240 πλὴν
272 2205 441 2232 ἐπισκόπου
458 2204 479 2239 ἦ
494 2204 706 2239 πρεσϐυτέρου,
724 2205 824 2232 οὐδενὶ

1083 1315 1206 1344 CAPITA
1223 1316 1311 1343 LIBRI
1327 1315 1452 1344 TERTII.

874 1430 906 1458 II.
928 1430 1005 1464 Quod
1020 1430 1163 1457 cauendum
1178 1430 1223 1461 sit.
1242 1438 1274 1456 ne
1287 1430 1346 1464 quis
1359 1429 1450 1457 viduas
1462 1431 1583 1465 juniores
1595 1440 1659 1459 con-

910 1477 1016 1507 stituat,
1032 1480 1137 1511 propter
1151 1476 1336 1510 suspicionem.

872 1522 917 1551 III.
939 1523 1037 1556 Quales
1050 1531 1105 1550 esse
1120 1527 1238 1557 oporteat
1250 1523 1354 1556 viduas,
1369 1527 1393 1550 et
1406 1523 1535 1558 quomodo
1554 1523 1586 1550 ab
1609 1525 1661 1559 epi-

834 1578 854 1607 c
907 1577 985 1604 scapo
1001 1568 1110 1596 debeant
1125 1568 1259 1603 adjuvari.

871 1613 916 1642 IV.
938 1615 1014 1648 Quod
1029 1619 1147 1649 oporteat
1161 1616 1300 1650 unicuique
1312 1615 1438 1651 indigenti
1454 1616 1613 1651 benefacere.

872 1659 906 1688 V.
927 1660 1004 1694 Quod
1021 1661 1105 1688 vidua:
1119 1661 1237 1696 probitas
1253 1669 1356 1688 marum
1368 1669 1439 1689 cum
1454 1670 1510 1689 esse
1521 1662 1621 1690 debeat.

872 1705 917 1734 VI.
930 1706 1006 1740 Quod
1018 1715 1070 1734 non
1083 1711 1201 1742 oporteat
1213 1707 1334 1734 mulieres
1344 1707 1456 1735 docendi
1467 1708 1558 1744 ofﬁcio
1569 1709 1659 1745 fungi;

907 1753 1058 1780 indecorum
1081 1754 1152 1781 enim
1168 1758 1280 1781 esse:et
1304 1754 1395 1789 quales
1417 1755 1542 1783 mulieres
1565 1755 1660 1783 Domi-

907 1808 970 1826 num
985 1800 1167 1835 sequebantur.

874 1844 930 1873 νιι.
951 1846 1050 1879 Quales
1065 1847 1119 1873 sint
1132 1846 1210 1881 falsa:
1225 1846 1321 1875 vidua'.

873 1890 942 1919 VIII.
964 1891 1040 1925 Quod
1054 1900 1106 1919 non
1129 1896 1247 1925 oporteat
1262 1897 1291 1919 ut
1310 1893 1343 1920 ab
1357 1893 1473 1929 indignis
1490 1893 1604 1930 accipiat
1621 1896 1660 1923 ui-

906 1937 970 1969 dua.
986 1937 1025 1964 vel
1040 1938 1188 1972 episcopus.
1204 1938 1244 1965 vel
1259 1939 1328 1966 alius
1347 1939 1444 1973 ﬁdelis.

873 1983 918 2011 IX.
940 1984 1016 2017 Quod
1044 1992 1096 2011 non
1123 1988 1241 2018 oporteat
1262 1989 1291 2011 ut
1311 1985 1433 2012 mulieres
1457 1985 1592 2020 baptizent
1608 1994 1617 2013 :
1632 1987 1659 2014 id

908 2030 976 2057 enim
991 2030 1118 2065 impium,
1132 2035 1157 2057 et
1173 2038 1190 2057 a
1205 2029 1328 2067 doctrina
1342 2029 1442 2058 Christi
1460 2032 1588 2061 alienum.

873 2075 907 2103 Χ.
929 2076 1005 2110 Quod
1022 2085 1073 2103 non
1086 2076 1179 2104 debeat
1196 2077 1281 2104 laicus
1297 2085 1362 2112 opus
1376 2077 1540 2105 sacerdotale
1554 2078 1658 2113 facere;

917 2123 1058 2157 baptisma,
1074 2127 1121 2150 aut
1138 2123 1312 2158 sacrificium,
1330 2127 1376 2150 aut
1398 2131 1492 2151 manus
1512 2124 1658 2159 imperitio-

908 2176 977 2201 nem,
990 2173 1036 2195 aut
1049 2168 1261 2197 benedictionem.

873 2213 919 2242 XI.
942 2214 1018 2247 Quod
1032 2219 1207 2250 prwterquam
1221 2215 1341 2250 episcopo
1354 2220 1400 2242 aut
1411 2214 1572 2251 presbytero,
1589 2216 1657 2244 nulli

78 2249 132 2277 τῶν
143 2252 257 2279 λοιπῶν
270 2251 419 2286 κληρικῶν
437 2251 642 2285 ἐπιτέτραπται
656 2250 693 2278 τὰ
707 2250 767 2278 τῶν
781 2253 821 2278 ls-

906 2264 1062 2287 cwterorum
1077 2261 1231 2288 clericorum
1247 2261 1326 2288 liceat
1340 2269 1397 2296 qua
1412 2266 1473 2288 sunt
1490 2261 1655 2289 sacerdotum

77 2297 148 2329 ρέων
165 2299 313 2334 ἐνεργεῖνο
336 2297 369 2325 τὸ
391 2297 425 2325 δὲ
447 2296 630 2332 χειροτονεῖν
649 2297 731 2332 μόνῳ
758 2297 822 2325 ἐπι-

81 2343 178 2376 σκόπφ
191 2343 348 2378 προσήκει,
361 2342 450 2377 ἑτέρῳ
463 2342 498 2370 δὲ
515 2341 627 2369 οὐδενί.

51 2385 86 2412 ιϐ’.
105 2387 261 2424 Ἀποτροπὴ
272 2389 454 2422 βασκανίας.

51 2430 88 2465 ιγ’.
104 2433 196 2469 Ὅπως
208 2435 256 2463 δεῖ
267 2437 487 2471 προσεύχεσθαι
499 2435 552 2470 τὰς
564 2444 660 2472 χηρας
676 2435 752 2471 ὑπὲρ
764 2436 823 2463 τῶν

80 2477 213 2509 διδόντων
221 2481 258 2509 τὰ
271 2481 346 2516 πρὸς
362 2482 415 2515 τὰς
430 2482 543 2517 χρείας.

52 2521 91 2549 ιδ’.
106 2524 165 2553 ὀτι
177 2527 211 2555 οὐ
225 2527 284 2562 χρὴ
301 2526 469 2562 κομπάζειν,
484 2527 533 2554 καὶ
551 2526 776 2561 περιαγγέλλειν
788 2526 822 2552 τὸ

80 2569 181 2606 ἑαυτῆς
195 2573 298 2608 ὄνομα,
316 2572 371 2607 τὴν
387 2573 656 2608 καρποφοροῦσαν,
670 2572 744 2599 κατὰ
764 2571 822 2606 τὴν

82 2615 129 2643 τοῦ
138 2619 244 2652 Κυρίου
257 2619 401 2652 διάταξιν.

53 2660 88 2683 [ει.
102 2659 160 2687 ὀτι
171 2662 303 2697 ἀπρεπὲς
318 2663 352 2690 τὸ
360 2662 508 2697 λοιδορεῖν
527 2662 580 2689 τὸν
592 2662 725 2696 πλησίον
734 2670 740 2677 ⁸
768 2661 822 2690 ἀλ-

83 2704 190 2739 λότριον
202 2709 257 2744 γὰρ
268 2708 452 2744 Χριστιανῶν
461 2708 495 2735 τὸ
505 2707 698 2742 καταρᾶσθαι.

55 2747 95 2779 ις’.
109 2751 171 2786 Περὶ
177 2754 319 2789 μυήσεως
332 2755 414 2788 θείας
427 2754 480 2782 τοῦ
499 2754 586 2789 ἀτίου
600 2748 831 2788 βαπτίσματος(

54 2792 93 2822 ιζ’.
105 2794 190 2837 Ποίαν
200 2801 299 2828 αὶτίαν
308 2801 370 2836 ἔχει
385 2800 418 2828 τὸ
433 2802 476 2834 εὶς
491 2800 544 2828 τὸν
565 2800 693 2835 Χριστὸν
711 2801 820 2834 ,βάπτι-

82 2848 153 2876 σμα⁸
169 2846 218 2874 καὶ
235 2845 312 2874 διατι
331 2846 389 2875 τῶν
403 2847 439 2875 ἐν
457 2847 537 2881 αὐτῷ
549 2847 680 2875 ἕκαστον
691 2847 818 2883 λέγεται,

83 2888 126 2916 καί
137 2891 296 2925 πράττεται.

905 2314 1024 2334 exercere
1038 2315 1047 2333 :
1064 2312 1088 2334 et
1106 2307 1175 2342 quod
1199 2306 1333 2340 ordinare,
1353 2307 1405 2335 soli
1421 2307 1542 2342 episcopo
1565 2316 1658 2335 conve-

906 2353 972 2384 niat,
990 2353 1057 2380 nulli
1071 2361 1130 2380 vero
1147 2353 1206 2381 alii.

872 2397 928 2426 XII.
951 2398 1104 2426 Dehortatio
1119 2398 1152 2425 ab
1166 2398 1277 2426 invidia.

870 2444 940 2472 XIII.
962 2444 1101 2478 Quomodo
1114 2449 1233 2480 oporteat
1245 2444 1338 2472 viduas
1355 2444 1431 2471 orare
1445 2451 1492 2478 pro
1508 2445 1541 2471 iis
1554 2445 1598 2480 qui
1610 2453 1655 2473 ne-

905 2491 1021 2518 cessaria
1035 2491 1163 2518 tribuunt.

871 2535 941 2564 XIV.
963 2536 1040 2570 Quod
1058 2537 1202 2564 secundum
1227 2536 1334 2564 Domini
1355 2537 1580 2568 constitutionem.
1603 2545 1655 2564 mn

905 2582 996 2609 debeat
1003 2582 1109 2617 jactare
1119 2590 1156 2615 se,
1172 2590 1218 2610 nec
1233 2590 1326 2610 nomen
1342 2590 1417 2609 suum
1431 2582 1586 2617 prtedicare,
1596 2591 1655 2618 quae

905 2637 999 2656 munus
1013 2628 1120 2657 tribuit.

870 2696 926 2724 XV.
949 2696 1025 2729 Quod
1040 2705 1091 2724 non
1106 2696 1196 2725 deceat
1218 2697 1360 2724 conviciari
1382 2698 1501 2732 proximo
1515 2704 1525 2724 :
1538 2695 1654 2724 alienun:

904 2744 973 2770 enim
988 2751 1045 2770 esse
1057 2752 1076 2770 α
1088 2743 1260 2775 Christianis,
1276 2743 1440 2770 maledicere.

871 2789 940 2816 XVI.
963 2789 1001 2816 De
1011 2789 1101 2816 divina
1115 2790 1201 2816 sancti
1217 2789 1384 2823 baptismatis
1403 2789 1562 2816 initiatione.

870 2847 951 2874 XVII.
974 2847 1058 2880 Quam
1072 2855 1180 2874 causam
1194 2847 1288 2874 habeat
1303 2847 1448 2880 baptismus
1462 2847 1487 2873 in
1501 2846 1651 2873 Christum:

903 2898 928 2920 et
944 2901 1025 2928 quare
1041 2893 1144 2928 singula
1158 2893 1183 2920 in
1201 2901 1230 2920 eo
1248 2898 1272 2920 et
1284 2893 1418 2925 dicantur,
1434 2899 1458 2919 et
1479 2893 1554 2924 ﬁant.
