1893 3109
210 147 265 175 ’16⁵1

638 141 669 173 Β.
684 141 880 172 σιιῖωτιδ
896 143 905 170 1
926 141 1009 171 ROM.
1029 141 1132 170 ΡΟΝΤ.
1149 140 1264 170 OPERA
1280 139 1396 168 DUBIA.

1784 141 1842 169 τα

210 207 238 234 in
253 207 365 233 domum
380 209 468 232 tuam.
495 201 524 231 Si
539 206 631 232 autem
646 203 749 231 videris
762 203 876 235 nudum,
892 203 967 238 operi
985 211 992 237 ;
1008 205 1017 233 λ

1070 202 1131 234 ne;
1148 210 1194 228 σου
1208 201 1258 237 οὐχ
1277 200 1411 237 ὑπερόψῃ·
1429 209 1440 226 ι
1460 199 1508 227 καὶ
1522 198 1568 227 διὰ
1588 198 1637 226 τοῦ
1646 199 1752 234 Δανιὴλ
1767 199 1846 233 λέγει

208 256 237 280 et
247 251 416 279 domesticos
432 250 545 278 seminis
556 250 595 277 tui
610 257 645 277 ne
658 249 817 284 despexeris
831 249 868 281 ";
880 258 889 274 ι
905 253 932 276 et
946 256 994 284 per

210 297 349 325 Danielem
366 296 432 324 dicit
450 295 567 331 principi
589 305 596 323 :
612 304 621 321 I
640 295 746 323 Idcirco
770 302 829 326 rex,
848 293 992 321 consilium

211 351 301 370 meum
319 343 423 377 placeat
445 341 493 368 tibi
509 347 536 369 et
552 345 662 376 peccata
681 345 728 368 tua
747 340 928 375 eleemosynis
951 347 996 367 re-

211 388 295 420 dime,
321 392 347 415 et
375 387 533 422 iniquitates
556 391 619 414 tuas
643 386 869 414 miserationibus
893 392 996 419 paupe-

212 442 273 462 rum
289 434 329 467 ⁷⁸;
346 443 355 459 ι
370 437 397 460 et
413 441 460 468 per
475 432 648 460 Salomonem
663 432 701 459 ait
715 441 721 458 :
743 441 753 457 ι
768 430 953 466 Eleemwsynis
968 434 996 458 et

211 480 264 507 title
279 483 429 514 purgantur
444 481 555 514 peccata
569 478 608 511 ’λς
627 488 636 504 ι
648 482 675 505 et
693 486 741 512 per
755 476 884 504 Davidem
896 477 995 504 iterum

211 525 279 552 dicit
295 534 301 552 :
317 533 326 550 ι
341 524 439 552 Beatus
455 524 501 559 qui
517 523 643 559 intelligit
658 530 741 558 super
755 529 871 557 egenum
886 525 914 550 et
928 529 997 553 pau-

211 578 303 606 perem
317 578 324 596 :
338 570 365 598 in
381 569 425 598 die
439 570 509 597 mala
527 569 654 597 liberabit
668 576 730 596 eum
748 567 879 595 Dominus
890 567 931 601 7';
947 576 956 593 ι
970 570 997 594 et

211 625 309 644 rursus
324 626 330 644 :
348 625 358 641 ι
374 615 517 651 Dispersit,
535 614 609 642 dedit
624 613 806 650 pauperibus;
820 612 926 648 justitia
936 612 997 647 ejus

211 666 304 690 manet
320 662 347 689 in
362 661 490 689 saeculum
504 661 547 694 ";
567 670 577 686 ι
591 660 721 687 Salomon
735 659 817 687 etiam
840 658 896 686 ait:
914 667 924 684 ι
940 658 992 691 Qui

212 708 359 735 miseretur
380 707 518 742 pauperis,
536 706 651 734 Domino
666 705 825 733 feneratur:
847 704 997 732 secundum

213 759 303 782 autem
330 754 424 781 datum
447 753 508 788 ejus
526 752 696 780 retribuetur
716 751 740 778 ei
757 751 795 783 ⁷⁷;
819 759 828 776 ι
849 754 876 777 et
902 750 996 778 infra:

215 810 226 825 ι
241 800 293 833 Qui
308 800 419 827 obturat
434 806 514 827 aures
531 805 606 829 suas,
617 805 651 824 ne
664 796 759 824 audiat
773 796 950 831 indigentem,
972 799 999 822 et

214 846 272 882 ipse
285 845 431 878 invocabit,
443 849 469 872 et
479 852 534 872 non
545 844 598 872 erit
608 843 655 879 qui
666 842 793 870 exaudiat
804 849 866 870 eum
881 842 914 868 ".
935 850 944 867 ι

518 929 632 960 CAPUT
649 929 684 958 V.

266 1000 343 1036 Quod
353 1001 437 1028 vidua:
445 999 562 1035 probitas
578 1006 680 1025 morum
692 1005 764 1024 cum
774 1004 831 1024 esse
843 995 945 1023 debeat.

248 1048 382 1075 Caeterum
410 1045 499 1074 omnis
521 1044 603 1071 vidua
617 1043 692 1071 mitis
709 1043 756 1075 sit,
774 1042 879 1078 quieta,
905 1041 999 1068 mode-

213 1098 284 1125 rata,
300 1092 410 1120 malitiae
425 1099 456 1119 ac
475 1091 522 1118 ira:
536 1097 645 1126 expers,
658 1097 713 1116 non
729 1088 850 1124 garrula,
867 1095 923 1114 non
941 1087 999 1114 cla-

213 1147 302 1169 mosa,
318 1146 374 1165 non
389 1137 516 1164 volubilis
530 1136 638 1171 linguae,
653 1142 707 1162 non
723 1133 866 1165 maledica,
882 1140 936 1160 nou
951 1131 998 1160 de-

213 1186 270 1213 dita
283 1185 426 1212 verborum
439 1182 566 1217 aucupio,
579 1189 633 1209 non
648 1180 766 1216 duplicis
780 1179 925 1210 sermonis,
943 1185 999 1206 non

213 1239 275 1259 sese
302 1231 328 1256 in
342 1230 429 1256 aliena
445 1228 553 1263 negotia
568 1227 728 1254 imtuittens.
753 1225 822 1253 Cum
837 1224 935 1253 viderit
954 1225 998 1252 vel

214 1276 333 1305 audierit
344 1274 453 1310 aliquod
463 1274 603 1309 indignum
617 1272 734 1305 fucinus,
743 1272 778 1299 ita
787 1279 816 1299 se
824 1275 910 1306 gerat,
918 1270 998 1306 quasi

213 1330 266 1350 nec
274 1321 373 1349 viderit
387 1328 437 1348 nec
456 1319 584 1351 audierit,
595 1318 715 1353 nihilque
726 1316 800 1345 aliud
814 1321 893 1345 curet
904 1316 998 1348 vidua.

213 1369 268 1396 nisi
276 1375 354 1395 orare
363 1375 412 1402 pro
422 1366 551 1394 beneﬁcis
557 1370 583 1393 et
594 1372 643 1400 pro
648 1368 705 1391 tota
718 1363 850 1391 Ecclesia.
857 1363 899 1390 Ab
907 1363 999 1398 aliquo

213 1414 354 1451 quidpiam
370 1416 475 1448 rogata,
487 1419 521 1439 ne
532 1411 612 1438 facile
627 1409 800 1446 respondeat,
816 1412 998 1445 praeterquam

214 1460 344 1488 derebus
356 1458 389 1485 ad
403 1457 494 1488 ﬁdem,
509 1456 655 1492 justitiam,
671 1459 698 1483 et
713 1455 740 1482 in
756 1454 840 1482 Deum
852 1461 928 1490 spem
940 1462 1000 1489 per-

215 1505 366 1534 tinentibus
381 1512 388 1532 :
407 1510 508 1538 eosque
524 1502 571 1537 qui
594 1502 622 1529 in
647 1501 756 1536 pietatis
771 1499 945 1536 dogmatibus
960 1500 999 1527 in-

213 1552 290 1580 stitui
305 1550 429 1585 cupiunt,
446 1548 479 1575 ad
493 1548 655 1584 praepositos
669 1546 808 1580 remittat;
825 1545 853 1573 in
865 1546 919 1573 illis
934 1553 999 1573 vero

1043 247 1083 284 τῷ
1104 247 1232 283 δυνάστῃ·
1251 256 1261 273 ι
1285 246 1341 279 Διὸ,
1366 245 1487 282 βασιλεῦ,
1501 245 1519 281 ὴ
1533 244 1615 281 βουλή
1644 245 1847 280 μου-ἁρεσάιν

1044 301 1097 325 σοι,
1113 293 1161 320 καὶ
1176 293 1225 325 τὰς
1245 292 1381 328 ἁμαρτίας
1402 300 1448 318 σου
1468 292 1498 318 ἐν
1519 290 1718 327 ἐλεημοσύναις
1741 290 1845 326 λύτρω-

1045 347 1101 370 σαι,
1121 339 1169 366 καὶ
1188 338 1238 370 τὰς
1252 338 1360 370 ἀδικίας
1378 346 1425 364 σου
1443 337 1472 364 ὲν
1492 337 1646 373 οἰκτιρμοῖς
1660 337 1803 372 πενήτων-
1833 346 1842 363 ο

1045 384 1092 411 καὶ
1112 383 1156 411 διὰ
1181 383 1335 419 Σολομῶνός
1351 391 1442 418 φησιν·
1468 392 1478 410 ι
1502 382 1714 418 Ἐλεημοσύναις
1728 383 1778 409 καὶ
1800 383 1844 411 πί-

1046 438 1135 457 στεσιν
1148 429 1376 466 ἁποκαθαίρονται
1392 429 1533 465 ἁμαρτίαι·
1549 438 1559 455 ι
1575 429 1623 456 καὶ
1635 427 1681 455 διὰ
1692 428 1746 455 τοῦ
1760 427 1845 455 Δαυείδ

1047 475 1129 502 πάλιν
1146 475 1230 509 λέγει·
1254 484 1265 501 ι
1290 475 1432 511 Μακάριος
1447 476 1462 502 ό
1482 474 1582 501 συνιὼν
1603 474 1650 501 ἐπὶ
1667 474 1783 509 πτωχὸν
1797 475 1846 500 καὶ

1046 521 1159 557 πένητα·
1169 521 1198 548 ὲν
1205 520 1296 557 ἡμέρᾳ
1302 522 1407 556 πονηρᾷ
1415 520 1525 556 ῥύσεται
1533 520 1613 546 αὑτὸν
1620 521 1635 546 ὁ
1642 520 1758 556 Κύριος·
1770 529 1781 546 ν
1795 519 1845 547 πὶ

1046 566 1140 593 πάλιν·
1159 576 1169 592 ι
1195 566 1381 602 Ἐσκόρπισεν,
1397 566 1481 593 ἔδωκε
1495 568 1552 598 τοῖς
1567 566 1691 601 πένησιν,
1709 566 1729 600 ἡ
1743 565 1845 592 6m

1047 612 1113 648 σύνη
1133 612 1215 640 αὑτοῦ
1238 612 1312 647 μένει
1330 613 1371 644 εἰς
1389 612 1436 638 τὸν
1456 611 1541 638 αίῶνα
1555 620 1562 627 ·
1582 620 1592 637 ι
1609 611 1657 638 καὶ
1677 612 1692 638 6
1713 610 1844 646 Merlin

1046 659 1141 694 φησιν’
1164 668 1173 685 ι
1197 658 1227 685 ὐ
1242 658 1324 685 ἐλεῶν
1338 658 1455 694 πτωχὸν,
1470 657 1566 693 Κυρίῳ
1580 657 1716 690 δανείζει·
1732 658 1843 685 κατὰὲ

1046 705 1078 732 τὸ
1099 705 1168 741 δόμα
1189 704 1271 731 αὐτοῦ
1292 703 1534 739 ἀνταποδοθήσεται
1552 703 1636 738 uim}-
1659 712 1670 729 ι
1692 704 1744 730 καὶ
1758 703 1840 738 ἑῆς-

1050 760 1060 776 ι
1083 751 1132 782 Ὃς
1146 746 1262 786 φράσάει
1275 749 1310 776 τὰ
1324 747 1380 776 ὦτα
1394 749 1476 776 αὑτοῦ
1494 749 1531 785 μὴ
1546 748 1706 775 εἰσακοῦσαι
1721 748 1771 776 τοῦ
1783 749 1842 776 δεο-

1050 796 1141 831 μένου,
1157 796 1204 822 καὶ
1223 795 1305 828 αὐτὸς
1320 795 1525 826 ὲπικαλέσεται,
1539 795 1588 822 καὶ
1605 794 1656 821 οὐκ
1672 794 1752 821 ἔσται
1771 795 1842 821 εἰσα-

1049 841 1137 869 κούων
1150 841 1242 868 αὐτοῦ.
1262 851 1271 867 ι

1315 919 1512 948 ΚΕΦᾹΛΑΙΟΝ
1525 919 1563 946 E'.

1067 988 1127 1015 Ὅτι
1140 988 1189 1015 καὶ
1201 987 1254 1015 τοῦ
1267 987 1361 1022 ἤθους
1373 987 1568 1022 ἐπιμελητέον
1577 985 1634 1021 τὴν
1641 986 1744 1021 χήραν
1758 987 1826 1022 (35).

1089 1034 1248 1070 ’Υπαρχέτω
1261 1034 1290 1061 δὲ
1304 1034 1377 1061 πᾶσα
1386 1034 1457 1069 χήρα
1465 1035 1574 1070 πραεῖα,
1581 1033 1695 1068 ἥσυχος,
1704 1033 1843 1068 ἐπιεικὴς,

1048 1080 1161 1112 ἄκακος,
1176 1080 1319 1116 ἁόργητος,
1335 1080 1372 1115 μὴ
1388 1079 1545 1111 πολύλαλος,
1562 1079 1599 1114 μὴ
1614 1078 1789 1114 κραὺγασος,
1808 1079 1844 1114 μὴ

1049 1125 1233 1162 πρόγλωσσος,
1251 1126 1288 1161 μὴ
1302 1124 1461 1156 κατάλαλος,
1480 1125 1516 1161 μὴ
1530 1124 1682 1160 λεξίθηρος,
1700 1124 1740 1160 μὴ
1760 1125 1845 1151 δισσο-

1047 1171 1137 1206 λότος,
1153 1171 1191 1207 μὴ
1207 1171 1414 1206 φιλοπράγμων.
1433 1170 1573 1197 summ
1587 1178 1614 1196 τι
1628 1169 1740 1196 σκολιὸν
1761 1170 1779 1205 ἢ
1799 1171 1845 1196 καὶ

1048 1217 1184 1246 ἀκούουσα
1199 1217 1350 1253 γινόμενον,
1365 1216 1435 1244 ἐστω
1449 1215 1504 1251 (36)
1520 1215 1558 1247 ὡς
1575 1216 1612 1252 μὴ
1630 1215 1785 1250 βλέπουσα,
1798 1216 1845 1242 ul

1048 1265 1088 1296 ὡς
1111 1263 1148 1299 μὴ
1170 1262 1306 1290 ἀκούουσα
1333 1262 1486 1298 ὑπαρχέτω·
1517 1262 1564 1288 καὶ
1592 1261 1676 1297 μηδὲν
1691 1262 1791 1297 ἕτερον
1810 1263 1843 1296 τῇ

1048 1311 1121 1346 χήρᾳ
1137 1309 1250 1346 μελέτω,
1264 1309 1288 1335 εί
1298 1308 1335 1344 μὴ
1349 1308 1379 1334 τὸ
1393 1306 1590 1343 προσεύχεσθαι
1607 1307 1679 1343 ὑπὲρ
1692 1308 1752 1334 τῶν
1766 1307 1846 1334 διδόν-

1047 1365 1102 1383 των
1116 1356 1163 1383 ιιαδ⁹
1176 1355 1246 1390 ὑπὲρ
1259 1354 1323 1390 ὅλης
1334 1354 1384 1390 τῆς
1394 1352 1567 1388 Ἑκκλησιας.
1576 1353 1799 1388 Ἐπερωτωμένη
1816 1352 1844 1380 δέ

1048 1409 1075 1428 τι
1090 1401 1142 1429 ὑπό
1155 1409 1237 1432 τινος,
1254 1400 1291 1436 μὴ
1302 1399 1401 1436 ῥᾳδίως
1414 1397 1614 1433 ἀποκρινέσθω,
1625 1398 1698 1434 πλὴν
1712 1399 1768 1425 ὅσα
1783 1398 1845 1434 περὶ

1051 1446 1182 1478 πίστεως,
1198 1446 1245 1473 καὶ
1259 1445 1442 1480 δικαιοσύνης,
1458 1445 1505 1471 καὶ
1523 1444 1572 1480 τῆς
1585 1444 1626 1476 είς
1638 1444 1708 1470 Θεὸν
1721 1444 1843 1476 ἐλπίδος-

1048 1492 1248 1520 ἁποστέλλουσα
1266 1492 1322 1522 τοῖς
1340 1490 1500 1526 ἡγουμένοις
1526 1490 1589 1521 τοὺς
1611 1489 1740 1521 θέλοντας
1760 1497 1846 1524 κατη-

1049 1538 1154 1574 χεῖσθαι
1169 1538 1204 1565 τὰ
1219 1538 1269 1573 τῆς
1288 1536 1430 1568 εὐσεὸείας
1442 1536 1576 1571 δόγμα-ια’
1600 1535 1668 1571 μόνα
1682 1535 1712 1561 δὲ
1725 1536 1845 1571 ἀποκρι-

214 1599 304 1626 solum
325 1580 568 1631 respondeat—qua:
581 1593 614 1621 ad
630 1592 805 1621 evertendum
820 1591 853 1620 de
874 1592 998 1619 multitu-
1011 1593 1017 1618 1

1070 1584 1135 1611 ίσθω
1161 1583 1196 1610 τὰ
1221 1583 1284 1619 περὶ
1305 1582 1459 1618 ἀνατροπῆς
1481 1581 1610 1608 πολυθέου
1640 1580 1761 1615 πλάνης,
1780 1581 1847 1607 ἀπο-

214 1644 279 1671 dine
303 1642 416 1670 deorum
441 1647 562 1668 errorem
576 1643 713 1674 spectant,
736 1638 927 1666 demonstrans
950 1637 1000 1664 do-

214 1689 331 1716 ctrinam
351 1687 386 1715 de
404 1686 450 1714 Dei
471 1687 591 1719 unitate;
612 1689 639 1712 at
652 1684 680 1711 in
694 1684 802 1711 caeteris
818 1683 887 1712 nihil
897 1686 1001 1711 temere

215 1738 340 1771 reponat.
363 1741 397 1761 ne
425 1732 527 1768 aliquid
549 1732 648 1759 inscite
675 1730 829 1766 prolocuta,
859 1728 1000 1757 infamiam

213 1782 300 1809 verbo
323 1780 370 1808 Dei
392 1780 492 1807 inurat.
513 1778 610 1805 Docuit
628 1778 702 1806 enim
717 1776 866 1808 Dominus,
881 1775 1001 1803 Verbum

215 1827 305 1855 simile
325 1834 386 1854 esse
400 1833 486 1861 grano
512 1824 617 1860 sinapis
627 1824 670 1851 ":
688 1823 739 1850 hoc
766 1826 857 1850 autem
886 1829 950 1849 acre
975 1825 1003 1850 et

215 1873 317 1904 ardens
330 1876 382 1904 est,
395 1879 449 1907 quo
466 1871 488 1899 si
502 1872 565 1906 quis
585 1868 710 1905 imperite
725 1868 862 1900 abutatur,
879 1875 1002 1895 amarum

216 1919 283 1946 illud
296 1919 416 1946 inveniet
428 1927 435 1950 ;
447 1917 563 1948 scilicet,
580 1916 607 1943 in
622 1914 745 1951 mysticis
753 1917 860 1950 oportet
878 1921 932 1940 non
941 1920 1003 1941 esse

216 1964 394 2002 proditorem,
415 1963 462 1990 sed
474 1967 593 1995 cautum,
609 1961 672 1997 quia
683 1968 735 1988 nos
746 1960 789 1987 bis
804 1959 894 1987 verbis
909 1958 1002 1985 Domi-

216 2018 270 2039 nus
284 2009 412 2036 admonet
428 2018 435 2035 :
454 2017 463 2033 ι
478 2007 566 2034 Nolite
589 2007 697 2034 mittere
712 2005 877 2040 margaritas
897 2008 1003 2031 vestras

219 2061 283 2083 ante
296 2062 406 2090 porcos,
418 2062 452 2081 ne
472 2053 543 2081 forte
557 2052 721 2080 conculcent
731 2058 779 2079 eas
801 2049 917 2085 pedibus
933 2048 1002 2081 suis,

216 2107 247 2132 et
261 2101 387 2130 conversi
399 2100 557 2135 dirumpant
568 2105 618 2125 vos
627 2097 661 2124 '°.
674 2106 684 2123 ι
701 2096 771 2124 Cum
785 2095 857 2123 enim
869 2094 1002 2126 inﬁdeles,

221 2156 278 2177 non
301 2154 352 2182 pro
380 2145 522 2181 dignitate,
541 2143 588 2172 sed
604 2142 695 2170 minus
720 2148 801 2177 quam
820 2147 870 2176 par
895 2140 942 2170 sit,
969 2139 1003 2167 de

216 2193 328 2222 Christo
342 2192 455 2220 verbum
471 2189 639 2225 acceperint,
655 2186 861 2224 praesertimque
875 2185 948 2221 quod
961 2185 1004 2212 in-

215 2238 403 2269 carnationem
411 2236 453 2264 vel
462 2236 617 2271 passionem
628 2234 688 2269 ejus
696 2232 791 2264 tradit,
799 2232 887 2267 magis
897 2231 1003 2258 adunco

218 2291 288 2313 naso
305 2283 460 2311 irridebunt
472 2281 555 2309 veluti
570 2280 697 2311 mendax,
711 2286 791 2314 quam
817 2277 945 2304 laudibus
957 2283 1003 2304 ce-

218 2331 365 2359 lebrabunt
375 2338 382 2361 ;
393 2329 499 2363 eritque
508 2335 578 2355 anus
593 2334 639 2354 rea
649 2324 815 2353 temeritatis
830 2331 863 2351 ac
873 2323 1002 2357 blasphe-

218 2377 296 2408 miae,
306 2379 333 2404 et
347 2383 388 2402 vae
398 2374 537 2403 sortietur.
552 2382 562 2399 ι
580 2372 627 2399 Vm
636 2376 738 2402 autem.
751 2371 849 2405 inquit,
862 2376 912 2404 per
921 2374 1002 2404 quem

219 2430 319 2454 nomen
332 2429 421 2449 meum
431 2420 635 2455 blasphematur
646 2418 672 2445 in
688 2417 815 2452 gentibus
828 2415 860 2442 ".
877 2425 887 2442 ι

1051 1629 1209 1657 δεικνύουσα
1228 1629 1274 1655 τὸν
1294 1629 1358 1664 περὶ
1378 1627 1526 1664 μοναρχίας
1539 1626 1606 1653 Θεοῦ
1621 1626 1711 1661 λόγον’
1738 1627 1805 1662 περὶ
1817 1627 1845 1653 δὲ

1050 1675 1105 1702 τῶν
1121 1674 1185 1711 ἑξῆς
1198 1674 1341 1710 προπετῶς
1354 1682 1381 1700 τι
1399 1673 1437 1709 μὴ
1455 1672 1653 1708 ἀποκρινέσθω,
1669 1672 1747 1703 ὅπως
1762 1673 1801 1708 μή
1820 1680 1846 1698 τι

1051 1720 1163 1757 ἀμαθῶς
1173 1719 1344 1755 φθεγξαμένη
1353 1719 1526 1754 βλασφημίαν
1540 1718 1744 1755 προστρίψῃτῷ
1758 1717 1830 1753 λόγῳ
1838 1739 1844 1745 .

1051 1767 1152 1802 Κόκκῳ
1171 1765 1226 1801 γὰρ
1247 1765 1380 1797 σινάπεως
1400 1765 1518 1792 ἐοικέναι
1541 1763 1587 1791 τὸν
1605 1763 1685 1798 λόγον
1705 1764 1720 1790 ὀ
1743 1763 1846 1799 Κύριος

1052 1812 1222 1848 ἐδογμάτισε.
1238 1811 1323 1838 Τοῦτο
1336 1811 1425 1838 δ’ἐστὶ
1437 1810 1584 1845 διάπυρον,
1599 1806 1622 1844 ᾦ
1641 1809 1691 1836 ὲάν
1704 1817 1751 1841 τις
1766 1809 1845 1836 ἀπεί-

1055 1868 1108 1895 ρως
1121 1856 1372 1894 χρήσηται,πικρδν
1386 1857 1451 1883 αὐτὸ
1462 1856 1572 1892 εὑρήσει
1583 1864 1591 1871 ·
1606 1854 1659 1891 χρὴ
1673 1854 1731 1891 γὰρ
1747 1855 1779 1881 ὲν
1791 1856 1845 1885 τοῖς

1055 1905 1194 1940 μυστικοῖς
1210 1903 1247 1939 μὴ
1261 1903 1393 1939 προδότην
1407 1900 1488 1936 εῖναι,
1507 1901 1563 1928 ἀλλ’
1573 1900 1693 1936 ἀσφαλῆθ
1715 1902 1845 1936 παραινεῖ

1052 1951 1107 1987 γὰρ
1122 1952 1186 1986 ἡμῖν
1201 1951 1215 1977 ὁ
1227 1950 1329 1985 Κύριος
1347 1949 1444 1983 λέγων·
1463 1957 1472 1974 ι
1495 1947 1542 1983 Μὴ
1560 1946 1671 1982 βάλλετε
1690 1946 1757 1978 τοὺς
1779 1954 1844 1981 μαρ-

1053 1997 1167 2033 γαρίτας
1181 1996 1195 2023 ὑ
1200 1995 1257 2031 μῶν
1273 1994 1426 2030 ἔμπροσθεν
1440 1993 1495 2020 τῶν
1508 1993 1618 2028 χοίρων,
1636 1992 1745 2027 μήποτε
1761 2000 1843 2018 κατα-

1054 2043 1210 2078 πατήσωσιν
1221 2041 1318 2072 αὐτοὺς
1324 2041 1353 2067 ὲν
1366 2041 1422 2071 τοῖς
1430 2039 1493 2066 ποσὶ
1507 2037 1661 2071 αὺτῶν,κα“ι
1675 2037 1842 2072 στραφέντες

1055 2089 1171 2125 ῥήξωσιν
1185 2087 1267 2123 ὑμᾶς.
1278 2096 1287 2112 ι
1302 2086 1479 2118 Ἀκούσαντες
1491 2084 1546 2120 γὰρ
1559 2084 1585 2110 οι
1598 2083 1710 2111 ἄπιστοι
1724 2082 1774 2109 τὸν
1784 2082 1842 2117 περὶ

1054 2133 1172 2170 Χριστοῦ
1182 2133 1271 2166 λόγον,
1285 2132 1316 2158 οὐ
1331 2131 1455 2164 δεόντως,
1470 2130 1526 2157 ἀλλ’
1535 2129 1633 2160 ἐνδεῶς
1647 2128 1719 2164 (57),
1734 2128 1784 2155 καὶ
1799 2127 1840 2163 pt-

1053 2181 1132 2208 λιστα
1144 2179 1190 2206 τὸν
1198 2186 1231 2205 πε
1235 2178 1261 2214 pl.
1267 2175 1494 2213 ὲνσωματώσεως,
1509 2176 1526 2211 ἢ
1532 2175 1579 2201 τοῦ
1585 2174 1689 2205 πάθους
1694 2173 1791 2205 αὐτοῦ,
1799 2181 1841 2208 μυ-

1054 2226 1230 2261 κτηρίσαντες
1240 2223 1399 2259 χλευάσουσι
1412 2221 1509 2258 μᾶλλον
1515 2220 1552 2252 ὡς
1557 2219 1677 2255 ψευδῆ,ἦ
1687 2219 1838 2251 δοξάσωσι.

1055 2272 1110 2299 Καὶ
1127 2271 1217 2306 ἔνοχος
1235 2268 1290 2304 (38)
1311 2268 1386 2295 ἔσται
1408 2268 1458 2303 τῆς
1475 2265 1638 2302 προπετείας
1657 2266 1674 2300 ἡ
1696 2264 1840 2300 πρεσϐῦτις

1055 2317 1103 2344 καὶ
1128 2316 1177 2351 τῆς
1204 2313 1387 2350 βλασφημίας,
1415 2313 1463 2339 καὶ
1487 2312 1519 2338 τὸ
1544 2311 1605 2338 οὐαὶ
1631 2310 1837 2345 κληρονομήσει·

1057 2372 1067 2388 ι
1087 2362 1154 2388 Οὐαὶ
1167 2361 1206 2394 δὲ,
1221 2361 1297 2396 φησὶ,
1312 2359 1345 2386 δι’
1355 2356 1385 2386 οὗ
1400 2359 1430 2385 τὸ
1444 2357 1529 2393 ὄνομ-ά
1539 2366 1590 2393 μου
1600 2356 1801 2392 βλασφημεῖται
1813 2354 1838 2379 ἐν

1054 2410 1108 2440 τοῖς
1123 2407 1236 2434 ἔθνεσιν.
1251 2415 1261 2432 ι

254 2511 278 2528 ⁷⁸
295 2509 330 2539 Is.
347 2517 428 2539 LVIII.
445 2510 471 2536 7.
507 2508 531 2524 "
548 2507 614 2534 Dan.
631 2515 668 2536 tv.
684 2506 729 2533 24.
767 2505 790 2521 ⁷⁵
806 2503 956 2539 Provav,
972 2500 1017 2528 27.

1070 2499 1080 2539 ξ
1097 2497 1239 2539 Ριξξι-η,
1253 2495 1282 2523 ‘2.
1309 2495 1342 2539 1‘
1361 2494 1494 2527 Psal.cn,
1508 2493 1535 2521 9.
1572 2493 1594 2509 ’τ
1615 2491 1698 2519 Prov.
1717 2499 1776 2523 ns,
1792 2491 1830 2518 Π.

217 2547 244 2566 ⁷⁸
262 2530 481 2578 Ριέἷῦἕὶῗί
518 2530 735 2574 τοῑῑεὶῖιιὶξίῐιῖ,
754 2530 815 2568 51(
838 2539 860 2554 ⁸ο
881 2530 976 2565 Matth.
991 2543 1017 2563 v1

1070 2534 1093 2562 Β.
1129 2533 1151 2550 ⁸⁸
1171 2533 1224 2560 lsa.
1236 2539 1292 2564 ut,
1308 2530 1336 2558 5.

873 2665 1054 2696 VARIORUM
1071 2663 1186 2693 ΝΟΤᾸΞ.

211 2785 213 2788 Ι
256 2807 312 2840 (55)
334 2805 393 2840 Τὴν
401 2803 507 2840 χήραν.
526 2804 588 2832 Τῶν·
599 2801 707 2836 χηρῶν,
720 2799 799 2827 alter.
816 2797 920 2840 Cncn:
935 2839 948 2840 η
973 2831 979 2837 1

268 2838 312 2871 36$
332 2838 437 2867 Ἔστω.
450 2838 513 2865 Haec
528 2845 581 2865 vox
595 2841 622 2865 et
645 2841 700 2865 tres
716 2843 792 2870 seqq.
812 2838 953 2871 perperam
973 2839 1000 2859 tn

223 2872 308 2905 ult‘ero'
318 2876 481 2904 omittuntur
504 2872 542 2901 In.

1099 2793 1143 2823 37)
1168 2790 1374 2823 Ἀλλ’-ἐνδεῶς.
1389 2789 1494 2818 Desunt
1508 2789 1536 2816 in
1547 2789 1633 2816 altero
1643 2787 1706 2815 cod.
1720 2786 1757 2816 In.

1099 2794 1132 2821 37
1168 2793 1374 2823 ’ω’ὲνδεῶς.
1390 2793 1494 2818 Desunt
1508 2793 1536 2816 in
1547 2793 1633 2816 altero
1643 2793 1706 2815 cou.
1721 2793 1757 2816 ID.

1099 2793 1144 2864 53;
1165 2828 1297 2864 Ἔνοχος.
1317 2826 1394 2864 ᾼΙιθι·
1413 2823 1489 2853 addit
1507 2823 1612 2852 λοιπόν
1627 2827 1709 2859 atque
1733 2822 1824 2851 omittit

1054 2861 1109 2898 τῆς
1122 2861 1309 2899 εἰροκετειας.
1323 2861 1363 2889 In.
