1893 3109
31 151 98 179 ππ

520 150 820 180 CONSTITUTIONES
830 151 1170 181 APOSTOUCE.—LIB.
1191 150 1235 180 Ill.

1630 153 1683 182 778

31 210 80 241 ὡς
97 209 128 235 οἱ
143 207 340 244 ἐγρηγορότες·
363 208 420 235 ἀλλ’
435 208 452 243 ἢ
468 209 658 242 νυστάζουσιν,
674 209 690 244 ἢ
714 208 850 245 φλυαροῦ-
864 212 887 242 Α
901 216 921 237 αι

921 209 1057 242 dducunt,
1073 217 1129 237 non
1149 210 1271 238 sinentes
1291 210 1319 238 in
1334 209 1450 238 Domino
1463 218 1525 239 esse
1545 215 1665 240 attentos
1677 233 1686 245 ,

33 263 107 288 σιν,
133 254 152 290 ἢ
180 253 415 290 μαστροπεύουσιν
433 254 504 290 (45),
521 255 537 290 ἢ
552 255 688 288 αίτοῦσιν,
702 255 719 290 ἢ
738 255 847 291 ἐτέρους
899 256 921 282 in

921 263 954 283 no
973 255 1121 284 ellicientes
1146 259 1177 283 ut
1192 257 1262 283 tales
1284 260 1383 284 exeant
1406 257 1503 291 quales
1528 257 1686 289 intrarunt,

31 300 321 336 αἰχμαλωτίζουσιν,
349 300 535 336 προσάγοντες
571 301 611 336 τῷ
638 300 769 336 πονηρῷ,
796 300 846 327 οὐκ
899 309 921 329 ιιι

921 309 998 337 empe
1012 302 1103 334 vacui,
1126 309 1160 329 eo
1183 302 1255 337 quod
1275 310 1331 329 non
1357 303 1494 330 audierint
1511 303 1573 330 illos
1584 304 1631 338 qui
1646 305 1688 331 vel

30 347 153 379 ἐῶντες
178 347 277 379 αὐτοὺς
291 347 386 383 νήφειν
407 347 436 374 ἐν
452 347 565 383 Κυρίῳ,
587 346 655 374 ἀλλὰ
671 347 847 381 παρασκευά-

31 392 147 425 ζοντες
156 393 296 425 τοιούτους
306 394 405 425 αὐτοὺς
418 393 519 426 ἐξιέναι
533 391 583 420 οἷοι
593 393 641 420 καὶ
654 394 754 420 εἰσίασι
763 414 771 426 ,
785 392 845 420 διά-

31 447 125 466 κενοι
139 439 188 467 διὰ
195 440 225 466 τδ
240 439 278 475 μὴ
286 439 396 467 ἀκούειν
406 440 460 467 τῶν
469 440 647 467 διδασκόντων
657 439 673 475 ἢ
685 439 741 466 τῶν
748 440 845 474 ἀναγι-

31 486 215 513 νωσκόντων
229 486 274 512 τὺν
284 485 330 512 τοῦ
340 486 443 522 Κυρίου
456 486 545 520 λόγον.
554 486 622 522 Περὶ
635 486 690 521 γὰρ
699 486 752 512 τῶν
762 485 845 511 τοιού-

899 347 1016 379 docent,
1034 348 1078 375 vel
1102 348 1197 383 legunt
1224 347 1338 376 verbum
1361 348 1479 376 Domini.
1500 348 1567 376 Nam
1584 349 1618 376 de
1633 349 1686 376 hu—

896 393 1018 428 jusmodi
1036 392 1122 421 Isaias
1135 393 1268 429 propheta
1291 394 1358 421 dicit
1372 403 1379 420 :
1399 403 1409 420 ι
1429 394 1532 421 Auditu
1548 394 1665 422 audietis
1677 415 1684 425 .

897 443 925 467 et
946 447 1001 466 non
1023 439 1199 475 intelligetis;
1223 444 1251 467 et
1271 439 1395 468 videntes
1413 440 1560 472 videbitis,
1580 445 1607 468 et
1631 448 1687 468 non

899 485 992 514 scietis
1004 495 1011 513 :
1029 487 1213 513 incrassatum
1224 490 1266 513 est
1286 486 1359 513 enim
1374 493 1423 513 cor
1432 487 1526 521 populi
1535 487 1617 520 hujus
1627 487 1659 514 ³⁸.
1673 495 1684 512 ι

31 537 100 554 των
118 530 169 556 καὶ
183 530 295 561 Ἡσαΐας
308 530 322 556 ό
338 531 480 566 προφήτης
502 530 586 564 λέγει·
604 540 614 556 ‹
636 531 716 565 Ἀκοῇ
730 529 871 561 ἀκούσετε,
886 528 933 555 καὶ
949 529 979 556 οὐ
1005 529 1042 564 μὴ
1059 529 1166 565 συνῆτε·
1179 530 1226 557 καὶ
1242 530 1385 565 βλέποντες
1399 531 1509 566 βλέψετε
1520 552 1527 564 ,
1542 531 1589 558 καὶ
1602 532 1632 558 οὐ
1648 532 1685 568 μὴ

32 575 126 610 ῑδητε
137 583 144 590 ·
157 574 296 610 ἐπαχύνθη
307 575 362 610 γὰρ
374 576 391 610 ὴ
405 575 502 611 καρδία
515 575 562 601 τοῦ
573 574 637 602 λαοῦ
652 575 747 601 τούτου
757 573 822 609 (46).
830 582 839 598 ο

322 621 520 648 ΚΕΦΔΛΛΙΟΝ
538 621 574 648 Ζ’.

229 666 293 694 οἶαί
313 668 394 694 εἰσιν·
413 668 445 694 αι
464 666 659 701 ψευδοχῆραι.

76 713 140 740 Τὸν
165 712 246 739 αὑτὸν
277 711 324 740 οὖν
336 712 438 749 τρόπον
453 714 501 739 καὶ
526 713 580 740 τῶν
596 712 723 739 τοιούτων
751 711 844 747 χηρῶν

31 759 183 794 ἐκλείσθη
198 758 233 785 τὰ
246 755 302 785 ὦτα
324 759 374 794 τῆς
400 759 524 794 καρδίας,
540 760 581 790 είς
595 759 625 785 τὸ
640 759 677 794 μὴ
693 757 844 793 καθεζομέ-

33 814 93 836 νας
111 804 191 831 ἔνδον
204 805 233 830 ὲν
247 805 306 836 ταῖς
321 804 430 838 στέγαις
444 804 544 837 αὐτῶν,
560 804 721 840 προσλαλεῖν
734 803 773 839 τῷ
787 804 844 830 Κυ-

1195 618 1310 646 CAPUT
1326 619 1382 646 VII.

1071 664 1168 697 Quales
1181 670 1241 692 sunt
1252 665 1328 700 fatue
1342 667 1436 694 viduae.

929 710 971 737 Ad
979 711 1104 738 eumdem
1119 719 1183 747 ergo
1195 712 1318 744 modum,
1332 712 1588 747 hujusmodividue
1602 714 1684 741 obtu-

894 760 969 784 ratas
984 756 1086 784 habent
1097 765 1179 785 aures
1199 757 1311 791 cordis;
1333 767 1368 786 ne
1391 759 1466 787 intus
1480 760 1508 787 in
1531 760 1612 788 tectis
1626 761 1685 788 suis

894 802 1031 834 sedentes,
1043 802 1188 831 Dominum
1203 804 1388 839 alloquamur,
1404 805 1452 833 sed
1464 806 1686 834 circumcursan-

35 850 110 886 ρίῳ,
123 850 196 876 ἀλλὰ
211 850 433 886 περιτρεχούσας,
448 850 477 876 ὲν
502 851 610 886 ἐπινοίᾳ,
628 849 776 885 πορισμοῦ,
798 848 842 875 διὰ
857 840 881 870 Β
895 851 921 875 te

921 855 946 880 δ,
960 852 1081 883 quaestus
1092 850 1190 884 gratia,
1206 858 1292 886 nugas
1308 851 1423 886 agendo,
1438 852 1580 886 perﬁciant
1592 853 1686 881 adver-

33 898 101 924 τῶν
121 897 262 932 φλυαριῶν
271 897 305 928 ³⁷,
320 896 354 923 τὰ
368 896 415 923 τοῦ
437 895 624 932 ἀντικειμένου
647 895 844 930 ἐπιθυμήματα

34 943 200 978 πράσσειν.
221 944 254 969 ΑΞ
278 943 402 970 τοιαῦται
416 940 463 970 οὖν
482 943 565 978 χῆραι
588 943 619 968 οὺ
641 942 843 978 προσήρτηνται

31 990 80 1025 τῷ
99 989 291 1024 Θυσιαστηρίῳ
302 988 348 1015 τοῦ
363 988 492 1024 Χριστοῦ.
507 988 568 1015 Εἰσὶ
576 987 630 1023 γὰρ
640 987 845 1022 ἐνιαιχῆραιὲρ-

32 1035 152 1069 τασίαν
177 1034 326 1070 ἡγούμεναι
342 1035 373 1061 τὸ
388 1036 512 1071 πρᾶγμα·
530 1035 578 1061 κα)¹
600 1034 631 1066 ἐξ
643 1031 681 1060 ὧν
700 1033 845 1068 ἀναισχύνο

31 1090 100 1114 τως
134 1081 245 1108 αἰτοῦσι
263 1081 310 1108 καὶ
333 1080 480 1116 ἀπλήστως
494 1080 694 1115 λαμϐάνουσιν,
718 1079 769 1115 ἤδη
796 1079 844 1105 καὶ

31 1127 250 1163 ὀκνηροτέρους
264 1127 327 1158 τοὺς
341 1126 457 1157 πολλοὺς
471 1126 540 1161 πρὸς
553 1125 584 1152 τὺ
598 1125 698 1151 διδόναι
711 1119 843 1159 κατέστη-

32 1181 107 1200 σαν“
142 1173 205 1199 δέον
219 1171 274 1208 γὰρ
286 1171 371 1203 αὑτὰς
385 1171 529 1207 ἀρκεῖσθαι
539 1172 595 1202 τοῖς
605 1171 843 1206 ὲκκλησιαστικοῖς

31 1220 87 1246 διὰ
116 1218 285 1254 μετριότητα
300 1218 422 1253 γνώμης,
437 1218 469 1244 ἐκ
486 1217 540 1243 τῶν
563 1217 704 1248 ἐναντίων,
727 1217 843 1252 ἐμπερι-

32 1265 198 1300 τρέχουσαι
208 1264 263 1300 (47)
277 1265 339 1295 τοὺς
348 1264 402 1290 τῶν
422 1263 544 1299 πλησίων
563 1263 586 1279 ⁸⁸
599 1264 690 1295 οίκους
712 1263 844 1290 διασείου-

34 1321 98 1342 σιν,
109 1310 246 1346 εὐπορίαν
259 1310 408 1346 χρημάτων
419 1311 529 1342 ἑαυταῖς
543 1309 760 1344 ὲπισωρεύουσαι
775 1309 841 1346 (48),

34 1358 91 1384 καὶ
101 1357 155 1384 ἐπὶ
172 1357 280 1392 πικροῖς
289 1356 379 1387 τόκοις
393 1356 555 1388 δανείζουσι,
563 1356 609 1382 καὶ
619 1356 699 1391 μόνου
709 1355 756 1382 τοῦ
769 1365 842 1392 μαμ-

36 1403 129 1439 [ude
144 1401 344 1439 φροντίζουσιν·
369 1399 406 1429 ὧν
428 1403 443 1429 ὁ
465 1401 532 1433 Θεδς
549 1401 580 1428 τὸ
599 1401 749 1436 βαλάντιον·
767 1401 794 1428 αἳ
813 1402 843 1428 τὸ

35 1451 149 1485 φαγεῖν
165 1448 214 1476 καὶ
227 1449 258 1475 τὸ
273 1450 344 1475 πιεῖν
360 1448 536 1484 προκρίνουσι
559 1448 649 1483 πάσης
667 1448 776 1483 ἀρετῆς,
800 1447 844 1474 λέ-

34 1503 161 1530 γουσαι·
182 1505 192 1521 ‹
205 1495 338 1530 Φάγωμεν
352 1495 401 1522 καὶ
414 1495 532 1530 πίωμεν,
548 1493 642 1530 αὔριον
656 1494 711 1529 γὰρ
724 1493 843 1530 ἀποθνή-
855 1509 877 1538 C

36 1550 165 1573 σκομεν·
184 1551 193 1566 ι
210 1541 238 1568 αἳ
251 1541 289 1573 ὡς
301 1541 406 1568 ἑστῶτα
423 1540 510 1568 ταῦτα
531 1540 698 1574 ὲλογίσαντο,
723 1539 771 1566 καὶ
793 1540 842 1575 οὐχ

34 1589 81 1620 ὡς
99 1587 250 1623 φεύγοντα·
279 1588 296 1622 ἡ
319 1586 374 1622 γὰρ
388 1587 526 1622 ὴσκηκυία
541 1586 606 1622 περ).
627 1585 658 1612 τὺ
671 1585 842 1622 χρηματολο-

37 1635 118 1667 γεῖν,
133 1633 198 1659 ἀντὶ
210 1632 257 1659 τοῦ
272 1631 340 1659 Θεοῦ
355 1631 479 1667 λατρεύει
495 1631 534 1668 τῷ
550 1632 700 1668 μαμμωνᾷ,
714 1632 841 1659 τουτέστι

36 1679 173 1706 δουλεύει
190 1678 229 1713 τῷ
247 1678 347 1714 κέρδει·
374 1678 413 1713 τῷ
433 1678 462 1704 δὲ
475 1678 534 1713 Θεῷ
545 1677 701 1713 ἐὐάρεστος
722 1676 792 1705 εἷναι
810 1679 842 1707 οὐ

34 1726 176 1756 δύναται,
191 1725 253 1752 οὐδὲ
279 1725 339 1756 ταῖς
358 1724 496 1760 λατρείαις
513 1723 596 1751 αὑτοῦ
622 1725 752 1760 ὑπήκοος,
778 1734 842 1752 συν-

35 1772 120 1808 εχῶς
135 1771 169 1798 οὐ
184 1771 318 1806 δυναμένη
333 1770 506 1805 ἐντυγχάνειν
521 1770 605 1806 αὐτῷ,
622 1771 669 1797 ἐπὶ
683 1770 713 1797 τὸ
727 1771 844 1807 ἀργυρο-

36 1819 140 1851 λογεῖν
151 1817 198 1843 τὸν
207 1815 269 1843 νοῦν
279 1817 326 1843 καὶ
339 1817 387 1852 τὴν
401 1816 519 1844 διάθεσιν
532 1817 630 1852 έχουσα
641 1816 706 1854 (49)·
728 1817 843 1853 ἐπείπερ

37 1864 119 1890 ὅπου
134 1864 150 1889 ὁ
164 1862 309 1898 Θησαυρὸς,
325 1863 383 1888 ἐκεῖ
401 1862 448 1889 καὶ
462 1863 479 1898 ἡ
507 1862 605 1898 καρδία
627 1863 721 1898 αὐτῆς·
751 1863 780 1890 ἐν
805 1864 844 1899 νῷ

38 1911 106 1946 γὰρ
122 1908 314 1944 διαλαμϐάνει,
330 1908 382 1935 ποῦ
406 1909 525 1944 πορευθῇ
546 1909 689 1944 λήμματος
711 1909 801 1944 χάριν,
826 1910 843 1945 ἢ

39 1957 89 1983 ὅτι
113 1955 131 1990 ἠ
146 1954 222 1981 δεῖνα
246 1955 263 1990 ἠ
287 1955 351 1990 φίλη
376 1955 460 1989 αὐτῆς
479 1955 671 1990 ἐπιλέλησται,
695 1956 742 1982 καὶ
765 1956 844 1990 λόγον

39 2001 112 2027 τίνα
126 2000 215 2036 ταύτῃ
226 2002 416 2036 προσενεγκεῖν
437 2000 548 2036 ὀφείλει.
580 2001 612 2027 Ἡ
631 2001 659 2028 δὲ
673 2001 786 2028 τοιαῦτα
799 2002 844 2028 λο-

40 2047 198 2083 γιζομένη,
221 2048 313 2074 οὐκέτι
335 2048 368 2084 τῇ
395 2049 531 2083 προσευχῇ
560 2048 698 2083 προσέξει,
721 2048 789 2075 ἀλλὰ
810 2050 844 2084 τῇ

41 2094 231 2130 ὲμπιπτούσῃ
245 2094 344 2130 ὲννοίᾳ·
359 2094 401 2120 διὸ
423 2095 473 2121 κᾶν
490 2102 556 2120 ποτε
578 2094 679 2130 θελήσῃ
694 2094 845 2129 προσεύξα-

43 2141 116 2167 σθαι
131 2139 204 2176 ὑπέρ
217 2149 299 2172 τινος,
309 2141 358 2167 οὐκ
368 2139 618 2175 είσακουσθήσεται’
629 2140 659 2166 οὐ
675 2140 729 2176 γὰρ
742 2140 772 2173 ἐξ
781 2141 845 2176 ὕλης

895 894 960 922 sarii
972 895 1120 923 desideria.
1136 895 1184 923 Hae
1199 897 1283 931 igitur
1294 897 1392 930 vidum.
1408 905 1471 925 cum
1485 898 1589 926 Christi
1601 900 1683 927 altari

893 947 950 967 non
964 944 1080 974 possunt
1108 942 1273 976 comparari.
1303 942 1373 970 Sunt
1394 944 1467 970 enim
1491 945 1628 972 nonnullae
1642 947 1684 973 vi-

894 986 965 1018 duae,
979 994 1041 1021 quae
1062 987 1090 1014 in
1105 987 1182 1014 lucro
1205 996 1284 1016 omne
1301 989 1423 1017 studium
1448 998 1529 1017 suum
1556 995 1683 1026 ponunt;

894 1035 921 1059 et
935 1033 997 1067 quia
1014 1032 1186 1067 impudenter
1211 1038 1316 1068 petunt,
1343 1042 1375 1062 ac
1392 1035 1583 1064 insatiabiliter
1607 1037 1683 1064 acci-

894 1078 982 1112 piunt,
996 1078 1052 1112 jam
1068 1079 1168 1106 multos
1187 1079 1221 1106 ad
1237 1080 1409 1115 largiendum
1431 1081 1572 1116 segniores
1591 1082 1684 1110 reddi-

894 1124 994 1152 derunt
1009 1134 1015 1151 :
1032 1132 1149 1159 cumque
1171 1129 1321 1159 oporteret,
1342 1130 1372 1152 ut
1388 1134 1436 1162 per
1460 1127 1543 1154 animi
1559 1128 1685 1155 modera-

894 1169 998 1197 tionem
1026 1174 1163 1198 contentae
1191 1175 1284 1198 essent
1312 1172 1509 1201 ecclesiasticis
1531 1173 1682 1206 subsidiis,

894 1219 992 1242 contra
1033 1215 1282 1244 circumcurrentes
1331 1219 1493 1245 concutiunt
1529 1219 1684 1247 vicinorum

894 1261 1011 1295 domos,
1057 1261 1160 1289 allatim
1206 1264 1350 1298 pecuniam
1396 1265 1449 1292 sibi
1489 1267 1683 1301 congerenda,

893 1315 1002 1335 necnon
1028 1308 1127 1336 acerbo
1152 1308 1246 1336 fenore
1275 1314 1400 1337 mutuum
1430 1310 1517 1343 dant,
1544 1312 1685 1347 soliusque

893 1361 1057 1382 mammonae
1084 1362 1178 1382 curam
1204 1355 1322 1390 habent;
1339 1363 1454 1390 quarum
1471 1356 1543 1385 Deus
1567 1362 1609 1385 est
1621 1366 1685 1386 cru-

894 1408 993 1434 mena;
1014 1408 1075 1436 quae
1100 1401 1191 1428 cibum
1207 1409 1239 1428 ac
1259 1405 1354 1437 potum
1370 1403 1445 1430 omni
1458 1403 1552 1431 virtuti
1576 1409 1685 1440 antepo~

894 1451 973 1477 nunt,
1000 1447 1103 1474 aientes
1120 1456 1126 1474 :
1147 1457 1156 1471 ι
1173 1446 1293 1475 Edamus
1318 1451 1346 1475 et
1361 1448 1489 1476 bibamus
1503 1458 1510 1483 ;
1535 1457 1597 1477 cras
1612 1451 1685 1477 enim

894 1492 1044 1519 moriemur
1055 1493 1078 1509 "
1092 1502 1099 1525 ;
1128 1502 1137 1519 ι
1153 1497 1237 1528 atque
1262 1493 1330 1521 istas
1346 1501 1390 1522 res
1406 1498 1537 1531 tanquam
1571 1496 1685 1524 stabiles

895 1542 1070 1573 putaverunt,
1086 1542 1113 1566 et
1128 1547 1183 1566 non
1199 1543 1330 1574 tanquam
1346 1540 1467 1576 fugaces.
1492 1541 1560 1568 Nam
1578 1541 1606 1569 in
1617 1550 1687 1570 con-

892 1584 1033 1619 quirendis
1047 1585 1168 1612 nummis
1190 1586 1350 1618 exercitata,
1370 1593 1421 1621 pro
1435 1586 1492 1614 Deo
1516 1587 1583 1614 colit
1595 1595 1685 1614 mam-

892 1638 1014 1661 monam.
1028 1631 1080 1658 hoc
1095 1635 1148 1662 est,
1170 1631 1254 1658 servit
1281 1632 1375 1663 lucro;
1391 1638 1418 1659 at
1433 1632 1505 1667 apud
1518 1632 1602 1660 Deum
1621 1641 1686 1668 gra-

891 1676 963 1705 tiosa
979 1684 1040 1704 esse
1057 1684 1110 1704 non
1123 1681 1223 1712 potest,
1250 1685 1301 1705 nec
1319 1678 1444 1714 religioni
1458 1679 1531 1707 illius
1544 1679 1685 1715 obtempe-

892 1731 965 1756 rare,
981 1731 1043 1750 cum
1068 1723 1179 1752 assidue
1201 1732 1303 1751 numen
1318 1725 1393 1752 adire
1413 1726 1528 1760 supplex
1555 1731 1684 1760 nequeat,

892 1770 1112 1805 quandoquidem
1129 1774 1246 1797 mentem
1261 1774 1289 1797 et
1300 1771 1468 1798 voluntatem
1482 1772 1610 1806 parandis
1625 1773 1686 1807 opi-

893 1817 944 1844 bus
958 1817 1091 1844 intentam
1107 1816 1205 1843 habeat
1223 1825 1230 1843 :
1247 1816 1376 1852 quoniam
1404 1817 1451 1844 ubi
1469 1818 1628 1850 thesaurus,
1647 1817 1684 1845 ibi

893 1866 921 1889 et
935 1870 983 1889 cor
996 1861 1071 1889 illius
1085 1861 1109 1877 ⁹⁰
1127 1871 1133 1889 :
1151 1862 1286 1897 siquidem
1303 1866 1394 1890 mente
1405 1863 1585 1898 volutat,quo
1606 1870 1686 1891 acce-

893 1908 939 1935 det
962 1911 1081 1942 capturze
1091 1909 1178 1943 gratia
1191 1918 1198 1935 :
1216 1913 1263 1936 aut
1278 1908 1350 1943 quod
1368 1909 1413 1935 illa
1427 1910 1570 1944 quaepiam.
1584 1910 1683 1941 amica.

894 1953 978 1980 oblita
993 1957 1035 1981 est
1048 1955 1119 1989 ejus,
1132 1958 1159 1981 et
1183 1962 1237 1990 quo
1262 1954 1336 1981 illam
1365 1955 1446 1982 aliam
1469 1963 1595 1983 sermone
1609 1963 1686 1983 com-

894 1999 997 2034 pellare
1016 1999 1123 2027 debeat.
1150 1999 1286 2028 Caeterum
1313 2008 1375 2036 qua:
1399 2001 1464 2028 talia
1487 2005 1613 2036 reputat,
1629 2009 1684 2029 non

895 2045 1013 2080 amplius
1029 2046 1147 2073 orationi
1175 2047 1300 2078 vacabit,
1317 2047 1365 2075 sed
1384 2048 1497 2075 instanti
1511 2048 1684 2083 cogitationi.

895 2091 1066 2127 Quapropter
1077 2093 1100 2120 si
1111 2092 1182 2120 forte
1189 2101 1239 2128 pro
1250 2093 1341 2128 aliquo
1347 2094 1534 2128 precarivelit,
1543 2102 1599 2121 non
1605 2101 1686 2122 exau-

895 2138 988 2166 dietur
1002 2146 1008 2164 :
1025 2147 1082 2166 non
1097 2139 1171 2166 enim
1183 2147 1215 2166 ex
1232 2142 1291 2166 toto
1306 2139 1399 2171 corde,
1416 2139 1463 2167 sed
1478 2143 1569 2168 mente
1584 2140 1686 2167 distra—

42 2186 170 2222 καρδίας
187 2186 335 2221 προσφέρει
357 2186 406 2222 τὴν
432 2186 524 2222 δέησιν
544 2186 649 2221 Κυρίῳ,
673 2185 741 2212 ἀλλὰ
759 2187 843 2222 μέμε-
859 2184 882 2211 D
895 2188 921 2211 ct

921 2192 952 2217 ia,
971 2184 1086 2212 Domino
1112 2185 1191 2212 oﬂ‘ert
1216 2186 1413 2220 precationem.
1442 2185 1508 2219 Qua:
1523 2190 1613 2213 autem
1630 2186 1686 2214 Deo

46 2232 175 2268 ρισμένῃ
184 2232 297 2268 ὃιανοίᾳπ
325 2233 384 2267 ἡδὲ
409 2232 468 2267 Θεῷ
491 2232 640 2268 βουλομένη
655 2233 843 2268 προσανέχειν,

46 2277 200 2314 καθημένη
218 2277 300 2309 ἔνδον,
317 2279 410 2313 φρονεῖ
421 2277 456 2304 τὰ
482 2277 529 2304 τοῦ
558 2278 673 2314 Κυρίου,
688 2278 785 2310 νυκτὸς
798 2280 846 2306 καὶ

46 2324 165 2360 ἡμέρας
183 2323 385 2359 ἀκαταπαύστῳ
399 2323 512 2359 στόματι
535 2324 627 2360 δέησιν
655 2324 847 2360 προσφέρουσα

47 2369 203 2406 εἰλικρινῆ.
221 2370 324 2406 ’Ὠσπερ
337 2367 383 2396 οὖν
398 2370 445 2396 καὶ
459 2370 476 2405 ἡ
489 2370 630 2405 σοφωτάτη
652 2369 764 2405 Ἰουδὴθ,
778 2379 848 2406 μαρ-

48 2415 214 2452 τυρουμένη
228 2416 275 2442 ἐπὶ
290 2416 462 2452 σωφροσύνῃ,
478 2416 575 2448 νυκτὸς
585 2416 633 2443 καὶ
645 2416 750 2452 ἡμέρας
764 2416 848 2442 ἐδεῖτο

47 2461 102 2488 τοῦ
133 2461 202 2487 Θεοῦ
217 2462 286 2497 ὑπὲρ
300 2461 347 2488 τοῦ
370 2462 485 2498 Ἰσραήλ·
514 2462 600 2493 οὕτως
613 2460 659 2489 οὖν
678 2463 724 2489 καὶ
737 2463 753 2498 ἡ
767 2463 849 2497 ὁμοία

48 2508 127 2543 αὐτῇ
135 2507 208 2542 χήρα
214 2507 331 2540 ἔντευξιν
337 2507 545 2534 ἀκατάπαυστον
552 2508 565 2534 ὑ
570 2507 621 2543 πὲρ
627 2508 676 2544 τῆς
687 2508 849 2544 Ἐκκλησίας

89 2588 116 2623 ἶ⁶
134 2586 189 2623 Isa.
205 2595 250 2620 Vl,
265 2588 293 2615 9.
344 2587 367 2604 ⁸⁷
387 2588 423 2623 al.
441 2587 601 2623 φλοιαριῶν.

48 2624 74 2639 θ’
92 2621 193 2650 Judith
208 2630 251 2656 lx,
267 2627 294 2651 et
305 2631 357 2651 xu.
371 2623 389 2650 l.
403 2621 490 2659 lgnat.
506 2621 635 2658 interpol.
650 2623 686 2650 ad
699 2623 806 2651 Philad.
822 2624 849 2651 Δ».

654 2588 677 2604 ⁸⁸
698 2588 717 2616 f.
742 2588 891 2621 πλουσίων,
913 2589 1036 2617 divitum.
1094 2588 1117 2605 "'
1136 2588 1189 2616 lsa.
1209 2595 1284 2620 nn,
1302 2586 1346 2614 15.

898 2231 1019 2258 animum
1031 2230 1172 2259 intendere
1183 2230 1332 2264 desiderat,
1348 2231 1419 2259 intra
1435 2232 1555 2266 privatos
1568 2232 1686 2266 parietes

898 2277 1007 2310 sedens,
1018 2278 1120 2313 cogitat
1148 2286 1210 2313 quae
1232 2278 1266 2305 ad
1290 2278 1436 2306 Dominum
1465 2279 1613 2313 pertinent,
1638 2286 1687 2314 per

898 2327 1006 2351 noctem
1031 2331 1064 2352 ac
1089 2325 1161 2352 diem
1186 2332 1235 2352 ore
1262 2332 1402 2360 nunquam
1430 2329 1558 2352 cessante
1578 2332 1686 2359 precem

898 2370 1034 2398 sinceram
1050 2370 1106 2397 Deo
1129 2370 1266 2398 deferens.
1291 2370 1527 2403 Quemadmodum
1548 2377 1615 2405 ergo
1642 2377 1684 2397 sa-

900 2417 1069 2452 pientissima
1092 2417 1204 2445 Juditha
1217 2417 1252 2449 ἰ,
1267 2416 1408 2451 pudicitiae
1435 2416 1595 2443 testimonio
1615 2415 1686 2444 cele-

899 2464 967 2496 briS,
985 2468 1065 2491 nocte
1080 2471 1112 2491 ac
1131 2463 1175 2490 die
1189 2463 1274 2490 Deum
1290 2470 1340 2498 pro
1354 2462 1455 2490 lsraele
1468 2462 1665 2497 deprecabatur
1682 2467 1689 2491 ;

898 2510 936 2537 ita
952 2517 1061 2546 quoque
1072 2509 1112 2537 illi
1126 2517 1174 2545 par
1188 2509 1279 2542 vidua,
1296 2509 1482 2537 indesinenter
1493 2516 1542 2544 pro
1564 2507 1688 2535 Ecclesia

1415 2587 1438 2603 '°
1464 2586 1560 2614 Matth.
1576 2594 1614 2619 νι,
1639 2585 1686 2613 2L

709 2701 892 2731 VARIORUM
909 2703 1026 2731 NOTIE.

101 2767 150 2804 ‘5)
160 2769 474 2804 Ἦμαστροπεύουσιν.
486 2771 589 2798 Desunt
598 2771 626 2798 in
639 2770 745 2798 eodem.
758 2770 844 2799 CLsn.

102 2805 154 2841 44η
174 2805 293 2832 Τούτου.
314 2805 389 2833 Alter
411 2807 473 2834 cod.
490 2807 565 2834 addit
587 2806 634 2833 καὶ
649 2807 705 2838 τοῖς
716 2807 782 2833 ὠσὶν
801 2807 848 2841 βα-

51 2839 129 2878 ρέὼς
139 2839 271 2876 ἥκουσαν,
289 2840 361 2874 quod
372 2842 514 2875 sequentia
529 2842 610 2869 etiam
624 2842 771 2876 postulant.
787 2839 826 2869 In.

89 2875 152 2911 (47)
177 2875 467 2909 Ἐμπεριτρέχουσαι.
494 2876 525 2905 In
544 2877 619 2905 codd.
646 2877 835 2913 ὲπιτρέχουσαι

460 2897 467 2904 π
494 2894 525 2905 lu
544 2894 619 2905 Luuu-
646 2894 846 2911 ςηιιυνῡιυνυυιι,

201 2921 337 2951 ΡΑτιιοι.
361 2921 419 2953 Gn.
437 2923 462 2953 Ι.

899 2771 1144 2815 νθιηεξῖτρέχφυσαι-
1161 2772 1200 2815 Ῐυι
1228 2814 1231 2815 ν
1371 2814 1376 2815 γ
1503 2806 1573 2815 ,μμ
1596 2803 1636 2815 ψ,

936 2807 991 2842 (48)
1000 2806 1270 2849 ’ξΕπιᾳωρεύουσαμ
1278 2807 1356 2836 Alter
1365 2806 1489 2849 codicum
1503 2806 1686 2841 ὶπισωρεύουο

901 2841 944 2874 σι,
955 2842 1062 2869 melius.
1076 2841 1114 2869 In.
1395 2841 1402 2849 '
1471 2876 1477 2883 _

936 2876 992 2912 (49)
1007 2877 1153 2911 Ἔχουσα.
1168 2876 1245 2905 Alter
1258 2877 1321 2906 cod.
1335 2876 1524 2912 txs:,rectius.
1539 2873 1579 2903 ῐν.

1482 2922 1523 2953 25
