1893 3109
207 129 259 158 779

205 189 261 218 Deo
279 187 467 224 supplicabit;
490 187 539 223 qui
562 187 691 216 exaudiet
719 195 790 221 eam,
807 187 938 223 quoniam
965 188 995 216 in
1009 190 1035 221 Α

204 235 258 263 hoc
276 234 365 262 solum
386 237 477 262 mente
492 234 602 269 alligata
618 238 672 266 est,
694 238 721 261 et
735 241 824 269 neque
836 234 870 262 ad
881 234 995 262 insatia-

203 284 259 308 tam
270 279 440 311 aviditatem.
458 287 547 315 neque
565 279 600 307 ad
615 284 803 315 sumptuosam
817 280 995 315 cupiditatem

203 326 337 354 incumbit
349 335 357 359 ;
374 329 456 361 atque
468 326 566 354 oculus
578 326 640 360 ejus
648 330 692 353 est
703 330 807 357 castus,
826 326 903 354 auris
917 333 995 353 mun-

201 372 248 405 da,
263 380 362 400 manus
378 371 536 407 impollutae,
553 371 636 406 pedes
651 371 748 406 quieti,
761 379 793 399 os
808 371 928 406 denique
943 379 994 399 ne-

201 425 257 454 que
278 417 312 445 ad
327 418 487 453 ingluviem,
507 425 597 452 neque
616 417 651 445 ad
675 417 794 453 ineptias
817 421 994 453 promptum;

201 463 249 492 sed
265 464 380 499 loquens
396 463 507 499 quidem
532 471 593 499 quae
607 463 770 495 condecent,
795 470 828 491 ea
842 470 907 491 vero
924 463 995 490 dun—

203 513 279 537 taxat
308 517 421 538 sumens
445 517 507 545 qua:
527 509 715 538 sustentanda:
732 510 794 537 vine
814 510 993 537 conveniunt.

202 555 269 589 Qum
285 555 326 583 sic
346 556 428 583 fuerit
441 556 537 591 proba,
566 555 659 590 gravis
681 562 713 582 ac
728 555 833 588 sedata,
849 555 905 583 Deo
919 562 995 583 com-

202 601 321 641 placcbit
331 601 486 636 ;simulque
496 608 528 629 ac
539 601 642 636 aliquid
652 601 996 636 postulaverit,przeveniet

202 655 264 676 eam
278 648 405 683 largitio:
424 657 435 674 ι
451 647 549 675 Adhuc
570 647 655 678 enim,
682 647 782 682 inquit,
809 647 938 682 loquente
957 651 995 680 te,

203 694 294 722 dicam
313 704 320 722 ι
334 693 403 721 Ecce
418 693 515 722 adsum
531 694 564 721 ".
585 703 595 720 ι
609 692 634 710 ⁸⁸
650 693 750 721 Eadem
767 694 860 729 igitur,
875 693 911 721 sit
925 693 996 721 divi-

204 740 307 767 tiarum
322 739 518 774 contemptrix,
533 739 606 768 fastu
626 747 736 772 carens,
753 748 808 767 non
829 740 903 775 turpi
919 741 998 768 lucro

203 785 307 818 dedita,
321 793 378 813 non
403 785 589 821 inexplebilis,
614 793 669 813 non
683 794 789 819 vorax;
811 786 868 814 imo
891 790 997 822 tempe-

203 838 281 864 rans,
297 835 450 863 mansueta,
461 831 619 866 tranquilla,
628 831 767 867 religiosa,
779 833 943 865 verecunda,
959 840 999 861 se-

204 878 273 906 dens
285 878 358 905 domi
366 885 432 909 suae,
445 877 675 913 psallens,orans.
685 877 1000 913 legens,vigilans,jeju-

205 931 350 956 naus,cum
364 923 420 951 Deo
427 924 699 958 sempercolloquens
713 923 830 951 canticis
837 927 864 951 et
879 924 997 959 hymnis.

205 969 308 997 Lanam
321 969 456 1002 faciendo,
477 969 540 998 aliis
551 969 642 1004 potitus
655 969 821 1004 suppeditet,
837 977 918 1005 quam
931 971 990 1005 ipsa

205 1016 298 1052 aliquo
308 1016 442 1051 indigeat;
457 1023 561 1044 memor
570 1015 681 1043 viduzea
696 1015 811 1043 Domino
820 1015 847 1042 in
853 1015 999 1051 Evangelio

205 1063 401 1098 comprobatae,
411 1069 471 1097 quae
487 1062 599 1090 veniens
611 1060 645 1088 ad
661 1061 803 1096 templum,
820 1061 848 1088 in
863 1061 1000 1096 gazophy-

205 1108 306 1136 lacium
323 1108 397 1136 misit
411 1108 467 1135 duo
480 1115 535 1135 mra
557 1107 664 1134 minuta
675 1126 683 1138 ,
699 1106 773 1142 quod
787 1111 829 1134 est
840 1106 997 1142 quadrans;

205 1158 233 1181 at
258 1162 320 1183 eam
334 1154 451 1181 intuitus
465 1153 558 1181 cordis
569 1152 696 1188 cognitor
724 1152 852 1180 Christus
867 1152 999 1181 Dominus

205 1206 300 1228 noster
319 1208 353 1228 ac
373 1200 514 1235 magister,
530 1199 567 1226 ait
585 1207 593 1226 :
615 1208 625 1224 ί
642 1199 728 1226 Amen
743 1199 805 1226 dico
822 1199 911 1232 vobis,
926 1207 998 1234 quo-

205 1246 279 1273 niam
291 1246 350 1273 hazc
366 1245 447 1273 vidua
466 1246 527 1280 plus
541 1244 670 1272 omnibus
691 1245 766 1272 misit
783 1244 811 1272 in
835 1245 999 1280 gazophyla-

205 1291 378 1327 cium:quia
395 1299 492 1320 omnes
514 1299 548 1318 ex
570 1289 738 1318 abundantia
762 1298 813 1318 sua
841 1291 998 1325 miserunt;

205 1338 264 1366 haec
275 1343 376 1371 autem,
391 1338 425 1365 de
437 1337 564 1373 penuria,
576 1344 686 1365 omnem
704 1337 808 1364 victum
824 1345 904 1365 suum
917 1345 998 1372 quem

206 1385 302 1412 habuit
312 1384 346 1411 “.
367 1394 376 1411 ι
393 1383 486 1419 Itaque
505 1387 614 1418 oportet
627 1383 725 1411 viduas
748 1383 864 1411 honeste
889 1387 999 1412 aetatem

206 1438 297 1465 agere,
311 1430 469 1458 obedientes
482 1429 630 1464 episcopis,
642 1429 811 1464 presbyteris
820 1433 848 1457 et
861 1429 998 1462 diaconis,

206 1477 372 1511 'rnsuperque
386 1480 415 1504 et
426 1475 607 1509 diaconissis;
626 1480 793 1508 reverentes,
811 1476 997 1511 pudibundas,

206 1527 370 1554 metuentes,
385 1530 439 1550 non
455 1521 569 1550 liberius
586 1521 678 1550 vivere
692 1529 725 1549 ac
739 1522 767 1549 in
783 1529 832 1550 sua
846 1529 908 1550 esse
921 1525 997 1557 pote-
1010 1531 1031 1560 ρ

206 1573 277 1598 state
304 1569 433 1601 nitentes,
459 1576 548 1603 neque
572 1568 642 1595 citra
667 1567 858 1603 praescriptum
878 1568 998 1596 volentes

206 1615 357 1651 quidquam
378 1614 467 1642 facere
489 1614 550 1642 sine
574 1613 683 1641 diaconi
708 1612 1000 1649 voluntate;exempli

205 1669 301 1694 causa,
318 1661 342 1689 si
362 1660 530 1696 pergendum
546 1659 582 1687 sit
609 1659 643 1687 ad
672 1660 812 1695 aliquem,
836 1663 866 1687 ut
890 1667 952 1687 cum
967 1667 1001 1687 eo

206 1707 373 1740 manducent
397 1715 429 1734 ac
441 1707 548 1738 bibant,
568 1706 610 1733 vel
625 1705 729 1741 aliquid
747 1706 782 1733 ab
808 1706 901 1741 aliquo
927 1706 1001 1734 acci-

207 1754 295 1789 piant.
321 1752 370 1781 Sin
384 1761 449 1781 vero
462 1753 566 1788 injussa
584 1752 682 1779 horum
699 1752 847 1788 quidquam
860 1756 1001 1787 perpetra-

1015 864 1036 892 Β

207 1800 254 1832 rit,
267 1800 373 1836 jejunio
387 1799 517 1835 punietur
542 1802 590 1826 aut
605 1802 773 1834 segregetur,
791 1802 922 1834 tanquam
937 1805 1001 1833 pro-

207 1849 284 1874 terva
295 1849 324 1874 et
337 1845 557 1874 ineonsiderans.

500 1900 617 1930 CAP-UT
637 1901 708 1930 Vlll.

210 1947 287 1982 Quod
302 1956 354 1976 non
368 1953 482 1983 oportet,
495 1953 525 1974 ut
545 1948 578 1976 ab
598 1948 842 1984 indignitatpipiat
854 1947 944 1981 vidua,
960 1947 1000 1974 ut

398 1984 549 2018 episcopus,
564 1983 606 2011 vel
622 1982 692 2011 aliis
705 1982 804 2018 ﬁdelis.

245 2028 325 2059 Unde
339 2029 413 2058 enim
434 2029 516 2056 vidua
534 2029 622 2062 novit,
644 2029 734 2064 qualis
758 2029 795 2057 sit
815 2035 847 2056 ea
871 2028 969 2056 mulier
983 2035 1000 2056 a

208 2083 263 2112 qua
277 2075 391 2112 accipit,
409 2080 457 2103 aut
477 2083 511 2103 ex
529 2082 648 2111 quonam
671 2074 825 2103 ministerio
840 2074 999 2102 alimentum

208 2122 335 2158 apponit;
353 2126 446 2150 utrum
460 2130 494 2150 ex
506 2121 613 2158 rapina,
628 2125 676 2148 aut
684 2129 717 2149 ex
733 2121 786 2148 alia
801 2119 928 2155 quapiam
939 2124 999 2148 arte

208 2168 320 2196 illicita?
330 2167 424 2196 Nescit
437 2168 520 2196 vidua
532 2167 701 2196 reddituram
714 2174 744 2195 se
755 2165 810 2194 Deo
819 2166 953 2194 rationem
963 2166 998 2194 de

210 2214 328 2249 singulis
343 2214 420 2243 hisce
436 2215 530 2247 rebus,
546 2213 657 2250 quando
671 2213 788 2248 accipiet
803 2212 913 2248 indigne
929 2211 996 2240 Deo.
1013 2203 1038 2234 Ι)

208 2259 302 2295 Neque
314 2260 388 2288 enim
403 2260 561 2288 sacerdotes
577 2267 698 2295 unquam
719 2259 865 2286 admittent
879 2260 996 2293 sponta-

208 2313 261 2333 nea
279 2305 437 2341 huiusmodi
453 2306 576 2335 mulieris
590 2306 680 2337 dona;
693 2304 777 2332 veluti
789 2303 859 2332 furis
873 2307 921 2331 aut
936 2310 996 2330 me-

209 2351 327 2380 retricis.
342 2351 480 2387 Scriptum
494 2357 537 2380 est
547 2352 636 2379 enim:
657 2361 667 2377 ι
684 2351 744 2379 Νοη
759 2350 937 2385 concupisces
951 2357 996 2376 res

633 129 662 157 S.
682 128 883 158 CLEMENTIS
901 130 912 157 l
931 129 1015 159 ROB.
1038 129 1141 159 PONT.
1160 128 1275 158 OPERA
1293 128 1406 157 DUBIA.

1794 126 1847 155 780

1047 188 1186 225 προσοίσει
1211 187 1280 223 Θεῷ,
1288 187 1335 213 καὶ
1341 185 1527 213 είσακούσεται
1536 185 1634 221 αὐτῆς,
1639 184 1723 212 διὰτὸ
1729 184 1780 221 τὴν
1786 185 1847 211 διὰ-

1046 242 1123 261 νοιαν
1133 234 1218 269 αὐτῆς
1234 233 1302 269 πρὸς
1312 232 1383 268 μόνῳ
1391 231 1478 267 τούτῳ
1486 231 1631 267 ἠρτῆσθαι,
1638 231 1687 257 καὶ
1693 231 1766 266 μήτε
1779 230 1849 266 πρὸς

1045 279 1210 314 ἀπληστίαν,
1223 279 1292 314 μήτε
1306 278 1378 314 πρὸς
1391 277 1539 313 ἐπιθυμίαν
1550 277 1744 304 πολυδάπανον
1757 277 1848 304 ἐκκεῖ-

1046 325 1119 352 σθαι·
1127 325 1171 352 ὅτε
1178 324 1228 359 6φο
1232 324 1317 360 αλμδς
1321 324 1407 359 αὐτῆς
1413 323 1505 357 ἁγνὸς,
1511 323 1558 350 καὶ
1567 323 1583 358 ἡ
1593 323 1664 358 ἀκοὴ
1671 323 1793 358 καθαρὰ,
1801 324 1849 349 καὶ

1047 372 1075 398 αἱ
1084 373 1173 407 χεῖρες
1188 371 1346 407 ἀμόλυντοι,
1363 370 1410 396 καὶ
1423 370 1448 396 οἱ
1463 368 1542 400 πόδες
1559 369 1658 404 ἥσυχοι
1677 368 1749 403 (50),
1760 368 1809 395 καὶ
1818 368 1849 394 τὸ

1047 417 1133 452 στόμα
1146 417 1208 444 οὗτε
1226 414 1476 452 πρὸςελαιμαργίαν,
1487 414 1548 441 οὔτε
1557 414 1626 451 πρὸς
1631 414 1769 449 φλυαρίαν
1777 415 1849 440 ἕτοι-

1047 471 1108 498 μον,
1124 462 1193 489 ἀλλὰ
1206 461 1303 488 λαλοῦν
1315 462 1364 498 μὲν
1371 461 1405 488 τὰ
1417 460 1520 493 δέοντα,
1533 459 1746 496 μεταλαμϐάνον
1758 460 1788 486 δὲ
1810 457 1848 486 ὧν

1047 508 1169 544 προσῆκε
1183 507 1227 534 διὰ
1238 507 1322 543 μόνην
1330 507 1379 542 τὴν
1388 506 1526 533 σύστασιν.
1537 505 1615 534 οὕτω
1621 506 1708 542 σεμνὴ
1719 506 1771 533 καὶ
1779 506 1847 533 ἀτά-

1048 562 1129 590 ραχος
1143 553 1313 590 ὑπάρχουσα,
1327 553 1472 588 εὐάρεστος
1485 552 1561 579 ἔσται
1582 552 1622 588 τῷ
1635 552 1706 588 Θεῷ·
1723 553 1774 579 καὶ
1788 552 1849 588 ἅμα

1046 599 1085 635 τῷ
1101 599 1263 635 αἰτήσασθαι
1277 601 1362 636 αὑτήν
1384 608 1429 631 τι,
1445 598 1598 635 προφθάσει
1626 598 1713 634 αὐτὴν
1728 599 1748 634 ἡ
1761 598 1846 630 δόσι-ς’

1051 646 1192 682 «Ἔτιγὰρ
1201 645 1260 678 σοῦ,
1276 647 1353 682 φησὶ,
1363 645 1506 677 λαλοῦντος
1519 645 1584 681 ὲρῶ·
1615 645 1681 672 Ἰδοὺ
1697 645 1844 681 πάρειμι.»

1048 691 1166 729 Τοιαύτη
1182 692 1210 719 δὲ
1223 690 1302 725 οὖσα,
1332 692 1478 728 ὑπαρχέτω
1503 691 1701 727 άφιλάργυρος,
1731 692 1846 726 ἄτυφος,

1051 739 1089 775 μὴ
1103 739 1311 775 αἰσχροκερδὴςι
1337 738 1374 775 μὴ
1390 739 1537 774 ἀπληστοςς
1553 737 1592 773 μὴ
1607 737 1708 773 λίχνος·
1723 737 1784 764 ἀλλ’
1799 739 1846 772 ἑγ-

1051 785 1287 822 κρατὴς,πραεία,
1300 785 1446 821 άτάραχος,
1463 785 1591 820 εὐλαϐὴς,
1616 785 1762 820 αίδήμων.
1777 784 1844 811 καθ-

1050 832 1138 868 ημένη
1158 833 1187 859 ὲν
1210 834 1243 868 τῇ
1259 833 1333 869 οίκίᾳ
1349 833 1444 868 αὐτῆς,
1459 831 1608 868 ψάλλουσα,
1619 832 1844 867 προσευχομένη,

1049 878 1282 913 ἀναγινώσκουσα,
1299 878 1488 915 ἀγρυπνοῦσα,
1509 878 1687 913 νηστεύουσα,
1697 877 1762 912 Θεῷ
1776 877 1844 904 πὰν-

1049 932 1109 950 τοτε
1121 924 1322 960 προσομιλοῦσα
1327 924 1410 960 ᾠδαῖς
1423 924 1471 952 καὶ
1480 923 1586 960 ὕμνοις·
1597 922 1659 959 ἔριά
1668 931 1698 949 τε
1707 922 1847 958 ἐκλαμϐά-

1049 978 1132 997 νουσα
1141 991 1150 1004 ,
1167 970 1271 1006 ἑτέροις
1282 969 1381 1005 μᾶλλον
1390 969 1598 1005 ὲπιχορηγείτω,
1609 969 1684 1004 ἢπερ
1693 969 1766 1004 αὐτή
1775 977 1847 1001 τινος

1048 1016 1158 1043 δεέσθω⁶
1172 1016 1378 1052 μιμνησκομὲνη
1393 1016 1443 1052 τῆς
1455 1017 1485 1042 ἐν
1498 1015 1538 1051 τῷ
1559 1014 1721 1050 Εὑαγγελίφ
1736 1024 1846 1051 μεμαρ-

1048 1063 1206 1099 τυρημένης
1229 1062 1282 1089 ὑπὸ
1303 1062 1352 1090 τοῦ
1367 1062 1472 1096 Κυρίου
1487 1062 1585 1098 χήρας,
1599 1061 1662 1096 ἣτις
1677 1060 1799 1088 ἐλθοῦσα
1818 1062 1847 1088 ὲν

1049 1110 1087 1145 τῷ
1111 1109 1185 1145 ἱερῷ,
1202 1109 1295 1136 ἔϐαλεν
1304 1109 1344 1141 είς
1358 1108 1388 1135 τὸ
1401 1108 1600 1142 γαζοφυλάκων
1630 1107 1666 1134 τὰ
1679 1107 1729 1134 δύο
1745 1106 1845 1139 λεπτὰ,

1048 1155 1117 1192 ὅπερ
1135 1155 1193 1182 ἐστὶ
1205 1155 1364 1191 κοδράντης·
1380 1155 1427 1181 καὶ
1439 1154 1605 1189 θεασάμενος
1627 1154 1714 1189 αὐτὴν
1737 1153 1754 1180 ὸ
1776 1161 1846 1189 καρ-

1048 1201 1213 1237 διογνώστης
1227 1201 1344 1237 Χριστὸς
1358 1202 1374 1228 ό
1394 1201 1495 1236 Κύριος
1508 1200 1586 1236 ἡμῶν
1604 1201 1652 1227 καὶ
1670 1199 1845 1232 διδάσκαλος,

1049 1245 1136 1274 εἶπεν·
1145 1257 1154 1274 ι
1167 1247 1252 1283 Ἀμὴν
1267 1247 1338 1281 λέγω
1352 1247 1426 1282 ὑμῖν,
1437 1247 1478 1273 ὅτι
1487 1246 1555 1282 αὓτη
1566 1247 1583 1281 ἡ
1593 1246 1667 1282 χήρα
1677 1246 1847 1272 πλεῖονπάν-

1048 1301 1102 1320 των
1124 1293 1218 1321 ἔϐαλεν
1233 1294 1273 1325 εις
1285 1293 1316 1320 τὸ
1322 1293 1528 1328 γαζοφυλάκιον·
1548 1293 1590 1320 ὅτι
1602 1293 1628 1319 οἱ
1639 1292 1744 1323 πάντες
1756 1292 1790 1318 ἐκ
1797 1291 1846 1318 τοῦ

1048 1339 1267 1374 περισσεύματος
1281 1339 1370 1366 αὐτῶν
1384 1338 1489 1372 ἔϐαλον,
1504 1338 1573 1374 αὕτη
1591 1339 1620 1365 δὲ
1639 1339 1673 1365 ὲκ
1690 1338 1742 1365 τοῦ
1767 1339 1846 1365 ὑστε-

1051 1386 1173 1421 ρήματος
1189 1385 1250 1412 ὅλον
1264 1385 1348 1421 αὐτῆς
1367 1385 1413 1412 τὸν
1429 1385 1486 1420 βίον
1498 1385 1528 1411 ὃν
1550 1382 1617 1420 εἶχε.
1637 1394 1647 1410 ι
1672 1384 1784 1420 Σεμνὰς
1798 1382 1847 1411 οὖν

1048 1433 1089 1459 δεῖ
1103 1430 1173 1459 εἶναι
1186 1432 1236 1464 τὰς
1249 1432 1347 1468 χήρας,
1364 1430 1529 1466 πειθομένας
1547 1431 1603 1462 τοῖς
1621 1430 1787 1461 ἐπισκόποις
1799 1431 1847 1457 καὶ
1892 1464 1893 1473 γ

1049 1480 1106 1510 τοῖς
1118 1478 1314 1515 πρεσϐυτέροις
1339 1477 1387 1504 καὶ
1408 1478 1465 1509 τοῖς
1487 1476 1631 1510 διακόνοις,
1651 1475 1695 1502 ἐτι
1718 1475 1777 1511 μὴν
1799 1476 1848 1503 καὶ

1048 1527 1108 1557 ταῖς
1127 1525 1269 1558 διακόνοις,
1286 1523 1496 1559 εὐλαϐουμένας,
1511 1522 1726 1559 ὲντρεπομένας,
1744 1525 1847 1557 φοϐου-

1053 1571 1148 1607 μένας,
1165 1571 1202 1607 μὴ
1217 1568 1489 1603 κατεξουσιαξούσας,
1505 1569 1574 1605 μήτε
1589 1568 1666 1604 παρὰ
1685 1568 1739 1604 τὴν
1754 1567 1847 1595 διατα-

1051 1619 1102 1655 γήν
1119 1627 1147 1645 τι
1169 1619 1256 1644 ποιεῖν
1280 1617 1408 1648 Θελούσας
1425 1616 1486 1652 δίχα
1499 1615 1612 1651 γνώμης
1629 1614 1679 1641 τοῦ
1704 1615 1846 1648 Bassum,

1050 1662 1106 1691 οἷον
1121 1664 1151 1690 τὸ
1167 1663 1235 1700 πρός
1253 1671 1314 1689 τινα
1335 1661 1504 1693 ἀπελθούσας
1528 1661 1584 1697 (51)
1612 1660 1660 1688 in).
1687 1661 1721 1687 τὸ
1751 1663 1847 1696 φαγεῖν

1052 1711 1118 1746 παρ’
1128 1710 1203 1745 αὐτῷ
1217 1710 1264 1736 καὶ
1279 1709 1362 1742 πιεῖν,
1377 1708 1395 1744 ῆ
1409 1707 1500 1734 λαϐεῖν
1513 1716 1540 1733 τι
1558 1706 1637 1742 παρά
1662 1714 1752 1738 τινος.
1768 1707 1799 1733 Εἰ
1820 1707 1848 1734 δὲ

1052 1759 1090 1794 μὴ
1105 1757 1278 1784 κελευσθεῖσα
1288 1756 1387 1791 ποιήσῃ
1395 1755 1424 1781 ἓν
1433 1762 1461 1781 τι
1474 1753 1576 1780 τούτων
1587 1753 1656 1789 (52),
1671 1753 1848 1789 ὲπιτιμάσϐυ

1051 1804 1174 1840 νηστείᾳ,
1189 1803 1207 1838 ἢ
1223 1801 1406 1838 ἀφοριζέσθω,
1421 1800 1459 1832 ὡς
1477 1799 1628 1836 προπετὴς.

1314 1892 1513 1921 ΚΕΦΑΛΔῙΟΝ
1533 1893 1574 1919 Η’.

1051 1944 1114 1970 Ὅτι
1129 1943 1165 1970 οὐ
1179 1942 1236 1976 χρὴ
1252 1941 1331 1975 παρὰ
1341 1940 1474 1976 ἀναξίῳν
1481 1938 1648 1976 λαμϐάνειν
1662 1938 1726 1973 τὴν
1739 1938 1844 1976 χήραν,

1129 1951 1165 1970 ου
1173 1951 1236 2004 ἔβη
1252 1951 1331 1975 παρα
1341 1951 1474 1972 αναςιωτ·
1481 1951 1648 1974 ,ιαμοανειτ
1662 1951 1726 1973 τηγ-
1739 1951 1779 1973 χη

1121 1978 1141 2012 ἢ
1156 1986 1172 2004 τ
1190 1985 1210 2004 ν
1224 1977 1393 2004 ἐπίσκοπον
1406 1975 1463 2011 (55)
1474 1994 1482 2007 ,
1499 1974 1518 2008 ἢ
1535 1974 1633 2001 ἄλλον
1651 1975 1779 2001 πιστόν.

1085 2024 1118 2051 Τι
1133 2023 1187 2059 γὰρ
1194 2023 1350 2054 ἐπίσταται,
1361 2021 1442 2048 ὁποία
1451 2020 1493 2052 τίς
1502 2021 1571 2051 ἔστι,
1581 2020 1648 2055 παρ’
1657 2016 1695 2055 ἦς
1702 2019 1845 2055 λαμϐάνει,

1050 2070 1067 2106 ἢ
1082 2071 1115 2097 ὲκ
1129 2069 1255 2104 ππαπῆς
1269 2067 1408 2099 διακονίας
1422 2065 1591 2103 παραϐάλλει
1602 2065 1659 2101 (54)
1669 2065 1722 2101 τὴν
1731 2065 1845 2101 τροφὴν,

1050 2117 1164 2152 πότερον
1171 2115 1202 2148 ἐξ
1209 2115 1348 2151 ἁρπαγῆς,
1359 2114 1376 2149 ἢ
1385 2114 1482 2149 ἐτέρας
1493 2113 1565 2144 τινος
1578 2113 1610 2139 οὐ
1620 2111 1712 2148 καλῆς
1721 2112 1844 2147 ἀγωγῆς

1050 2163 1108 2190 οὑκ
1123 2161 1293 2197 ἐπισταμένη
1310 2160 1367 2196 ‘55)
1383 2161 1399 2196 ή
1414 2161 1487 2196 χήρα
1507 2160 1548 2186 ὅτι
1567 2159 1638 2195 ὑπὲρ
1653 2159 1716 2192 ἑνὸς
1730 2160 1845 2187 ἑκάστου

1049 2209 1151 2235 τούτων
1172 2207 1251 2234 δώσει
1273 2207 1351 2241 λόγον
1374 2206 1445 2242 Θεῷ,
1467 2205 1600 2241 δεχομένη
1623 2205 1747 2238 ἀναξίως
1770 2205 1844 2233 Θεοῦ·

1048 2255 1110 2282 οὕτε
1121 2254 1175 2290 γὰρ
1189 2254 1214 2281 οἱ
1231 2254 1313 2290 ἱερεῖς
1326 2252 1455 2287 τοιαύτης
1466 2251 1650 2287 ἑκουσιασμὸν
1663 2251 1791 2284 δέξονταί
1805 2259 1845 2278 ι»

1047 2309 1088 2332 τε,
1099 2298 1154 2328 οἷον
1176 2300 1312 2336 ἅρπαγος,
1329 2298 1345 2335 ἤ
1360 2298 1471 2334 πόρνης.
1495 2297 1654 2333 Γέγραπται
1672 2298 1747 2334 γάρ·
1768 2308 1778 2324 ι
1792 2298 1845 2324 οὐκ

1049 2347 1229 2383 ἐπιθυμήσεις
1243 2346 1277 2372 τὰ
1290 2344 1338 2372 τοῦ
1348 2344 1404 2381 (56)
1419 2344 1542 2380 πλησίον·
1563 2354 1572 2370 ι
1592 2344 1650 2371 καί·
1677 2354 1687 2370 ι
1707 2344 1747 2371 Οὐ
1764 2352 1843 2379 προσ-

262 2431 285 2448 ⁹¹
304 2431 356 2458 lsa.
377 2438 443 2457 Lvm
455 2450 462 2463 ,
478 2430 505 2459 9.
544 2430 566 2446 "
581 2430 600 2457 Ι.
620 2428 703 2465 lgnat.
720 2428 848 2464 intcrpol.
863 2428 898 2456 ad
912 2427 1019 2454 Philad.
1034 2426 1061 2454 4.
1099 2425 1122 2442 ⁹⁵
1143 2425 1227 2453 Marc.
1244 2432 1300 2457 xu,
1315 2424 1368 2458 45;
1388 2423 1456 2451 Luc.
1471 2431 1517 2451 ut
1528 2443 1535 2457 ,
1551 2423 1580 2452 5.

867 2515 1049 2546 VARIORUM
1067 2514 1183 2542 ΝΟΤιΕ.

248 2599 530 2640 (Ei0)'_'Ilavzm._Alter
543 2598 605 2640 cod.
618 2598 777 2640 (apsquales
795 2603 859 2640 sunt
873 2597 920 2640 qui
939 2605 994 2638 non

211 2633 285 2664 nunc
294 2633 377 2663 citato
387 2635 485 2669 gradu,
506 2641 579 2662 nunc
593 2633 681 2666 tardo,
692 2633 822 2661 incedunt
835 2643 842 2667 ;
859 2633 906 2661 sed
920 2633 996 2668 gravi

211 2675 239 2699 et
255 2672 325 2699 nari.
339 2671 424 2698 Cum.

213 2679 239 2699 et
274 2679 325 2699 an.
339 2679 424 2698 cum.

249 2679 526 2743 (leAaeJaodcrac.
543 2704 618 2732 Alter
630 2704 690 2731 cod.
707 2703 843 2738 ἀπελθεῖν,
858 2703 931 2739 quod
944 2711 1001 2730 me-

213 2741 267 2770 lius
281 2742 400 2770 videtur.
414 2741 452 2768 ID.

224 2744 267 2769 ius
281 2744 400 2770 videtur.
415 2744 452 2768 ID.

249 2776 304 2810 (52)
323 2776 446 2803 Τούτων.
475 2774 561 2810 Habet
586 2774 656 2802 idem
668 2774 722 2801 τῶν
746 2774 909 2810 εἰρημένων,
926 2773 999 2808 quod

214 2811 350 2847 glossuaiua
365 2810 479 2847 redolet.
492 2809 530 2838 lu.

253 2844 347 2883 (53)?!
356 2845 408 2875 τὸν
419 2846 595 2874 ἐπίσκοπον.
608 2844 671 2875 [hec
684 2849 710 2874 et
726 2845 868 2881 sequentia
882 2844 999 2878 inscrip-

1050 2596 1133 2624 tionis
1148 2596 1230 2624 verba
1250 2598 1324 2622 recte
1348 2594 1449 2622 absunt
1473 2594 1501 2620 in
1524 2593 1615 2621 altero
1636 2592 1698 2621 cod.
1722 2592 1840 2622 Vindob.

1089 2666 1146 2702 (54)
1163 2665 1363 2702 Παραϐάέλει.
1381 2664 1598 2702 ΑΙιοι-Αχορηγεῖ.
1613 2629 1800 2702 qtiod_:i:scio
1810 2671 1840 2691 an

1053 2710 1108 2729 non
1122 2699 1158 2729 sit
1169 2699 1271 2763 glqssa.
1283 2699 1365 2728 Certe
1375 2699 1560 2734 παραϐάλλειν
1575 2700 1668 2727 rarius
1688 2699 1742 2727 hoc
1762 2707 1839 2728 sensu

1052 2738 1185 2764 occurrit.
1215 2744 1242 2763 ο.

1088 2772 1146 2844 zzz;

1159 2773 1219 2799 Οὐκ
1233 2771 1428 2806 ἐπισταμένη.
1440 2769 1517 2806 Alter
1531 2770 1626 2806 άγνοεῖ
1643 2770 1742 2797 τοίνυν.
1761 2769 1800 2798 Ia.

1166 2807 1203 2834 Τὰ
1221 2806 1283 2834 τοῦ.
1299 2803 1374 2835 Alt'er
1396 2806 1430 2834 τὰ
1441 2805 1495 2832 τῶν
1506 2803 1565 2842 τοῦ,
1581 2805 1678 2835 eodem
1693 2812 1786 2834 sensu.
1802 2803 1834 2831 In.
