1896 3109
216 162 266 190 εδι

637 162 666 190 S.
685 161 883 191 CLEMENTIS
904 163 914 191 Ι
935 162 1019 191 ROM.
1040 162 1142 191 PONT.
1164 162 1281 191 OPERA
1300 162 1416 192 DUBIA.
1806 167 1849 195 83!

214 220 299 251 enim.
316 224 343 247 et
351 226 405 246 non
414 218 528 247 dedistis
538 218 603 246 mihi
614 218 795 251 manducare;
812 219 897 251 sitivi,
910 222 938 247 et
953 228 980 247 nt

1081 219 1207 254 Βωνύμων
1217 228 1223 234 ·
1240 219 1392 255 Πορεύεσθε
1406 220 1542 255 ἀπ’ὲμοῦ,
1558 221 1584 247 οἱ
1605 221 1806 258 κατηραμένοι.
1819 225 1850 252 εἰς

214 265 331 294 dedistis
352 265 419 292 mihi
439 270 548 301 potum;
573 265 673 300 hospes
688 273 774 297 eram,
799 269 826 293 et
843 273 897 293 non
922 266 1006 294 colle—

214 313 294 348 gistis
308 320 368 344 me;
385 312 487 343 nudus,
504 315 531 339 et
546 319 601 339 non
619 311 768 346 operuistis
785 319 845 345 me;
859 311 985 340 infirmus
996 332 1004 344 .

213 363 241 385 et
257 359 284 385 in
298 366 419 389 carcere,
431 361 458 385 et
469 365 523 385 non
539 358 673 386 visitastis
691 365 744 385 me.
763 357 841 385 Tunc
856 359 1007 393 responde-

214 405 281 438 bunt
294 407 321 431 et
335 403 396 439 ipsi,
413 403 555 431 dicentes:
575 403 698 436 Domine,
714 403 825 439 quando
840 408 866 432 te
887 405 1005 433 vidimus

213 450 393 482 esurientem,
416 455 464 476 aut
480 450 630 482 sitientem,
647 454 693 477 aut
710 450 857 485 hospitem,
882 454 930 477 aut
954 458 1005 478 nu-

213 496 290 527 dum,
305 499 352 523 aut
367 496 516 528 infirmum,
533 500 581 523 aut
601 496 628 523 in
643 503 769 529 carcere;
789 500 816 523 et
843 504 898 524 non
922 496 1004 524 mini-

213 542 362 570 stravimus
387 542 454 569 tibi?
468 541 546 569 Tunc
562 542 739 577 respondebit
758 546 786 570 et
802 542 866 574 illis,
886 543 981 570 dicens
995 552 1002 570 :

212 588 299 616 Amen
315 587 377 615 dico
393 588 482 620 vobis,
497 592 634 623 quatenus
646 595 701 615 non
716 588 821 615 fecistis
837 589 884 615 uni
906 596 938 616 ex
961 588 1004 616 his

213 634 346 666 minimis,
372 643 422 662 nec
438 635 505 661 mihi
519 634 634 662 fecistis.
654 634 686 662 Et
702 634 779 662 ibunt
795 635 822 662 hi
847 636 874 662 in
899 635 1004 670 suppli-

213 682 286 708 cium
297 685 429 709 zcternum
446 681 478 708 ⁸⁷.
499 691 508 707 ι

1058 266 1088 292 τὸ
1103 265 1158 302 πῦρ
1172 266 1202 292 τὸ
1222 265 1329 293 αἰώνιον
1349 266 1380 292 τὺ
1398 266 1600 302 ἡτοιμασμένον
1621 267 1661 302 τῷ
1680 267 1801 303 διαὸόλῳ
1813 271 1852 296 ut

1056 311 1113 343 τοῖς
1127 312 1253 346 ἀγγέλοις
1262 312 1356 339 αὑτοῦ.
1375 313 1522 340 Ἐπείνασα
1534 313 1600 348 γὰρ,
1616 314 1665 340 καὶ
1679 314 1733 340 οὐκ
1740 313 1851 342 ἐδώκατέ

1059 366 1105 393 μοι
1126 359 1234 392 φαγεῖν·
1257 358 1382 394 ἐδίψησα,
1404 359 1452 386 καὶ
1467 359 1517 386 οὐκ
1538 359 1687 386 ἐποτίσατέ
1716 369 1774 395 με·
1790 360 1852 393 ξένος

1057 405 1142 440 ήμην,
1159 405 1206 432 καὶ
1219 405 1250 432 οὐ
1266 405 1435 441 συνηγάγετὲ
1451 413 1495 441 με·
1520 406 1635 441 γυμνὸς,
1650 406 1701 433 καὶ
1717 406 1753 432 οὑ
1769 415 1852 442 περιε-

1057 449 1154 477 σάλετέ
1169 459 1219 486 με·
1235 451 1361 487 ἀσθενὴς,
1376 452 1423 478 καὶ
1437 451 1467 478 ὲν
1482 451 1600 487 φυλακῇ,
1619 452 1669 478 καὶ
1677 452 1731 478 οὐκ
1747 452 1853 479 Exsus-

1057 496 1146 532 ψασθέ
1163 505 1206 532 με.
1223 497 1290 524 Τότε
1305 497 1536 534 ἀποκριθήσονται
1551 498 1599 524 καὶ
1614 498 1704 531 αὐτοὶ,
1715 498 1852 533 λέγοντες

1059 542 1156 579 Κύριε,
1167 543 1232 570 πότε
1242 552 1271 570 σε
1280 543 1387 579 εἴδομεν
1393 543 1537 577 πεινῶντα,
1546 543 1728 580 ῆδιψῶντα,ἦ
1742 545 1826 576 ξένον,
1839 545 1852 579 ἦ

1058 588 1197 626 γυμνὸν,ἢ
1212 590 1324 625 ἀσθενῆ,
1336 590 1353 625 ἢ
1371 591 1399 616 ὲν
1413 590 1533 626 φυλακῇ,
1548 591 1596 617 καὶ
1610 591 1640 617 οὐ
1654 590 1853 626 διηκονήσαμέν

1058 643 1117 668 σοι;
1135 635 1196 662 τότε
1217 635 1433 672 ἀποκριθήσεται
1455 636 1503 663 καὶ
1523 636 1625 670 αὐτοῖς,
1639 636 1752 671 λέγων·
1778 637 1853 672 ’Δμὴν

1056 681 1128 716 λέγω
1150 681 1225 717 ὑμῖν,
1246 682 1288 717 ἐφ’
1299 682 1361 709 ὅσον
1381 683 1432 709 οὐκ
1451 683 1599 717 ἐποιήσατε
1620 683 1663 710 ἑνὶ
1679 682 1791 710 τούτων
1809 683 1854 709 τῶν

212 727 360 762 ἐλαχίστων
396 727 455 753 οὐδὲ
476 727 536 761 ἐμοὶ
556 727 712 762 ἐποιήσατε.
734 727 788 753 Καὶ
806 726 1002 753 ἀπελεύσονται
1016 723 1090 754 οὗτοι
1111 727 1152 758 εἰς
1165 726 1278 754 κόλασιν
1294 725 1412 754 αἰώνιον.
1432 736 1442 753 ι

523 794 638 823 CAPUT
655 795 687 824 ll.

212 851 288 885 Quod
304 851 429 887 fugienda
453 853 487 879 sit
512 861 571 879 cum
587 852 664 887 falsis
683 852 812 887 fratribus
827 853 1000 887 consuetudo,

400 887 463 913 dum
477 888 503 914 in
519 888 623 915 malitia
639 893 815 923 perseverant.

248 945 277 972 Si
293 945 355 982 quis
378 949 480 977 autem,
497 952 526 973 se
551 944 665 973 fratrem
689 953 752 973 esse
779 945 886 978 dicens,
900 945 1003 973 diaboli

211 993 307 1020 fraude
340 992 504 1020 maleficium
534 991 718 1024 commiserit,
741 991 943 1027 convictusque
968 991 1002 1019 ad

210 1043 324 1066 mortem
354 1038 501 1065 damnatus
531 1035 613 1065 fuerit
646 1042 776 1073 tanquam
811 1037 931 1070 adulter,
956 1043 1003 1066 aut

210 1085 363 1118 homicida;
395 1084 571 1120 digredimini
595 1084 631 1111 ab
653 1084 712 1116 illo,
732 1087 762 1111 ut
786 1083 847 1112 sitis
865 1084 1001 1117 inviolati,

209 1137 236 1159 ct
252 1139 288 1159 ne
310 1131 373 1166 quis
388 1134 512 1158 vestrum
539 1130 630 1157 veniat
656 1130 685 1157 in
711 1130 898 1165 suspicionem
926 1131 1002 1158 velut

209 1177 322 1206 sceleris
346 1177 496 1212 particeps,
526 1176 723 1212 infamiamque
751 1181 891 1213 aspergat,
921 1178 1001 1213 quasi

208 1232 305 1252 omnes
322 1224 474 1252 Christiani
488 1223 631 1258 ﬂagitiosis
650 1224 806 1251 actionibus
821 1224 1000 1253 delectentur.

207 1270 345 1303 Quocirca
365 1270 461 1305 procul
477 1270 512 1296 ab
532 1269 573 1296 eis
593 1269 726 1297 recedite.
742 1269 777 1297 At
792 1270 836 1302 iis,
860 1270 908 1305 qui
938 1278 1002 1305 pro-

208 1321 269 1352 pter
287 1316 427 1344 Christum
452 1315 617 1343 calumniam
646 1316 733 1351 passi,
749 1316 777 1343 in
795 1324 936 1344 carcerem
959 1317 1002 1344 in-

207 1363 369 1394 cluduntur,
391 1366 439 1389 aut
464 1362 546 1389 morti
571 1362 729 1393 traduntur,
751 1363 793 1390 vel
813 1362 943 1394 vinculis,
958 1363 1001 1391 vel

207 1409 323 1442 exsilio;
339 1408 479 1443 suppetias
492 1407 561 1435 ferte
571 1408 648 1435 omni
663 1408 766 1442 studio,
774 1409 895 1436 membra
910 1414 1001 1437 vestra

206 1463 241 1482 ex
268 1454 397 1482 manibus
421 1453 592 1481 nefariorum
615 1454 773 1490 eripientes.
790 1454 878 1490 Atque
899 1456 923 1484 si
938 1456 1001 1492 quis

207 1505 318 1535 propter
333 1508 380 1528 eos
395 1499 495 1527 fratres
514 1500 659 1532 assistens,
674 1501 891 1536 comprehensus
906 1501 998 1535 fuerit,

206 1551 234 1574 ct
257 1546 390 1581 iujuriose
418 1549 571 1580 tractatus,
599 1545 697 1574 beatus
722 1550 775 1578 est,
798 1547 873 1582 quod
905 1548 999 1576 socius

207 1592 348 1628 martyris,
374 1592 549 1630 imitatorque
572 1592 734 1628 passionum
765 1593 868 1621 Christi
897 1595 932 1622 sit
957 1595 999 1622 ef-

207 1640 306 1666 fectus.
330 1638 438 1666 Etenim
464 1646 515 1667 nos
535 1646 655 1674 quoque,
673 1639 776 1667 Christi
805 1647 901 1671 causa,
927 1649 999 1677 saepe

205 1685 278 1719 apud
289 1685 421 1720 Caipham
436 1688 464 1712 et
476 1685 663 1712 Alexandrum
679 1689 706 1713 et
715 1686 821 1713 Annam
834 1687 998 1715 verberibus

205 1729 305 1764 affecti,
323 1730 376 1758 lani
403 1730 550 1762 exivimus,
573 1730 646 1764 quod
671 1729 746 1764 digni
768 1729 853 1756 habiti
869 1735 995 1756 essemus

204 1779 269 1806 talia
283 1781 395 1813 propter
409 1776 578 1805 Salvatorem
589 1780 714 1804 nostrum
729 1775 785 1811 pati
797 1775 831 1803 ⁸⁸.
843 1774 899 1803 Vos
913 1775 995 1803 etiam

144 1829 156 1843 ο
205 1823 386 1858 perpetientes
402 1823 465 1855 ista,
481 1823 614 1859 gaudete;
637 1824 768 1859 quoniam
785 1824 857 1853 beati
873 1825 952 1853 eritis
968 1825 997 1853 in

205 1869 251 1896 illa
266 1868 311 1896 die
321 1869 355 1896 ".

506 1915 622 1944 CAPUT
644 1915 689 1944 Ill.

202 1971 280 2004 Quod
289 1978 394 2007 propter
405 1972 540 2000 Christum
559 1974 690 2008 oppressis
706 1978 806 2007 oporlet
823 1983 930 2002 manum
946 1973 994 2001 ad-

258 2008 385 2043 jutricem
401 2009 545 2043 porrigere,
564 2010 683 2043 quamvis
700 2009 769 2036 adsit
786 2010 941 2044 periculum.

238 2064 291 2092 Eos
312 2073 389 2095 vero.
406 2065 452 2100 qui
478 2069 592 2101 propter
608 2065 687 2093 fidem
710 2067 903 2102 exagitantur,
921 2070 947 2095 et
961 2075 995 2095 ex

202 2110 309 2138 Domini
327 2111 456 2139 mandato
474 2111 584 2148 fugiunt
605 2120 620 2139 a
637 2112 749 2139 civitate
765 2112 793 2139 in
808 2112 946 2140 civitatem
955 2113 994 2147 ’°,

201 2157 345 2193 suscipite,
359 2157 497 2193 adjuvate,
513 2158 738 2193 complectimini,
764 2163 894 2194 tanquam
921 2166 994 2186 mar—

202 2207 294 2239 tyres;
311 2204 363 2231 lacti
386 2204 458 2239 quod
474 2204 661 2239 participastis
682 2211 778 2232 eorum
796 2204 992 2239 persecutioni,

1019 893 1040 922 Β
1074 888 1254 922 συνουσίας,
1269 887 1343 915 ὅταν
1352 887 1402 915 ίὲπι

1327 796 1524 823 ΚΕΦΔΛΛΙΟΝ
1540 796 1577 824 Β’.

1057 852 1121 878 Ὀτι
1130 852 1338 891 φευκτέον-τῆς
1390 853 1454 891 τὰς]
1461 853 1535 888 πρὸς
1544 853 1615 891 τρὺς
1621 855 1854 891 ψευδαόἁιρους

1363 888 1516 923 ἓπιμέὶιωσι
1531 889 1570 924 τῇ
1578 888 1754 925 φαυλότητι
1769 888 1832 927 (72).

1089 945 1121 972 Et
1142 945 1170 972 δέ
1193 953 1235 977 τις
1255 945 1368 980 ἀδελφὸν
1385 945 1472 980 λέγων
1486 946 1581 973 ἑαυτὸν
1598 944 1680 979 εἶναι,
1702 948 1853 984 ἀπατηθεὶς

1054 990 1107 1017 ὑπὸ
1116 990 1163 1017 τοῦ
1187 991 1306 1027 πονηροῦ
1332 993 1515 1028 κακοποιήσῃ,
1533 993 1580 1019 καὶ
1603 993 1751 1029 ἐλεγχθεὶς
1773 1003 1853 1021 κατα-

1053 1037 1134 1073 κριθῇ
1167 1037 1274 1073 Θανάτῳ
1305 1038 1343 1069 ὡς
1371 1038 1484 1074 μοιχὸς.
1512 1038 1529 1074 ἢ
1553 1039 1670 1073 φονεὺς,
1702 1040 1853 1076 χωρίζεσθε

1053 1083 1100 1110 ἀπ’
1110 1084 1205 1116 αὐτοῦ,
1223 1084 1268 1111 ἵνα
1292 1081 1342 1120 ἦτε
1363 1084 1457 1112 ᾶσυλοι
1471 1085 1537 1120 (75),
1548 1085 1595 1112 καὶ
1609 1086 1646 1121 μή
1662 1094 1707 1117 τις
1718 1087 1800 1121 ὑμῶν
1821 1087 1854 1118 ὡς

1054 1130 1180 1162 κοινωνὸς
1196 1130 1244 1156 τοῦ
1270 1129 1372 1166 μύσους
1396 1130 1584 1168 ὑποπτευσθῇ,
1609 1131 1657 1158 καὶ
1681 1133 1853 1168 ωταχέητιι

1054 1175 1238 1212 βλασφημίαν,
1253 1177 1292 1208 ὡς
1314 1176 1423 1204 πάντων
1446 1178 1617 1213 Χριστιανῶν
1631 1179 1790 1214 χαιρόντων
1811 1180 1853 1205 ἐπὶ

1052 1224 1109 1254 τοῖς
1132 1223 1301 1259 παρανόμοις
1315 1223 1415 1259 ἔργοις.
1440 1224 1485 1251 Διὸ
1503 1224 1611 1260 μακρὰν
1627 1225 1677 1252 ἀπ’
1692 1225 1788 1252 αὐτῶν
1804 1236 1853 1261 χω-

1054 1270 1135 1304 ρεῖτε.
1151 1269 1215 1300 Τοῖς
1232 1269 1281 1305 μέν
1302 1278 1343 1296 τοι
1361 1269 1407 1296 διὰ
1420 1270 1536 1306 Χριστὸν
1551 1271 1610 1297 κατ’
1624 1271 1765 1306 ἐπήρειαν
1779 1272 1853 1307 παρὰ

1052 1314 1106 1340 τῶν
1120 1315 1226 1342 ἀσεϐῶν
1240 1315 1461 1351 συγκλειομένοις
1476 1317 1516 1348 εις
1530 1316 1664 1352 φυλακὴν,
1679 1316 1696 1352 ἢ
1712 1317 1787 1353 πρὸς
1806 1318 1851 1344 ea-

1051 1369 1131 1388 νατον
1144 1361 1332 1397 ὲκδιδομένοις,
1347 1361 1364 1397 ἢ
1381 1362 1449 1398 πρὸς
1463 1362 1562 1398 δεσμὰ,
1577 1363 1625 1389 καὶ
1633 1362 1761 1398 ὲξορίαν,
1778 1364 1852 1398 πάσῃ

1053 1407 1154 1443 σπονδῇ
1179 1407 1311 1443 βοηθεῖτε,
1327 1407 1362 1434 τὰ
1377 1407 1446 1443 μέλη
1464 1408 1540 1444 ὑμῶν
1559 1408 1687 1444 ρυόμενοι
1701 1409 1739 1434 ἐκ
1754 1410 1851 1445 χειρῶν

1052 1453 1190 1488 ἀθέσμων,
1214 1454 1268 1480 Καὶ
1296 1454 1344 1480 ἐάν
1366 1462 1409 1485 τις
1436 1454 1529 1485 αὐτοῖς
1551 1454 1735 1489 συγκείμενος
1758 1455 1853 1491 συλλη-

1052 1499 1106 1536 φθῇ
1118 1499 1185 1535 (74),
1205 1501 1251 1527 καὶ
1271 1500 1373 1532 αἰκίαις
1389 1500 1532 1532 ὑποπέσοι,
1549 1500 1685 1536 μακάριός
1702 1501 1795 1533 ἐστιν,
1814 1503 1851 1528 ὅτι

1052 1546 1179 1578 κοινωνὸς
1203 1546 1342 1582 μάρτυρος
1362 1546 1480 1580 ἐγένετο,
1510 1547 1557 1572 καὶ
1581 1546 1705 1582 μιμητὴς
1728 1547 1787 1574 τῶν
1808 1548 1852 1574 τοῖι

1050 1591 1170 1628 Χριστοῦ
1187 1591 1366 1628 παθημάτων.
1386 1593 1441 1620 Καὶ
1457 1591 1512 1628 γὰρ
1533 1593 1579 1618 καὶ
1595 1593 1676 1627 ἡμεῖς
1690 1593 1769 1629 ὑπὲρ
1788 1594 1852 1629 Χρε-

1051 1638 1115 1665 στοῦ
1142 1638 1271 1670 πολλάκις
1299 1639 1353 1665 ὑπὸ
1374 1639 1487 1673 Καῖάφα
1514 1639 1562 1665 καὶ
1597 1638 1779 1675 Ἀλεξάνδρου
1808 1642 1852 1667 καὶ

1051 1685 1135 1713 ’Λννα
1153 1685 1261 1721 πληγὰς
1274 1685 1410 1716 λαϐόντες,
1430 1685 1570 1720 χαίροντες
1585 1684 1711 1720 ὲξίημεν,
1732 1686 1775 1713 δτι
1790 1695 1853 1712 κατ-

1048 1731 1205 1767 ηξιώθημεν
1228 1731 1299 1767 ὑπὲρ
1312 1730 1360 1758 τοῦ
1377 1731 1503 1766 Σωτῆρος
1516 1731 1595 1766 ἡμῶν
1608 1731 1727 1758 τοιαῦτα
1742 1732 1850 1759 παθεῖν.

1048 1778 1102 1804 Καὶ
1127 1778 1205 1813 ὑμεῖς
1227 1778 1338 1814 χαίρετε
1358 1777 1445 1805 ταῦτα
1468 1777 1628 1813 πάσχοντες·
1655 1778 1698 1804 ὅτι
1715 1779 1851 1815 μακάριοι

1048 1823 1194 1859 γενήσεσθε
1208 1824 1238 1850 ὲν
1252 1824 1345 1860 ἐκείνῃ
1358 1825 1392 1859 τῇ
1406 1823 1508 1859 ἡμέρᾳ.

1322 1914 1520 1941 ΚΕΦΑΛΑΙΟΝ
1535 1914 1572 1941 Γ’.

1048 1972 1113 1999 Ὀτι
1133 1972 1196 2005 τοῖς
1218 1971 1267 1998 διὰ
1288 1971 1417 2006 Χριστὸν
1439 1971 1742 2006 πορθουμένοις-γχρὴ
1767 1972 1846 2006 χεῖρε

1214 2005 1338 2042 optma
1355 2006 1413 2035 κᾶν
1433 2005 1577 2039 κίνδυνος
1590 2005 1683 2040 παρῇ.

1081 2064 1136 2091 Καὶ
1149 2064 1212 2096 τοὺς
1226 2063 1408 2099 διωκομένους
1420 2063 1449 2090 δὲ
1463 2063 1507 2090 διὰ
1514 2063 1565 2099 τὴν
1584 2063 1689 2095 πίστιν,
1706 2065 1757 2091 καὶ
1772 2065 1843 2092 min

1044 2110 1078 2137 ἐκ
1099 2110 1204 2141 πόλεως
1226 2109 1386 2144 φεύγοντας,
1402 2109 1447 2136 διὰ
1471 2109 1521 2145 τὴν
1537 2109 1649 2145 ἐντολὴν
1667 2110 1718 2136 τοῦ
1728 2111 1841 2146 Κυρίου.

1045 2155 1288 2192 προσλαμδάνεσθε
1310 2156 1426 2187 αὐτοὺς,
1453 2155 1720 2191 ἀντιλαμδανόμενοι
1743 2157 1841 2186 αὐτῶν.
1884 2158 1885 2183 l

1045 2203 1092 2229 καὶ
1108 2202 1317 2238 προσδεχόμενοι
1335 2201 1444 2233 αὐτοὺς,
1459 2201 1498 2233 ὡς
1522 2201 1675 2238 μάρτυρας·
1700 2203 1841 2238 χαίροντες

199 2250 279 2285 gnari
303 2258 351 2278 eos
375 2258 390 2277 a
415 2250 531 2278 Domino
554 2250 650 2278 beatos
671 2250 827 2285 praedicari.
843 2249 904 2286 Ipse
916 2251 980 2278 enin

1081 2268 1083 2274 π
1107 2249 1229 2276 κοινωνοὶ
1250 2248 1339 2275 αὐτῶν
1359 2247 1408 2274 τοῦ
1435 2247 1557 2284 διωγμοῦ
1580 2248 1746 2284 γεγένησθε,
1765 2248 1840 2283 τινι-3-

200 2297 240 2323 ait
257 2305 264 2324 :
282 2305 292 2322 ι
308 2295 383 2324 Beati
406 2296 475 2324 estis
490 2304 552 2324 cum
569 2296 760 2324 maledixerint
777 2297 865 2329 vobis,
882 2301 909 2324 et
932 2304 994 2331 per-

200 2343 287 2372 secuti
303 2351 352 2371 vos
369 2343 481 2375 fuerint,
500 2348 527 2371 et
546 2343 668 2371 dixerint
682 2351 764 2371 omne
776 2343 877 2370 malum
893 2343 991 2370 adver-

199 2397 261 2415 sum
274 2389 515 2422 vos,mentientcs,
528 2393 640 2424 propter
655 2398 707 2417 me.
724 2389 846 2417 Gaudete
859 2393 886 2417 et
897 2390 991 2417 exsul-

201 2438 268 2467 tate,
283 2436 413 2470 quoniam
435 2443 542 2463 merces
558 2440 650 2463 vestra
665 2436 778 2471 copiosa
796 2439 839 2463 est
853 2436 880 2462 in
898 2435 987 2462 emlis.

200 2480 246 2508 Sic
269 2481 343 2509 enim
367 2482 504 2516 persecuti
539 2486 604 2509 sunt
630 2482 788 2517 prophetas,
805 2483 852 2518 qui
879 2482 989 2509 fuerunt

198 2531 262 2554 ante
283 2527 374 2556 vos".
397 2538 407 2554 ι
426 2527 458 2554 Et
475 2536 593 2556 rursus;
615 2538 625 2554 ι
648 2528 677 2556 Si
699 2537 741 2556 me
756 2530 892 2564 persecuti
912 2533 988 2561 sunt,

195 2577 224 2599 ct
243 2581 291 2601 vos
315 2580 515 2610 persequentur
532 2577 566 2605 9'.
590 2585 601 2602 ι
628 2575 661 2603 Ει
679 2577 786 2604 adhuc:
814 2586 823 2603 ι
850 2576 879 2604 Si
897 2585 989 2612 perse-

195 2623 316 2652 quantur
328 2628 376 2648 vos
388 2621 414 2648 in
424 2622 533 2650 civitate
543 2623 604 2656 ista,
613 2621 698 2658 fugite
707 2622 733 2649 in
743 2622 824 2650 aliam
832 2623 878 2650 "'.
890 2631 900 2648 ι
914 2622 989 2656 Quo-

1045 2303 1155 2326 σκοντες
1170 2295 1268 2326 αὐτοὺς
1282 2293 1335 2321 ὑπὸ
1352 2293 1400 2320 τοῦ
1417 2294 1521 2330 Κυρίου
1540 2294 1760 2330 μεμακαρίσθαι.
1775 2296 1840 2330 Φησὶ
1884 2307 1885 2330 3

1043 2340 1098 2376 γὰρ
1114 2341 1205 2372 αὐτός’
1224 2350 1233 2366 ι
1251 2340 1389 2376 Μακάριοι
1405 2341 1468 2367 ὲστε
1488 2340 1552 2367 ἄταν
1566 2340 1736 2367 ὀνειδίσωσιν
1760 2342 1838 2376 ὑμᾶς.

1044 2387 1091 2413 καὶ
1111 2386 1236 2419 διώξωσι.
1252 2387 1300 2413 καὶ
1310 2387 1407 2413 εἴπωσι
1430 2387 1485 2413 πᾶν
1508 2386 1625 2422 πονηρὸν
1642 2386 1720 2423 ῥῆμα
1736 2387 1797 2413 καθ’
1811 2388 1838 2413 ὺ-

1046 2432 1113 2468 μῶν,
1130 2432 1299 2468 ψευδόμενοι,
1315 2433 1407 2460 ἕνεκεν
1421 2432 1489 2468 ἐ.μοῦ
1510 2433 1628 2469 Χαίρετε
1642 2433 1690 2459 καὶ
1708 2433 1838 2467 ἀγαλᾙὶ-

1044 2479 1101 2511 005,
1117 2479 1157 2505 ὅτι
1171 2480 1185 2506 ὁ
1202 2478 1296 2515 μισθὸς
1311 2478 1388 2514 ὑμῶν
1402 2479 1485 2510 πολὺς
1498 2479 1527 2505 ὲν
1542 2480 1598 2510 τοῖς
1612 2478 1751 2514 οὐρανοῖς.
1763 2479 1837 2505 οὕτω

1041 2525 1095 2561 γὰρ
1110 2525 1221 2557 ἐδίωξαν
1244 2526 1308 2556 τοὺς
1331 2526 1483 2561 προφήτας,
1498 2525 1562 2556 τοὺς
1576 2524 1629 2560 πρὸ
1649 2525 1740 2560 ὑμῶν.
1761 2535 1769 2550 ι
1786 2525 1838 2550 Καὶ

1041 2571 1132 2598 πάλιν·
1151 2581 1160 2597 ‹
1179 2572 1210 2598 El
1234 2571 1285 2607 ἐμὲ
1308 2571 1431 2604 ἐδίωξαν,
1446 2572 1493 2598 καὶ
1515 2571 1587 2607 ὑμᾶς
1601 2571 1740 2603 διώξουσι.
1761 2581 1770 2597 ι
1785 2571 1838 2597 Καὶ

1040 2618 1117 2653 ἑξῆς·
1134 2627 1143 2643 ι
1156 2617 1217 2645 Ἐὰν
1232 2617 1365 2645 διώκωσιν
1381 2618 1452 2653 ὑμᾶς
1468 2618 1498 2644 ὲν
1512 2619 1546 2654 τῇ
1561 2617 1637 2644 πόλει
1660 2618 1761 2653 ταύτῃ,
1780 2618 1837 2651 esi-

233 2697 253 2712 ³⁷
271 2697 366 2725 Matth.
387 2706 451 2730 xxv.
474 2698 508 2725 54
523 2702 550 2725 et
571 2705 629 2731 seq.
668 2699 763 2726 "Act.
783 2707 819 2726 IV.
847 2698 879 2731 6;
897 2706 922 2728 ν,
950 2697 1052 2729 40,“.
1091 2697 1114 2714 "
1129 2696 1196 2725 Luc.
1223 2697 1319 2731 vt,22,
1335 2698 1381 2725 ‘23.
1419 2698 1443 2714 9°
1462 2697 1558 2724 Matth.
1576 2696 1663 2728 λεδ.
1702 2696 1727 2712 ἰ
1743 2696 1834 2723 Matth.

197 2739 224 2764 ν,
243 2733 283 2761 ll.
316 2734 339 2750 ν’
357 2733 438 2761 Joan.
457 2741 502 2766 xv,
518 2733 565 2761 ‘20.
605 2735 640 2751 “'
655 2733 753 2762 Matth.
772 2735 857 2768 x,23.

851 2785 1034 2814 VARIOBUM
1051 2786 1168 2814 ΝΟΤΑΕ.

231 2859 287 2893 (72)
302 2860 478 2894 Φαυλότητι.
490 2857 636 2894 Antiquior
650 2856 712 2894 cod.
734 2854 829 2894 κακίᾳ..
843 2853 945 2894 Cum:

232 2887 287 2929 {73}
304 2887 440 2923 Ἂσυλοιί
457 2894 486 2922 ln
508 2887 595 2922 altcl'o
615 2893 710 2921 codice
737 2894 790 2923 est,
807 2887 928 2926 ἄμωμοι.
943 2887 980 2915 11)-

1074 2853 1130 2891 (74)
1152 2853 1328 2891 ξυλληφθῇ.
1353 2854 1427 2883 Alter
1448 2854 1509 2883 cod.
1527 2854 1662 2891 κρατηθῇ.
1677 2853 1704 2882 lu
1722 2863 1758 2884 eo
1774 2854 1833 2883 ﬁlis

1038 2889 1135 2924 capitis
1150 2889 1236 2918 deest.
1260 2890 1296 2917 Ιυ.
