1896 3109
45 169 91 196 835

487 161 787 190 CONSTITUTIONES
806 159 1148 190 APOSTOLICE.—LIB.
1170 159 1202 188 V.

1610 162 1659 190 83‘

45 234 96 260 γετε
110 231 146 255 εις
172 222 220 259 τὴν
247 222 329 258 ἄλλην
357 221 425 258 (75).
440 222 482 248 ὅτι
510 222 540 248 ὲν
561 220 600 257 τῷ
614 221 709 256 κόσμῳ
733 219 820 255 θλίψιν

893 218 946 245 iam
962 217 990 245 in
1005 217 1107 245 mundo
1119 225 1273 252 pressuram
1292 217 1439 246 habebitis.
1453 217 1574 247 Tradent
1586 222 1659 248 enim

46 270 117 303 ἕξετε.
132 268 323 306 Παραδὼσουσι
337 267 392 304 γὰρ
420 268 492 303 ὑμᾶς
519 268 559 299 εἰς
583 267 755 300 συναγωγὰς,
775 266 822 293 καὶ

45 317 83 343 ἐπὶ
103 315 231 350 ἡγεμόνας
250 314 298 341 καὶ
312 313 432 349 βασιλεῖς
451 312 603 348 ἀχθήσεσθε
627 312 720 339 ἕνεκεν
742 311 820 346 ἐμοῦ,

45 362 78 394 είς
102 360 243 397 μαρτύριον
271 360 373 391 αὐτοῖς.
403 360 458 386 Καὶ
476 360 491 386 ὁ
513 358 663 394 ὑπομείνας
680 359 721 390 εἰς
733 357 820 389 τέλος,

44 405 109 438 οὗτος
127 406 284 441 σωθήσεται.
305 416 314 431 ι
341 406 370 432 '0
385 405 440 441 γὰρ
463 405 587 440 διωχθεὶς
602 404 694 431 ἕνεκεν
714 404 763 439 τῆς
777 404 822 430 πί-

46 462 127 485 στεως,
141 453 186 479 καὶ
202 453 381 489 μαρτυρήσας
406 452 470 488 περὶ
485 451 578 483 αὐτοῦ,
593 451 641 478 καὶ
661 450 820 486 ὑπομείνας,

44 495 109 531 οὗτος
121 498 224 534 ἀληθῶς
238 498 383 534 ἄνθρωπος
397 498 475 525 Θεοῦ.

296 544 494 571 ΚΕΦΑΔΔΙΟΝ
512 546 538 571 Δ’

45 592 98 618 Ὀτι
109 591 229 627 φρικτὸν
243 591 293 618 καὶ
307 591 452 625 ὀλέθριον,
463 591 495 618 τὸ
510 590 665 625 ἀρνεῖσθαι
681 591 818 624 Χριστόν.

76 638 102 664 ὐ
119 637 146 664 δὲ
172 638 361 673 ἀρνησάμενος
384 637 480 664 ἑαυτὸν
494 637 613 673 Χριστοῦ
637 635 717 669 εἶναι,
732 636 776 663 διὰ
789 637 820 664 τὸ

45 683 75 718 μὴ
100 684 232 718 μισεῖσθαι
253 683 306 710 ὑπὸ
329 682 491 718 ἀνθρώπων,
508 683 623 718 φιλήσας
649 683 698 719 τὴν
721 683 818 709 ἑαυτοῦ

43 729 118 764 ψυχὴν
141 729 240 765 μᾶλλον
270 729 287 764 ἦ
314 729 360 756 τὸν
381 729 494 764 Κύριον,
511 725 541 755 οὗ
564 729 581 764 ή
603 728 672 764 πνοὴ
692 728 774 755 αὑτοῦ
790 729 819 754 ὲν

42 775 102 811 χειρὶ
122 775 213 802 αὐτοῦ·
235 773 312 807 οὗτος
339 775 464 807 ἐλεεινὸς,
479 775 570 806 ἄθλιος
586 774 653 809 (76),
667 774 704 806 ὡς
718 774 819 809 ἐναγὴς

43 822 81 848 καὶ
98 821 246 856 βδελυκτός·
266 821 341 856 φίλος
364 821 414 857 μὲν
434 821 587 857 ἀνθρώπων
607 820 723 856 θελήσας
737 818 816 853 εἷναι,

43 867 124 902 ἐχθρὸς
145 867 172 894 δὲ
190 867 240 894 τοῦ
260 866 337 894 Θεοῦ·
362 867 458 903 μερίδα
471 866 562 894 λαϐὼν
574 866 666 893 οὐκέτι
682 866 751 902 μετὰ
763 866 819 894 τῶν

43 897 124 946 ait»,
138 913 207 940 ἀλλὰ
222 913 291 948 μετά
303 897 582 948 τῶνΙκατηραμένων·
612 913 672 939 ἀντὶ
682 897 742 948 ¹(77)
765 912 816 948 βα·
832 897 853 924 Β

43 957 129 990 σιλείας
141 959 342 994 εὐλογημένων,
358 959 480 995 ποθήσας
494 959 524 985 τὸ
539 959 596 994 πῦρ
609 958 640 985 τὸ
654 958 775 990 αἰώνιον,
785 959 817 986 τὸ

42 1004 226 1040 ἡτοιμασμένον
245 1005 284 1040 τῷ
307 1005 423 1040 διαϐόλῳ
445 1006 491 1032 καὶ
510 1006 567 1037 τοῖς
581 1005 708 1039 ἀγγέλοις
722 1005 815 1033 αὑτοῦο

42 1050 81 1085 οὐχ
99 1050 142 1077 ὑπ’
168 1050 320 1086 ἀνθρώπιον
341 1051 382 1078 ἔτι
411 1051 581 1087 μισούμενος,
611 1051 668 1079 ἀλλ’
695 1051 749 1078 ὑπὸ
769 1051 817 1079 τοῦ

41 1095 98 1122 Θεοῦ
122 1097 293 1132 ἀπωσμένος,
308 1097 355 1124 καὶ
375 1097 429 1124 ἀπὸ
443 1097 490 1124 τοῦ
512 1096 658 1132 προσώπου
674 1097 755 1124 αὑτοῦ
771 1098 817 1124 ὲκ-

41 1141 204 1177 6ε6λημένος.
222 1143 289 1178 Περὶ
309 1142 364 1179 γὰρ
385 1143 479 1170 τούτου
503 1143 661 1179 ἀπεφήνατο
676 1145 690 1170 ό
704 1144 816 1180 Κύριος,

41 1186 122 1220 λέγων·
135 1188 247 1220 ι”Οστις
262 1189 409 1224 ἀρνήσεται
426 1197 459 1225 με
474 1189 628 1225 ἔμπροσθεν
642 1189 695 1216 τῶν
711 1189 817 1226 ἀνθρώ-

43 1241 100 1263 πων,
113 1233 158 1259 καὶ
180 1234 351 1270 ἐπαισχυνθῇ
368 1235 423 1271 (78)
437 1235 467 1261 τὸ
480 1235 567 1270 όνομά
588 1244 650 1271 μου,
664 1236 818 1271 ἀρνήσομαι

42 1279 110 1306 αὑτὸν
132 1280 212 1314 κάγὼ
240 1281 286 1308 καὶ
313 1281 566 1316 ἐπαισχυνθήσομαι
589 1281 644 1315 (79)
665 1281 818 1317 ἔμπροσθεν

41 1325 80 1351 τοῦ
93 1326 196 1362 Πατρός
213 1335 263 1361 μου
286 1326 333 1353 τοῦ
355 1328 384 1353 ὲν
399 1327 532 1362 οὐρανοῖς.
554 1337 563 1352 ι
580 1327 634 1354 Καὶ
648 1327 729 1353 πάλιν
745 1327 818 1361 λέγει

41 1371 86 1401 τοῖς
114 1371 246 1407 μαθηταῖς
272 1371 365 1403 αὑτοῦ,
379 1372 444 1408 ἡμῖν
468 1372 568 1404 αὐτοῖς,
582 1371 677 1404 οὕτως·
698 1383 706 1398 ι
719 1373 747 1399 '0
775 1381 819 1407 φι-

41 1415 85 1442 λῶν
98 1418 200 1453 πατέρα
215 1417 232 1454 ἦ
249 1418 354 1454 μητέρα
369 1418 440 1454 ὑπὲρ
462 1419 523 1454 ἐμὲ,
540 1418 589 1445 οὐκ
604 1418 661 1445 ἐστι
672 1427 723 1454 μου
732 1418 816 1450 ἄξιος·

42 1463 81 1489 καὶ
102 1465 115 1490 ό
131 1464 217 1498 φιλῶν
247 1464 305 1490 υἱὸν
319 1464 335 1499 ἢ
351 1464 488 1500 θυγατέρα
513 1465 584 1501 ὑπὲρ
611 1465 671 1500 εμὲ,
686 1465 736 1492 οὐκ
761 1465 818 1491 ἔστι

43 1518 85 1544 μου
106 1511 185 1544 ἄξιος.
202 1511 258 1538 Καὶ
271 1511 301 1542 ὃς
314 1511 344 1537 οὺ
360 1510 492 1546 λαμϐάνει
503 1510 558 1545 (80)
572 1511 617 1537 ’τὸν
642 1510 755 1546 σταυρὸν
771 1511 820 1538 αὑ-

40 1555 89 1587 τοῦ,
106 1557 149 1584 καὶ
164 1557 308 1584 ἀκολουθεῖ
334 1557 421 1583 ὀπίσω
450 1565 511 1592 μου,
527 1557 577 1583 οὐκ
597 1556 653 1583 ἔστι
669 1565 719 1592 μου
733 1556 817 1589 ἄξιος.
833 1567 853 1596 c

47 1603 70 1628 ’0
84 1603 166 1639 εὑρὼν
188 1603 239 1640 τὴν
266 1603 354 1638 ψυχὴν
375 1602 468 1633 αὑτοῦ,
484 1602 611 1630 ἀπολέσει
625 1603 719 1638 αὐτήν·
737 1603 784 1630 καὶ
803 1603 818 1630 ό

42 1648 164 1681 ἀπολέσας
177 1650 228 1684 τὴν
243 1649 331 1684 ψυχὴν
344 1649 426 1675 αὐτοῦ
440 1649 532 1676 ἕνεκεν
548 1648 627 1684 ἐμοῦ,
644 1649 755 1684 εὑρήσει
769 1649 819 1676 αὺ-

40 1695 137 1729 τήν.’Τί
162 1695 218 1731 γὰρ
246 1695 389 1729 ὠφελεῖται
411 1694 563 1730 ἄνθρωπος,
580 1693 628 1721 ὲάν
654 1694 701 1720 τὸν
717 1693 818 1729 κόσμον

40 1741 90 1767 ὅλον
117 1741 247 1777 κερδήσῃ,
261 1741 312 1776 τὴν
338 1740 366 1767 δὲ
389 1740 478 1776 ψυχὴν
499 1739 583 1767 αὑτοῦ
606 1739 746 1775 ζημιωθῇ;
761 1739 777 1774 ἢ
792 1740 819 1766 τί

40 1786 110 1812 δώσει
136 1787 279 1823 ἄνθρωπος
305 1787 482 1822 ἀντάλλαγμα
503 1787 553 1822 τῆς
577 1785 666 1821 ψυχῆς
687 1785 787 1817 αὐτοῦς
807 1794 816 1811 ›

41 1833 87 1859 Καὶ
100 1833 168 1869 ἑξῆς·
190 1834 252 1868 «Μὴ
267 1833 403 1869 φοϐηθῆτε
423 1833 478 1860 ἀπὸ
492 1833 545 1859 τῶν
559 1831 772 1859 ἀποκτεινόντων
789 1832 820 1858 τὸ

42 1878 120 1914 σῶμα,
134 1879 182 1915 τὴν
208 1879 237 1906 δὲ
257 1879 346 1915 ψυχὴν
362 1880 398 1915 μὴ
414 1879 569 1914 δυναμένων
589 1879 758 1906 ἀποκτεῖναν
773 1887 821 1914 φο-

40 1925 130 1962 ϐήθητε
156 1927 185 1954 δὲ
216 1926 314 1962 μᾶλλον
340 1925 487 1961 δυνάμενον
510 1925 557 1952 καὶ
575 1924 665 1960 ψυχὴν
680 1925 728 1952 δια)⁵
741 1924 821 1960 σῶμα

40 1973 160 2000 ἀπολέσαι
174 1974 204 1999 ὲν
219 1973 325 2008 γεέννῃ.
346 1982 355 1998 ι

303 2029 501 2056 ΚΕΦΛΛᾹΙΟΝ
521 2029 558 2055 Ε’.

89 2076 150 2102 Ὀτι
160 2075 307 2116 ﬂiam-dor
320 2074 449 2116 Χριστὸγ
510 2074 550 2116 τῷ
564 2073 704 2116 πάσχειν,
719 2073 769 2100 καὶ

168 2110 316 2144 ζηλωτέον
334 2109 391 2143 τὴν
405 2109 498 2136 αὐτοῦ
512 2109 679 2143 ὑπομονήν.

72 2157 124 2188 Πᾶς
146 2154 194 2183 οὖν
215 2155 357 2192 μανθάνων
372 2154 469 2190 τέχνην
482 2154 553 2186 τινὰ,
569 2153 676 2190 βλέπων
691 2154 738 2181 τὸν
751 2154 824 2181 διδά-

42 2203 130 2229 σκαλον
144 2203 239 2234 αὑτοῦ,
255 2201 299 2229 διὰ
311 2202 360 2238 τῆς
388 2201 530 2237 ἐνεργείας
544 2201 591 2228 καὶ
604 2201 749 2236 ἐμπειρίας
766 2201 822 2236 (81)

872 271 922 291 vos
944 264 972 291 in
991 271 1160 299 synagogas,
1178 267 1204 291 et
1226 263 1260 290 ad
1281 264 1413 299 praesides
1431 271 1464 291 ac
1484 272 1562 300 reges
1575 265 1660 293 duce-

873 310 940 337 mini
953 313 1066 345 propter
1081 318 1134 342 me,
1151 310 1177 337 in
1197 310 1383 338 testimonium
1402 311 1468 338 illis.
1486 310 1518 338 Et
1532 311 1579 346 qui
1599 320 1661 347 per-

872 357 1040 384 severaverit
1063 364 1152 392 usque
1181 357 1208 384 in
1231 356 1323 388 ﬁnem,
1343 356 1388 384 hic
1411 357 1504 384 salvus
1525 357 1579 385 erit
1590 358 1623 385 ".
1647 367 1657 384 ι

870 401 939 429 Nam
955 403 1002 438 qui
1020 402 1082 430 ﬁdei
1100 411 1164 439 ergo
1175 410 1273 438 passus
1287 406 1330 430 est
1345 405 1574 438 persecutionem,
1587 411 1614 433 et
1626 405 1660 433 de

871 448 982 476 Christo
1010 449 1200 477 testimonium
1231 449 1381 485 perhibuit,
1407 453 1434 478 et
1459 453 1658 485 perseveravit,

871 494 916 522 hic
930 499 973 522 est
987 502 1050 522 vere
1066 495 1148 524 homo
1161 495 1219 523 Dei.

1173 541 1288 570 CAPUT
1312 541 1356 570 ιν.

871 588 948 622 Quod
976 588 1135 615 horrendum
1160 597 1192 615 ac
1208 589 1317 615 exitiale
1336 589 1371 616 sit
1395 597 1488 624 negare
1512 589 1658 617 Christum.

905 636 956 669 Qui
977 643 1042 663 vero
1058 643 1088 662 se
1110 635 1212 662 Christi
1227 643 1288 663 esse
1304 636 1454 670 negaverit.
1472 640 1502 662 ut
1523 636 1556 663 ab
1571 635 1661 662 homi-

870 683 951 710 nibus
969 682 1033 710 odio
1048 689 1102 709 non
1123 682 1266 713 habeatur,
1283 681 1465 716 dilexeritquc
1490 682 1576 717 magis
1600 683 1660 709 ani-

868 736 942 756 mam
957 736 1035 756 suam
1052 735 1134 763 quam
1149 727 1294 755 Dominum
1304 728 1337 760 ’⁸,
1354 728 1382 755 in
1399 728 1479 762 cujus
1495 736 1576 755 manu
1591 729 1660 755 resi-

868 775 914 802 det
930 774 1010 802 ﬂatus
1017 774 1121 809 ejus";
1129 775 1173 802 hic
1183 775 1346 802 miserabilis
1357 778 1383 801 ct
1395 774 1489 802 infelix
1502 778 1555 806 est,
1565 778 1660 810 utpote

867 821 1046 848 exsecrabilis
1067 824 1095 848 et
1112 820 1328 853 abominandus;
1353 821 1399 856 qui
1423 821 1535 855 quidem
1552 821 1658 848 amicus

868 866 1019 901 hominum,
1041 867 1129 895 hostis
1157 871 1248 895 autem
1273 867 1320 894 Dei
1341 875 1404 895 esse
1417 867 1520 900 voluit;
1535 869 1581 902 qui
1603 875 1658 894 non

868 913 986 948 amplius
1009 918 1114 948 partem
1134 921 1197 941 cum
1214 913 1318 940 sanctis
1332 913 1441 948 accipit,
1459 913 1506 940 sed
1522 921 1584 940 cum
1600 921 1658 940 ma-

868 958 1010 987 ledictioni
1033 959 1165 992 subditis;
1190 960 1238 994 qui
1264 967 1317 994 pro
1333 967 1416 994 regno
1439 959 1658 986 benedictionem

868 1005 1041 1040 adeptorum,
1056 1006 1190 1041 expetivit
1213 1006 1304 1041 ignem
1325 1006 1534 1041 sempiternum.
1549 1005 1659 1032 diabolo

868 1053 895 1077 et
908 1049 1012 1084 angelis
1030 1050 1090 1085 ejus
1106 1055 1230 1084 paratum
1241 1051 1281 1083 '°;
1297 1050 1344 1085 qui
1361 1058 1413 1077 non
1429 1050 1485 1085 jam
1496 1051 1529 1078 ab
1543 1051 1662 1078 homin?.

869 1095 920 1123 bus
934 1096 1029 1123 odium
1042 1100 1175 1130 reportat,
1189 1096 1236 1124 sed
1250 1104 1264 1123 a
1278 1096 1333 1124 Deo
1344 1097 1447 1132 patitur
1460 1097 1660 1131 expulsiout'm,

868 1147 895 1170 et
911 1150 926 1169 a
947 1142 1018 1170 facie
1029 1142 1090 1177 ejus
1106 1142 1224 1177 eiicitur.
1241 1142 1278 1170 De
1292 1143 1345 1171 hoc
1359 1143 1458 1178 quippe
1472 1143 1660 1177 pronuntiavit

870 1187 1012 1221 Dominus.
1029 1190 1125 1217 dicens
1143 1199 1149 1216 ι
1170 1199 1179 1215 ι
1198 1189 1250 1223 Qui
1271 1190 1410 1225 negaverit
1433 1197 1476 1217 me
1494 1197 1585 1216 coram
1608 1190 1659 1216 bo—

868 1235 1001 1268 minibus,
1019 1239 1046 1262 et
1063 1235 1206 1263 erubuerit
1220 1243 1320 1262 nomen
1336 1243 1425 1262 meum
1437 1243 1443 1268 ;
1455 1235 1557 1270 negabo
1569 1238 1596 1261 et
1611 1242 1661 1269 ego

868 1289 930 1308 cum
946 1288 979 1308 ac
993 1281 1156 1308 erubescam
1183 1289 1275 1308 coram
1300 1281 1379 1308 Patre
1394 1288 1464 1312 meo,
1477 1281 1523 1315 qui
1543 1281 1569 1308 in
1584 1281 1662 1308 cmlis

868 1331 910 1355 est.
921 1327 955 1354 ".
975 1337 985 1353 ι
1007 1326 1041 1354 Ει
1057 1327 1156 1354 iterum
1179 1327 1327 1362 discipulis
1342 1327 1412 1357 suis,
1427 1327 1507 1354 nobis
1527 1327 1606 1362 ipsis,
1621 1327 1661 1354 sic

868 1374 906 1400 ait
922 1382 928 1400 :
945 1382 954 1399 ι
974 1372 1025 1406 Qui
1041 1377 1114 1400 amat
1126 1377 1229 1408 patrem
1246 1377 1292 1400 aut
1307 1377 1420 1400 matrem
1433 1373 1495 1408 plus
1507 1381 1590 1408 quant
1606 1381 1660 1405 me,

868 1427 924 1447 non
941 1423 983 1447 est
1002 1427 1045 1447 me
1066 1419 1167 1454 dignus
1183 1428 1191 1446 ι
1207 1423 1234 1446 et
1252 1420 1298 1454 qui
1315 1423 1390 1446 amat
1416 1419 1500 1447 ﬁlium
1515 1423 1562 1446 aut
1578 1419 1662 1446 ﬁliam

870 1473 953 1500 super
971 1473 1024 1496 me.
1042 1473 1097 1492 non
1119 1469 1163 1493 est
1186 1473 1228 1492 me
1253 1465 1364 1500 dignus.
1382 1465 1414 1492 Et
1429 1466 1475 1500 qui
1491 1474 1546 1493 non
1562 1466 1662 1501 accipit

871 1519 980 1539 erucem
995 1519 1084 1541 suam.
1098 1515 1125 1539 et
1140 1512 1264 1546 sequitur
1278 1520 1335 1543 me,
1356 1519 1412 1539 non
1434 1516 1477 1540 est
1492 1520 1535 1539 me
1551 1511 1660 1547 dignus.

871 1557 922 1591 Qui
936 1557 1040 1586 invenit
1052 1557 1171 1585 animam
1186 1565 1275 1590 suam,
1286 1557 1381 1592 perdet
1392 1558 1464 1585 illam
1476 1567 1484 1590 ;
1503 1562 1527 1585 et
1541 1559 1587 1593 qui
1601 1566 1663 1593 per-

869 1603 970 1631 diderit
985 1604 1104 1631 animam
1130 1611 1207 1631 suam
1224 1607 1337 1638 propter
1353 1611 1406 1635 me,
1424 1603 1543 1631 inveniet
1557 1611 1617 1630 eam
1626 1604 1659 1630 ".

868 1648 941 1682 Quid
957 1650 1031 1677 enim
1048 1649 1160 1685 prodest
1175 1650 1291 1683 homini,
1308 1650 1331 1677 si
1349 1649 1482 1677 mundum
1501 1650 1660 1678 universum

869 1695 1000 1726 lucretur,
1018 1696 1116 1723 animm
1135 1703 1202 1723 vero
1225 1703 1281 1723 suae
1300 1695 1495 1723 detrimentum
1520 1695 1662 1730 patiatur?

869 1742 924 1769 Aut
944 1750 1026 1776 quam
1043 1742 1119 1770 dabit
1144 1742 1228 1769 homo
1246 1742 1490 1770 commutationem
1505 1749 1555 1776 pro
1569 1742 1662 1768 anima

870 1797 920 1816 sna
928 1789 972 1816 ⁹⁹τ
990 1799 1000 1815 ›
1018 1788 1051 1816 Et
1062 1794 1193 1824 praeterea
1212 1798 1218 1816 :
1238 1798 1247 1814 ι
1265 1788 1353 1815 Nolite
1365 1789 1461 1815 timere
1474 1795 1523 1816 eos
1531 1788 1577 1823 qui
1592 1788 1664 1814 oeci-

870 1835 938 1862 duut
952 1842 1064 1870 corpus,
1080 1835 1198 1862 animam
1215 1838 1306 1861 autem
1319 1842 1372 1861 non
1387 1837 1503 1869 possunt
1514 1833 1641 1860 occidere
1653 1843 1660 1860 :

871 1882 918 1909 sed
936 1881 1027 1917 potius
1050 1882 1143 1909 timete
1175 1889 1238 1908 eum
1264 1880 1310 1916 qui
1338 1884 1429 1915 potest
1448 1884 1476 1907 et
1500 1880 1620 1907 animam
1635 1884 1663 1907 et

871 1936 972 1964 corpus
989 1927 1102 1963 perdere
1117 1927 1145 1954 in
1160 1927 1313 1963 gehennam
1324 1927 1370 1954 ¹⁰⁰.
1391 1937 1401 1952 ι

1179 2027 1295 2055 CAPUT
1316 2027 1348 2055 ν.

916 2075 993 2108 Quod
1004 2075 1106 2102 imitari
1121 2079 1239 2109 oporteat
1256 2074 1392 2101 Christum
1406 2075 1432 2101 in
1445 2073 1579 2109 patiendo,
1596 2077 1622 2100 et

1065 2111 1188 2137 denudari
1204 2110 1278 2137 illius
1291 2110 1471 2137 tolerantiam.

909 2155 1041 2192 Quisquis
1056 2165 1123 2185 sane
1139 2161 1225 2184 artem
1241 2156 1361 2191 aliquam
1378 2156 1470 2188 discit,
1487 2156 1584 2183 videns
1605 2164 1663 2183 ma-

875 2203 989 2238 gistrum
1005 2211 1097 2234 suum,
1106 2203 1265 2238 operatione
1275 2207 1303 2230 et
1314 2203 1410 2238 peritia
1423 2202 1567 2230 artiﬁcium
1582 2211 1663 2230 suum

42 2248 218 2284 ἁπαριίζοντα
231 2248 281 2284 τὴν
290 2248 387 2283 τέχνην
401 2246 495 2279 αὐτοῦ,
507 2247 553 2274 κα)¹
568 2246 648 2278 αὐτὸς
663 2247 740 2282 ζηλοῖ
754 2246 821 2283 (82),

891 2249 1015 2281 erlicere,
1033 2253 1060 2276 et.
1074 2250 1132 2284 ipse
1147 2248 1267 2282 aﬂectat,
1280 2252 1310 2276 ut
1322 2249 1394 2283 quod
1409 2248 1491 2276 habet
1504 2256 1560 2283 prae
1575 2249 1665 2275 mani-

42 2294 125 2329 ὅμοιον
147 2295 223 2331 αὐτῷ
248 2294 304 2330 (85)
333 2293 493 2330 ποιήσεσθαι
519 2292 549 2319 τὸ
570 2292 749 2328 ὲγχειρισθέν·
774 2293 822 2320 ἐὰν

88 2373 109 2388 ⁹¹
122 2371 202 2400 Joan.
220 2381 274 2402 xw,
289 2373 340 2406 55;
361 2372 456 2399 Matth.
474 2380 502 2404 ι,
519 2371 563 2404 17,
591 2371 637 2400 22.
675 2372 698 2388 ’⁵
711 2370 791 2399 Joan.
805 2380 855 2403 xtl,

42 2406 164 2436 "Matth.
186 2416 216 2440 ι,
237 2407 329 2436 57-59.

875 2295 938 2326 bus.
957 2295 996 2322 illi
1010 2295 1100 2323 simile
1113 2295 1232 2329 efﬁciat;
1247 2294 1321 2330 quod
1337 2294 1361 2322 si
1379 2302 1436 2322 non
1458 2294 1593 2327 valuerit,
1608 2302 1664 2321 non

871 2372 916 2400 25.
954 2374 977 2389 ⁵⁸
989 2373 1057 2401 Dan.
1069 2383 1096 2406 ν,
1108 2374 1154 2401 25.
1192 2373 1317 2401 "Matth.
1333 2381 1398 2401 xxv.
1431 2373 1454 2389 ’⁷
1466 2373 1531 2400 Luc.
1550 2381 1589 2405 ix,
1614 2372 1660 2401 26.

366 2407 488 2434 "Matth.
513 2414 570 2439 xvi,
584 2406 630 2434 26.
665 2407 700 2424 ¹⁰ο
715 2406 808 2434 Matth.
818 2415 847 2439 Χ.
857 2407 903 2435 28.

699 2484 879 2513 νΑῐιιοίιυΜ
897 2486 1003 2514 ΝΟΤᾸΞ

74 2564 128 2600 (75)
143 2566 271 2601 Ἄλλην.
295 2565 371 2593 Alter
393 2565 502 2601 ἑτέραν,
529 2572 590 2599 qum
605 2571 685 2592 voces
708 2563 825 2592 confun-

43 2599 145 2627 duntur.
165 2600 249 2630 Cum.

76 2635 130 2671 (76)
147 2636 278 2668 Ἀθλιος,
290 2636 365 2664 Alter
380 2635 442 2663 cod.
457 2635 532 2663 addit
546 2633 610 2695 ὴιιὶιί
626 2634 687 2662 voci
700 2635 824 2669 φευκτὸς.

611 2677 638 2695 ι).

77 2705 131 2740 (77)
151 2706 242 2734 Ἀντί.
259 2706 334 2733 Alter
348 2705 409 2733 cod.
438 2705 552 2740 praeﬁgit
569 2677 683 2733 xailz'ln.

77 2740 130 2775 (78)
146 2740 204 2768 Kal
217 2740 414 2775 ἐπαισχυνθῇ.
430 2739 493 2768 Haec
503 2739 529 2767 ei.
540 2739 594 2766 duo
605 2747 681 2774 seqq.
693 2740 825 2768 vocabula

46 2775 140 2812 desunt
162 2777 192 2803 in
217 2777 302 2804 altero
321 2776 395 2808 cod.,
412 2781 441 2803 ut
466 2779 493 2803 et
516 2783 594 2810 seqq.
611 2775 827 2812 ἐπαισχυνθήσο-

49 2809 456 2885 ῗῆἓίθῗἚπαΨχυφ-ᾄήσρμαι.
469 2845 622 2885 Eleganter,
637 2846 826 2885 u_t___omnia_.__6

48 2878 206 2933 θεορἐμων
222 2878 369 2933 ςιὲἕςοῐὶιεε
379 2878 458 2933 Νῗη..
473 2878 575 2933 enim,
589 2888 626 2922 ἰ).
647 2880 710 2933 ϐξτ,
722 2880 744 2907 Α
759 2881 824 2933 ίέιςιὴ

50 2915 206 2952 ἁπαξιῶσῃς
233 2915 408 2952 ἐξαγορεῦσαι
434 2924 479 2942 σου
505 2916 555 2952 τὴν
584 2915 718 2951 ἁμαρτίαν
747 2915 825 2948 εἰδὼς

877 2566 950 2610 ὅπῳς
970 2566 1097 2610 Ἰῳέννης
1111 2565 1265 2610 ἐϐάπῑισεν,
1282 2565 1325 2610 ἵνμ
1337 2564 1386 2606 τῂν
1408 2564 1512 2610 ξκεῖθεν
1528 2563 1664 2610 ,αἰσχύνην

878 2603 912 2637 τῇ
928 2600 1043 2628 ἐνταῦθα
1064 2600 1162 2638 φύγῃς.
1180 2601 1246 2634 Qua:
1259 2600 1342 2628 verba
1356 2601 1383 2627 in
1408 2600 1545 2627 Anastasii
1562 2600 1663 2632 Qumt.

878 2644 904 2664 e.
926 2635 954 2669 6,
978 2645 1005 2671 p.
1028 2636 1072 2668 82,
1095 2637 1225 2664 dicuntur
1238 2644 1298 2663 esse
1311 2643 1344 2663 ex
1359 2636 1484 2662 oratione
1506 2635 1662 2671 inlumina,

877 2669 1038 2712 perperam;
1069 2679 1132 2699 cum
1158 2672 1214 2699 siut
1242 2671 1375 2698 orationis
1401 2671 1430 2697 in
1452 2674 1577 2698 sanctum
1597 2669 1664 2703 hap-

877 2707 970 2734 t'tsma.
982 2706 1052 2735 Cor.

891 2776 894 2777 ν
914 2742 969 2777 (80)
985 2742 1036 2774 Ὃς
1061 2743 1097 2769 οὺ
1120 2742 1272 2776 λαμϐάνει.
1295 2740 1358 2768 Haec
1381 2744 1408 2768 et
1429 2749 1505 2775 seqq.
1527 2739 1560 2766 ad
1583 2737 1664 2771 ἄξιος

880 2776 980 2804 deSunt
994 2777 1019 2803 in
1037 2778 1122 2804 altero
1137 2778 1198 2804 cod.
1214 2776 1299 2803 Cncn.

916 2812 972 2847 (81)
987 2812 1043 2839 Καὶ
1056 2812 1217 2846 ἐμπειρίας.
1235 2812 1343 2847 DeSunt
1357 2811 1384 2847 in
1397 2811 1483 2847 altero
1493 2809 1555 2837 eod.
1570 2807 1609 2836 lt).

915 2844 972 2882 (82)
983 2844 1084 2880 Ζηλοῗ.
1098 2844 1174 2874 Alter
1187 2847 1248 2874 eod.
1265 2845 1419 2882 σπουδάζει.
1433 2844 1469 2872 In.

916 2879 972 2919 (85)
988 2879 1083 2915 Αὐτῷ.
1101 2882 1182 2910 Deest
1199 2882 1228 2909 in
1242 2882 1339 2908 altero.
1355 2879 1393 2908 In.
