  <div class='ocr_page' id='page_1' title='image "/cluster/home/n/w/nwhite01/storage/ocr_20150623/1/njp.32101077772331/525.png"; bbox 0 0 1896 3109; ppageno 0'>
   <div class='ocr_carea' id='block_1_1' title="bbox 201 149 256 179">
    <p class='ocr_par' dir='ltr' id='par_1_1' title="bbox 201 149 256 179">
     <span class='ocr_line' id='line_1_1' title="bbox 201 149 256 179; baseline 0 -21"><span class='ocrx_word' id='word_1_1' title='bbox 201 149 256 179; x_wconf 57' lang='lat'><strong>833</strong></span> 
     </span>
    </p>
   </div>
   <div class='ocr_carea' id='block_1_2' title="bbox 625 149 1394 180">
    <p class='ocr_par' dir='ltr' id='par_1_2' title="bbox 625 149 1394 180">
     <span class='ocr_line' id='line_1_2' title="bbox 625 149 1394 180; baseline 0.003 -2"><span class='ocrx_word' id='word_1_2' title='bbox 625 151 653 178; x_wconf 92' lang='lat' dir='ltr'><strong>S.</strong></span> <span class='ocrx_word' id='word_1_3' title='bbox 673 149 869 180; x_wconf 74' lang='lat' dir='ltr'><strong>CLEMENTIS</strong></span> <span class='ocrx_word' id='word_1_4' title='bbox 891 152 900 179; x_wconf 97' lang='grc' dir='ltr'><strong>Ι</strong></span> <span class='ocrx_word' id='word_1_5' title='bbox 920 151 1004 179; x_wconf 75' lang='lat' dir='ltr'><strong>ROM.</strong></span> <span class='ocrx_word' id='word_1_6' title='bbox 1025 151 1125 180; x_wconf 82' lang='lat' dir='ltr'><strong>PONT.</strong></span> <span class='ocrx_word' id='word_1_7' title='bbox 1147 151 1263 180; x_wconf 78' lang='lat' dir='ltr'><strong>()PEBA</strong></span> <span class='ocrx_word' id='word_1_8' title='bbox 1281 152 1394 180; x_wconf 77' lang='lat' dir='ltr'><strong>DUBIA.</strong></span> 
     </span>
    </p>
   </div>
   <div class='ocr_carea' id='block_1_3' title="bbox 1778 151 1830 181">
    <p class='ocr_par' dir='ltr' id='par_1_3' title="bbox 1778 151 1830 181">
     <span class='ocr_line' id='line_1_3' title="bbox 1778 151 1830 181; baseline 0 0"><span class='ocrx_word' id='word_1_9' title='bbox 1778 151 1830 181; x_wconf 73' lang='lat'><strong>836</strong></span> 
     </span>
    </p>
   </div>
   <div class='ocr_carea' id='block_1_4' title="bbox 201 207 1004 245">
    <p class='ocr_par' dir='ltr' id='par_1_4' title="bbox 201 207 1004 243">
     <span class='ocr_line' id='line_1_4' title="bbox 201 207 1004 243; baseline 0 -9"><span class='ocrx_word' id='word_1_10' title='bbox 201 211 246 235; x_wconf 74' lang='lat' dir='ltr'><strong>est</strong></span> <span class='ocrx_word' id='word_1_11' title='bbox 266 208 294 234; x_wconf 89' lang='lat' dir='ltr'><strong>in</strong></span> <span class='ocrx_word' id='word_1_12' title='bbox 317 214 399 242; x_wconf 88' lang='lat' dir='ltr'><strong>opere</strong></span> <span class='ocrx_word' id='word_1_13' title='bbox 419 207 567 243; x_wconf 76' lang='lat' dir='ltr'><strong>perfectus.</strong></span> <span class='ocrx_word' id='word_1_14' title='bbox 588 207 620 234; x_wconf 88' lang='lat' dir='ltr'><strong>Et</strong></span> <span class='ocrx_word' id='word_1_15' title='bbox 644 215 694 236; x_wconf 89' lang='lat' dir='ltr'><strong>nos</strong></span> <span class='ocrx_word' id='word_1_16' title='bbox 722 208 805 243; x_wconf 78' lang='lat' dir='ltr'><strong>igitur</strong></span> <span class='ocrx_word' id='word_1_17' title='bbox 826 207 1004 242; x_wconf 23' lang='lat' dir='ltr'><strong>magistrum,</strong></span> 
     </span>
    </p>
   </div>
   <div class='ocr_carea' id='block_1_5' title="bbox 1079 207 1831 245">
    <p class='ocr_par' dir='ltr' id='par_1_5' title="bbox 1101 208 1831 245">
     <span class='ocr_line' id='line_1_5' title="bbox 1101 208 1831 245; baseline 0.003 -10"><span class='ocrx_word' id='word_1_18' title='bbox 1101 209 1241 245; x_wconf 77' lang='grc' dir='ltr'>ὲξισχύσῃ,</span> <span class='ocrx_word' id='word_1_19' title='bbox 1257 209 1306 236; x_wconf 79' lang='grc' dir='ltr'>οὐκ</span> <span class='ocrx_word' id='word_1_20' title='bbox 1332 209 1389 235; x_wconf 78' lang='grc' dir='ltr'>ἔστι</span> <span class='ocrx_word' id='word_1_21' title='bbox 1415 208 1627 244; x_wconf 72' lang='grc' dir='ltr'>τετελειωμένος</span> <span class='ocrx_word' id='word_1_22' title='bbox 1647 208 1677 234; x_wconf 76' lang='grc' dir='ltr'>ὲν</span> <span class='ocrx_word' id='word_1_23' title='bbox 1691 208 1732 244; x_wconf 81' lang='grc' dir='ltr'><strong>τῷ</strong></span> <span class='ocrx_word' id='word_1_24' title='bbox 1747 209 1831 245; x_wconf 73' lang='grc' dir='ltr'>ἔργῳ.</span> 
     </span>
    </p>
   </div>
   <div class='ocr_carea' id='block_1_6' title="bbox 203 251 984 286">
    <p class='ocr_par' dir='ltr' id='par_1_6' title="bbox 203 251 984 286">
     <span class='ocr_line' id='line_1_6' title="bbox 203 251 984 286; baseline 0 -6"><span class='ocrx_word' id='word_1_25' title='bbox 203 253 335 281; x_wconf 86' lang='lat' dir='ltr'><strong>habentes</strong></span> <span class='ocrx_word' id='word_1_26' title='bbox 371 253 515 281; x_wconf 88' lang='lat' dir='ltr'><strong>Dominum</strong></span> <span class='ocrx_word' id='word_1_27' title='bbox 548 257 672 281; x_wconf 84' lang='lat' dir='ltr'><strong>nostrum</strong></span> <span class='ocrx_word' id='word_1_28' title='bbox 709 252 802 280; x_wconf 82' lang='lat' dir='ltr'><strong>Jesum</strong></span> <span class='ocrx_word' id='word_1_29' title='bbox 834 251 984 286; x_wconf 81' lang='lat' dir='ltr'><strong>Chi-istum,</strong></span> 
     </span>
    </p>
   </div>
   <div class='ocr_carea' id='block_1_7' title="bbox 202 298 987 334">
    <p class='ocr_par' dir='ltr' id='par_1_7' title="bbox 202 298 987 334">
     <span class='ocr_line' id='line_1_7' title="bbox 202 298 987 334; baseline -0.001 -8"><span class='ocrx_word' id='word_1_30' title='bbox 202 306 287 334; x_wconf 89' lang='lat' dir='ltr'><strong>quare</strong></span> <span class='ocrx_word' id='word_1_31' title='bbox 302 298 454 326; x_wconf 73' lang='lat' dir='ltr'><strong>doctrinam</strong></span> <span class='ocrx_word' id='word_1_32' title='bbox 473 299 534 334; x_wconf 83' lang='lat' dir='ltr'><strong>ejus</strong></span> <span class='ocrx_word' id='word_1_33' title='bbox 554 306 608 326; x_wconf 93' lang='lat' dir='ltr'><strong>non</strong></span> <span class='ocrx_word' id='word_1_34' title='bbox 625 298 926 332; x_wconf 83' lang='lat' dir='ltr'><strong>imitamur?Quoniam</strong></span> <span class='ocrx_word' id='word_1_35' title='bbox 942 298 987 326; x_wconf 90' lang='lat' dir='ltr'><strong>ille</strong></span> 
     </span>
    </p>
   </div>
   <div class='ocr_carea' id='block_1_8' title="bbox 203 344 986 380">
    <p class='ocr_par' dir='ltr' id='par_1_8' title="bbox 203 344 986 380">
     <span class='ocr_line' id='line_1_8' title="bbox 203 344 986 380; baseline 0.003 -10"><span class='ocrx_word' id='word_1_36' title='bbox 203 344 311 379; x_wconf 89' lang='lat' dir='ltr'><strong>quidem</strong></span> <span class='ocrx_word' id='word_1_37' title='bbox 325 344 491 372; x_wconf 72' lang='lat' dir='ltr'><strong>renuntiavit</strong></span> <span class='ocrx_word' id='word_1_38' title='bbox 501 345 627 376; x_wconf 72' lang='lat' dir='ltr'><strong>licentiae,</strong></span> <span class='ocrx_word' id='word_1_39' title='bbox 637 344 752 376; x_wconf 83' lang='lat' dir='ltr'><strong>deliciis.</strong></span> <span class='ocrx_word' id='word_1_40' title='bbox 762 345 864 380; x_wconf 67' lang='lat' dir='ltr'><strong>gloriae,</strong></span> <span class='ocrx_word' id='word_1_41' title='bbox 872 344 986 376; x_wconf 79' lang='lat' dir='ltr'><strong>divitiil,</strong></span> 
     </span>
    </p>
   </div>
   <div class='ocr_carea' id='block_1_9' title="bbox 203 389 986 424">
    <p class='ocr_par' dir='ltr' id='par_1_9' title="bbox 203 389 986 424">
     <span class='ocr_line' id='line_1_9' title="bbox 203 389 986 424; baseline 0 -8"><span class='ocrx_word' id='word_1_42' title='bbox 203 389 297 422; x_wconf 71' lang='lat' dir='ltr'><strong>tastui,</strong></span> <span class='ocrx_word' id='word_1_43' title='bbox 314 391 442 424; x_wconf 70' lang='lat' dir='ltr'><strong>potentiae</strong></span> <span class='ocrx_word' id='word_1_44' title='bbox 468 390 572 422; x_wconf 91' lang='lat' dir='ltr'><strong>ultrici,</strong></span> <span class='ocrx_word' id='word_1_45' title='bbox 598 391 679 417; x_wconf 90' lang='lat' dir='ltr'><strong>matri</strong></span> <span class='ocrx_word' id='word_1_46' title='bbox 709 398 741 418; x_wconf 92' lang='lat' dir='ltr'><strong>ac</strong></span> <span class='ocrx_word' id='word_1_47' title='bbox 769 390 910 422; x_wconf 80' lang='lat' dir='ltr'><strong>fratribus,</strong></span> <span class='ocrx_word' id='word_1_48' title='bbox 928 393 986 417; x_wconf 90' lang='lat' dir='ltr'><strong>tum</strong></span> 
     </span>
    </p>
   </div>
   <div class='ocr_carea' id='block_1_10' title="bbox 202 435 988 471">
    <p class='ocr_par' dir='ltr' id='par_1_10' title="bbox 202 435 988 471">
     <span class='ocr_line' id='line_1_10' title="bbox 202 435 988 471; baseline 0 -9"><span class='ocrx_word' id='word_1_49' title='bbox 202 435 284 462; x_wconf 88' lang='lat' dir='ltr'><strong>etiam</strong></span> <span class='ocrx_word' id='word_1_50' title='bbox 306 436 422 470; x_wconf 60' lang='lat' dir='ltr'><strong>propria</strong></span> <span class='ocrx_word' id='word_1_51' title='bbox 447 435 526 468; x_wconf 66' lang='lat' dir='ltr'><strong>vitae;</strong></span> <span class='ocrx_word' id='word_1_52' title='bbox 544 435 626 471; x_wconf 90' lang='lat' dir='ltr'><strong>idque</strong></span> <span class='ocrx_word' id='word_1_53' title='bbox 649 435 685 463; x_wconf 85' lang='lat' dir='ltr'><strong>ob</strong></span> <span class='ocrx_word' id='word_1_54' title='bbox 704 435 831 470; x_wconf 87' lang='lat' dir='ltr'><strong>pietatem</strong></span> <span class='ocrx_word' id='word_1_55' title='bbox 853 442 918 471; x_wconf 80' lang='lat' dir='ltr'><strong>erga</strong></span> <span class='ocrx_word' id='word_1_56' title='bbox 936 435 988 462; x_wconf 89' lang='lat' dir='ltr'><strong>Pa-</strong></span> 
     </span>
    </p>
   </div>
   <div class='ocr_carea' id='block_1_11' title="bbox 203 481 987 516">
    <p class='ocr_par' dir='ltr' id='par_1_11' title="bbox 203 481 987 516">
     <span class='ocr_line' id='line_1_11' title="bbox 203 481 987 516; baseline 0 -8"><span class='ocrx_word' id='word_1_57' title='bbox 203 486 283 513; x_wconf 89' lang='lat' dir='ltr'><strong>trem,</strong></span> <span class='ocrx_word' id='word_1_58' title='bbox 294 485 321 508; x_wconf 87' lang='lat' dir='ltr'><strong>et</strong></span> <span class='ocrx_word' id='word_1_59' title='bbox 337 481 373 508; x_wconf 92' lang='lat' dir='ltr'><strong>ob</strong></span> <span class='ocrx_word' id='word_1_60' title='bbox 387 481 583 516; x_wconf 79' lang='lat' dir='ltr'><strong>benignitatem</strong></span> <span class='ocrx_word' id='word_1_61' title='bbox 601 482 627 508; x_wconf 94' lang='lat' dir='ltr'><strong>in</strong></span> <span class='ocrx_word' id='word_1_62' title='bbox 642 488 710 514; x_wconf 82' lang='lat' dir='ltr'><strong>nos;</strong></span> <span class='ocrx_word' id='word_1_63' title='bbox 726 489 825 516; x_wconf 88' lang='lat' dir='ltr'><strong>passus</strong></span> <span class='ocrx_word' id='word_1_64' title='bbox 840 489 893 508; x_wconf 89' lang='lat' dir='ltr'><strong>non</strong></span> <span class='ocrx_word' id='word_1_65' title='bbox 907 481 987 508; x_wconf 83' lang='lat' dir='ltr'><strong>modo</strong></span> 
     </span>
    </p>
   </div>
   <div class='ocr_carea' id='block_1_12' title="bbox 205 526 987 561">
    <p class='ocr_par' dir='ltr' id='par_1_12' title="bbox 205 526 987 561">
     <span class='ocr_line' id='line_1_12' title="bbox 205 526 987 561; baseline -0.001 -7"><span class='ocrx_word' id='word_1_66' title='bbox 205 527 422 561; x_wconf 78' lang='lat' dir='ltr'><strong>persecutionem</strong></span> <span class='ocrx_word' id='word_1_67' title='bbox 447 535 480 554; x_wconf 88' lang='lat' dir='ltr'><strong>ac</strong></span> <span class='ocrx_word' id='word_1_68' title='bbox 508 527 634 559; x_wconf 85' lang='lat' dir='ltr'><strong>verbera,</strong></span> <span class='ocrx_word' id='word_1_69' title='bbox 658 527 836 561; x_wconf 76' lang='lat' dir='ltr'><strong>ignominiam</strong></span> <span class='ocrx_word' id='word_1_70' title='bbox 861 534 892 553; x_wconf 88' lang='lat' dir='ltr'><strong>ac</strong></span> <span class='ocrx_word' id='word_1_71' title='bbox 917 526 987 553; x_wconf 90' lang='lat' dir='ltr'><strong>ludi-</strong></span> 
     </span>
    </p>
   </div>
   <div class='ocr_carea' id='block_1_13' title="bbox 205 572 986 607">
    <p class='ocr_par' dir='ltr' id='par_1_13' title="bbox 205 572 986 607">
     <span class='ocr_line' id='line_1_13' title="bbox 205 572 986 607; baseline -0.001 -8"><span class='ocrx_word' id='word_1_72' title='bbox 205 573 305 603; x_wconf 89' lang='lat' dir='ltr'><strong>brium,</strong></span> <span class='ocrx_word' id='word_1_73' title='bbox 319 573 365 600; x_wconf 82' lang='lat' dir='ltr'><strong>sed</strong></span> <span class='ocrx_word' id='word_1_74' title='bbox 377 576 404 600; x_wconf 90' lang='lat' dir='ltr'><strong>et</strong></span> <span class='ocrx_word' id='word_1_75' title='bbox 411 573 467 607; x_wconf 85' lang='lat' dir='ltr'><strong>jam</strong></span> <span class='ocrx_word' id='word_1_76' title='bbox 482 573 697 607; x_wconf 85' lang='lat' dir='ltr'><strong>compactionem</strong></span> <span class='ocrx_word' id='word_1_77' title='bbox 718 572 750 599; x_wconf 91' lang='lat' dir='ltr'><strong>ad</strong></span> <span class='ocrx_word' id='word_1_78' title='bbox 769 572 871 607; x_wconf 79' lang='lat' dir='ltr'><strong>lignum</strong></span> <span class='ocrx_word' id='word_1_79' title='bbox 884 572 986 604; x_wconf 86' lang='lat' dir='ltr'><strong>erucis,</strong></span> 
     </span>
    </p>
   </div>
   <div class='ocr_carea' id='block_1_14' title="bbox 206 618 986 654">
    <p class='ocr_par' dir='ltr' id='par_1_14' title="bbox 206 618 986 654">
     <span class='ocr_line' id='line_1_14' title="bbox 206 618 986 654; baseline 0 -9"><span class='ocrx_word' id='word_1_80' title='bbox 206 626 262 653; x_wconf 90' lang='lat' dir='ltr'><strong>quo</strong></span> <span class='ocrx_word' id='word_1_81' title='bbox 278 618 387 646; x_wconf 61' lang='lat' dir='ltr'><strong>Iudaeos</strong></span> <span class='ocrx_word' id='word_1_82' title='bbox 402 619 570 654; x_wconf 73' lang='lat' dir='ltr'><strong>gentilesque</strong></span> <span class='ocrx_word' id='word_1_83' title='bbox 591 626 639 653; x_wconf 93' lang='lat' dir='ltr'><strong>per</strong></span> <span class='ocrx_word' id='word_1_84' title='bbox 657 619 844 653; x_wconf 68' lang='lat' dir='ltr'><strong>paenitentiam</strong></span> <span class='ocrx_word' id='word_1_85' title='bbox 859 618 986 646; x_wconf 86' lang='lat' dir='ltr'><strong>salvaret.</strong></span> 
     </span>
    </p>
   </div>
   <div class='ocr_carea' id='block_1_15' title="bbox 206 663 988 700">
    <p class='ocr_par' dir='ltr' id='par_1_15' title="bbox 206 663 988 700">
     <span class='ocr_line' id='line_1_15' title="bbox 206 663 988 700; baseline -0.001 -9"><span class='ocrx_word' id='word_1_86' title='bbox 206 663 236 691; x_wconf 91' lang='lat' dir='ltr'><strong>Si</strong></span> <span class='ocrx_word' id='word_1_87' title='bbox 252 672 318 700; x_wconf 84' lang='lat' dir='ltr'><strong>ergo</strong></span> <span class='ocrx_word' id='word_1_88' title='bbox 339 665 384 692; x_wconf 90' lang='lat' dir='ltr'><strong>ille</strong></span> <span class='ocrx_word' id='word_1_89' title='bbox 399 665 486 692; x_wconf 85' lang='lat' dir='ltr'><strong>nostri</strong></span> <span class='ocrx_word' id='word_1_90' title='bbox 506 665 593 700; x_wconf 86' lang='lat' dir='ltr'><strong>gratia</strong></span> <span class='ocrx_word' id='word_1_91' title='bbox 611 664 776 691; x_wconf 83' lang='lat' dir='ltr'><strong>renuntiavit</strong></span> <span class='ocrx_word' id='word_1_92' title='bbox 791 665 852 691; x_wconf 64' lang='lat' dir='ltr'><strong>vitae</strong></span> <span class='ocrx_word' id='word_1_93' title='bbox 867 664 940 691; x_wconf 92' lang='lat' dir='ltr'><strong>molli</strong></span> <span class='ocrx_word' id='word_1_94' title='bbox 957 672 988 691; x_wconf 89' lang='lat' dir='ltr'><strong>ac</strong></span> 
     </span>
    </p>
   </div>
   <div class='ocr_carea' id='block_1_16' title="bbox 205 709 989 745">
    <p class='ocr_par' dir='ltr' id='par_1_16' title="bbox 205 709 989 745">
     <span class='ocr_line' id='line_1_16' title="bbox 205 709 989 745; baseline 0 -9"><span class='ocrx_word' id='word_1_95' title='bbox 205 709 314 745; x_wconf 63' lang='lat' dir='ltr'><strong>quietae,</strong></span> <span class='ocrx_word' id='word_1_96' title='bbox 324 718 374 737; x_wconf 86' lang='lat' dir='ltr'><strong>nec</strong></span> <span class='ocrx_word' id='word_1_97' title='bbox 386 711 495 738; x_wconf 85' lang='lat' dir='ltr'><strong>erubuit</strong></span> <span class='ocrx_word' id='word_1_98' title='bbox 509 718 629 742; x_wconf 91' lang='lat' dir='ltr'><strong>crucem,</strong></span> <span class='ocrx_word' id='word_1_99' title='bbox 642 717 692 737; x_wconf 91' lang='lat' dir='ltr'><strong>nec</strong></span> <span class='ocrx_word' id='word_1_100' title='bbox 707 714 820 737; x_wconf 90' lang='lat' dir='ltr'><strong>mortem</strong></span> <span class='ocrx_word' id='word_1_101' title='bbox 835 717 896 737; x_wconf 85' lang='lat' dir='ltr'><strong>esse</strong></span> <span class='ocrx_word' id='word_1_102' title='bbox 911 710 989 744; x_wconf 83' lang='lat' dir='ltr'><strong>igno-</strong></span> 
     </span>
    </p>
   </div>
   <div class='ocr_carea' id='block_1_17' title="bbox 205 755 989 790">
    <p class='ocr_par' dir='ltr' id='par_1_17' title="bbox 205 755 989 790">
     <span class='ocr_line' id='line_1_17' title="bbox 205 755 989 790; baseline -0.001 -7"><span class='ocrx_word' id='word_1_103' title='bbox 205 755 350 784; x_wconf 88' lang='lat' dir='ltr'><strong>miniosam</strong></span> <span class='ocrx_word' id='word_1_104' title='bbox 365 756 547 789; x_wconf 77' lang='lat' dir='ltr'><strong>existimavit;</strong></span> <span class='ocrx_word' id='word_1_105' title='bbox 564 763 617 790; x_wconf 88' lang='lat' dir='ltr'><strong>qua</strong></span> <span class='ocrx_word' id='word_1_106' title='bbox 631 756 666 783; x_wconf 88' lang='lat' dir='ltr'><strong>de</strong></span> <span class='ocrx_word' id='word_1_107' title='bbox 680 762 762 783; x_wconf 87' lang='lat' dir='ltr'><strong>causa</strong></span> <span class='ocrx_word' id='word_1_108' title='bbox 782 762 832 782; x_wconf 90' lang='lat' dir='ltr'><strong>nos</strong></span> <span class='ocrx_word' id='word_1_109' title='bbox 846 755 989 790; x_wconf 87' lang='lat' dir='ltr'><strong>passiones</strong></span> 
     </span>
    </p>
   </div>
   <div class='ocr_carea' id='block_1_18' title="bbox 209 801 990 836">
    <p class='ocr_par' dir='ltr' id='par_1_18' title="bbox 209 801 990 836">
     <span class='ocr_line' id='line_1_18' title="bbox 209 801 990 836; baseline 0.001 -9"><span class='ocrx_word' id='word_1_110' title='bbox 209 801 271 835; x_wconf 86' lang='lat' dir='ltr'><strong>ejus</strong></span> <span class='ocrx_word' id='word_1_111' title='bbox 297 809 351 828; x_wconf 88' lang='lat' dir='ltr'><strong>non</strong></span> <span class='ocrx_word' id='word_1_112' title='bbox 375 801 524 833; x_wconf 83' lang='lat' dir='ltr'><strong>imitamur.</strong></span> <span class='ocrx_word' id='word_1_113' title='bbox 550 805 574 828; x_wconf 88' lang='lat' dir='ltr'><strong>et</strong></span> <span class='ocrx_word' id='word_1_114' title='bbox 593 805 703 836; x_wconf 91' lang='lat' dir='ltr'><strong>propter</strong></span> <span class='ocrx_word' id='word_1_115' title='bbox 723 808 796 832; x_wconf 84' lang='lat' dir='ltr'><strong>eum,</strong></span> <span class='ocrx_word' id='word_1_116' title='bbox 813 801 864 836; x_wconf 89' lang='lat' dir='ltr'><strong>ipsi</strong></span> <span class='ocrx_word' id='word_1_117' title='bbox 881 808 990 836; x_wconf 91' lang='lat' dir='ltr'><strong>quoque</strong></span> 
     </span>
    </p>
   </div>
   <div class='ocr_carea' id='block_1_19' title="bbox 206 844 990 882">
    <p class='ocr_par' dir='ltr' id='par_1_19' title="bbox 206 844 990 882">
     <span class='ocr_line' id='line_1_19' title="bbox 206 844 990 882; baseline 0 -9"><span class='ocrx_word' id='word_1_118' title='bbox 206 847 269 873; x_wconf 67' lang='lat' dir='ltr'><strong>vita:</strong></span> <span class='ocrx_word' id='word_1_119' title='bbox 300 851 402 874; x_wconf 80' lang='lat' dir='ltr'><strong>nostra:</strong></span> <span class='ocrx_word' id='word_1_120' title='bbox 425 847 550 874; x_wconf 90' lang='lat' dir='ltr'><strong>nuntium</strong></span> <span class='ocrx_word' id='word_1_121' title='bbox 578 854 632 874; x_wconf 91' lang='lat' dir='ltr'><strong>non</strong></span> <span class='ocrx_word' id='word_1_122' title='bbox 657 844 831 878; x_wconf 77' lang='lat' dir='ltr'><strong>remittimus,</strong></span> <span class='ocrx_word' id='word_1_123' title='bbox 859 846 990 882; x_wconf 73' lang='lat' dir='ltr'><strong>largiente</strong></span> 
     </span>
    </p>
   </div>
   <div class='ocr_carea' id='block_1_20' title="bbox 1036 254 1832 291">
    <p class='ocr_par' dir='ltr' id='par_1_20' title="bbox 1036 254 1832 291">
     <span class='ocr_line' id='line_1_20' title="bbox 1036 254 1832 291; baseline 0.001 -11"><span class='ocrx_word' id='word_1_124' title='bbox 1036 255 1091 281; x_wconf 80' lang='grc' dir='ltr'><strong>Καὶ</strong></span> <span class='ocrx_word' id='word_1_125' title='bbox 1105 255 1185 290; x_wconf 81' lang='grc' dir='ltr'><strong>ἡμεῖς</strong></span> <span class='ocrx_word' id='word_1_126' title='bbox 1198 254 1255 286; x_wconf 82' lang='grc' dir='ltr'>οὖν,</span> <span class='ocrx_word' id='word_1_127' title='bbox 1271 255 1377 290; x_wconf 70' lang='grc' dir='ltr'>ἔχοντες</span> <span class='ocrx_word' id='word_1_128' title='bbox 1398 255 1558 281; x_wconf 81' lang='grc' dir='ltr'>διδάσκαλον</span> <span class='ocrx_word' id='word_1_129' title='bbox 1571 255 1619 281; x_wconf 81' lang='grc' dir='ltr'>τὸν</span> <span class='ocrx_word' id='word_1_130' title='bbox 1635 255 1741 290; x_wconf 80' lang='grc' dir='ltr'>Κύριον</span> <span class='ocrx_word' id='word_1_131' title='bbox 1755 256 1832 291; x_wconf 75' lang='grc' dir='ltr'>ἡμῶν</span> 
     </span>
    </p>
   </div>
   <div class='ocr_carea' id='block_1_21' title="bbox 1044 300 1833 336">
    <p class='ocr_par' dir='ltr' id='par_1_21' title="bbox 1044 300 1833 336">
     <span class='ocr_line' id='line_1_21' title="bbox 1044 300 1833 336; baseline 0.003 -10"><span class='ocrx_word' id='word_1_132' title='bbox 1044 300 1147 335; x_wconf 83' lang='grc' dir='ltr'><strong>Ἰησοῦν</strong></span> <span class='ocrx_word' id='word_1_133' title='bbox 1165 301 1210 327; x_wconf 81' lang='grc' dir='ltr'>τὸν</span> <span class='ocrx_word' id='word_1_134' title='bbox 1226 301 1353 336; x_wconf 82' lang='grc' dir='ltr'>Χριστὸν,</span> <span class='ocrx_word' id='word_1_135' title='bbox 1368 300 1412 327; x_wconf 83' lang='grc' dir='ltr'><strong>διὰ</strong></span> <span class='ocrx_word' id='word_1_136' title='bbox 1427 301 1453 327; x_wconf 89' lang='grc' dir='ltr'><strong>τί</strong></span> <span class='ocrx_word' id='word_1_137' title='bbox 1466 301 1497 327; x_wconf 86' lang='grc' dir='ltr'>οὐ</span> <span class='ocrx_word' id='word_1_138' title='bbox 1513 300 1674 336; x_wconf 78' lang='grc' dir='ltr'><strong>μιμούμεθα</strong></span> <span class='ocrx_word' id='word_1_139' title='bbox 1684 301 1738 336; x_wconf 84' lang='grc' dir='ltr'><strong>τὴν</strong></span> <span class='ocrx_word' id='word_1_140' title='bbox 1751 301 1833 328; x_wconf 60' lang='grc' dir='ltr'>αὑτοῦ</span> 
     </span>
    </p>
   </div>
   <div class='ocr_carea' id='block_1_22' title="bbox 1036 345 1832 383">
    <p class='ocr_par' dir='ltr' id='par_1_22' title="bbox 1036 345 1832 383">
     <span class='ocr_line' id='line_1_22' title="bbox 1036 345 1832 383; baseline 0.004 -11"><span class='ocrx_word' id='word_1_141' title='bbox 1036 345 1162 381; x_wconf 77' lang='grc' dir='ltr'>διδαχήν;</span> <span class='ocrx_word' id='word_1_142' title='bbox 1179 347 1219 372; x_wconf 77' lang='grc' dir='ltr'>ὃτι</span> <span class='ocrx_word' id='word_1_143' title='bbox 1234 347 1336 378; x_wconf 73' lang='grc' dir='ltr'>ἐκεῖνος</span> <span class='ocrx_word' id='word_1_144' title='bbox 1361 346 1410 382; x_wconf 74' lang='grc' dir='ltr'>μὲν</span> <span class='ocrx_word' id='word_1_145' title='bbox 1435 346 1590 379; x_wconf 81' lang='grc' dir='ltr'><strong>ἀπετάξατο</strong></span> <span class='ocrx_word' id='word_1_146' title='bbox 1610 347 1717 379; x_wconf 74' lang='grc' dir='ltr'>ἀνέσει,</span> <span class='ocrx_word' id='word_1_147' title='bbox 1732 350 1832 383; x_wconf 69' lang='grc' dir='ltr'>τρυφῇ.</span> 
     </span>
    </p>
   </div>
   <div class='ocr_carea' id='block_1_23' title="bbox 1036 392 1834 428">
    <p class='ocr_par' dir='ltr' id='par_1_23' title="bbox 1036 392 1834 428">
     <span class='ocr_line' id='line_1_23' title="bbox 1036 392 1834 428; baseline 0.003 -10"><span class='ocrx_word' id='word_1_148' title='bbox 1036 392 1110 428; x_wconf 77' lang='grc' dir='ltr'>δόξῃ,</span> <span class='ocrx_word' id='word_1_149' title='bbox 1127 392 1244 427; x_wconf 74' lang='grc' dir='ltr'>πλούτῳ,</span> <span class='ocrx_word' id='word_1_150' title='bbox 1268 392 1355 427; x_wconf 75' lang='grc' dir='ltr'>τύφῳ,</span> <span class='ocrx_word' id='word_1_151' title='bbox 1379 393 1492 427; x_wconf 76' lang='grc' dir='ltr'>δυνάμει</span> <span class='ocrx_word' id='word_1_152' title='bbox 1515 394 1665 428; x_wconf 77' lang='grc' dir='ltr'>ἁμυντικῇ,</span> <span class='ocrx_word' id='word_1_153' title='bbox 1684 393 1773 428; x_wconf 73' lang='grc' dir='ltr'>μητρὶ</span> <span class='ocrx_word' id='word_1_154' title='bbox 1790 395 1834 420; x_wconf 76' lang='lat' dir='ltr'><strong>ut</strong></span> 
     </span>
    </p>
   </div>
   <div class='ocr_carea' id='block_1_24' title="bbox 1037 437 1834 474">
    <p class='ocr_par' dir='ltr' id='par_1_24' title="bbox 1037 437 1834 474">
     <span class='ocr_line' id='line_1_24' title="bbox 1037 437 1834 474; baseline 0.001 -11"><span class='ocrx_word' id='word_1_155' title='bbox 1037 437 1171 472; x_wconf 76' lang='grc' dir='ltr'><strong>ἀδελφοῖς,</strong></span> <span class='ocrx_word' id='word_1_156' title='bbox 1186 437 1236 473; x_wconf 73' lang='grc' dir='ltr'><strong>ἠδη</strong></span> <span class='ocrx_word' id='word_1_157' title='bbox 1251 437 1279 464; x_wconf 85' lang='grc' dir='ltr'>δὲ</span> <span class='ocrx_word' id='word_1_158' title='bbox 1294 438 1341 464; x_wconf 77' lang='grc' dir='ltr'>καὶ</span> <span class='ocrx_word' id='word_1_159' title='bbox 1355 439 1388 473; x_wconf 81' lang='grc' dir='ltr'>τῇ</span> <span class='ocrx_word' id='word_1_160' title='bbox 1403 438 1490 473; x_wconf 74' lang='grc' dir='ltr'>οἰκείᾳ</span> <span class='ocrx_word' id='word_1_161' title='bbox 1503 438 1623 474; x_wconf 80' lang='grc' dir='ltr'>ζωῇ,διὰ</span> <span class='ocrx_word' id='word_1_162' title='bbox 1640 439 1691 474; x_wconf 80' lang='grc' dir='ltr'>τὴν</span> <span class='ocrx_word' id='word_1_163' title='bbox 1708 439 1779 474; x_wconf 61' lang='grc' dir='ltr'>πρὸς</span> <span class='ocrx_word' id='word_1_164' title='bbox 1792 439 1834 465; x_wconf 65' lang='grc' dir='ltr'><strong>τὸν</strong></span> 
     </span>
    </p>
   </div>
   <div class='ocr_carea' id='block_1_25' title="bbox 1038 482 1834 520">
    <p class='ocr_par' dir='ltr' id='par_1_25' title="bbox 1038 482 1834 520">
     <span class='ocr_line' id='line_1_25' title="bbox 1038 482 1834 520; baseline 0.003 -12"><span class='ocrx_word' id='word_1_165' title='bbox 1038 482 1147 518; x_wconf 82' lang='grc' dir='ltr'><strong>Πατέρα</strong></span> <span class='ocrx_word' id='word_1_166' title='bbox 1164 483 1304 510; x_wconf 78' lang='grc' dir='ltr'>εὐσέϐειαν</span> <span class='ocrx_word' id='word_1_167' title='bbox 1318 483 1385 519; x_wconf 74' lang='grc'><strong>(84),</strong></span> <span class='ocrx_word' id='word_1_168' title='bbox 1402 484 1448 510; x_wconf 73' lang='grc' dir='ltr'><strong>καὶ</strong></span> <span class='ocrx_word' id='word_1_169' title='bbox 1470 484 1519 519; x_wconf 78' lang='grc' dir='ltr'>τὴν</span> <span class='ocrx_word' id='word_1_170' title='bbox 1533 485 1573 515; x_wconf 81' lang='grc' dir='ltr'><strong>εις</strong></span> <span class='ocrx_word' id='word_1_171' title='bbox 1587 484 1662 519; x_wconf 72' lang='grc' dir='ltr'>ἡμᾶς</span> <span class='ocrx_word' id='word_1_172' title='bbox 1677 484 1834 520; x_wconf 71' lang='grc' dir='ltr'>φιλανθρω-</span> 
     </span>
    </p>
   </div>
   <div class='ocr_carea' id='block_1_26' title="bbox 1038 529 1834 565">
    <p class='ocr_par' dir='ltr' id='par_1_26' title="bbox 1038 529 1834 565">
     <span class='ocr_line' id='line_1_26' title="bbox 1038 529 1834 565; baseline 0 -10"><span class='ocrx_word' id='word_1_173' title='bbox 1038 529 1114 560; x_wconf 76' lang='grc' dir='ltr'>πίαν,</span> <span class='ocrx_word' id='word_1_174' title='bbox 1130 529 1279 564; x_wconf 74' lang='grc' dir='ltr'>ὑπομείνας</span> <span class='ocrx_word' id='word_1_175' title='bbox 1288 530 1317 555; x_wconf 80' lang='grc' dir='ltr'>οὐ</span> <span class='ocrx_word' id='word_1_176' title='bbox 1330 529 1409 564; x_wconf 87' lang='grc' dir='ltr'>μόνον</span> <span class='ocrx_word' id='word_1_177' title='bbox 1423 529 1543 565; x_wconf 75' lang='grc' dir='ltr'>διωγμὸν</span> <span class='ocrx_word' id='word_1_178' title='bbox 1557 530 1604 556; x_wconf 76' lang='grc' dir='ltr'><strong>καὶ</strong></span> <span class='ocrx_word' id='word_1_179' title='bbox 1613 530 1672 565; x_wconf 80' lang='grc'><strong>(85)</strong></span> <span class='ocrx_word' id='word_1_180' title='bbox 1682 530 1834 565; x_wconf 77' lang='grc' dir='ltr'>μάστιγας,</span> 
     </span>
    </p>
   </div>
   <div class='ocr_carea' id='block_1_27' title="bbox 1038 575 1835 611">
    <p class='ocr_par' dir='ltr' id='par_1_27' title="bbox 1038 575 1835 611">
     <span class='ocr_line' id='line_1_27' title="bbox 1038 575 1835 611; baseline 0.003 -11"><span class='ocrx_word' id='word_1_181' title='bbox 1038 575 1188 610; x_wconf 76' lang='grc' dir='ltr'>ὀνειδισμὸν</span> <span class='ocrx_word' id='word_1_182' title='bbox 1203 575 1249 601; x_wconf 81' lang='grc' dir='ltr'><strong>καὶ</strong></span> <span class='ocrx_word' id='word_1_183' title='bbox 1265 575 1431 611; x_wconf 80' lang='grc' dir='ltr'>ὲμπαιγμὺν,</span> <span class='ocrx_word' id='word_1_184' title='bbox 1447 575 1504 602; x_wconf 75' lang='grc' dir='ltr'>ἀλλ’</span> <span class='ocrx_word' id='word_1_185' title='bbox 1519 576 1570 610; x_wconf 77' lang='grc' dir='ltr'><strong>ἠδη</strong></span> <span class='ocrx_word' id='word_1_186' title='bbox 1582 576 1631 602; x_wconf 78' lang='grc' dir='ltr'><strong>καὶ</strong></span> <span class='ocrx_word' id='word_1_187' title='bbox 1647 576 1700 611; x_wconf 76' lang='grc' dir='ltr'><strong>τὴν</strong></span> <span class='ocrx_word' id='word_1_188' title='bbox 1723 576 1794 611; x_wconf 76' lang='grc' dir='ltr'>πρὸς</span> <span class='ocrx_word' id='word_1_189' title='bbox 1808 575 1835 601; x_wconf 70' lang='grc' dir='ltr'>τὸ</span> 
     </span>
    </p>
   </div>
   <div class='ocr_carea' id='block_1_28' title="bbox 1039 620 1836 657">
    <p class='ocr_par' dir='ltr' id='par_1_28' title="bbox 1039 620 1836 657">
     <span class='ocr_line' id='line_1_28' title="bbox 1039 620 1836 657; baseline 0.001 -10"><span class='ocrx_word' id='word_1_190' title='bbox 1039 620 1116 654; x_wconf 79' lang='grc' dir='ltr'>ξύλον</span> <span class='ocrx_word' id='word_1_191' title='bbox 1137 620 1288 656; x_wconf 73' lang='grc' dir='ltr'>πρόσπηξιν</span> <span class='ocrx_word' id='word_1_192' title='bbox 1304 620 1372 656; x_wconf 83' lang='grc'><strong>(86),</strong></span> <span class='ocrx_word' id='word_1_193' title='bbox 1387 621 1460 652; x_wconf 81' lang='grc' dir='ltr'>ὅπως</span> <span class='ocrx_word' id='word_1_194' title='bbox 1480 621 1620 653; x_wconf 76' lang='grc' dir='ltr'><strong>Ἰουδαίους</strong></span> <span class='ocrx_word' id='word_1_195' title='bbox 1634 622 1684 648; x_wconf 79' lang='grc' dir='ltr'>καὶ</span> <span class='ocrx_word' id='word_1_196' title='bbox 1702 621 1836 657; x_wconf 64' lang='grc' dir='ltr'>Ἕλληνας</span> 
     </span>
    </p>
   </div>
   <div class='ocr_carea' id='block_1_29' title="bbox 1041 664 1837 702">
    <p class='ocr_par' dir='ltr' id='par_1_29' title="bbox 1041 664 1837 702">
     <span class='ocr_line' id='line_1_29' title="bbox 1041 664 1837 702; baseline 0.001 -10"><span class='ocrx_word' id='word_1_197' title='bbox 1041 666 1258 701; x_wconf 68' lang='grc' dir='ltr'>μετανοήσαντας</span> <span class='ocrx_word' id='word_1_198' title='bbox 1281 665 1365 702; x_wconf 74' lang='grc' dir='ltr'>σώσῃ.</span> <span class='ocrx_word' id='word_1_199' title='bbox 1381 666 1413 693; x_wconf 84' lang='grc' dir='ltr'><strong>Εἰ</strong></span> <span class='ocrx_word' id='word_1_200' title='bbox 1427 664 1474 693; x_wconf 82' lang='grc' dir='ltr'>οὖν</span> <span class='ocrx_word' id='word_1_201' title='bbox 1492 666 1572 698; x_wconf 83' lang='grc' dir='ltr'>αὐτὸς</span> <span class='ocrx_word' id='word_1_202' title='bbox 1586 666 1618 693; x_wconf 80' lang='grc' dir='ltr'>δι’</span> <span class='ocrx_word' id='word_1_203' title='bbox 1636 667 1716 702; x_wconf 84' lang='grc' dir='ltr'>ἡμᾶς</span> <span class='ocrx_word' id='word_1_204' title='bbox 1737 667 1837 693; x_wconf 80' lang='grc' dir='ltr'><strong>ἀπετά-</strong></span> 
     </span>
    </p>
   </div>
   <div class='ocr_carea' id='block_1_30' title="bbox 1034 710 1838 747">
    <p class='ocr_par' dir='ltr' id='par_1_30' title="bbox 1034 710 1838 747">
     <span class='ocr_line' id='line_1_30' title="bbox 1034 710 1838 747; baseline 0.001 -10"><span class='ocrx_word' id='word_1_205' title='bbox 1034 710 1098 743; x_wconf 79' lang='grc' dir='ltr'>ξατο</span> <span class='ocrx_word' id='word_1_206' title='bbox 1109 710 1273 744; x_wconf 79' lang='grc' dir='ltr'><strong>ἀναπαύσει,</strong></span> <span class='ocrx_word' id='word_1_207' title='bbox 1290 711 1327 747; x_wconf 85' lang='grc' dir='ltr'>μὴ</span> <span class='ocrx_word' id='word_1_208' title='bbox 1341 711 1532 746; x_wconf 77' lang='grc' dir='ltr'>ὲπαισχυνθεὶς</span> <span class='ocrx_word' id='word_1_209' title='bbox 1543 712 1671 747; x_wconf 71' lang='grc' dir='ltr'>σταυρὸν,</span> <span class='ocrx_word' id='word_1_210' title='bbox 1687 711 1729 746; x_wconf 83' lang='grc' dir='ltr'>μὴ</span> <span class='ocrx_word' id='word_1_211' title='bbox 1746 712 1838 747; x_wconf 49' lang='lat'><strong>@057]-</strong></span> 
     </span>
    </p>
   </div>
   <div class='ocr_carea' id='block_1_31' title="bbox 1035 757 1836 793">
    <p class='ocr_par' dir='ltr' id='par_1_31' title="bbox 1035 757 1836 793">
     <span class='ocr_line' id='line_1_31' title="bbox 1035 757 1836 793; baseline 0.001 -10"><span class='ocrx_word' id='word_1_212' title='bbox 1035 765 1084 788; x_wconf 77' lang='grc' dir='ltr'><strong>σας</strong></span> <span class='ocrx_word' id='word_1_213' title='bbox 1093 757 1139 784; x_wconf 81' lang='grc' dir='ltr'><strong>τὸν</strong></span> <span class='ocrx_word' id='word_1_214' title='bbox 1147 757 1272 790; x_wconf 84' lang='grc' dir='ltr'>θάνατον,</span> <span class='ocrx_word' id='word_1_215' title='bbox 1284 757 1357 789; x_wconf 85' lang='grc' dir='ltr'>τινος</span> <span class='ocrx_word' id='word_1_216' title='bbox 1367 757 1460 784; x_wconf 73' lang='grc' dir='ltr'>ἕνεκεν</span> <span class='ocrx_word' id='word_1_217' title='bbox 1473 758 1554 793; x_wconf 77' lang='grc' dir='ltr'>ἡμεῖς</span> <span class='ocrx_word' id='word_1_218' title='bbox 1565 758 1620 793; x_wconf 86' lang='grc'><strong>(87)</strong></span> <span class='ocrx_word' id='word_1_219' title='bbox 1630 757 1662 784; x_wconf 85' lang='grc' dir='ltr'>οὐ</span> <span class='ocrx_word' id='word_1_220' title='bbox 1672 758 1836 793; x_wconf 69' lang='grc' dir='ltr'>μιμούμεθα</span> 
     </span>
    </p>
   </div>
   <div class='ocr_carea' id='block_1_32' title="bbox 1040 802 1837 838">
    <p class='ocr_par' dir='ltr' id='par_1_32' title="bbox 1040 802 1837 838">
     <span class='ocr_line' id='line_1_32' title="bbox 1040 802 1837 838; baseline -0.001 -9"><span class='ocrx_word' id='word_1_221' title='bbox 1040 802 1122 829; x_wconf 81' lang='grc' dir='ltr'>αὐτοῦ</span> <span class='ocrx_word' id='word_1_222' title='bbox 1147 802 1182 829; x_wconf 80' lang='grc' dir='ltr'>τὰ</span> <span class='ocrx_word' id='word_1_223' title='bbox 1203 802 1288 838; x_wconf 82' lang='grc' dir='ltr'>πάθη,</span> <span class='ocrx_word' id='word_1_224' title='bbox 1304 803 1352 829; x_wconf 72' lang='grc' dir='ltr'><strong>καὶ</strong></span> <span class='ocrx_word' id='word_1_225' title='bbox 1373 803 1583 838; x_wconf 76' lang='grc' dir='ltr'>ἀποτασσὸμεθα</span> <span class='ocrx_word' id='word_1_226' title='bbox 1601 804 1674 838; x_wconf 82' lang='grc' dir='ltr'><strong>ὑπὲρ</strong></span> <span class='ocrx_word' id='word_1_227' title='bbox 1688 803 1777 830; x_wconf 73' lang='grc' dir='ltr'>αὑτοῦ</span> <span class='ocrx_word' id='word_1_228' title='bbox 1794 805 1837 829; x_wconf 71' lang='grc' dir='ltr'><strong>καὶ</strong></span> 
     </span>
    </p>
   </div>
   <div class='ocr_carea' id='block_1_33' title="bbox 1040 848 1838 884">
    <p class='ocr_par' dir='ltr' id='par_1_33' title="bbox 1040 848 1838 884">
     <span class='ocr_line' id='line_1_33' title="bbox 1040 848 1838 884; baseline -0.001 -9"><span class='ocrx_word' id='word_1_229' title='bbox 1040 849 1110 884; x_wconf 76' lang='grc' dir='ltr'>αὐτῇ</span> <span class='ocrx_word' id='word_1_230' title='bbox 1125 849 1158 884; x_wconf 81' lang='grc' dir='ltr'><strong>τῇ</strong></span> <span class='ocrx_word' id='word_1_231' title='bbox 1175 848 1231 884; x_wconf 80' lang='grc' dir='ltr'><strong>ζωῇ</strong></span> <span class='ocrx_word' id='word_1_232' title='bbox 1253 848 1342 883; x_wconf 74' lang='grc' dir='ltr'>ἡμῶν,</span> <span class='ocrx_word' id='word_1_233' title='bbox 1357 849 1474 880; x_wconf 80' lang='grc' dir='ltr'>διδόντος</span> <span class='ocrx_word' id='word_1_234' title='bbox 1501 849 1584 875; x_wconf 79' lang='grc' dir='ltr'>αὑτοῦ</span> <span class='ocrx_word' id='word_1_235' title='bbox 1613 850 1681 884; x_wconf 80' lang='grc' dir='ltr'>ἡμῖν</span> <span class='ocrx_word' id='word_1_236' title='bbox 1704 849 1758 884; x_wconf 70' lang='grc' dir='ltr'><strong>τὴν</strong></span> <span class='ocrx_word' id='word_1_237' title='bbox 1774 849 1838 874; x_wconf 67' lang='grc' dir='ltr'><strong>ὕπο-</strong></span> 
     </span>
    </p>
   </div>
   <div class='ocr_carea' id='block_1_34' title="bbox 205 881 1004 930">
    <p class='ocr_par' dir='ltr' id='par_1_34' title="bbox 205 891 991 928">
     <span class='ocr_line' id='line_1_34' title="bbox 205 891 991 928; baseline 0 -8"><span class='ocrx_word' id='word_1_238' title='bbox 205 893 285 920; x_wconf 88' lang='lat' dir='ltr'><strong>uobis</strong></span> <span class='ocrx_word' id='word_1_239' title='bbox 305 893 363 928; x_wconf 90' lang='lat' dir='ltr'><strong>ipso</strong></span> <span class='ocrx_word' id='word_1_240' title='bbox 376 893 565 920; x_wconf 78' lang='lat' dir='ltr'><strong>tolerantiam?</strong></span> <span class='ocrx_word' id='word_1_241' title='bbox 574 891 621 919; x_wconf 87' lang='lat' dir='ltr'><strong>Ille</strong></span> <span class='ocrx_word' id='word_1_242' title='bbox 635 893 706 920; x_wconf 90' lang='lat' dir='ltr'><strong>enim</strong></span> <span class='ocrx_word' id='word_1_243' title='bbox 718 897 812 919; x_wconf 89' lang='lat' dir='ltr'><strong>nostra</strong></span> <span class='ocrx_word' id='word_1_244' title='bbox 826 899 924 925; x_wconf 82' lang='lat' dir='ltr'><strong>causa;</strong></span> <span class='ocrx_word' id='word_1_245' title='bbox 939 899 991 920; x_wconf 89' lang='lat' dir='ltr'><strong>nos</strong></span> 
     </span>
    </p>
   </div>
   <div class='ocr_carea' id='block_1_35' title="bbox 1079 881 1838 930">
    <p class='ocr_par' dir='ltr' id='par_1_35' title="bbox 1079 881 1838 930">
     <span class='ocr_line' id='line_1_35' title="bbox 1079 881 1838 930; baseline 0 -10"><span class='ocrx_word' id='word_1_246' title='bbox 1079 881 1158 929; x_wconf 45' lang='grc' dir='ltr'>νῆνί</span> <span class='ocrx_word' id='word_1_247' title='bbox 1181 881 1298 926; x_wconf 57' lang='lat' dir='ltr'><strong>aiam};</strong></span> <span class='ocrx_word' id='word_1_248' title='bbox 1326 894 1376 929; x_wconf 84' lang='grc' dir='ltr'>μὲν</span> <span class='ocrx_word' id='word_1_249' title='bbox 1403 894 1458 930; x_wconf 81' lang='grc' dir='ltr'>γὰρ</span> <span class='ocrx_word' id='word_1_250' title='bbox 1482 894 1514 920; x_wconf 83' lang='grc' dir='ltr'>δι’</span> <span class='ocrx_word' id='word_1_251' title='bbox 1529 895 1602 930; x_wconf 74' lang='grc' dir='ltr'>ἡμᾶς</span> <span class='ocrx_word' id='word_1_252' title='bbox 1617 881 1688 929; x_wconf 71' lang='lat'><strong>(88),</strong></span> <span class='ocrx_word' id='word_1_253' title='bbox 1714 881 1838 929; x_wconf 72' lang='grc' dir='ltr'>ἡμείςὸὲ</span> 
     </span>
    </p>
   </div>
   <div class='ocr_carea' id='block_1_36' title="bbox 206 937 990 975">
    <p class='ocr_par' dir='ltr' id='par_1_36' title="bbox 206 937 990 975">
     <span class='ocr_line' id='line_1_36' title="bbox 206 937 990 975; baseline -0.004 -8"><span class='ocrx_word' id='word_1_254' title='bbox 206 948 270 967; x_wconf 81' lang='lat' dir='ltr'><strong>vero</strong></span> <span class='ocrx_word' id='word_1_255' title='bbox 284 943 395 975; x_wconf 84' lang='lat' dir='ltr'><strong>propter</strong></span> <span class='ocrx_word' id='word_1_256' title='bbox 415 947 464 967; x_wconf 87' lang='lat' dir='ltr'><strong>nos</strong></span> <span class='ocrx_word' id='word_1_257' title='bbox 487 939 572 974; x_wconf 90' lang='lat' dir='ltr'><strong>ipsos.</strong></span> <span class='ocrx_word' id='word_1_258' title='bbox 585 937 678 973; x_wconf 73' lang='lat' dir='ltr'><strong>Neque</strong></span> <span class='ocrx_word' id='word_1_259' title='bbox 690 938 762 966; x_wconf 90' lang='lat' dir='ltr'><strong>enim</strong></span> <span class='ocrx_word' id='word_1_260' title='bbox 782 938 862 965; x_wconf 86' lang='lat' dir='ltr'><strong>nobis</strong></span> <span class='ocrx_word' id='word_1_261' title='bbox 876 937 990 973; x_wconf 86' lang='lat' dir='ltr'><strong>indiget,</strong></span> 
     </span>
    </p>
   </div>
   <div class='ocr_carea' id='block_1_37' title="bbox 208 983 990 1022">
    <p class='ocr_par' dir='ltr' id='par_1_37' title="bbox 208 983 990 1022">
     <span class='ocr_line' id='line_1_37' title="bbox 208 983 990 1022; baseline -0.003 -9"><span class='ocrx_word' id='word_1_262' title='bbox 208 986 256 1013; x_wconf 73' lang='lat' dir='ltr'><strong>sed</strong></span> <span class='ocrx_word' id='word_1_263' title='bbox 282 994 331 1014; x_wconf 90' lang='lat' dir='ltr'><strong>nos</strong></span> <span class='ocrx_word' id='word_1_264' title='bbox 355 987 443 1022; x_wconf 89' lang='lat' dir='ltr'><strong>ipsius</strong></span> <span class='ocrx_word' id='word_1_265' title='bbox 463 985 652 1012; x_wconf 84' lang='lat' dir='ltr'><strong>misericordia</strong></span> <span class='ocrx_word' id='word_1_266' title='bbox 680 984 842 1019; x_wconf 76' lang='lat' dir='ltr'><strong>indigemus.</strong></span> <span class='ocrx_word' id='word_1_267' title='bbox 871 983 990 1011; x_wconf 85' lang='lat' dir='ltr'><strong>Tantum</strong></span> 
     </span>
    </p>
   </div>
   <div class='ocr_carea' id='block_1_38' title="bbox 204 1030 989 1067">
    <p class='ocr_par' dir='ltr' id='par_1_38' title="bbox 204 1030 989 1067">
     <span class='ocr_line' id='line_1_38' title="bbox 204 1030 989 1067; baseline -0.004 -8"><span class='ocrx_word' id='word_1_268' title='bbox 204 1040 269 1059; x_wconf 88' lang='lat' dir='ltr'><strong>vero</strong></span> <span class='ocrx_word' id='word_1_269' title='bbox 279 1040 293 1059; x_wconf 87' lang='lat' dir='ltr'><strong>a</strong></span> <span class='ocrx_word' id='word_1_270' title='bbox 305 1032 384 1059; x_wconf 88' lang='lat' dir='ltr'><strong>nobis</strong></span> <span class='ocrx_word' id='word_1_271' title='bbox 395 1031 514 1067; x_wconf 82' lang='lat' dir='ltr'><strong>postulat</strong></span> <span class='ocrx_word' id='word_1_272' title='bbox 529 1031 609 1058; x_wconf 85' lang='lat' dir='ltr'><strong>tidem</strong></span> <span class='ocrx_word' id='word_1_273' title='bbox 621 1031 757 1058; x_wconf 87' lang='lat' dir='ltr'><strong>sinceram</strong></span> <span class='ocrx_word' id='word_1_274' title='bbox 765 1034 792 1057; x_wconf 87' lang='lat' dir='ltr'><strong>et</strong></span> <span class='ocrx_word' id='word_1_275' title='bbox 799 1030 989 1057; x_wconf 84' lang='lat' dir='ltr'><strong>voluntariam.</strong></span> 
     </span>
    </p>
   </div>
   <div class='ocr_carea' id='block_1_39' title="bbox 204 1075 989 1112">
    <p class='ocr_par' dir='ltr' id='par_1_39' title="bbox 204 1075 989 1112">
     <span class='ocr_line' id='line_1_39' title="bbox 204 1075 989 1112; baseline -0.003 -7"><span class='ocrx_word' id='word_1_276' title='bbox 204 1077 438 1112; x_wconf 81' lang='lat' dir='ltr'><strong>Quemadmodum</strong></span> <span class='ocrx_word' id='word_1_277' title='bbox 448 1077 486 1104; x_wconf 90' lang='lat' dir='ltr'><strong>ait</strong></span> <span class='ocrx_word' id='word_1_278' title='bbox 501 1076 641 1111; x_wconf 89' lang='lat' dir='ltr'><strong>Scriptura</strong></span> <span class='ocrx_word' id='word_1_279' title='bbox 652 1076 660 1091; x_wconf 90' lang='grc'>¹</span> <span class='ocrx_word' id='word_1_280' title='bbox 676 1084 683 1103; x_wconf 89' lang='lat'><strong>:</strong></span> <span class='ocrx_word' id='word_1_281' title='bbox 702 1085 712 1101; x_wconf 81' lang='grc' dir='ltr'><strong>ι</strong></span> <span class='ocrx_word' id='word_1_282' title='bbox 729 1075 756 1102; x_wconf 87' lang='lat' dir='ltr'><strong>Si</strong></span> <span class='ocrx_word' id='word_1_283' title='bbox 767 1076 858 1110; x_wconf 85' lang='lat' dir='ltr'><strong>justus</strong></span> <span class='ocrx_word' id='word_1_284' title='bbox 873 1083 912 1107; x_wconf 89' lang='lat' dir='ltr'><strong>es,</strong></span> <span class='ocrx_word' id='word_1_285' title='bbox 925 1075 989 1110; x_wconf 88' lang='lat' dir='ltr'><strong>quid</strong></span> 
     </span>
    </p>
   </div>
   <div class='ocr_carea' id='block_1_40' title="bbox 204 1121 992 1158">
    <p class='ocr_par' dir='ltr' id='par_1_40' title="bbox 204 1121 992 1158">
     <span class='ocr_line' id='line_1_40' title="bbox 204 1121 992 1158; baseline -0.001 -9"><span class='ocrx_word' id='word_1_286' title='bbox 204 1123 284 1151; x_wconf 82' lang='lat' dir='ltr'><strong>dabis</strong></span> <span class='ocrx_word' id='word_1_287' title='bbox 304 1123 350 1157; x_wconf 85' lang='lat' dir='ltr'><strong>ei;</strong></span> <span class='ocrx_word' id='word_1_288' title='bbox 381 1128 428 1150; x_wconf 88' lang='lat' dir='ltr'><strong>aut</strong></span> <span class='ocrx_word' id='word_1_289' title='bbox 451 1123 517 1158; x_wconf 87' lang='lat' dir='ltr'><strong>quid</strong></span> <span class='ocrx_word' id='word_1_290' title='bbox 532 1122 566 1150; x_wconf 90' lang='lat' dir='ltr'><strong>de</strong></span> <span class='ocrx_word' id='word_1_291' title='bbox 597 1129 679 1149; x_wconf 89' lang='lat' dir='ltr'><strong>manu</strong></span> <span class='ocrx_word' id='word_1_292' title='bbox 704 1126 751 1148; x_wconf 87' lang='lat' dir='ltr'><strong>tua</strong></span> <span class='ocrx_word' id='word_1_293' title='bbox 774 1121 908 1157; x_wconf 85' lang='lat' dir='ltr'><strong>accipiet?</strong></span> <span class='ocrx_word' id='word_1_294' title='bbox 926 1121 992 1149; x_wconf 85' lang='lat' dir='ltr'><strong>Viro</strong></span> 
     </span>
    </p>
   </div>
   <div class='ocr_carea' id='block_1_41' title="bbox 204 1166 992 1204">
    <p class='ocr_par' dir='ltr' id='par_1_41' title="bbox 204 1166 992 1204">
     <span class='ocr_line' id='line_1_41' title="bbox 204 1166 992 1204; baseline -0.001 -8"><span class='ocrx_word' id='word_1_295' title='bbox 204 1169 288 1196; x_wconf 88' lang='lat' dir='ltr'><strong>simili</strong></span> <span class='ocrx_word' id='word_1_296' title='bbox 310 1169 349 1196; x_wconf 85' lang='lat' dir='ltr'><strong>tui</strong></span> <span class='ocrx_word' id='word_1_297' title='bbox 372 1169 496 1204; x_wconf 85' lang='lat' dir='ltr'><strong>impietas</strong></span> <span class='ocrx_word' id='word_1_298' title='bbox 519 1173 574 1199; x_wconf 86' lang='lat' dir='ltr'><strong>tua,</strong></span> <span class='ocrx_word' id='word_1_299' title='bbox 601 1173 627 1195; x_wconf 89' lang='lat' dir='ltr'><strong>et</strong></span> <span class='ocrx_word' id='word_1_300' title='bbox 659 1166 716 1195; x_wconf 84' lang='lat' dir='ltr'><strong>lilio</strong></span> <span class='ocrx_word' id='word_1_301' title='bbox 742 1167 861 1195; x_wconf 83' lang='lat' dir='ltr'><strong>hominis</strong></span> <span class='ocrx_word' id='word_1_302' title='bbox 884 1168 992 1203; x_wconf 87' lang='lat' dir='ltr'><strong>justitia</strong></span> 
     </span>
    </p>
   </div>
   <div class='ocr_carea' id='block_1_42' title="bbox 205 1219 288 1242">
    <p class='ocr_par' dir='ltr' id='par_1_42' title="bbox 205 1219 288 1242">
     <span class='ocr_line' id='line_1_42' title="bbox 205 1219 288 1242; baseline 0 0"><span class='ocrx_word' id='word_1_303' title='bbox 205 1219 262 1242; x_wconf 88' lang='lat' dir='ltr'><strong>tua.</strong></span> <span class='ocrx_word' id='word_1_304' title='bbox 279 1224 288 1242; x_wconf 79' lang='grc' dir='ltr'><strong>ι</strong></span> 
     </span>
    </p>
   </div>
   <div class='ocr_carea' id='block_1_43' title="bbox 507 1260 688 1288">
    <p class='ocr_par' dir='ltr' id='par_1_43' title="bbox 507 1260 688 1288">
     <span class='ocr_line' id='line_1_43' title="bbox 507 1260 688 1288; baseline 0 0"><span class='ocrx_word' id='word_1_305' title='bbox 507 1260 622 1288; x_wconf 84' lang='lat' dir='ltr'><strong>CAPUT</strong></span> <span class='ocrx_word' id='word_1_306' title='bbox 642 1260 688 1288; x_wconf 81' lang='lat' dir='ltr'><strong>Vl.</strong></span> 
     </span>
    </p>
   </div>
   <div class='ocr_carea' id='block_1_44' title="bbox 206 1306 992 1343">
    <p class='ocr_par' dir='ltr' id='par_1_44' title="bbox 206 1306 992 1343">
     <span class='ocr_line' id='line_1_44' title="bbox 206 1306 992 1343; baseline -0.001 -10"><span class='ocrx_word' id='word_1_307' title='bbox 206 1307 283 1341; x_wconf 78' lang='lat' dir='ltr'><strong>Quod</strong></span> <span class='ocrx_word' id='word_1_308' title='bbox 302 1312 402 1341; x_wconf 85' lang='lat' dir='ltr'><strong>oportet</strong></span> <span class='ocrx_word' id='word_1_309' title='bbox 419 1307 520 1341; x_wconf 83' lang='lat' dir='ltr'><strong>ﬁdelem</strong></span> <span class='ocrx_word' id='word_1_310' title='bbox 534 1315 614 1343; x_wconf 85' lang='lat' dir='ltr'><strong>neque</strong></span> <span class='ocrx_word' id='word_1_311' title='bbox 634 1306 802 1334; x_wconf 80' lang='lat' dir='ltr'><strong>temerarium</strong></span> <span class='ocrx_word' id='word_1_312' title='bbox 818 1314 874 1343; x_wconf 68' lang='lat' dir='ltr'><strong>esse</strong></span> <span class='ocrx_word' id='word_1_313' title='bbox 886 1310 992 1343; x_wconf 74' lang='lat' dir='ltr'><strong>propter</strong></span> 
     </span>
    </p>
   </div>
   <div class='ocr_carea' id='block_1_45' title="bbox 240 1341 990 1376">
    <p class='ocr_par' dir='ltr' id='par_1_45' title="bbox 240 1341 990 1376">
     <span class='ocr_line' id='line_1_45' title="bbox 240 1341 990 1376; baseline -0.003 -8"><span class='ocrx_word' id='word_1_314' title='bbox 240 1343 423 1373; x_wconf 74' lang='lat' dir='ltr'><strong>securitatem,</strong></span> <span class='ocrx_word' id='word_1_315' title='bbox 436 1351 515 1375; x_wconf 79' lang='lat' dir='ltr'><strong>neque</strong></span> <span class='ocrx_word' id='word_1_316' title='bbox 530 1341 711 1369; x_wconf 73' lang='lat' dir='ltr'><strong>meticulosum</strong></span> <span class='ocrx_word' id='word_1_317' title='bbox 724 1346 829 1376; x_wconf 78' lang='lat' dir='ltr'><strong>propter</strong></span> <span class='ocrx_word' id='word_1_318' title='bbox 840 1341 990 1375; x_wconf 73' lang='lat' dir='ltr'><strong>ignaviam:</strong></span> 
     </span>
    </p>
   </div>
   <div class='ocr_carea' id='block_1_46' title="bbox 241 1377 989 1411">
    <p class='ocr_par' dir='ltr' id='par_1_46' title="bbox 241 1377 989 1411">
     <span class='ocr_line' id='line_1_46' title="bbox 241 1377 989 1411; baseline -0.003 -7"><span class='ocrx_word' id='word_1_319' title='bbox 241 1377 286 1404; x_wconf 81' lang='lat' dir='ltr'><strong>ted</strong></span> <span class='ocrx_word' id='word_1_320' title='bbox 301 1378 390 1411; x_wconf 81' lang='lat' dir='ltr'><strong>fugere</strong></span> <span class='ocrx_word' id='word_1_321' title='bbox 402 1382 508 1410; x_wconf 75' lang='lat' dir='ltr'><strong>propter</strong></span> <span class='ocrx_word' id='word_1_322' title='bbox 519 1378 684 1407; x_wconf 75' lang='lat' dir='ltr'><strong>cautionem;</strong></span> <span class='ocrx_word' id='word_1_323' title='bbox 698 1382 721 1403; x_wconf 88' lang='lat' dir='ltr'><strong>et</strong></span> <span class='ocrx_word' id='word_1_324' title='bbox 734 1384 792 1402; x_wconf 86' lang='lat' dir='ltr'><strong>cum</strong></span> <span class='ocrx_word' id='word_1_325' title='bbox 807 1377 833 1402; x_wconf 79' lang='lat' dir='ltr'><strong>in</strong></span> <span class='ocrx_word' id='word_1_326' title='bbox 845 1377 989 1410; x_wconf 81' lang='lat' dir='ltr'><strong>periculum</strong></span> 
     </span>
    </p>
   </div>
   <div class='ocr_carea' id='block_1_47' title="bbox 242 1412 863 1446">
    <p class='ocr_par' dir='ltr' id='par_1_47' title="bbox 242 1412 863 1446">
     <span class='ocr_line' id='line_1_47' title="bbox 242 1412 863 1446; baseline -0.002 -8"><span class='ocrx_word' id='word_1_327' title='bbox 242 1412 372 1444; x_wconf 78' lang='lat' dir='ltr'><strong>inciderit,</strong></span> <span class='ocrx_word' id='word_1_328' title='bbox 389 1415 521 1439; x_wconf 76' lang='lat' dir='ltr'><strong>decertare</strong></span> <span class='ocrx_word' id='word_1_329' title='bbox 532 1412 563 1438; x_wconf 82' lang='lat' dir='ltr'><strong>ab</strong></span> <span class='ocrx_word' id='word_1_330' title='bbox 575 1413 715 1446; x_wconf 68' lang='lat' dir='ltr'><strong>repositam</strong></span> <span class='ocrx_word' id='word_1_331' title='bbox 728 1419 863 1438; x_wconf 81' lang='lat' dir='ltr'><strong>coronant.</strong></span> 
     </span>
    </p>
   </div>
   <div class='ocr_carea' id='block_1_48' title="bbox 241 1456 989 1493">
    <p class='ocr_par' dir='ltr' id='par_1_48' title="bbox 241 1456 989 1493">
     <span class='ocr_line' id='line_1_48' title="bbox 241 1456 989 1493; baseline -0.001 -9"><span class='ocrx_word' id='word_1_332' title='bbox 241 1457 441 1485; x_wconf 76' lang='lat' dir='ltr'><strong>Renuntiemus</strong></span> <span class='ocrx_word' id='word_1_333' title='bbox 463 1465 527 1492; x_wconf 81' lang='lat' dir='ltr'><strong>ergo</strong></span> <span class='ocrx_word' id='word_1_334' title='bbox 545 1458 716 1493; x_wconf 88' lang='lat' dir='ltr'><strong>parentibus,</strong></span> <span class='ocrx_word' id='word_1_335' title='bbox 733 1456 867 1492; x_wconf 77' lang='lat' dir='ltr'><strong>cognatis,</strong></span> <span class='ocrx_word' id='word_1_336' title='bbox 883 1456 989 1489; x_wconf 81' lang='lat' dir='ltr'><strong>amicis,</strong></span> 
     </span>
    </p>
   </div>
   <div class='ocr_carea' id='block_1_49' title="bbox 206 1502 990 1538">
    <p class='ocr_par' dir='ltr' id='par_1_49' title="bbox 206 1502 990 1538">
     <span class='ocr_line' id='line_1_49' title="bbox 206 1502 990 1538; baseline -0.001 -8"><span class='ocrx_word' id='word_1_337' title='bbox 206 1504 297 1535; x_wconf 76' lang='lat' dir='ltr'><strong>uxori,</strong></span> <span class='ocrx_word' id='word_1_338' title='bbox 309 1503 413 1535; x_wconf 78' lang='lat' dir='ltr'><strong>liberis,</strong></span> <span class='ocrx_word' id='word_1_339' title='bbox 429 1503 660 1538; x_wconf 86' lang='lat' dir='ltr'><strong>possessionibus,</strong></span> <span class='ocrx_word' id='word_1_340' title='bbox 685 1507 712 1530; x_wconf 91' lang='lat' dir='ltr'><strong>et</strong></span> <span class='ocrx_word' id='word_1_341' title='bbox 725 1503 853 1530; x_wconf 85' lang='lat' dir='ltr'><strong>omnibus</strong></span> <span class='ocrx_word' id='word_1_342' title='bbox 868 1502 929 1529; x_wconf 64' lang='lat' dir='ltr'><strong>vitae</strong></span> <span class='ocrx_word' id='word_1_343' title='bbox 943 1502 990 1529; x_wconf 84' lang='lat' dir='ltr'><strong>bo-</strong></span> 
     </span>
    </p>
   </div>
   <div class='ocr_carea' id='block_1_50' title="bbox 1040 939 1839 975">
    <p class='ocr_par' dir='ltr' id='par_1_50' title="bbox 1040 939 1839 975">
     <span class='ocr_line' id='line_1_50' title="bbox 1040 939 1839 975; baseline 0 -9"><span class='ocrx_word' id='word_1_344' title='bbox 1040 939 1073 966; x_wconf 83' lang='grc' dir='ltr'>δι’</span> <span class='ocrx_word' id='word_1_345' title='bbox 1102 939 1223 971; x_wconf 69' lang='grc' dir='ltr'>ἑαυτούς.</span> <span class='ocrx_word' id='word_1_346' title='bbox 1238 940 1276 966; x_wconf 81' lang='grc' dir='ltr'><strong>Οὐ</strong></span> <span class='ocrx_word' id='word_1_347' title='bbox 1301 939 1353 975; x_wconf 64' lang='grc' dir='ltr'><strong>γὰρ</strong></span> <span class='ocrx_word' id='word_1_348' title='bbox 1380 940 1474 975; x_wconf 81' lang='grc' dir='ltr'><strong>χρῄζει</strong></span> <span class='ocrx_word' id='word_1_349' title='bbox 1489 940 1566 975; x_wconf 80' lang='grc' dir='ltr'>ἡμῶν</span> <span class='ocrx_word' id='word_1_350' title='bbox 1589 940 1682 971; x_wconf 79' lang='grc' dir='ltr'>αὐτὸς,</span> <span class='ocrx_word' id='word_1_351' title='bbox 1707 941 1794 975; x_wconf 55' lang='lat' dir='ltr'><strong>mni;</strong></span> <span class='ocrx_word' id='word_1_352' title='bbox 1813 940 1839 966; x_wconf 76' lang='grc' dir='ltr'>ἴε</span> 
     </span>
    </p>
   </div>
   <div class='ocr_carea' id='block_1_51' title="bbox 1040 986 1840 1021">
    <p class='ocr_par' dir='ltr' id='par_1_51' title="bbox 1040 986 1840 1021">
     <span class='ocr_line' id='line_1_51' title="bbox 1040 986 1840 1021; baseline -0.001 -9"><span class='ocrx_word' id='word_1_353' title='bbox 1040 986 1088 1012; x_wconf 79' lang='grc' dir='ltr'>τοῦ</span> <span class='ocrx_word' id='word_1_354' title='bbox 1115 986 1207 1018; x_wconf 77' lang='grc' dir='ltr'><strong>ἐλέους</strong></span> <span class='ocrx_word' id='word_1_355' title='bbox 1235 986 1317 1013; x_wconf 77' lang='grc' dir='ltr'>αὑτοῦ</span> <span class='ocrx_word' id='word_1_356' title='bbox 1333 986 1399 1021; x_wconf 83' lang='grc'><strong>(89).</strong></span> <span class='ocrx_word' id='word_1_357' title='bbox 1422 986 1509 1012; x_wconf 72' lang='grc' dir='ltr'>Μόνον</span> <span class='ocrx_word' id='word_1_358' title='bbox 1530 986 1559 1012; x_wconf 83' lang='grc' dir='ltr'>δὲ</span> <span class='ocrx_word' id='word_1_359' title='bbox 1586 986 1616 1012; x_wconf 78' lang='grc' dir='ltr'><strong>τὸ</strong></span> <span class='ocrx_word' id='word_1_360' title='bbox 1644 986 1695 1020; x_wconf 84' lang='grc' dir='ltr'>τῆς</span> <span class='ocrx_word' id='word_1_361' title='bbox 1721 986 1840 1015; x_wconf 77' lang='grc' dir='ltr'>πίστεως</span> 
     </span>
    </p>
   </div>
   <div class='ocr_carea' id='block_1_52' title="bbox 1040 1031 1840 1068">
    <p class='ocr_par' dir='ltr' id='par_1_52' title="bbox 1040 1031 1840 1068">
     <span class='ocr_line' id='line_1_52' title="bbox 1040 1031 1840 1068; baseline -0.001 -10"><span class='ocrx_word' id='word_1_362' title='bbox 1040 1032 1119 1067; x_wconf 80' lang='grc' dir='ltr'>ἡμῶν</span> <span class='ocrx_word' id='word_1_363' title='bbox 1155 1033 1265 1068; x_wconf 85' lang='grc' dir='ltr'>γνήσιον</span> <span class='ocrx_word' id='word_1_364' title='bbox 1293 1032 1417 1067; x_wconf 76' lang='grc' dir='ltr'><strong>ἐπιζητεῖ</strong></span> <span class='ocrx_word' id='word_1_365' title='bbox 1437 1032 1484 1058; x_wconf 73' lang='grc' dir='ltr'><strong>καὶ</strong></span> <span class='ocrx_word' id='word_1_366' title='bbox 1514 1031 1675 1067; x_wconf 82' lang='grc' dir='ltr'>αὐθαίρετον</span> <span class='ocrx_word' id='word_1_367' title='bbox 1699 1031 1770 1066; x_wconf 90' lang='lat'><strong>(90).</strong></span> <span class='ocrx_word' id='word_1_368' title='bbox 1794 1031 1840 1061; x_wconf 81' lang='grc' dir='ltr'>Ὠς</span> 
     </span>
    </p>
   </div>
   <div class='ocr_carea' id='block_1_53' title="bbox 1041 1075 1840 1113">
    <p class='ocr_par' dir='ltr' id='par_1_53' title="bbox 1041 1075 1840 1113">
     <span class='ocr_line' id='line_1_53' title="bbox 1041 1075 1840 1113; baseline -0.001 -9"><span class='ocrx_word' id='word_1_369' title='bbox 1041 1086 1123 1113; x_wconf 77' lang='grc' dir='ltr'>φησιν</span> <span class='ocrx_word' id='word_1_370' title='bbox 1146 1078 1163 1113; x_wconf 86' lang='grc' dir='ltr'>ἡ</span> <span class='ocrx_word' id='word_1_371' title='bbox 1188 1078 1318 1113; x_wconf 62' lang='grc' dir='ltr'>Γραφήη</span> <span class='ocrx_word' id='word_1_372' title='bbox 1336 1078 1368 1104; x_wconf 87' lang='grc' dir='ltr'><strong>Εἰ</strong></span> <span class='ocrx_word' id='word_1_373' title='bbox 1382 1077 1484 1108; x_wconf 79' lang='grc' dir='ltr'>δίκαιος</span> <span class='ocrx_word' id='word_1_374' title='bbox 1512 1075 1547 1109; x_wconf 80' lang='grc' dir='ltr'><strong>εἷ,</strong></span> <span class='ocrx_word' id='word_1_375' title='bbox 1572 1077 1599 1104; x_wconf 85' lang='grc' dir='ltr'><strong>τί</strong></span> <span class='ocrx_word' id='word_1_376' title='bbox 1623 1077 1725 1108; x_wconf 81' lang='grc' dir='ltr'>δώσεις</span> <span class='ocrx_word' id='word_1_377' title='bbox 1755 1077 1840 1111; x_wconf 71' lang='grc' dir='ltr'>αὐτῷ,</span> 
     </span>
    </p>
   </div>
   <div class='ocr_carea' id='block_1_54' title="bbox 1041 1123 1840 1159">
    <p class='ocr_par' dir='ltr' id='par_1_54' title="bbox 1041 1123 1840 1159">
     <span class='ocr_line' id='line_1_54' title="bbox 1041 1123 1840 1159; baseline -0.003 -9"><span class='ocrx_word' id='word_1_378' title='bbox 1041 1123 1058 1157; x_wconf 81' lang='grc' dir='ltr'><strong>ἢ</strong></span> <span class='ocrx_word' id='word_1_379' title='bbox 1074 1123 1099 1149; x_wconf 85' lang='grc' dir='ltr'>τι</span> <span class='ocrx_word' id='word_1_380' title='bbox 1129 1124 1162 1150; x_wconf 78' lang='grc' dir='ltr'><strong>ὲκ</strong></span> <span class='ocrx_word' id='word_1_381' title='bbox 1188 1123 1279 1159; x_wconf 80' lang='grc' dir='ltr'>χειρός</span> <span class='ocrx_word' id='word_1_382' title='bbox 1307 1132 1353 1150; x_wconf 84' lang='grc' dir='ltr'><strong>σου</strong></span> <span class='ocrx_word' id='word_1_383' title='bbox 1382 1123 1513 1159; x_wconf 73' lang='grc' dir='ltr'>λήψεταις</span> <span class='ocrx_word' id='word_1_384' title='bbox 1528 1123 1606 1159; x_wconf 79' lang='grc' dir='ltr'>ἀνδρὶ</span> <span class='ocrx_word' id='word_1_385' title='bbox 1625 1123 1666 1158; x_wconf 80' lang='grc' dir='ltr'>τῷ</span> <span class='ocrx_word' id='word_1_386' title='bbox 1685 1123 1778 1158; x_wconf 74' lang='grc' dir='ltr'>ὁμοίῳ</span> <span class='ocrx_word' id='word_1_387' title='bbox 1795 1131 1840 1148; x_wconf 63' lang='grc' dir='ltr'><strong>σου</strong></span> 
     </span>
    </p>
   </div>
   <div class='ocr_carea' id='block_1_55' title="bbox 1041 1168 1841 1205">
    <p class='ocr_par' dir='ltr' id='par_1_55' title="bbox 1041 1168 1841 1205">
     <span class='ocr_line' id='line_1_55' title="bbox 1041 1168 1841 1205; baseline -0.001 -9"><span class='ocrx_word' id='word_1_388' title='bbox 1041 1169 1058 1204; x_wconf 88' lang='grc' dir='ltr'><strong>ή</strong></span> <span class='ocrx_word' id='word_1_389' title='bbox 1074 1168 1186 1196; x_wconf 68' lang='grc' dir='ltr'><strong>ἀσέϐειάν</strong></span> <span class='ocrx_word' id='word_1_390' title='bbox 1201 1169 1256 1205; x_wconf 76' lang='grc'><strong>(91)</strong></span> <span class='ocrx_word' id='word_1_391' title='bbox 1274 1177 1332 1201; x_wconf 82' lang='grc' dir='ltr'>σου,</span> <span class='ocrx_word' id='word_1_392' title='bbox 1347 1169 1394 1196; x_wconf 76' lang='grc' dir='ltr'><strong>καὶ</strong></span> <span class='ocrx_word' id='word_1_393' title='bbox 1409 1169 1459 1205; x_wconf 84' lang='grc' dir='ltr'>υίῷ</span> <span class='ocrx_word' id='word_1_394' title='bbox 1473 1168 1617 1205; x_wconf 81' lang='grc' dir='ltr'>ἀνθρώπου</span> <span class='ocrx_word' id='word_1_395' title='bbox 1640 1170 1656 1205; x_wconf 84' lang='grc' dir='ltr'>ἡ</span> <span class='ocrx_word' id='word_1_396' title='bbox 1677 1169 1841 1205; x_wconf 57' lang='lat' dir='ltr'><strong>omnemi-tr;</strong></span> 
     </span>
    </p>
   </div>
   <div class='ocr_carea' id='block_1_56' title="bbox 1042 1223 1131 1242">
    <p class='ocr_par' dir='ltr' id='par_1_56' title="bbox 1042 1223 1131 1242">
     <span class='ocr_line' id='line_1_56' title="bbox 1042 1223 1131 1242; baseline -0.011 0"><span class='ocrx_word' id='word_1_397' title='bbox 1042 1223 1100 1242; x_wconf 86' lang='grc' dir='ltr'>σου.</span> <span class='ocrx_word' id='word_1_398' title='bbox 1121 1224 1131 1241; x_wconf 71' lang='grc'><strong>1</strong></span> 
     </span>
    </p>
   </div>
   <div class='ocr_carea' id='block_1_57' title="bbox 1301 1261 1563 1295">
    <p class='ocr_par' dir='ltr' id='par_1_57' title="bbox 1301 1261 1563 1295">
     <span class='ocr_line' id='line_1_57' title="bbox 1301 1261 1563 1295; baseline 0 -7"><span class='ocrx_word' id='word_1_399' title='bbox 1301 1261 1499 1288; x_wconf 75' lang='grc' dir='ltr'><strong>ΚΕΦΑΛΔΙΟΝ</strong></span> <span class='ocrx_word' id='word_1_400' title='bbox 1516 1262 1563 1295; x_wconf 61' lang='grc' dir='ltr'><strong>(Γ.</strong></span> 
     </span>
    </p>
   </div>
   <div class='ocr_carea' id='block_1_58' title="bbox 1041 1305 1842 1342">
    <p class='ocr_par' dir='ltr' id='par_1_58' title="bbox 1041 1305 1842 1342">
     <span class='ocr_line' id='line_1_58' title="bbox 1041 1305 1842 1342; baseline -0.001 -7"><span class='ocrx_word' id='word_1_401' title='bbox 1041 1309 1100 1335; x_wconf 85' lang='grc' dir='ltr'><strong>Ὀτι</strong></span> <span class='ocrx_word' id='word_1_402' title='bbox 1113 1306 1171 1342; x_wconf 80' lang='grc' dir='ltr'>χρὴ</span> <span class='ocrx_word' id='word_1_403' title='bbox 1183 1306 1238 1334; x_wconf 80' lang='grc' dir='ltr'><strong>τὸν</strong></span> <span class='ocrx_word' id='word_1_404' title='bbox 1250 1307 1362 1342; x_wconf 67' lang='grc' dir='ltr'><strong>πιστὸν</strong></span> <span class='ocrx_word' id='word_1_405' title='bbox 1374 1307 1451 1342; x_wconf 81' lang='grc' dir='ltr'>μήτε</span> <span class='ocrx_word' id='word_1_406' title='bbox 1461 1305 1683 1342; x_wconf 72' lang='grc' dir='ltr'><strong>,ὸιψρκίνδυτὊγ</strong></span> <span class='ocrx_word' id='word_1_407' title='bbox 1700 1305 1784 1333; x_wconf 76' lang='grc' dir='ltr'>εἶναι</span> <span class='ocrx_word' id='word_1_408' title='bbox 1805 1307 1842 1334; x_wconf 79' lang='grc' dir='ltr'>δι’</span> 
     </span>
    </p>
   </div>
   <div class='ocr_carea' id='block_1_59' title="bbox 1076 1341 1842 1376">
    <p class='ocr_par' dir='ltr' id='par_1_59' title="bbox 1076 1341 1842 1376">
     <span class='ocr_line' id='line_1_59' title="bbox 1076 1341 1842 1376; baseline -0.001 -7"><span class='ocrx_word' id='word_1_409' title='bbox 1076 1341 1255 1376; x_wconf 56' lang='grc' dir='ltr'>ἀσφάλειαν,</span> <span class='ocrx_word' id='word_1_410' title='bbox 1276 1341 1352 1376; x_wconf 76' lang='grc' dir='ltr'>μήτε</span> <span class='ocrx_word' id='word_1_411' title='bbox 1370 1341 1489 1376; x_wconf 68' lang='grc' dir='ltr'>ἐιεριδεῆ</span> <span class='ocrx_word' id='word_1_412' title='bbox 1512 1341 1549 1368; x_wconf 81' lang='grc' dir='ltr'>δι’</span> <span class='ocrx_word' id='word_1_413' title='bbox 1564 1342 1744 1375; x_wconf 73' lang='grc' dir='ltr'>ἀνανδρίαν-</span> <span class='ocrx_word' id='word_1_414' title='bbox 1761 1343 1842 1368; x_wconf 65' lang='grc' dir='ltr'>ἀλλὰ</span> 
     </span>
    </p>
   </div>
   <div class='ocr_carea' id='block_1_60' title="bbox 1076 1376 1843 1411">
    <p class='ocr_par' dir='ltr' id='par_1_60' title="bbox 1076 1376 1843 1411">
     <span class='ocr_line' id='line_1_60' title="bbox 1076 1376 1843 1411; baseline -0.001 -7"><span class='ocrx_word' id='word_1_415' title='bbox 1076 1377 1125 1404; x_wconf 77' lang='grc' dir='ltr'><strong>καὶ</strong></span> <span class='ocrx_word' id='word_1_416' title='bbox 1151 1377 1273 1411; x_wconf 73' lang='grc' dir='ltr'>φεύγειν</span> <span class='ocrx_word' id='word_1_417' title='bbox 1300 1376 1337 1403; x_wconf 80' lang='grc' dir='ltr'>δι’</span> <span class='ocrx_word' id='word_1_418' title='bbox 1364 1376 1539 1408; x_wconf 71' lang='grc' dir='ltr'>εὐλάϐειαν,</span> <span class='ocrx_word' id='word_1_419' title='bbox 1568 1377 1615 1403; x_wconf 71' lang='grc' dir='ltr'><strong>καὶ</strong></span> <span class='ocrx_word' id='word_1_420' title='bbox 1644 1377 1843 1411; x_wconf 66' lang='grc' dir='ltr'>ἐμπεσόν-ινα,</span> 
     </span>
    </p>
   </div>
   <div class='ocr_carea' id='block_1_61' title="bbox 1074 1410 1795 1446">
    <p class='ocr_par' dir='ltr' id='par_1_61' title="bbox 1074 1410 1795 1446">
     <span class='ocr_line' id='line_1_61' title="bbox 1074 1410 1795 1446; baseline 0 -8"><span class='ocrx_word' id='word_1_421' title='bbox 1074 1410 1268 1446; x_wconf 58' lang='grc' dir='ltr'>ἀγωνίζεσθαι</span> <span class='ocrx_word' id='word_1_422' title='bbox 1283 1411 1331 1438; x_wconf 82' lang='grc' dir='ltr'>διὰ</span> <span class='ocrx_word' id='word_1_423' title='bbox 1345 1412 1398 1438; x_wconf 70' lang='grc' dir='ltr'>τὸν</span> <span class='ocrx_word' id='word_1_424' title='bbox 1410 1412 1609 1445; x_wconf 74' lang='grc' dir='ltr'>ἀποκείμενον</span> <span class='ocrx_word' id='word_1_425' title='bbox 1622 1411 1795 1445; x_wconf 53' lang='grc' dir='ltr'>στέφανον.</span> 
     </span>
    </p>
   </div>
   <div class='ocr_carea' id='block_1_62' title="bbox 1081 1455 1845 1492">
    <p class='ocr_par' dir='ltr' id='par_1_62' title="bbox 1081 1455 1845 1492">
     <span class='ocr_line' id='line_1_62' title="bbox 1081 1455 1845 1492; baseline -0.003 -8"><span class='ocrx_word' id='word_1_426' title='bbox 1081 1457 1288 1492; x_wconf 80' lang='grc' dir='ltr'>’Δποταξώμεθα</span> <span class='ocrx_word' id='word_1_427' title='bbox 1293 1455 1339 1483; x_wconf 76' lang='grc' dir='ltr'>οὖν</span> <span class='ocrx_word' id='word_1_428' title='bbox 1345 1457 1391 1483; x_wconf 80' lang='grc' dir='ltr'>καὶ</span> <span class='ocrx_word' id='word_1_429' title='bbox 1396 1457 1501 1491; x_wconf 77' lang='grc' dir='ltr'>γονεῦσι</span> <span class='ocrx_word' id='word_1_430' title='bbox 1506 1478 1513 1489; x_wconf 86' lang='grc'><em>,</em></span> <span class='ocrx_word' id='word_1_431' title='bbox 1522 1457 1569 1483; x_wconf 81' lang='grc' dir='ltr'><strong>καὶ</strong></span> <span class='ocrx_word' id='word_1_432' title='bbox 1577 1457 1735 1491; x_wconf 74' lang='grc' dir='ltr'>συγγενέσι,</span> <span class='ocrx_word' id='word_1_433' title='bbox 1745 1458 1796 1484; x_wconf 75' lang='grc' dir='ltr'><strong>καί</strong></span> <span class='ocrx_word' id='word_1_434' title='bbox 1802 1458 1832 1491; x_wconf 79' lang='grc' dir='ltr'><strong>φΞ</strong></span> <span class='ocrx_word' id='word_1_435' title='bbox 1839 1473 1845 1477; x_wconf 94' lang='grc'><strong>-</strong></span> 
     </span>
    </p>
   </div>
   <div class='ocr_carea' id='block_1_63' title="bbox 1040 1502 1846 1538">
    <p class='ocr_par' dir='ltr' id='par_1_63' title="bbox 1040 1502 1846 1538">
     <span class='ocr_line' id='line_1_63' title="bbox 1040 1502 1846 1538; baseline -0.001 -8"><span class='ocrx_word' id='word_1_436' title='bbox 1040 1503 1105 1536; x_wconf 82' lang='grc' dir='ltr'>λοις,</span> <span class='ocrx_word' id='word_1_437' title='bbox 1113 1503 1159 1530; x_wconf 73' lang='grc' dir='ltr'><strong>καὶ</strong></span> <span class='ocrx_word' id='word_1_438' title='bbox 1165 1503 1283 1537; x_wconf 72' lang='grc' dir='ltr'>γυναικὶ,</span> <span class='ocrx_word' id='word_1_439' title='bbox 1291 1503 1405 1538; x_wconf 81' lang='grc' dir='ltr'>[τέκνοις</span> <span class='ocrx_word' id='word_1_440' title='bbox 1412 1502 1444 1538; x_wconf 85' lang='grc'><strong>¹”]</strong></span> <span class='ocrx_word' id='word_1_441' title='bbox 1454 1503 1499 1529; x_wconf 76' lang='grc' dir='ltr'><strong>χαὶ</strong></span> <span class='ocrx_word' id='word_1_442' title='bbox 1507 1503 1637 1538; x_wconf 77' lang='grc' dir='ltr'>κτήμασι,</span> <span class='ocrx_word' id='word_1_443' title='bbox 1647 1503 1693 1530; x_wconf 77' lang='grc' dir='ltr'>καὶ</span> <span class='ocrx_word' id='word_1_444' title='bbox 1703 1503 1738 1529; x_wconf 75' lang='grc' dir='ltr'>σύ</span> <span class='ocrx_word' id='word_1_445' title='bbox 1743 1512 1846 1538; x_wconf 70' lang='grc' dir='ltr'>μπαντι</span> 
     </span>
    </p>
   </div>
   <div class='ocr_carea' id='block_1_64' title="bbox 205 1546 1004 1586">
    <p class='ocr_par' dir='ltr' id='par_1_64' title="bbox 205 1548 988 1584">
     <span class='ocr_line' id='line_1_64' title="bbox 205 1548 988 1584; baseline -0.001 -8"><span class='ocrx_word' id='word_1_446' title='bbox 205 1550 376 1584; x_wconf 85' lang='lat' dir='ltr'><strong>uis,quaudo</strong></span> <span class='ocrx_word' id='word_1_447' title='bbox 390 1556 484 1576; x_wconf 88' lang='lat' dir='ltr'><strong>eorum</strong></span> <span class='ocrx_word' id='word_1_448' title='bbox 499 1549 600 1584; x_wconf 86' lang='lat' dir='ltr'><strong>aliquid</strong></span> <span class='ocrx_word' id='word_1_449' title='bbox 614 1549 808 1584; x_wconf 88' lang='lat' dir='ltr'><strong>impedimento</strong></span> <span class='ocrx_word' id='word_1_450' title='bbox 823 1548 874 1576; x_wconf 83' lang='lat' dir='ltr'><strong>erit</strong></span> <span class='ocrx_word' id='word_1_451' title='bbox 885 1548 988 1582; x_wconf 81' lang='lat' dir='ltr'><strong>pietati.</strong></span> 
     </span>
    </p>
   </div>
   <div class='ocr_carea' id='block_1_65' title="bbox 1079 1546 1846 1586">
    <p class='ocr_par' dir='ltr' id='par_1_65' title="bbox 1079 1546 1846 1586">
     <span class='ocr_line' id='line_1_65' title="bbox 1079 1546 1846 1586; baseline -0.001 -11"><span class='ocrx_word' id='word_1_452' title='bbox 1079 1549 1148 1584; x_wconf 64' lang='grc' dir='ltr'>ιβίῳ,</span> <span class='ocrx_word' id='word_1_453' title='bbox 1160 1549 1224 1575; x_wconf 83' lang='grc' dir='ltr'>ὃταν</span> <span class='ocrx_word' id='word_1_454' title='bbox 1269 1557 1296 1575; x_wconf 85' lang='grc' dir='ltr'><strong>τι</strong></span> <span class='ocrx_word' id='word_1_455' title='bbox 1309 1548 1411 1575; x_wconf 83' lang='grc' dir='ltr'>τούτων</span> <span class='ocrx_word' id='word_1_456' title='bbox 1426 1548 1538 1583; x_wconf 82' lang='grc' dir='ltr'>κώλυμα</span> <span class='ocrx_word' id='word_1_457' title='bbox 1549 1548 1617 1584; x_wconf 83' lang='grc' dir='ltr'>πρὸς</span> <span class='ocrx_word' id='word_1_458' title='bbox 1631 1548 1790 1576; x_wconf 73' lang='grc' dir='ltr'>εὐσέϐειαν.</span> <span class='ocrx_word' id='word_1_459' title='bbox 1802 1551 1846 1575; x_wconf 77' lang='grc' dir='ltr'><strong>ΔΞῖ</strong></span> 
     </span>
    </p>
   </div>
   <div class='ocr_carea' id='block_1_66' title="bbox 207 1593 992 1630">
    <p class='ocr_par' dir='ltr' id='par_1_66' title="bbox 207 1593 992 1630">
     <span class='ocr_line' id='line_1_66' title="bbox 207 1593 992 1630; baseline -0.003 -8"><span class='ocrx_word' id='word_1_460' title='bbox 207 1595 347 1630; x_wconf 85' lang='lat' dir='ltr'><strong>Siquidem</strong></span> <span class='ocrx_word' id='word_1_461' title='bbox 361 1602 441 1622; x_wconf 88' lang='lat' dir='ltr'><strong>orare</strong></span> <span class='ocrx_word' id='word_1_462' title='bbox 451 1595 591 1626; x_wconf 89' lang='lat' dir='ltr'><strong>debemus,</strong></span> <span class='ocrx_word' id='word_1_463' title='bbox 606 1602 640 1622; x_wconf 89' lang='lat' dir='ltr'><strong>ne</strong></span> <span class='ocrx_word' id='word_1_464' title='bbox 654 1593 838 1629; x_wconf 77' lang='lat' dir='ltr'><strong>ingrediamur</strong></span> <span class='ocrx_word' id='word_1_465' title='bbox 856 1594 884 1620; x_wconf 91' lang='lat' dir='ltr'><strong>in</strong></span> <span class='ocrx_word' id='word_1_466' title='bbox 905 1596 992 1620; x_wconf 87' lang='lat' dir='ltr'><strong>tenta-</strong></span> 
     </span>
    </p>
   </div>
   <div class='ocr_carea' id='block_1_67' title="bbox 207 1641 993 1676">
    <p class='ocr_par' dir='ltr' id='par_1_67' title="bbox 207 1641 993 1676">
     <span class='ocr_line' id='line_1_67' title="bbox 207 1641 993 1676; baseline -0.003 -8"><span class='ocrx_word' id='word_1_467' title='bbox 207 1642 319 1670; x_wconf 90' lang='lat' dir='ltr'><strong>tionem.</strong></span> <span class='ocrx_word' id='word_1_468' title='bbox 332 1641 410 1674; x_wconf 86' lang='lat' dir='ltr'><strong>Quod</strong></span> <span class='ocrx_word' id='word_1_469' title='bbox 422 1641 446 1669; x_wconf 80' lang='lat' dir='ltr'><strong>si</strong></span> <span class='ocrx_word' id='word_1_470' title='bbox 462 1641 497 1669; x_wconf 86' lang='lat' dir='ltr'><strong>ad</strong></span> <span class='ocrx_word' id='word_1_471' title='bbox 509 1641 670 1676; x_wconf 87' lang='lat' dir='ltr'><strong>martyrium</strong></span> <span class='ocrx_word' id='word_1_472' title='bbox 684 1647 824 1673; x_wconf 81' lang='lat' dir='ltr'><strong>vocemur,</strong></span> <span class='ocrx_word' id='word_1_473' title='bbox 838 1643 945 1674; x_wconf 86' lang='lat' dir='ltr'><strong>oportet</strong></span> <span class='ocrx_word' id='word_1_474' title='bbox 964 1644 993 1667; x_wconf 83' lang='lat' dir='ltr'><strong>ut</strong></span> 
     </span>
    </p>
   </div>
   <div class='ocr_carea' id='block_1_68' title="bbox 207 1686 992 1716">
    <p class='ocr_par' dir='ltr' id='par_1_68' title="bbox 207 1686 992 1716">
     <span class='ocr_line' id='line_1_68' title="bbox 207 1686 992 1716; baseline -0.004 -1"><span class='ocrx_word' id='word_1_475' title='bbox 207 1697 269 1715; x_wconf 75' lang='lat' dir='ltr'><strong>cuin</strong></span> <span class='ocrx_word' id='word_1_476' title='bbox 290 1688 450 1716; x_wconf 77' lang='lat' dir='ltr'><strong>fortitudine</strong></span> <span class='ocrx_word' id='word_1_477' title='bbox 472 1692 500 1715; x_wconf 89' lang='lat' dir='ltr'><strong>ct</strong></span> <span class='ocrx_word' id='word_1_478' title='bbox 518 1687 672 1715; x_wconf 85' lang='lat' dir='ltr'><strong>constantia</strong></span> <span class='ocrx_word' id='word_1_479' title='bbox 687 1686 877 1713; x_wconf 86' lang='lat' dir='ltr'><strong>honorandum</strong></span> <span class='ocrx_word' id='word_1_480' title='bbox 894 1693 992 1712; x_wconf 87' lang='lat' dir='ltr'><strong>nomen</strong></span> 
     </span>
    </p>
   </div>
   <div class='ocr_carea' id='block_1_69' title="bbox 207 1732 992 1767">
    <p class='ocr_par' dir='ltr' id='par_1_69' title="bbox 207 1732 992 1767">
     <span class='ocr_line' id='line_1_69' title="bbox 207 1732 992 1767; baseline -0.008 -4"><span class='ocrx_word' id='word_1_481' title='bbox 207 1735 387 1763; x_wconf 79' lang='lat' dir='ltr'><strong>conﬁteamur</strong></span> <span class='ocrx_word' id='word_1_482' title='bbox 408 1743 415 1762; x_wconf 89' lang='lat'>:</span> <span class='ocrx_word' id='word_1_483' title='bbox 436 1737 464 1761; x_wconf 86' lang='lat' dir='ltr'><strong>et</strong></span> <span class='ocrx_word' id='word_1_484' title='bbox 484 1734 508 1761; x_wconf 90' lang='lat' dir='ltr'><strong>si</strong></span> <span class='ocrx_word' id='word_1_485' title='bbox 523 1733 585 1760; x_wconf 82' lang='lat' dir='ltr'><strong>ideo</strong></span> <span class='ocrx_word' id='word_1_486' title='bbox 601 1733 634 1760; x_wconf 90' lang='lat' dir='ltr'><strong>ad</strong></span> <span class='ocrx_word' id='word_1_487' title='bbox 657 1732 820 1767; x_wconf 88' lang='lat' dir='ltr'><strong>supplicium</strong></span> <span class='ocrx_word' id='word_1_488' title='bbox 841 1732 992 1763; x_wconf 87' lang='lat' dir='ltr'><strong>mittamur,</strong></span> 
     </span>
    </p>
   </div>
   <div class='ocr_carea' id='block_1_70' title="bbox 208 1778 995 1817">
    <p class='ocr_par' dir='ltr' id='par_1_70' title="bbox 208 1778 995 1817">
     <span class='ocr_line' id='line_1_70' title="bbox 208 1778 995 1817; baseline -0.009 -8"><span class='ocrx_word' id='word_1_489' title='bbox 208 1781 374 1817; x_wconf 74' lang='lat' dir='ltr'><strong>gaudeamus</strong></span> <span class='ocrx_word' id='word_1_490' title='bbox 392 1785 520 1815; x_wconf 87' lang='lat' dir='ltr'><strong>tanquam</strong></span> <span class='ocrx_word' id='word_1_491' title='bbox 535 1779 582 1814; x_wconf 92' lang='lat' dir='ltr'><strong>qui</strong></span> <span class='ocrx_word' id='word_1_492' title='bbox 595 1778 629 1806; x_wconf 85' lang='lat' dir='ltr'><strong>ad</strong></span> <span class='ocrx_word' id='word_1_493' title='bbox 649 1778 881 1806; x_wconf 75' lang='lat' dir='ltr'><strong>immortalitatem</strong></span> <span class='ocrx_word' id='word_1_494' title='bbox 897 1784 995 1812; x_wconf 84' lang='lat' dir='ltr'><strong>prope-</strong></span> 
     </span>
    </p>
   </div>
   <div class='ocr_carea' id='block_1_71' title="bbox 209 1822 995 1861">
    <p class='ocr_par' dir='ltr' id='par_1_71' title="bbox 209 1822 995 1861">
     <span class='ocr_line' id='line_1_71' title="bbox 209 1822 995 1861; baseline -0.008 -6"><span class='ocrx_word' id='word_1_495' title='bbox 209 1835 311 1856; x_wconf 88' lang='lat' dir='ltr'><strong>ramus.</strong></span> <span class='ocrx_word' id='word_1_496' title='bbox 325 1827 392 1855; x_wconf 90' lang='lat' dir='ltr'><strong>Cum</strong></span> <span class='ocrx_word' id='word_1_497' title='bbox 410 1827 627 1861; x_wconf 83' lang='lat' dir='ltr'><strong>persecutionem</strong></span> <span class='ocrx_word' id='word_1_498' title='bbox 639 1824 769 1859; x_wconf 85' lang='lat' dir='ltr'><strong>patimur,</strong></span> <span class='ocrx_word' id='word_1_499' title='bbox 783 1831 818 1851; x_wconf 90' lang='lat' dir='ltr'><strong>ne</strong></span> <span class='ocrx_word' id='word_1_500' title='bbox 828 1823 908 1858; x_wconf 87' lang='lat' dir='ltr'><strong>quasi</strong></span> <span class='ocrx_word' id='word_1_501' title='bbox 921 1822 947 1849; x_wconf 92' lang='lat' dir='ltr'><strong>in</strong></span> <span class='ocrx_word' id='word_1_502' title='bbox 966 1829 995 1849; x_wconf 90' lang='lat' dir='ltr'><strong>re</strong></span> 
     </span>
    </p>
   </div>
   <div class='ocr_carea' id='block_1_72' title="bbox 210 1869 996 1906">
    <p class='ocr_par' dir='ltr' id='par_1_72' title="bbox 210 1869 996 1906">
     <span class='ocr_line' id='line_1_72' title="bbox 210 1869 996 1906; baseline -0.009 -5"><span class='ocrx_word' id='word_1_503' title='bbox 210 1881 279 1901; x_wconf 85' lang='lat' dir='ltr'><strong>nova</strong></span> <span class='ocrx_word' id='word_1_504' title='bbox 290 1881 322 1900; x_wconf 87' lang='lat' dir='ltr'><strong>ac</strong></span> <span class='ocrx_word' id='word_1_505' title='bbox 332 1872 452 1900; x_wconf 80' lang='lat' dir='ltr'><strong>inaudita</strong></span> <span class='ocrx_word' id='word_1_506' title='bbox 464 1876 632 1906; x_wconf 86' lang='lat' dir='ltr'><strong>stupeamus.</strong></span> <span class='ocrx_word' id='word_1_507' title='bbox 645 1869 704 1897; x_wconf 89' lang='lat' dir='ltr'><strong>Non</strong></span> <span class='ocrx_word' id='word_1_508' title='bbox 716 1869 862 1904; x_wconf 80' lang='lat' dir='ltr'><strong>diligamus</strong></span> <span class='ocrx_word' id='word_1_509' title='bbox 875 1875 996 1903; x_wconf 64' lang='lat' dir='ltr'><strong>praesens</strong></span> 
     </span>
    </p>
   </div>
   <div class='ocr_carea' id='block_1_73' title="bbox 210 1913 995 1953">
    <p class='ocr_par' dir='ltr' id='par_1_73' title="bbox 210 1913 995 1953">
     <span class='ocr_line' id='line_1_73' title="bbox 210 1913 995 1953; baseline -0.01 -6"><span class='ocrx_word' id='word_1_510' title='bbox 210 1919 351 1951; x_wconf 68' lang='lat' dir='ltr'><strong>saaeulum,</strong></span> <span class='ocrx_word' id='word_1_511' title='bbox 366 1925 455 1953; x_wconf 90' lang='lat' dir='ltr'><strong>neque</strong></span> <span class='ocrx_word' id='word_1_512' title='bbox 474 1916 570 1944; x_wconf 86' lang='lat' dir='ltr'><strong>laudes</strong></span> <span class='ocrx_word' id='word_1_513' title='bbox 584 1916 618 1943; x_wconf 88' lang='lat' dir='ltr'><strong>ab</strong></span> <span class='ocrx_word' id='word_1_514' title='bbox 631 1915 798 1946; x_wconf 87' lang='lat' dir='ltr'><strong>hominibus,</strong></span> <span class='ocrx_word' id='word_1_515' title='bbox 814 1922 903 1949; x_wconf 89' lang='lat' dir='ltr'><strong>neque</strong></span> <span class='ocrx_word' id='word_1_516' title='bbox 919 1913 995 1948; x_wconf 86' lang='lat' dir='ltr'><strong>priu-</strong></span> 
     </span>
    </p>
   </div>
   <div class='ocr_carea' id='block_1_74' title="bbox 210 1960 996 2000">
    <p class='ocr_par' dir='ltr' id='par_1_74' title="bbox 210 1960 996 2000">
     <span class='ocr_line' id='line_1_74' title="bbox 210 1960 996 2000; baseline -0.008 -8"><span class='ocrx_word' id='word_1_517' title='bbox 210 1966 302 2000; x_wconf 81' lang='lat' dir='ltr'><strong>cipum</strong></span> <span class='ocrx_word' id='word_1_518' title='bbox 315 1965 437 1991; x_wconf 84' lang='lat' dir='ltr'><strong>virorum</strong></span> <span class='ocrx_word' id='word_1_519' title='bbox 453 1962 568 1998; x_wconf 86' lang='lat' dir='ltr'><strong>gloriam</strong></span> <span class='ocrx_word' id='word_1_520' title='bbox 580 1965 607 1988; x_wconf 90' lang='lat' dir='ltr'><strong>et</strong></span> <span class='ocrx_word' id='word_1_521' title='bbox 622 1961 752 1988; x_wconf 87' lang='lat' dir='ltr'><strong>honorem</strong></span> <span class='ocrx_word' id='word_1_522' title='bbox 764 1970 771 1994; x_wconf 90' lang='lat'><strong>;</strong></span> <span class='ocrx_word' id='word_1_523' title='bbox 784 1961 856 1989; x_wconf 88' lang='lat' dir='ltr'><strong>sicut</strong></span> <span class='ocrx_word' id='word_1_524' title='bbox 872 1960 996 1988; x_wconf 91' lang='lat' dir='ltr'><strong>nonnulli</strong></span> 
     </span>
    </p>
   </div>
   <div class='ocr_carea' id='block_1_75' title="bbox 209 2006 998 2043">
    <p class='ocr_par' dir='ltr' id='par_1_75' title="bbox 209 2006 998 2043">
     <span class='ocr_line' id='line_1_75' title="bbox 209 2006 998 2043; baseline -0.006 -5"><span class='ocrx_word' id='word_1_525' title='bbox 209 2009 313 2042; x_wconf 80' lang='lat' dir='ltr'><strong>Judaei,</strong></span> <span class='ocrx_word' id='word_1_526' title='bbox 333 2017 394 2037; x_wconf 87' lang='lat' dir='ltr'><strong>cum</strong></span> <span class='ocrx_word' id='word_1_527' title='bbox 410 2008 516 2036; x_wconf 87' lang='lat' dir='ltr'><strong>Domini</strong></span> <span class='ocrx_word' id='word_1_528' title='bbox 536 2015 619 2043; x_wconf 87' lang='lat' dir='ltr'><strong>opera</strong></span> <span class='ocrx_word' id='word_1_529' title='bbox 635 2006 846 2039; x_wconf 87' lang='lat' dir='ltr'><strong>admirarentur,</strong></span> <span class='ocrx_word' id='word_1_530' title='bbox 863 2015 917 2034; x_wconf 93' lang='lat' dir='ltr'><strong>non</strong></span> <span class='ocrx_word' id='word_1_531' title='bbox 937 2013 998 2034; x_wconf 81' lang='lat' dir='ltr'><strong>ere-</strong></span> 
     </span>
    </p>
   </div>
   <div class='ocr_carea' id='block_1_76' title="bbox 210 2053 998 2089">
    <p class='ocr_par' dir='ltr' id='par_1_76' title="bbox 210 2053 998 2089">
     <span class='ocr_line' id='line_1_76' title="bbox 210 2053 998 2089; baseline -0.004 -6"><span class='ocrx_word' id='word_1_532' title='bbox 210 2056 339 2084; x_wconf 90' lang='lat' dir='ltr'><strong>diderunt</strong></span> <span class='ocrx_word' id='word_1_533' title='bbox 361 2056 388 2082; x_wconf 92' lang='lat' dir='ltr'><strong>in</strong></span> <span class='ocrx_word' id='word_1_534' title='bbox 403 2062 465 2082; x_wconf 86' lang='lat' dir='ltr'><strong>eum</strong></span> <span class='ocrx_word' id='word_1_535' title='bbox 476 2074 484 2087; x_wconf 89' lang='lat'><strong>,</strong></span> <span class='ocrx_word' id='word_1_536' title='bbox 500 2059 573 2081; x_wconf 89' lang='lat' dir='ltr'><strong>metu</strong></span> <span class='ocrx_word' id='word_1_537' title='bbox 594 2053 753 2089; x_wconf 84' lang='lat' dir='ltr'><strong>puntilicum</strong></span> <span class='ocrx_word' id='word_1_538' title='bbox 777 2053 998 2088; x_wconf 87' lang='lat' dir='ltr'><strong>reliquorumque</strong></span> 
     </span>
    </p>
   </div>
   <div class='ocr_carea' id='block_1_77' title="bbox 210 2099 997 2137">
    <p class='ocr_par' dir='ltr' id='par_1_77' title="bbox 210 2099 997 2137">
     <span class='ocr_line' id='line_1_77' title="bbox 210 2099 997 2137; baseline -0.005 -8"><span class='ocrx_word' id='word_1_539' title='bbox 210 2103 393 2137; x_wconf 81' lang='lat' dir='ltr'><strong>optimatum:</strong></span> <span class='ocrx_word' id='word_1_540' title='bbox 415 2110 425 2126; x_wconf 79' lang='grc' dir='ltr'><strong>ι</strong></span> <span class='ocrx_word' id='word_1_541' title='bbox 441 2100 599 2127; x_wconf 78' lang='lat' dir='ltr'><strong>Dilexeruut</strong></span> <span class='ocrx_word' id='word_1_542' title='bbox 624 2099 696 2126; x_wconf 89' lang='lat' dir='ltr'><strong>enim</strong></span> <span class='ocrx_word' id='word_1_543' title='bbox 721 2099 834 2134; x_wconf 83' lang='lat' dir='ltr'><strong>gloriam</strong></span> <span class='ocrx_word' id='word_1_544' title='bbox 858 2099 997 2126; x_wconf 88' lang='lat' dir='ltr'><strong>hominum</strong></span> 
     </span>
    </p>
   </div>
   <div class='ocr_carea' id='block_1_78' title="bbox 210 2145 997 2182">
    <p class='ocr_par' dir='ltr' id='par_1_78' title="bbox 210 2145 997 2182">
     <span class='ocr_line' id='line_1_78' title="bbox 210 2145 997 2182; baseline -0.004 -8"><span class='ocrx_word' id='word_1_545' title='bbox 210 2147 307 2182; x_wconf 79' lang='lat' dir='ltr'><strong>magis,</strong></span> <span class='ocrx_word' id='word_1_546' title='bbox 320 2154 400 2181; x_wconf 89' lang='lat' dir='ltr'><strong>quam</strong></span> <span class='ocrx_word' id='word_1_547' title='bbox 416 2145 530 2181; x_wconf 88' lang='lat' dir='ltr'><strong>gloriam</strong></span> <span class='ocrx_word' id='word_1_548' title='bbox 541 2145 587 2172; x_wconf 90' lang='lat' dir='ltr'><strong>Dei</strong></span> <span class='ocrx_word' id='word_1_549' title='bbox 599 2146 619 2172; x_wconf 86' lang='lat'><strong>&#39;.</strong></span> <span class='ocrx_word' id='word_1_550' title='bbox 637 2154 646 2170; x_wconf 71' lang='grc' dir='ltr'><strong>ι</strong></span> <span class='ocrx_word' id='word_1_551' title='bbox 660 2145 774 2178; x_wconf 84' lang='lat' dir='ltr'><strong>Quando</strong></span> <span class='ocrx_word' id='word_1_552' title='bbox 788 2149 879 2172; x_wconf 89' lang='lat' dir='ltr'><strong>autem</strong></span> <span class='ocrx_word' id='word_1_553' title='bbox 899 2145 997 2172; x_wconf 86' lang='lat' dir='ltr'><strong>bonam</strong></span> 
     </span>
    </p>
   </div>
   <div class='ocr_carea' id='block_1_79' title="bbox 211 2191 999 2226">
    <p class='ocr_par' dir='ltr' id='par_1_79' title="bbox 211 2191 999 2226">
     <span class='ocr_line' id='line_1_79' title="bbox 211 2191 999 2226; baseline -0.003 -6"><span class='ocrx_word' id='word_1_554' title='bbox 211 2193 410 2221; x_wconf 81' lang='lat' dir='ltr'><strong>confessionem</strong></span> <span class='ocrx_word' id='word_1_555' title='bbox 426 2192 598 2224; x_wconf 77' lang='lat' dir='ltr'><strong>conﬁtemur,</strong></span> <span class='ocrx_word' id='word_1_556' title='bbox 616 2200 670 2219; x_wconf 94' lang='lat' dir='ltr'><strong>non</strong></span> <span class='ocrx_word' id='word_1_557' title='bbox 690 2191 771 2218; x_wconf 92' lang='lat' dir='ltr'><strong>modo</strong></span> <span class='ocrx_word' id='word_1_558' title='bbox 786 2199 837 2218; x_wconf 92' lang='lat' dir='ltr'><strong>nos</strong></span> <span class='ocrx_word' id='word_1_559' title='bbox 849 2191 922 2226; x_wconf 88' lang='lat' dir='ltr'><strong>ipsos</strong></span> <span class='ocrx_word' id='word_1_560' title='bbox 940 2199 999 2218; x_wconf 87' lang='lat' dir='ltr'><strong>ser-</strong></span> 
     </span>
    </p>
   </div>
   <div class='ocr_carea' id='block_1_80' title="bbox 1043 1594 1845 1631">
    <p class='ocr_par' dir='ltr' id='par_1_80' title="bbox 1043 1594 1845 1631">
     <span class='ocr_line' id='line_1_80' title="bbox 1043 1594 1845 1631; baseline -0.001 -10"><span class='ocrx_word' id='word_1_561' title='bbox 1043 1595 1097 1631; x_wconf 84' lang='grc' dir='ltr'><strong>γὰρ</strong></span> <span class='ocrx_word' id='word_1_562' title='bbox 1111 1594 1307 1631; x_wconf 77' lang='grc' dir='ltr'>προσεύχεσθαι</span> <span class='ocrx_word' id='word_1_563' title='bbox 1324 1595 1372 1630; x_wconf 85' lang='grc' dir='ltr'>μὲν</span> <span class='ocrx_word' id='word_1_564' title='bbox 1385 1595 1470 1630; x_wconf 80' lang='grc' dir='ltr'>ἡμᾶς,</span> <span class='ocrx_word' id='word_1_565' title='bbox 1494 1594 1538 1620; x_wconf 86' lang='grc' dir='ltr'>ἶνα</span> <span class='ocrx_word' id='word_1_566' title='bbox 1554 1594 1591 1630; x_wconf 84' lang='grc' dir='ltr'>μὴ</span> <span class='ocrx_word' id='word_1_567' title='bbox 1615 1594 1788 1630; x_wconf 79' lang='grc' dir='ltr'>εξσέλθωμεν</span> <span class='ocrx_word' id='word_1_568' title='bbox 1807 1597 1845 1626; x_wconf 74' lang='grc' dir='ltr'>εἰς</span> 
     </span>
    </p>
   </div>
   <div class='ocr_carea' id='block_1_81' title="bbox 1043 1640 1847 1676">
    <p class='ocr_par' dir='ltr' id='par_1_81' title="bbox 1043 1640 1847 1676">
     <span class='ocr_line' id='line_1_81' title="bbox 1043 1640 1847 1676; baseline -0.001 -9"><span class='ocrx_word' id='word_1_569' title='bbox 1043 1641 1204 1676; x_wconf 81' lang='grc' dir='ltr'>πειρασμόν.</span> <span class='ocrx_word' id='word_1_570' title='bbox 1228 1640 1290 1667; x_wconf 81' lang='grc' dir='ltr'>Ἐὰν</span> <span class='ocrx_word' id='word_1_571' title='bbox 1311 1641 1339 1667; x_wconf 78' lang='grc' dir='ltr'>δὲ</span> <span class='ocrx_word' id='word_1_572' title='bbox 1364 1641 1508 1676; x_wconf 77' lang='grc' dir='ltr'>κληθῶμεν</span> <span class='ocrx_word' id='word_1_573' title='bbox 1530 1641 1570 1672; x_wconf 83' lang='grc' dir='ltr'>εἰς</span> <span class='ocrx_word' id='word_1_574' title='bbox 1585 1640 1760 1676; x_wconf 77' lang='grc' dir='ltr'>μαρτύριον,</span> <span class='ocrx_word' id='word_1_575' title='bbox 1777 1643 1847 1676; x_wconf 60' lang='grc' dir='ltr'>μετὰ</span> 
     </span>
    </p>
   </div>
   <div class='ocr_carea' id='block_1_82' title="bbox 1043 1686 1847 1723">
    <p class='ocr_par' dir='ltr' id='par_1_82' title="bbox 1043 1686 1847 1723">
     <span class='ocr_line' id='line_1_82' title="bbox 1043 1686 1847 1723; baseline -0.001 -10"><span class='ocrx_word' id='word_1_576' title='bbox 1043 1688 1194 1719; x_wconf 75' lang='grc' dir='ltr'>ὲνστάσεως</span> <span class='ocrx_word' id='word_1_577' title='bbox 1216 1687 1356 1722; x_wconf 83' lang='grc' dir='ltr'>ὁμολογεῖν</span> <span class='ocrx_word' id='word_1_578' title='bbox 1371 1687 1427 1723; x_wconf 74' lang='lat'><strong>(92)</strong></span> <span class='ocrx_word' id='word_1_579' title='bbox 1449 1687 1480 1712; x_wconf 86' lang='grc' dir='ltr'>τὸ</span> <span class='ocrx_word' id='word_1_580' title='bbox 1494 1686 1584 1722; x_wconf 83' lang='grc' dir='ltr'>τίμιον</span> <span class='ocrx_word' id='word_1_581' title='bbox 1606 1687 1692 1722; x_wconf 67' lang='grc' dir='ltr'>ονομα</span> <span class='ocrx_word' id='word_1_582' title='bbox 1706 1695 1713 1701; x_wconf 90' lang='grc'>·</span> <span class='ocrx_word' id='word_1_583' title='bbox 1734 1688 1786 1713; x_wconf 77' lang='grc' dir='ltr'>καὶ</span> <span class='ocrx_word' id='word_1_584' title='bbox 1801 1688 1847 1714; x_wconf 71' lang='grc' dir='ltr'>ἐὰν</span> 
     </span>
    </p>
   </div>
   <div class='ocr_carea' id='block_1_83' title="bbox 1043 1732 1848 1768">
    <p class='ocr_par' dir='ltr' id='par_1_83' title="bbox 1043 1732 1848 1768">
     <span class='ocr_line' id='line_1_83' title="bbox 1043 1732 1848 1768; baseline -0.001 -9"><span class='ocrx_word' id='word_1_585' title='bbox 1043 1733 1138 1760; x_wconf 78' lang='grc' dir='ltr'>τούτου</span> <span class='ocrx_word' id='word_1_586' title='bbox 1155 1732 1236 1768; x_wconf 82' lang='grc' dir='ltr'>χάριν</span> <span class='ocrx_word' id='word_1_587' title='bbox 1250 1732 1440 1768; x_wconf 84' lang='grc' dir='ltr'>κολασθῶμεν,</span> <span class='ocrx_word' id='word_1_588' title='bbox 1464 1732 1603 1767; x_wconf 79' lang='grc' dir='ltr'>χαίρωμεν</span> <span class='ocrx_word' id='word_1_589' title='bbox 1621 1732 1660 1764; x_wconf 86' lang='grc' dir='ltr'>ὡς</span> <span class='ocrx_word' id='word_1_590' title='bbox 1681 1732 1732 1758; x_wconf 70' lang='grc' dir='ltr'><strong>ἐπὶ</strong></span> <span class='ocrx_word' id='word_1_591' title='bbox 1746 1733 1848 1759; x_wconf 75' lang='grc' dir='ltr'>ἀθανα-</span> 
     </span>
    </p>
   </div>
   <div class='ocr_carea' id='block_1_84' title="bbox 1046 1777 1846 1814">
    <p class='ocr_par' dir='ltr' id='par_1_84' title="bbox 1046 1777 1846 1814">
     <span class='ocr_line' id='line_1_84' title="bbox 1046 1777 1846 1814; baseline -0.001 -8"><span class='ocrx_word' id='word_1_592' title='bbox 1046 1779 1105 1806; x_wconf 91' lang='grc' dir='ltr'>σίαν</span> <span class='ocrx_word' id='word_1_593' title='bbox 1129 1778 1288 1810; x_wconf 82' lang='grc' dir='ltr'>σπεύδοντες</span> <span class='ocrx_word' id='word_1_594' title='bbox 1303 1778 1368 1813; x_wconf 75' lang='grc'><strong>(95).</strong></span> <span class='ocrx_word' id='word_1_595' title='bbox 1389 1779 1573 1814; x_wconf 83' lang='grc' dir='ltr'>Διωκόμενοι,</span> <span class='ocrx_word' id='word_1_596' title='bbox 1596 1778 1633 1813; x_wconf 86' lang='grc' dir='ltr'>μὴ</span> <span class='ocrx_word' id='word_1_597' title='bbox 1658 1777 1846 1813; x_wconf 72' lang='grc' dir='ltr'>ξενιζώμεθι.</span> 
     </span>
    </p>
   </div>
   <div class='ocr_carea' id='block_1_85' title="bbox 1045 1823 1847 1860">
    <p class='ocr_par' dir='ltr' id='par_1_85' title="bbox 1045 1823 1847 1860">
     <span class='ocr_line' id='line_1_85' title="bbox 1045 1823 1847 1860; baseline -0.002 -8"><span class='ocrx_word' id='word_1_598' title='bbox 1045 1825 1091 1860; x_wconf 86' lang='grc' dir='ltr'><strong>Μὴ</strong></span> <span class='ocrx_word' id='word_1_599' title='bbox 1118 1825 1173 1860; x_wconf 67' lang='grc'><strong>(94)</strong></span> <span class='ocrx_word' id='word_1_600' title='bbox 1203 1825 1390 1860; x_wconf 82' lang='grc' dir='ltr'>ἀγαπήσωμεν</span> <span class='ocrx_word' id='word_1_601' title='bbox 1417 1824 1463 1851; x_wconf 81' lang='grc' dir='ltr'>τὸν</span> <span class='ocrx_word' id='word_1_602' title='bbox 1486 1823 1535 1851; x_wconf 81' lang='grc' dir='ltr'><strong>νῦν</strong></span> <span class='ocrx_word' id='word_1_603' title='bbox 1555 1823 1657 1856; x_wconf 75' lang='grc' dir='ltr'>αἰῶνα,</span> <span class='ocrx_word' id='word_1_604' title='bbox 1682 1824 1757 1860; x_wconf 74' lang='grc' dir='ltr'>μηδὲ</span> <span class='ocrx_word' id='word_1_605' title='bbox 1783 1826 1847 1853; x_wconf 68' lang='grc' dir='ltr'>τοὺς</span> 
     </span>
    </p>
   </div>
   <div class='ocr_carea' id='block_1_86' title="bbox 1046 1869 1848 1906">
    <p class='ocr_par' dir='ltr' id='par_1_86' title="bbox 1046 1869 1848 1906">
     <span class='ocr_line' id='line_1_86' title="bbox 1046 1869 1848 1906; baseline -0.001 -9"><span class='ocrx_word' id='word_1_606' title='bbox 1046 1871 1122 1906; x_wconf 77' lang='grc' dir='ltr'>παρὰ</span> <span class='ocrx_word' id='word_1_607' title='bbox 1135 1870 1285 1906; x_wconf 83' lang='grc' dir='ltr'>ἀνθρώπων</span> <span class='ocrx_word' id='word_1_608' title='bbox 1305 1870 1449 1902; x_wconf 73' lang='grc' dir='ltr'>ἐπαίνους,</span> <span class='ocrx_word' id='word_1_609' title='bbox 1475 1869 1540 1905; x_wconf 81' lang='grc' dir='ltr'>μηδὲ</span> <span class='ocrx_word' id='word_1_610' title='bbox 1555 1869 1603 1905; x_wconf 83' lang='grc' dir='ltr'>τὴν</span> <span class='ocrx_word' id='word_1_611' title='bbox 1623 1869 1678 1896; x_wconf 81' lang='grc' dir='ltr'><strong>τῶν</strong></span> <span class='ocrx_word' id='word_1_612' title='bbox 1701 1869 1848 1905; x_wconf 68' lang='grc' dir='ltr'>ἀρχόντων</span> 
     </span>
    </p>
   </div>
   <div class='ocr_carea' id='block_1_87' title="bbox 1045 1915 1847 1953">
    <p class='ocr_par' dir='ltr' id='par_1_87' title="bbox 1045 1915 1847 1953">
     <span class='ocr_line' id='line_1_87' title="bbox 1045 1915 1847 1953; baseline -0.004 -8"><span class='ocrx_word' id='word_1_613' title='bbox 1045 1918 1122 1950; x_wconf 81' lang='grc' dir='ltr'>δόξαν</span> <span class='ocrx_word' id='word_1_614' title='bbox 1137 1917 1183 1944; x_wconf 69' lang='grc' dir='ltr'>καὶ</span> <span class='ocrx_word' id='word_1_615' title='bbox 1199 1917 1253 1953; x_wconf 84' lang='lat'><strong>(95)</strong></span> <span class='ocrx_word' id='word_1_616' title='bbox 1267 1916 1366 1952; x_wconf 80' lang='grc' dir='ltr'>τιμὴν,</span> <span class='ocrx_word' id='word_1_617' title='bbox 1388 1916 1512 1950; x_wconf 80' lang='grc' dir='ltr'>καθάπερ</span> <span class='ocrx_word' id='word_1_618' title='bbox 1533 1915 1579 1941; x_wconf 83' lang='grc' dir='ltr'><strong>καί</strong></span> <span class='ocrx_word' id='word_1_619' title='bbox 1599 1923 1673 1946; x_wconf 86' lang='grc' dir='ltr'>τινες</span> <span class='ocrx_word' id='word_1_620' title='bbox 1697 1915 1759 1941; x_wconf 77' lang='grc' dir='ltr'>τῶν</span> <span class='ocrx_word' id='word_1_621' title='bbox 1781 1916 1847 1942; x_wconf 65' lang='grc' dir='ltr'><strong>ἰο-δα</strong></span> 
     </span>
    </p>
   </div>
   <div class='ocr_carea' id='block_1_88' title="bbox 1046 1961 1847 1998">
    <p class='ocr_par' dir='ltr' id='par_1_88' title="bbox 1046 1961 1847 1998">
     <span class='ocr_line' id='line_1_88' title="bbox 1046 1961 1847 1998; baseline -0.004 -7"><span class='ocrx_word' id='word_1_622' title='bbox 1046 1964 1127 1991; x_wconf 86' lang='grc' dir='ltr'>δαίων</span> <span class='ocrx_word' id='word_1_623' title='bbox 1139 1985 1146 1997; x_wconf 91' lang='lat'><strong>,</strong></span> <span class='ocrx_word' id='word_1_624' title='bbox 1162 1963 1346 1998; x_wconf 74' lang='grc' dir='ltr'>θαυμάζοντες</span> <span class='ocrx_word' id='word_1_625' title='bbox 1365 1962 1413 1988; x_wconf 80' lang='grc' dir='ltr'>τοῦ</span> <span class='ocrx_word' id='word_1_626' title='bbox 1427 1961 1530 1997; x_wconf 79' lang='grc' dir='ltr'>Κυρίου</span> <span class='ocrx_word' id='word_1_627' title='bbox 1544 1961 1594 1993; x_wconf 79' lang='grc' dir='ltr'>τὰς</span> <span class='ocrx_word' id='word_1_628' title='bbox 1614 1961 1761 1997; x_wconf 75' lang='grc' dir='ltr'>ἐνεργείας</span> <span class='ocrx_word' id='word_1_629' title='bbox 1772 1983 1780 1994; x_wconf 83' lang='grc'><strong><em>,</em></strong></span> <span class='ocrx_word' id='word_1_630' title='bbox 1797 1962 1847 1988; x_wconf 68' lang='grc' dir='ltr'>οὐκ</span> 
     </span>
    </p>
   </div>
   <div class='ocr_carea' id='block_1_89' title="bbox 1047 2008 1845 2044">
    <p class='ocr_par' dir='ltr' id='par_1_89' title="bbox 1047 2008 1845 2044">
     <span class='ocr_line' id='line_1_89' title="bbox 1047 2008 1845 2044; baseline -0.003 -8"><span class='ocrx_word' id='word_1_631' title='bbox 1047 2010 1187 2036; x_wconf 74' lang='grc' dir='ltr'>ἐπίστευον</span> <span class='ocrx_word' id='word_1_632' title='bbox 1201 2010 1240 2040; x_wconf 84' lang='grc' dir='ltr'><strong>είς</strong></span> <span class='ocrx_word' id='word_1_633' title='bbox 1255 2009 1353 2041; x_wconf 76' lang='grc' dir='ltr'>αὑτὸν,</span> <span class='ocrx_word' id='word_1_634' title='bbox 1368 2009 1443 2044; x_wconf 73' lang='grc' dir='ltr'>φόϐῳ</span> <span class='ocrx_word' id='word_1_635' title='bbox 1456 2008 1495 2043; x_wconf 83' lang='grc' dir='ltr'>τῷ</span> <span class='ocrx_word' id='word_1_636' title='bbox 1512 2008 1580 2043; x_wconf 78' lang='grc' dir='ltr'>πρὸς</span> <span class='ocrx_word' id='word_1_637' title='bbox 1600 2008 1664 2039; x_wconf 70' lang='grc' dir='ltr'>τοὺς</span> <span class='ocrx_word' id='word_1_638' title='bbox 1684 2009 1845 2044; x_wconf 58' lang='grc' dir='ltr'>ἀρχιερεξ,</span> 
     </span>
    </p>
   </div>
   <div class='ocr_carea' id='block_1_90' title="bbox 1047 2053 1847 2089">
    <p class='ocr_par' dir='ltr' id='par_1_90' title="bbox 1047 2053 1847 2089">
     <span class='ocr_line' id='line_1_90' title="bbox 1047 2053 1847 2089; baseline -0.004 -7"><span class='ocrx_word' id='word_1_639' title='bbox 1047 2057 1095 2083; x_wconf 76' lang='grc' dir='ltr'><strong>καὶ</strong></span> <span class='ocrx_word' id='word_1_640' title='bbox 1117 2056 1180 2087; x_wconf 78' lang='grc' dir='ltr'>τοὺς</span> <span class='ocrx_word' id='word_1_641' title='bbox 1193 2055 1302 2086; x_wconf 69' lang='grc' dir='ltr'>λοιποὺς</span> <span class='ocrx_word' id='word_1_642' title='bbox 1323 2054 1377 2081; x_wconf 82' lang='grc' dir='ltr'>τῶν</span> <span class='ocrx_word' id='word_1_643' title='bbox 1401 2054 1557 2089; x_wconf 83' lang='grc' dir='ltr'>ἀρχόντων”</span> <span class='ocrx_word' id='word_1_644' title='bbox 1576 2063 1585 2079; x_wconf 83' lang='grc' dir='ltr'><strong>ι</strong></span> <span class='ocrx_word' id='word_1_645' title='bbox 1607 2053 1775 2088; x_wconf 78' lang='grc' dir='ltr'>Ἡγάπησαν</span> <span class='ocrx_word' id='word_1_646' title='bbox 1792 2054 1847 2089; x_wconf 63' lang='grc' dir='ltr'>γὰρ</span> 
     </span>
    </p>
   </div>
   <div class='ocr_carea' id='block_1_91' title="bbox 1047 2099 1844 2137">
    <p class='ocr_par' dir='ltr' id='par_1_91' title="bbox 1047 2099 1844 2137">
     <span class='ocr_line' id='line_1_91' title="bbox 1047 2099 1844 2137; baseline -0.004 -9"><span class='ocrx_word' id='word_1_647' title='bbox 1047 2102 1097 2137; x_wconf 83' lang='grc' dir='ltr'>τὴν</span> <span class='ocrx_word' id='word_1_648' title='bbox 1111 2101 1189 2133; x_wconf 77' lang='grc' dir='ltr'>δόξαν</span> <span class='ocrx_word' id='word_1_649' title='bbox 1204 2100 1257 2127; x_wconf 83' lang='grc' dir='ltr'>τῶν</span> <span class='ocrx_word' id='word_1_650' title='bbox 1273 2100 1319 2127; x_wconf 79' lang='grc' dir='ltr'>ἀνθ</span> <span class='ocrx_word' id='word_1_651' title='bbox 1324 2100 1422 2136; x_wconf 83' lang='grc' dir='ltr'>ρώπων</span> <span class='ocrx_word' id='word_1_652' title='bbox 1439 2099 1537 2134; x_wconf 79' lang='grc' dir='ltr'>μᾶλλον</span> <span class='ocrx_word' id='word_1_653' title='bbox 1552 2100 1624 2135; x_wconf 77' lang='grc' dir='ltr'>ἥπερ</span> <span class='ocrx_word' id='word_1_654' title='bbox 1636 2099 1688 2134; x_wconf 80' lang='grc' dir='ltr'>τὴν</span> <span class='ocrx_word' id='word_1_655' title='bbox 1702 2099 1786 2131; x_wconf 72' lang='grc' dir='ltr'>δόξαν</span> <span class='ocrx_word' id='word_1_656' title='bbox 1800 2099 1844 2126; x_wconf 69' lang='grc' dir='ltr'><strong>τοζ</strong></span> 
     </span>
    </p>
   </div>
   <div class='ocr_carea' id='block_1_92' title="bbox 1049 2144 1846 2182">
    <p class='ocr_par' dir='ltr' id='par_1_92' title="bbox 1049 2144 1846 2182">
     <span class='ocr_line' id='line_1_92' title="bbox 1049 2144 1846 2182; baseline -0.003 -9"><span class='ocrx_word' id='word_1_657' title='bbox 1049 2147 1126 2174; x_wconf 80' lang='grc' dir='ltr'>Θεοῦ.</span> <span class='ocrx_word' id='word_1_658' title='bbox 1142 2156 1151 2172; x_wconf 81' lang='lat' dir='ltr'><strong>t</strong></span> <span class='ocrx_word' id='word_1_659' title='bbox 1175 2146 1404 2182; x_wconf 79' lang='grc' dir='ltr'>Ὀμολογήσαντες</span> <span class='ocrx_word' id='word_1_660' title='bbox 1424 2145 1452 2171; x_wconf 84' lang='grc' dir='ltr'>δὲ</span> <span class='ocrx_word' id='word_1_661' title='bbox 1465 2145 1515 2180; x_wconf 80' lang='grc' dir='ltr'>τὴν</span> <span class='ocrx_word' id='word_1_662' title='bbox 1539 2144 1624 2180; x_wconf 84' lang='grc' dir='ltr'>καλὴν</span> <span class='ocrx_word' id='word_1_663' title='bbox 1637 2145 1802 2180; x_wconf 76' lang='grc' dir='ltr'>ὁμολογίαν,</span> <span class='ocrx_word' id='word_1_664' title='bbox 1817 2146 1846 2171; x_wconf 68' lang='grc' dir='ltr'>οὐ</span> 
     </span>
    </p>
   </div>
   <div class='ocr_carea' id='block_1_93' title="bbox 1052 2191 1846 2228">
    <p class='ocr_par' dir='ltr' id='par_1_93' title="bbox 1052 2191 1846 2228">
     <span class='ocr_line' id='line_1_93' title="bbox 1052 2191 1846 2228; baseline -0.004 -8"><span class='ocrx_word' id='word_1_665' title='bbox 1052 2193 1131 2228; x_wconf 87' lang='grc' dir='ltr'>μόνον</span> <span class='ocrx_word' id='word_1_666' title='bbox 1146 2193 1260 2224; x_wconf 76' lang='grc' dir='ltr'>ἑαυτοὺς</span> <span class='ocrx_word' id='word_1_667' title='bbox 1275 2192 1408 2228; x_wconf 76' lang='grc' dir='ltr'>σώζομεν,</span> <span class='ocrx_word' id='word_1_668' title='bbox 1422 2191 1489 2218; x_wconf 81' lang='grc' dir='ltr'>ἀλλὰ</span> <span class='ocrx_word' id='word_1_669' title='bbox 1508 2192 1555 2217; x_wconf 75' lang='grc' dir='ltr'><strong>καὶ</strong></span> <span class='ocrx_word' id='word_1_670' title='bbox 1568 2192 1633 2222; x_wconf 84' lang='grc' dir='ltr'>τοὺς</span> <span class='ocrx_word' id='word_1_671' title='bbox 1646 2192 1846 2226; x_wconf 69' lang='grc' dir='ltr'>νεοφιινι-ίστους</span> 
     </span>
    </p>
   </div>
   <div class='ocr_carea' id='block_1_94' title="bbox 211 2230 1004 2274">
    <p class='ocr_par' dir='ltr' id='par_1_94' title="bbox 211 2238 996 2272">
     <span class='ocr_line' id='line_1_94' title="bbox 211 2238 996 2272; baseline -0.004 -6"><span class='ocrx_word' id='word_1_672' title='bbox 211 2247 307 2266; x_wconf 81' lang='lat' dir='ltr'><strong>vanius</strong></span> <span class='ocrx_word' id='word_1_673' title='bbox 317 2259 325 2271; x_wconf 80' lang='lat'><strong>,</strong></span> <span class='ocrx_word' id='word_1_674' title='bbox 339 2238 385 2266; x_wconf 87' lang='lat' dir='ltr'><strong>sed</strong></span> <span class='ocrx_word' id='word_1_675' title='bbox 402 2242 429 2266; x_wconf 88' lang='lat' dir='ltr'><strong>et</strong></span> <span class='ocrx_word' id='word_1_676' title='bbox 444 2245 540 2265; x_wconf 88' lang='lat' dir='ltr'><strong>recens</strong></span> <span class='ocrx_word' id='word_1_677' title='bbox 554 2238 707 2272; x_wconf 80' lang='lat' dir='ltr'><strong>baptizatos</strong></span> <span class='ocrx_word' id='word_1_678' title='bbox 723 2238 932 2270; x_wconf 88' lang='lat' dir='ltr'><strong>conlirmamus,</strong></span> <span class='ocrx_word' id='word_1_679' title='bbox 953 2241 996 2263; x_wconf 71' lang='lat' dir='ltr'><strong>at~</strong></span> 
     </span>
    </p>
   </div>
   <div class='ocr_carea' id='block_1_95' title="bbox 1079 2230 1842 2274">
    <p class='ocr_par' dir='ltr' id='par_1_95' title="bbox 1079 2237 1842 2274">
     <span class='ocr_line' id='line_1_95' title="bbox 1079 2237 1842 2274; baseline 0 -11"><span class='ocrx_word' id='word_1_680' title='bbox 1079 2238 1221 2274; x_wconf 67' lang='lat' dir='ltr'><strong>satoﬁpsv,</strong></span> <span class='ocrx_word' id='word_1_681' title='bbox 1237 2238 1283 2264; x_wconf 72' lang='grc' dir='ltr'>καὶ</span> <span class='ocrx_word' id='word_1_682' title='bbox 1296 2239 1359 2269; x_wconf 75' lang='grc' dir='ltr'>τοὺς</span> <span class='ocrx_word' id='word_1_683' title='bbox 1369 2237 1587 2273; x_wconf 80' lang='grc' dir='ltr'>κατηχουμὲνους</span> <span class='ocrx_word' id='word_1_684' title='bbox 1598 2237 1842 2272; x_wconf 58' lang='lat' dir='ltr'><strong>mnam-mosza.</strong></span> 
     </span>
    </p>
   </div>
   <div class='ocr_carea' id='block_1_96' title="bbox 211 2283 998 2322">
    <p class='ocr_par' dir='ltr' id='par_1_96' title="bbox 211 2283 998 2322">
     <span class='ocr_line' id='line_1_96' title="bbox 211 2283 998 2322; baseline -0.004 -9"><span class='ocrx_word' id='word_1_685' title='bbox 211 2295 264 2322; x_wconf 90' lang='lat' dir='ltr'><strong>que</strong></span> <span class='ocrx_word' id='word_1_686' title='bbox 282 2285 492 2312; x_wconf 79' lang='lat' dir='ltr'><strong>catechumenos</strong></span> <span class='ocrx_word' id='word_1_687' title='bbox 508 2285 535 2311; x_wconf 92' lang='lat' dir='ltr'><strong>in</strong></span> <span class='ocrx_word' id='word_1_688' title='bbox 551 2284 602 2312; x_wconf 77' lang='lat' dir='ltr'><strong>[ide</strong></span> <span class='ocrx_word' id='word_1_689' title='bbox 620 2285 776 2312; x_wconf 76' lang='lat' dir='ltr'><strong>statuimus.</strong></span> <span class='ocrx_word' id='word_1_690' title='bbox 799 2283 849 2311; x_wconf 87' lang='lat' dir='ltr'><strong>Sin</strong></span> <span class='ocrx_word' id='word_1_691' title='bbox 863 2291 928 2312; x_wconf 88' lang='lat' dir='ltr'><strong>vero</strong></span> <span class='ocrx_word' id='word_1_692' title='bbox 947 2284 998 2310; x_wconf 88' lang='lat' dir='ltr'><strong>ali-</strong></span> 
     </span>
    </p>
   </div>
   <div class='ocr_carea' id='block_1_97' title="bbox 211 2330 998 2366">
    <p class='ocr_par' dir='ltr' id='par_1_97' title="bbox 211 2330 998 2366">
     <span class='ocr_line' id='line_1_97' title="bbox 211 2330 998 2366; baseline -0.004 -7"><span class='ocrx_word' id='word_1_693' title='bbox 211 2331 277 2366; x_wconf 86' lang='lat' dir='ltr'><strong>quid</strong></span> <span class='ocrx_word' id='word_1_694' title='bbox 292 2332 326 2359; x_wconf 91' lang='lat' dir='ltr'><strong>de</strong></span> <span class='ocrx_word' id='word_1_695' title='bbox 338 2330 512 2359; x_wconf 81' lang='lat' dir='ltr'><strong>confessione</strong></span> <span class='ocrx_word' id='word_1_696' title='bbox 533 2330 721 2358; x_wconf 85' lang='lat' dir='ltr'><strong>remiserimus</strong></span> <span class='ocrx_word' id='word_1_697' title='bbox 731 2350 738 2362; x_wconf 92' lang='lat'><strong>,</strong></span> <span class='ocrx_word' id='word_1_698' title='bbox 755 2334 852 2365; x_wconf 84' lang='lat' dir='ltr'><strong>negata</strong></span> <span class='ocrx_word' id='word_1_699' title='bbox 867 2330 998 2364; x_wconf 85' lang='lat' dir='ltr'><strong>religione</strong></span> 
     </span>
    </p>
   </div>
   <div class='ocr_carea' id='block_1_98' title="bbox 212 2376 997 2412">
    <p class='ocr_par' dir='ltr' id='par_1_98' title="bbox 212 2376 997 2412">
     <span class='ocr_line' id='line_1_98' title="bbox 212 2376 997 2412; baseline -0.004 -7"><span class='ocrx_word' id='word_1_700' title='bbox 212 2377 258 2405; x_wconf 89' lang='lat' dir='ltr'><strong>Dei</strong></span> <span class='ocrx_word' id='word_1_701' title='bbox 269 2377 304 2405; x_wconf 91' lang='lat' dir='ltr'><strong>ob</strong></span> <span class='ocrx_word' id='word_1_702' title='bbox 317 2377 399 2404; x_wconf 86' lang='lat' dir='ltr'><strong>animi</strong></span> <span class='ocrx_word' id='word_1_703' title='bbox 414 2376 554 2403; x_wconf 90' lang='lat' dir='ltr'><strong>mollitiem</strong></span> <span class='ocrx_word' id='word_1_704' title='bbox 570 2380 597 2404; x_wconf 91' lang='lat' dir='ltr'><strong>et</strong></span> <span class='ocrx_word' id='word_1_705' title='bbox 609 2376 776 2404; x_wconf 66' lang='lat' dir='ltr'><strong>brevissimae</strong></span> <span class='ocrx_word' id='word_1_706' title='bbox 786 2383 873 2412; x_wconf 72' lang='lat' dir='ltr'><strong>poma:</strong></span> <span class='ocrx_word' id='word_1_707' title='bbox 884 2380 997 2410; x_wconf 89' lang='lat' dir='ltr'><strong>metum,</strong></span> 
     </span>
    </p>
   </div>
   <div class='ocr_carea' id='block_1_99' title="bbox 1050 2283 1843 2319">
    <p class='ocr_par' dir='ltr' id='par_1_99' title="bbox 1050 2283 1843 2319">
     <span class='ocr_line' id='line_1_99' title="bbox 1050 2283 1843 2319; baseline -0.001 -8"><span class='ocrx_word' id='word_1_708' title='bbox 1050 2285 1082 2311; x_wconf 84' lang='lat' dir='ltr'><strong>El</strong></span> <span class='ocrx_word' id='word_1_709' title='bbox 1104 2284 1132 2310; x_wconf 83' lang='grc' dir='ltr'>δὲ</span> <span class='ocrx_word' id='word_1_710' title='bbox 1155 2283 1321 2318; x_wconf 83' lang='grc' dir='ltr'>καθυφῶμέν</span> <span class='ocrx_word' id='word_1_711' title='bbox 1339 2292 1365 2309; x_wconf 88' lang='grc' dir='ltr'><strong>τι</strong></span> <span class='ocrx_word' id='word_1_712' title='bbox 1380 2283 1430 2318; x_wconf 78' lang='grc' dir='ltr'>τῆς</span> <span class='ocrx_word' id='word_1_713' title='bbox 1452 2283 1605 2318; x_wconf 83' lang='grc' dir='ltr'>ὁμολογίας,</span> <span class='ocrx_word' id='word_1_714' title='bbox 1626 2283 1843 2319; x_wconf 64' lang='grc' dir='ltr'>ὲξαρνησάμενιι</span> 
     </span>
    </p>
   </div>
   <div class='ocr_carea' id='block_1_100' title="bbox 1050 2329 1844 2366">
    <p class='ocr_par' dir='ltr' id='par_1_100' title="bbox 1050 2329 1844 2366">
     <span class='ocr_line' id='line_1_100' title="bbox 1050 2329 1844 2366; baseline -0.001 -10"><span class='ocrx_word' id='word_1_715' title='bbox 1050 2330 1099 2366; x_wconf 79' lang='grc' dir='ltr'>τὴν</span> <span class='ocrx_word' id='word_1_716' title='bbox 1126 2330 1266 2356; x_wconf 76' lang='grc' dir='ltr'>εὐσέϐειαν</span> <span class='ocrx_word' id='word_1_717' title='bbox 1288 2329 1332 2356; x_wconf 84' lang='grc' dir='ltr'><strong>διὰ</strong></span> <span class='ocrx_word' id='word_1_718' title='bbox 1354 2329 1466 2364; x_wconf 85' lang='grc' dir='ltr'>γνώμης</span> <span class='ocrx_word' id='word_1_719' title='bbox 1493 2329 1667 2364; x_wconf 80' lang='grc' dir='ltr'>χαυνότητα,</span> <span class='ocrx_word' id='word_1_720' title='bbox 1691 2331 1742 2356; x_wconf 79' lang='grc' dir='ltr'><strong>καὶ</strong></span> <span class='ocrx_word' id='word_1_721' title='bbox 1766 2330 1844 2363; x_wconf 69' lang='grc' dir='ltr'>φῶσν</span> 
     </span>
    </p>
   </div>
   <div class='ocr_carea' id='block_1_101' title="bbox 1053 2375 1844 2412">
    <p class='ocr_par' dir='ltr' id='par_1_101' title="bbox 1053 2375 1844 2412">
     <span class='ocr_line' id='line_1_101' title="bbox 1053 2375 1844 2412; baseline 0 -10"><span class='ocrx_word' id='word_1_722' title='bbox 1053 2375 1225 2412; x_wconf 83' lang='grc' dir='ltr'>βραχυτάτης</span> <span class='ocrx_word' id='word_1_723' title='bbox 1240 2375 1373 2411; x_wconf 86' lang='grc' dir='ltr'>τιμωρίας</span> <span class='ocrx_word' id='word_1_724' title='bbox 1383 2395 1390 2408; x_wconf 90' lang='grc'><em>,</em></span> <span class='ocrx_word' id='word_1_725' title='bbox 1405 2375 1436 2401; x_wconf 85' lang='grc' dir='ltr'>οὐ</span> <span class='ocrx_word' id='word_1_726' title='bbox 1453 2375 1532 2410; x_wconf 84' lang='grc' dir='ltr'>μόνον</span> <span class='ocrx_word' id='word_1_727' title='bbox 1547 2375 1664 2406; x_wconf 78' lang='grc' dir='ltr'>ἑαυτοὺς</span> <span class='ocrx_word' id='word_1_728' title='bbox 1677 2376 1844 2411; x_wconf 69' lang='grc' dir='ltr'>ἀποστεροῦ-</span> 
     </span>
    </p>
   </div>
   <div class='ocr_carea' id='block_1_102' title="bbox 243 2449 1843 2488">
    <p class='ocr_par' dir='ltr' id='par_1_102' title="bbox 243 2449 1843 2488">
     <span class='ocr_line' id='line_1_102' title="bbox 243 2449 1843 2488; baseline -0.003 -6"><span class='ocrx_word' id='word_1_729' title='bbox 243 2456 251 2472; x_wconf 92' lang='grc'>¹</span> <span class='ocrx_word' id='word_1_730' title='bbox 266 2455 318 2482; x_wconf 77' lang='lat' dir='ltr'><strong>Job</strong></span> <span class='ocrx_word' id='word_1_731' title='bbox 344 2450 425 2484; x_wconf 63' lang='lat' dir='ltr'><strong>xxiv.</strong></span> <span class='ocrx_word' id='word_1_732' title='bbox 443 2454 470 2481; x_wconf 90' lang='lat'><strong>7.</strong></span> <span class='ocrx_word' id='word_1_733' title='bbox 506 2454 525 2469; x_wconf 83' lang='grc'><strong>¹⁴</strong></span> <span class='ocrx_word' id='word_1_734' title='bbox 543 2452 598 2479; x_wconf 83' lang='lat' dir='ltr'><strong>Hoc</strong></span> <span class='ocrx_word' id='word_1_735' title='bbox 614 2452 725 2479; x_wconf 87' lang='lat' dir='ltr'><strong>verbum</strong></span> <span class='ocrx_word' id='word_1_736' title='bbox 744 2453 943 2488; x_wconf 79' lang='lat' dir='ltr'><strong>supplevimus,</strong></span> <span class='ocrx_word' id='word_1_737' title='bbox 959 2450 1044 2487; x_wconf 86' lang='lat' dir='ltr'><strong>quod,</strong></span> <span class='ocrx_word' id='word_1_738' title='bbox 1060 2451 1102 2488; x_wconf 81' lang='lat' dir='ltr'><strong>vel</strong></span> <span class='ocrx_word' id='word_1_739' title='bbox 1119 2450 1197 2488; x_wconf 77' lang='lat' dir='ltr'><strong>aliud</strong></span> <span class='ocrx_word' id='word_1_740' title='bbox 1219 2450 1319 2488; x_wconf 84' lang='lat' dir='ltr'><strong>simi|_e_,</strong></span> <span class='ocrx_word' id='word_1_741' title='bbox 1337 2449 1493 2477; x_wconf 87' lang='lat' dir='ltr'><strong>inconsulte</strong></span> <span class='ocrx_word' id='word_1_742' title='bbox 1508 2449 1645 2477; x_wconf 89' lang='lat' dir='ltr'><strong>omissum</strong></span> <span class='ocrx_word' id='word_1_743' title='bbox 1660 2450 1773 2478; x_wconf 79' lang='lat' dir='ltr'><strong>videtur</strong></span> <span class='ocrx_word' id='word_1_744' title='bbox 1788 2451 1843 2478; x_wconf 86' lang='lat' dir='ltr'><strong>:si-</strong></span> 
     </span>
    </p>
   </div>
   <div class='ocr_carea' id='block_1_103' title="bbox 212 2485 1325 2526">
    <p class='ocr_par' dir='ltr' id='par_1_103' title="bbox 212 2485 1325 2526">
     <span class='ocr_line' id='line_1_103' title="bbox 212 2485 1325 2526; baseline -0.006 -7"><span class='ocrx_word' id='word_1_745' title='bbox 212 2491 322 2526; x_wconf 87' lang='lat' dir='ltr'><strong>quidem</strong></span> <span class='ocrx_word' id='word_1_746' title='bbox 337 2491 371 2518; x_wconf 88' lang='lat' dir='ltr'><strong>ab</strong></span> <span class='ocrx_word' id='word_1_747' title='bbox 384 2491 530 2524; x_wconf 80' lang='lat' dir='ltr'><strong>interprete</strong></span> <span class='ocrx_word' id='word_1_748' title='bbox 542 2488 639 2514; x_wconf 84' lang='lat' dir='ltr'><strong>Latine</strong></span> <span class='ocrx_word' id='word_1_749' title='bbox 652 2496 760 2515; x_wconf 83' lang='lat' dir='ltr'><strong>versum</strong></span> <span class='ocrx_word' id='word_1_750' title='bbox 773 2485 824 2515; x_wconf 78' lang='lat' dir='ltr'><strong>est.</strong></span> <span class='ocrx_word' id='word_1_751' title='bbox 840 2487 918 2514; x_wconf 78' lang='lat' dir='ltr'><strong>Eorr.</strong></span> <span class='ocrx_word' id='word_1_752' title='bbox 935 2485 1056 2514; x_wconf 58' lang='grc' dir='ltr'>Ιτίτιιοι.</span> <span class='ocrx_word' id='word_1_753' title='bbox 1091 2486 1101 2500; x_wconf 81' lang='grc'><strong><em>⁸</em></strong></span> <span class='ocrx_word' id='word_1_754' title='bbox 1115 2485 1194 2513; x_wconf 86' lang='lat' dir='ltr'><strong>Joan.</strong></span> <span class='ocrx_word' id='word_1_755' title='bbox 1210 2494 1260 2518; x_wconf 79' lang='lat' dir='ltr'><strong>xu,</strong></span> <span class='ocrx_word' id='word_1_756' title='bbox 1280 2486 1325 2513; x_wconf 70' lang='grc'><strong>45.</strong></span> 
     </span>
    </p>
   </div>
   <div class='ocr_carea' id='block_1_104' title="bbox 867 2555 1182 2585">
    <p class='ocr_par' dir='ltr' id='par_1_104' title="bbox 867 2555 1182 2585">
     <span class='ocr_line' id='line_1_104' title="bbox 867 2555 1182 2585; baseline 0 -1"><span class='ocrx_word' id='word_1_757' title='bbox 867 2555 1048 2585; x_wconf 78' lang='lat' dir='ltr'><strong>VARIORUM</strong></span> <span class='ocrx_word' id='word_1_758' title='bbox 1066 2555 1182 2584; x_wconf 74' lang='grc' dir='ltr'><strong>ΝΟΤᾸΞ.</strong></span> 
     </span>
    </p>
   </div>
   <div class='ocr_carea' id='block_1_105' title="bbox 249 2627 920 2668">
    <p class='ocr_par' dir='ltr' id='par_1_105' title="bbox 249 2627 920 2668">
     <span class='ocr_line' id='line_1_105' title="bbox 249 2627 920 2668; baseline -0.007 -9"><span class='ocrx_word' id='word_1_759' title='bbox 249 2631 306 2668; x_wconf 71' lang='grc'><strong>(81)</strong></span> <span class='ocrx_word' id='word_1_760' title='bbox 323 2631 496 2668; x_wconf 56' lang='grc' dir='ltr'>Εὐσέϐειαν.</span> <span class='ocrx_word' id='word_1_761' title='bbox 506 2630 667 2668; x_wconf 24' lang='grc' dir='ltr'><strong>ιμ’ἴξιιακοτιινε</strong></span> <span class='ocrx_word' id='word_1_762' title='bbox 682 2628 710 2655; x_wconf 92' lang='lat' dir='ltr'><strong>in</strong></span> <span class='ocrx_word' id='word_1_763' title='bbox 723 2628 826 2668; x_wconf 85' lang='lat' dir='ltr'><strong>_altero._</strong></span> <span class='ocrx_word' id='word_1_764' title='bbox 837 2627 920 2655; x_wconf 72' lang='grc' dir='ltr'>(Σιειι.</span> 
     </span>
    </p>
   </div>
   <div class='ocr_carea' id='block_1_106' title="bbox 262 2663 856 2701">
    <p class='ocr_par' dir='ltr' id='par_1_106' title="bbox 262 2663 856 2701">
     <span class='ocr_line' id='line_1_106' title="bbox 262 2663 856 2701; baseline -0.008 -7"><span class='ocrx_word' id='word_1_765' title='bbox 262 2663 306 2701; x_wconf 82' lang='grc'><strong>85)</strong></span> <span class='ocrx_word' id='word_1_766' title='bbox 322 2666 452 2700; x_wconf 82' lang='grc' dir='ltr'>Διωγμὸν</span> <span class='ocrx_word' id='word_1_767' title='bbox 466 2666 525 2692; x_wconf 80' lang='grc' dir='ltr'>καί.</span> <span class='ocrx_word' id='word_1_768' title='bbox 543 2663 645 2701; x_wconf 75' lang='lat' dir='ltr'><strong>Desunt</strong></span> <span class='ocrx_word' id='word_1_769' title='bbox 656 2664 688 2701; x_wconf 96' lang='lat' dir='ltr'><strong>_in</strong></span> <span class='ocrx_word' id='word_1_770' title='bbox 704 2663 801 2701; x_wconf 80' lang='lat' dir='ltr'><strong>altero.</strong></span> <span class='ocrx_word' id='word_1_771' title='bbox 819 2663 856 2690; x_wconf 84' lang='lat' dir='ltr'><strong>In.</strong></span> 
     </span>
    </p>
   </div>
   <div class='ocr_carea' id='block_1_107' title="bbox 216 2698 1000 2764">
    <p class='ocr_par' dir='ltr' id='par_1_107' title="bbox 216 2698 1000 2764">
     <span class='ocr_line' id='line_1_107' title="bbox 250 2698 1000 2737; baseline -0.008 -8"><span class='ocrx_word' id='word_1_772' title='bbox 250 2698 306 2737; x_wconf 77' lang='lat'><strong>(86)</strong></span> <span class='ocrx_word' id='word_1_773' title='bbox 322 2698 420 2728; x_wconf 72' lang='grc' dir='ltr'>Ξύλὸν</span> <span class='ocrx_word' id='word_1_774' title='bbox 448 2700 628 2735; x_wconf 81' lang='grc' dir='ltr'><strong>πρόσπηξιν.</strong></span> <span class='ocrx_word' id='word_1_775' title='bbox 656 2699 686 2726; x_wconf 92' lang='lat' dir='ltr'><strong>ln</strong></span> <span class='ocrx_word' id='word_1_776' title='bbox 710 2699 796 2726; x_wconf 86' lang='lat' dir='ltr'><strong>altero</strong></span> <span class='ocrx_word' id='word_1_777' title='bbox 819 2702 862 2726; x_wconf 84' lang='lat' dir='ltr'><strong>est</strong></span> <span class='ocrx_word' id='word_1_778' title='bbox 883 2698 1000 2734; x_wconf 79' lang='grc' dir='ltr'>σταυρὸν</span> 
     </span>
     <span class='ocr_line' id='line_1_108' title="bbox 216 2735 429 2764; baseline 0 0"><span class='ocrx_word' id='word_1_779' title='bbox 216 2737 373 2764; x_wconf 79' lang='grc' dir='ltr'>ἁνάοττισιν.</span> <span class='ocrx_word' id='word_1_780' title='bbox 390 2735 429 2764; x_wconf 83' lang='lat' dir='ltr'><strong>In.</strong></span> 
     </span>
    </p>
   </div>
   <div class='ocr_carea' id='block_1_108' title="bbox 234 2744 429 2764">
    <p class='ocr_par' dir='ltr' id='par_1_108' title="bbox 234 2744 429 2764">
     <span class='ocr_line' id='line_1_109' title="bbox 234 2744 429 2764; baseline 0 0"><span class='ocrx_word' id='word_1_781' title='bbox 234 2744 373 2764; x_wconf 75' lang='grc' dir='ltr'>ναοττισιν.</span> <span class='ocrx_word' id='word_1_782' title='bbox 391 2744 429 2764; x_wconf 79' lang='lat' dir='ltr'><strong>ID.</strong></span> 
     </span>
    </p>
   </div>
   <div class='ocr_carea' id='block_1_109' title="bbox 282 2746 751 2806">
    <p class='ocr_par' dir='ltr' id='par_1_109' title="bbox 282 2746 751 2806">
     <span class='ocr_line' id='line_1_110' title="bbox 282 2746 429 2773; baseline 0.02 -12"><span class='ocrx_word' id='word_1_783' title='bbox 282 2746 373 2773; x_wconf 78' lang='grc' dir='ltr'>ιτησιν.</span> <span class='ocrx_word' id='word_1_784' title='bbox 391 2746 429 2764; x_wconf 76' lang='grc' dir='ltr'><strong>ΙΙ).</strong></span> 
     </span>
     <span class='ocr_line' id='line_1_111' title="bbox 282 2768 751 2806; baseline -0.006 -8"><span class='ocrx_word' id='word_1_785' title='bbox 282 2772 308 2806; x_wconf 85' lang='lat'><strong>7)</strong></span> <span class='ocrx_word' id='word_1_786' title='bbox 332 2771 440 2806; x_wconf 84' lang='grc' dir='ltr'>Ἡμεῖς.</span> <span class='ocrx_word' id='word_1_787' title='bbox 457 2770 538 2806; x_wconf 72' lang='lat' dir='ltr'><strong>Deest</strong></span> <span class='ocrx_word' id='word_1_788' title='bbox 552 2770 579 2797; x_wconf 89' lang='lat' dir='ltr'><strong>in</strong></span> <span class='ocrx_word' id='word_1_789' title='bbox 600 2769 695 2806; x_wconf 85' lang='lat' dir='ltr'><strong>altero.</strong></span> <span class='ocrx_word' id='word_1_790' title='bbox 713 2768 751 2806; x_wconf 59' lang='lat' dir='ltr'><strong>In.</strong></span> 
     </span>
    </p>
   </div>
   <div class='ocr_carea' id='block_1_110' title="bbox 263 2802 952 2841">
    <p class='ocr_par' dir='ltr' id='par_1_110' title="bbox 263 2802 952 2841">
     <span class='ocr_line' id='line_1_112' title="bbox 263 2802 952 2841; baseline -0.004 -7"><span class='ocrx_word' id='word_1_791' title='bbox 263 2802 308 2841; x_wconf 86' lang='lat'><strong>88)</strong></span> <span class='ocrx_word' id='word_1_792' title='bbox 327 2802 427 2841; x_wconf 63' lang='grc' dir='ltr'><strong>Ἠρᾶςξ</strong></span> <span class='ocrx_word' id='word_1_793' title='bbox 445 2805 527 2841; x_wconf 85' lang='lat' dir='ltr'><strong>Addit</strong></span> <span class='ocrx_word' id='word_1_794' title='bbox 549 2806 623 2841; x_wconf 78' lang='lat' dir='ltr'><strong>alter</strong></span> <span class='ocrx_word' id='word_1_795' title='bbox 638 2805 724 2841; x_wconf 76' lang='lat' dir='ltr'><strong>codex</strong></span> <span class='ocrx_word' id='word_1_796' title='bbox 739 2803 900 2841; x_wconf 62' lang='grc' dir='ltr'>ὰςιετάξατο.</span> <span class='ocrx_word' id='word_1_797' title='bbox 913 2802 952 2831; x_wconf 82' lang='lat' dir='ltr'><strong>In.</strong></span> 
     </span>
    </p>
   </div>
   <div class='ocr_carea' id='block_1_111' title="bbox 252 2838 794 2880">
    <p class='ocr_par' dir='ltr' id='par_1_111' title="bbox 252 2838 794 2880">
     <span class='ocr_line' id='line_1_113' title="bbox 252 2838 794 2880; baseline -0.007 -11"><span class='ocrx_word' id='word_1_798' title='bbox 324 2838 432 2880; x_wconf 61' lang='grc' dir='ltr'>Ᾱῇιςοᾷ.</span> <span class='ocrx_word' id='word_1_799' title='bbox 444 2840 605 2880; x_wconf 75' lang='lat' dir='ltr'><strong>Addit_alter</strong></span> <span class='ocrx_word' id='word_1_800' title='bbox 616 2839 738 2880; x_wconf 70' lang='grc' dir='ltr'>δεόμεθα.</span> <span class='ocrx_word' id='word_1_801' title='bbox 756 2838 794 2880; x_wconf 66' lang='lat' dir='ltr'><strong>In.</strong></span> 
     </span>
    </p>
   </div>
   <div class='ocr_carea' id='block_1_112' title="bbox 252 2872 960 2912">
    <p class='ocr_par' dir='ltr' id='par_1_112' title="bbox 252 2872 960 2912">
     <span class='ocr_line' id='line_1_114' title="bbox 252 2872 960 2912; baseline -0.006 -8"><span class='ocrx_word' id='word_1_802' title='bbox 252 2872 310 2912; x_wconf 79' lang='lat'><strong>(90)</strong></span> <span class='ocrx_word' id='word_1_803' title='bbox 322 2876 510 2910; x_wconf 70' lang='lat' dir='ltr'><strong>AitUu’pstor.</strong></span> <span class='ocrx_word' id='word_1_804' title='bbox 525 2874 554 2903; x_wconf 88' lang='lat' dir='ltr'><strong>In</strong></span> <span class='ocrx_word' id='word_1_805' title='bbox 564 2875 649 2904; x_wconf 84' lang='lat' dir='ltr'><strong>altero</strong></span> <span class='ocrx_word' id='word_1_806' title='bbox 660 2872 813 2910; x_wconf 67' lang='grc' dir='ltr'>ὲτλικρινές,</span> <span class='ocrx_word' id='word_1_807' title='bbox 827 2878 908 2903; x_wconf 84' lang='lat' dir='ltr'><strong>recte.</strong></span> <span class='ocrx_word' id='word_1_808' title='bbox 921 2872 960 2900; x_wconf 79' lang='lat' dir='ltr'><strong>lo.</strong></span> 
     </span>
    </p>
   </div>
   <div class='ocr_carea' id='block_1_113' title="bbox 1093 2623 1840 2662">
    <p class='ocr_par' dir='ltr' id='par_1_113' title="bbox 1093 2623 1840 2662">
     <span class='ocr_line' id='line_1_115' title="bbox 1093 2623 1840 2662; baseline -0.004 -8"><span class='ocrx_word' id='word_1_809' title='bbox 1093 2627 1149 2662; x_wconf 79' lang='lat'><strong>(91)</strong></span> <span class='ocrx_word' id='word_1_810' title='bbox 1168 2625 1310 2662; x_wconf 64' lang='grc' dir='ltr'>Ἀσέϐειιι.</span> <span class='ocrx_word' id='word_1_811' title='bbox 1327 2624 1403 2662; x_wconf 80' lang='lat' dir='ltr'><strong>Alter</strong></span> <span class='ocrx_word' id='word_1_812' title='bbox 1412 2623 1546 2662; x_wconf 62' lang='grc' dir='ltr'>ερσἐᾷεια.</span> <span class='ocrx_word' id='word_1_813' title='bbox 1568 2623 1680 2662; x_wconf 83' lang='lat' dir='ltr'><strong>melius,</strong></span> <span class='ocrx_word' id='word_1_814' title='bbox 1693 2625 1716 2652; x_wconf 92' lang='lat' dir='ltr'><strong>si</strong></span> <span class='ocrx_word' id='word_1_815' title='bbox 1729 2625 1840 2652; x_wconf 83' lang='lat' dir='ltr'><strong>seorsim</strong></span> 
     </span>
    </p>
   </div>
   <div class='ocr_carea' id='block_1_114' title="bbox 1058 2659 1842 2697">
    <p class='ocr_par' dir='ltr' id='par_1_114' title="bbox 1058 2659 1842 2697">
     <span class='ocr_line' id='line_1_116' title="bbox 1058 2659 1842 2697; baseline -0.001 -9"><span class='ocrx_word' id='word_1_816' title='bbox 1058 2659 1398 2697; x_wconf 27' lang='lat' dir='ltr'><strong>leg&#39;aturﬁsententiapsed</strong></span> <span class='ocrx_word' id='word_1_817' title='bbox 1426 2659 1569 2697; x_wconf 64' lang='lat' dir='ltr'><strong>lectionem</strong></span> <span class='ocrx_word' id='word_1_818' title='bbox 1596 2659 1738 2697; x_wconf 78' lang='lat' dir='ltr'><strong>vulgarem</strong></span> <span class='ocrx_word' id='word_1_819' title='bbox 1755 2665 1842 2687; x_wconf 87' lang='lat' dir='ltr'><strong>tuetur</strong></span> 
     </span>
    </p>
   </div>
   <div class='ocr_carea' id='block_1_115' title="bbox 1054 2693 1644 2724">
    <p class='ocr_par' dir='ltr' id='par_1_115' title="bbox 1054 2693 1644 2724">
     <span class='ocr_line' id='line_1_117' title="bbox 1054 2693 1644 2724; baseline -0.007 0"><span class='ocrx_word' id='word_1_820' title='bbox 1054 2693 1136 2724; x_wconf 70' lang='lat' dir='ltr'><strong>lectio</strong></span> <span class='ocrx_word' id='word_1_821' title='bbox 1153 2696 1279 2723; x_wconf 76' lang='lat' dir='ltr'><strong>Hebraiei</strong></span> <span class='ocrx_word' id='word_1_822' title='bbox 1297 2693 1402 2722; x_wconf 86' lang='lat' dir='ltr'><strong>codicis</strong></span> <span class='ocrx_word' id='word_1_823' title='bbox 1416 2699 1442 2721; x_wconf 92' lang='lat' dir='ltr'><strong>ct</strong></span> <span class='ocrx_word' id='word_1_824' title='bbox 1455 2698 1522 2721; x_wconf 86' lang='lat' dir='ltr'><strong>vett.</strong></span> <span class='ocrx_word' id='word_1_825' title='bbox 1539 2693 1602 2721; x_wconf 88' lang='lat' dir='ltr'><strong>lntt.</strong></span> <span class='ocrx_word' id='word_1_826' title='bbox 1617 2693 1644 2720; x_wconf 84' lang='lat' dir='ltr'><strong>ln</strong></span> 
     </span>
    </p>
   </div>
   <div class='ocr_carea' id='block_1_116' title="bbox 1088 2729 1839 2766">
    <p class='ocr_par' dir='ltr' id='par_1_116' title="bbox 1088 2729 1839 2766">
     <span class='ocr_line' id='line_1_118' title="bbox 1088 2729 1839 2766; baseline -0.001 -8"><span class='ocrx_word' id='word_1_827' title='bbox 1088 2730 1143 2766; x_wconf 75' lang='lat'><strong>(92)</strong></span> <span class='ocrx_word' id='word_1_828' title='bbox 1169 2730 1348 2766; x_wconf 61' lang='grc' dir='ltr'>ὀμολοτεῖτς.</span> <span class='ocrx_word' id='word_1_829' title='bbox 1372 2729 1446 2757; x_wconf 85' lang='lat' dir='ltr'><strong>Alter</strong></span> <span class='ocrx_word' id='word_1_830' title='bbox 1471 2729 1533 2756; x_wconf 88' lang='lat' dir='ltr'><strong>cod.</strong></span> <span class='ocrx_word' id='word_1_831' title='bbox 1562 2729 1795 2764; x_wconf 75' lang='grc' dir='ltr'>ὁμολογήσωμεν,</span> <span class='ocrx_word' id='word_1_832' title='bbox 1812 2734 1839 2757; x_wconf 85' lang='lat' dir='ltr'><strong>ut</strong></span> 
     </span>
    </p>
   </div>
   <div class='ocr_carea' id='block_1_117' title="bbox 1051 2764 1373 2802">
    <p class='ocr_par' dir='ltr' id='par_1_117' title="bbox 1051 2764 1373 2802">
     <span class='ocr_line' id='line_1_119' title="bbox 1051 2764 1373 2802; baseline -0.009 -8"><span class='ocrx_word' id='word_1_833' title='bbox 1051 2764 1147 2802; x_wconf 82' lang='lat' dir='ltr'><strong>postea</strong></span> <span class='ocrx_word' id='word_1_834' title='bbox 1168 2764 1317 2802; x_wconf 74' lang='grc' dir='ltr'>χαίρωμεν.</span> <span class='ocrx_word' id='word_1_835' title='bbox 1335 2764 1373 2791; x_wconf 85' lang='lat' dir='ltr'><strong>lo.</strong></span> 
     </span>
    </p>
   </div>
   <div class='ocr_carea' id='block_1_118' title="bbox 1089 2797 1837 2836">
    <p class='ocr_par' dir='ltr' id='par_1_118' title="bbox 1089 2797 1837 2836">
     <span class='ocr_line' id='line_1_120' title="bbox 1089 2797 1837 2836; baseline -0.003 -7"><span class='ocrx_word' id='word_1_836' title='bbox 1089 2801 1155 2836; x_wconf 74' lang='lat'><strong>(93).</strong></span> <span class='ocrx_word' id='word_1_837' title='bbox 1169 2797 1371 2836; x_wconf 48' lang='lat' dir='ltr'><strong>&quot;idemque-9.</strong></span> <span class='ocrx_word' id='word_1_838' title='bbox 1387 2798 1567 2836; x_wconf 69' lang='grc' dir='ltr'>Καλούμενοι,</span> <span class='ocrx_word' id='word_1_839' title='bbox 1582 2799 1609 2836; x_wconf 87' lang='lat' dir='ltr'><strong>i_u</strong></span> <span class='ocrx_word' id='word_1_840' title='bbox 1625 2799 1713 2827; x_wconf 82' lang='lat' dir='ltr'><strong>altero</strong></span> <span class='ocrx_word' id='word_1_841' title='bbox 1725 2799 1789 2827; x_wconf 88' lang='lat' dir='ltr'><strong>cod.</strong></span> <span class='ocrx_word' id='word_1_842' title='bbox 1801 2797 1837 2827; x_wconf 66' lang='lat' dir='ltr'><strong>In.</strong></span> 
     </span>
    </p>
   </div>
   <div class='ocr_carea' id='block_1_119' title="bbox 1097 2833 1611 2870">
    <p class='ocr_par' dir='ltr' id='par_1_119' title="bbox 1097 2833 1611 2870">
     <span class='ocr_line' id='line_1_121' title="bbox 1097 2833 1611 2870; baseline -0.006 -8"><span class='ocrx_word' id='word_1_843' title='bbox 1097 2833 1141 2870; x_wconf 70' lang='grc'><strong>94)</strong></span> <span class='ocrx_word' id='word_1_844' title='bbox 1161 2836 1219 2868; x_wconf 86' lang='grc' dir='ltr'><strong>Μή.</strong></span> <span class='ocrx_word' id='word_1_845' title='bbox 1236 2833 1311 2870; x_wconf 84' lang='grc' dir='ltr'><strong>Μηδέ</strong></span> <span class='ocrx_word' id='word_1_846' title='bbox 1327 2834 1469 2870; x_wconf 68' lang='lat' dir='ltr'><strong>ineodem,</strong></span> <span class='ocrx_word' id='word_1_847' title='bbox 1483 2833 1567 2860; x_wconf 76' lang='lat' dir='ltr'><strong>recte.</strong></span> <span class='ocrx_word' id='word_1_848' title='bbox 1584 2833 1611 2860; x_wconf 85' lang='lat' dir='ltr'><strong>lo</strong></span> 
     </span>
    </p>
   </div>
   <div class='ocr_carea' id='block_1_120' title="bbox 1096 2868 1653 2905">
    <p class='ocr_par' dir='ltr' id='par_1_120' title="bbox 1096 2868 1653 2905">
     <span class='ocr_line' id='line_1_122' title="bbox 1096 2868 1653 2905; baseline -0.002 -7"><span class='ocrx_word' id='word_1_849' title='bbox 1096 2868 1140 2905; x_wconf 77' lang='lat'><strong>95)</strong></span> <span class='ocrx_word' id='word_1_850' title='bbox 1160 2871 1256 2905; x_wconf 65' lang='grc' dir='ltr'>Δόξαν</span> <span class='ocrx_word' id='word_1_851' title='bbox 1270 2868 1329 2898; x_wconf 65' lang='lat' dir='ltr'><strong>imi.</strong></span> <span class='ocrx_word' id='word_1_852' title='bbox 1346 2869 1449 2898; x_wconf 86' lang='lat' dir='ltr'><strong>Desunt</strong></span> <span class='ocrx_word' id='word_1_853' title='bbox 1464 2869 1492 2896; x_wconf 88' lang='lat' dir='ltr'><strong>in</strong></span> <span class='ocrx_word' id='word_1_854' title='bbox 1506 2869 1602 2898; x_wconf 86' lang='lat' dir='ltr'><strong>altero.</strong></span> <span class='ocrx_word' id='word_1_855' title='bbox 1618 2868 1653 2897; x_wconf 79' lang='lat' dir='ltr'><strong>lo.</strong></span> 
     </span>
    </p>
   </div>
  </div>
