1896 3109
60 132 106 159 ἱῦἷ
491 132 791 161 CONSTITUTiUNES
812 133 1151 162 ;\POSTOLICIE.~—-LIB.
1174 133 1205 160 V.

1621 135 1674 163 838

57 198 102 224 μεν
115 189 166 225 τῆς
179 188 285 216 αἰωνίου
300 189 378 225 δόξης
390 211 397 223 ,
420 189 540 227 ἀλλ’ήδη
563 191 610 218 καὶ
633 191 735 225 ἑτέροις
756 191 830 218 αἴτιοι

896 200 944 219 ion
962 191 1050 218 solum
1070 198 1121 219 nos
1144 191 1196 226 ipsi
1211 195 1312 218 aeterna
1329 190 1415 226 gloria
1439 190 1672 226 defraudabimus,

55 235 187 267 ἀπωλείας
200 235 379 271 γενησόμεθα,
394 238 441 264 καὶ
454 236 612 273 διπλοτέραν
627 237 774 272 ὑποίσομεν
787 238 836 273 τὴν

55 281 120 307 τίσιν
134 281 190 316 (96)
200 302 207 314 ,
222 281 261 313 ὡς
277 282 394 316 ὑποψίαν
407 282 534 314 δόσαντες
549 282 604 318 (97)
625 282 670 309 διὰ
691 283 740 318 τῆς
754 283 837 319 ἀρνή-

57 334 137 359 σεως,
165 326 268 362 πλάνης
293 327 402 363 διδαχὴν
429 326 498 354 εἶναι
523 329 572 364 τήν
599 336 664 354 ποτε
687 328 731 362 ὑφ’
758 328 836 364 ἡμῶν

54 372 229 408 δοξαζομένην
243 372 378 408 ἀλήθειαν.
397 372 443 399 Διὸ
458 373 527 409 μήτε
542 373 680 409 πρόχειροι
703 371 776 408 ὦμεν
790 374 836 401 καὶ⁴

57 418 249 454 ῥιψοκίνδυνον
269 419 343 453 λέγει
362 419 416 454 γὰρ
436 420 450 445 ὁ
473 419 573 455 Κύριος
589 428 596 434 ·
615 429 624 445 ι
638 419 834 455 Προσεύχεσθε,

57 465 91 500 μὴ
105 465 232 500 ἐμπεσεῖν
248 464 302 500 (98)
314 467 354 497 είς
368 466 535 501 πειρασμόν·
544 466 573 492 τὸ
589 466 637 501 μὲν
651 465 760 500 πνεῦμα
774 466 837 501 πρό-

56 510 151 545 θυμον,
173 511 189 546 ή
206 511 234 537 δὲ
248 511 316 547 σὰρξ
334 511 465 548 ἀσθενής⁴
480 521 489 537 ι
507 512 574 548 μηδὲ
589 511 641 548 μὴν
661 512 834 548 ἐμπεσόντες,

55 556 134 591 δειλίᾳ
149 557 372 593 καταισχύνωμεν
385 557 434 592 τὴν
447 557 598 593 ὁμολογίαν.
609 558 640 584 Et
649 557 703 594 γὰρ
717 558 836 593 ἀρνησά-

57 603 129 636 μενός
143 611 186 634 τις
199 603 248 638 τὴν
271 604 367 630 ἑαυτοῦ
382 604 492 637 ἐλπίδα,
507 604 536 635 ὃς
550 605 622 630 ἐστιν
644 603 745 639 Ἰησοῦς
758 605 773 630 ὁ
785 603 834 630 τοῦ

55 649 116 675 Θεοῦ
125 647 187 681 Υἱὸς
199 670 207 682 ,
221 650 342 686 ἀπολυθῇ
358 650 404 677 τοῦ
422 650 588 686 προσκαίρου
601 649 726 683 Θανάτου,
742 650 835 686 αὔριον

54 695 73 721 δ’
86 696 129 722 ἐπὶ
142 696 238 732 κλίνης
257 697 326 733 νόσῳ
335 697 469 734 περιπέσῃ
483 697 609 734 ὀξυτάτῃ,
620 697 759 733 κοιλίας,ἦ
775 705 835 724 στο-

55 742 147 777 μάχου,
157 742 174 778 ἢ
186 742 318 778 κεφαλῆς,
328 743 345 778 ἡ
355 751 408 770 τινι
421 743 501 770 πάθει
510 742 564 770 τῶν
573 742 700 775 ἀνιάτων,
716 742 833 778 σήψεως,

53 789 68 823 ἢ
81 789 263 824 γαγγραίνης,
283 789 299 825 ἢ
314 789 503 822 ἀποστάσεως,
517 789 534 824 ἥ
551 789 621 815 ίλεοῦ
631 810 638 823 ,
655 789 672 824 ἢ
686 789 780 824 ὑδέρου
793 809 801 822 ,
816 789 833 824 ἢ

55 835 145 868 κώλου,
159 838 271 871 ταχεῖαν
283 836 430 871 ποιήσηται
443 835 492 871 τὴν
506 835 694 872 καταστροφὴν
703 855 710 866 ,
726 835 774 862 καὶ
785 834 833 861 τοῦ

54 883 97 918 ζῇν
111 881 262 915 ὑπεξέλθοι,
276 883 336 918 οὐχὶ
349 884 396 909 καὶ
409 882 463 909 τῶν
478 881 594 908 ἐνταῦθα
618 881 751 917 ἐστερήθη
763 902 771 914 ,
787 881 834 908 καὶ

53 928 101 956 τῶν
114 928 232 956 αἰωνίων
246 929 422 960 ὲκπέπτωκε,
438 927 536 964 μᾶλλον
551 927 578 954 δὲ
591 927 641 963 τῆς
654 927 740 954 ἀϊδίου
755 927 834 954 κολά-

54 983 115 1006 σεως
136 975 211 1007 ἐντὸς
230 975 366 1010 κατέστη,
382 974 524 1010 πορευθεὶς
545 974 586 1005 εἰς
603 983 612 999 ι
632 974 662 1000 τὸ
687 973 781 1005 σκάτος
803 974 833 1000 τὸ

53 1020 192 1057 ἐξώτερον,
215 1017 246 1047 οὗ
268 1021 283 1047 ό
306 1021 442 1056 κλαυθμὸς
464 1020 511 1047 καὶ
528 1021 542 1047 ὁ
557 1019 678 1056 βρυγμὸς
691 1019 745 1046 τῶν
759 1019 832 1046 ὀδόν-

52 1076 118 1100 των;
132 1077 141 1093 ι
157 1067 171 1094 ὁ
184 1067 216 1094 δὲ
228 1068 283 1103 (99)
297 1067 422 1100 ἀξιωθεὶς
437 1066 596 1102 μαρτυρίου,
610 1066 728 1102 χαιρέτω
741 1065 790 1102 τὴν
803 1066 832 1092 ἐν

53 1114 139 1150 Κυρίῳ
153 1114 250 1150 χαρὰν,
259 1114 297 1146 ὡς
309 1113 468 1150 τηλικούτου
481 1112 616 1147 ἐπιτυχὼν
632 1112 774 1147 στεφάνου,
785 1112 832 1138 καὶ

51 1159 81 1185 δι’
93 1159 234 1195 ὁμολογίας
257 1159 416 1195 ποιούμενος
437 1158 486 1194 τὴν
506 1158 594 1191 ἔξοδον
612 1157 659 1184 τοῦ
684 1158 752 1193 βίου.
772 1157 831 1185 Κᾶν

52 1205 248 1240 κατηχούμενος
266 1204 298 1241 ᾖ,
322 1206 423 1236 ἄλυπος
445 1204 552 1231 ἀπίτω·
567 1204 598 1230 τὸ
619 1204 674 1240 γὰρ
697 1203 782 1235 πάθος
801 1204 832 1230 τὸ

52 1251 114 1287 ὑπὲρ
127 1251 247 1288 Χριστοῦ
259 1273 266 1285 ,
282 1251 358 1278 ἔσται
382 1251 458 1286 αὐτῷ
476 1250 657 1286 γνησιώτερον
672 1249 811 1285 βάπτισμα
822 1258 829 1265 ·

51 1297 86 1323 ὅτι
99 1298 178 1330 αὐτὸς
194 1298 244 1333 μὲν
258 1298 339 1334 πείρᾳ.
362 1297 575 1332 συναποθνήσκει
587 1295 627 1331 τῷ
640 1295 749 1332 Κυρίῳ,
764 1296 789 1321 ot
802 1295 832 1322 δὲ

51 1342 130 1369 λοιποὶ
141 1364 148 1375 ,
162 1343 252 1378 τύπῳ.
267 1343 392 1379 Χαιρέτω
405 1341 452 1369 οὖν
468 1342 633 1378 μιμούμενος
645 1342 690 1368 τὸν
702 1341 830 1369 διδάσκα-

51 1388 102 1415 λον·
114 1389 206 1425 ἐπειδὴ
218 1390 265 1416 καὶ
278 1389 477 1425 προστέτακται
486 1397 492 1403 ·
505 1398 515 1415 ι
525 1388 748 1424 Κατηρτισμένος
761 1388 831 1415 ἔστω

52 1437 113 1469 πᾶς,
129 1436 165 1468 ὡς
178 1437 193 1462 ὁ
209 1435 367 1467 διδάσκαλος
381 1435 473 1462 αὑτοῦ.
493 1444 502 1459 ι
525 1434 553 1461 '0
566 1434 595 1460 δὲ
611 1433 769 1465 διδάσκαλος
782 1433 831 1460 αὑ-

51 1481 93 1507 τοῦ
103 1482 147 1508 καὶ
242 1482 320 1517 ἡμῶν
335 1480 437 1517 Ἰησοῦς
447 1481 461 1507 ὁ
470 1480 571 1516 Κύριος
579 1479 603 1506 δι
611 1479 618 1487 ⁸
629 1480 703 1515 ἡμᾶς
712 1479 829 1515 ἐπλήγη,

887 237 935 264 sed
954 237 1010 272 jam
1026 236 1088 264 aliis
1107 244 1215 272 quoque
1234 240 1362 264 auctores
1377 237 1537 272 perditionis
1550 238 1672 271 erimus;

886 288 912 310 et
926 283 1038 318 duplum
1051 283 1215 318 supplicium
1232 283 1401 318 perferemus
1410 303 1418 315 ,
1443 283 1516 318 quod
1528 283 1674 318 negatione

887 333 999 361 nostra,
1017 329 1121 357 erroris
1147 333 1303 363 suspectam
1324 328 1524 357 reddiderimus
1543 336 1605 364 qua
1623 329 1674 356 ali-

887 375 996 410 quando
1019 382 1035 402 a
1056 375 1135 402 nobis
1157 375 1348 402 celebrabatur
1369 375 1519 402 veritatem.
1537 375 1673 408 Quocirca

887 428 975 456 neque.
994 421 1113 456 prompti
1134 421 1222 449 simus
1242 425 1363 453 temere,
1388 424 1470 455 atque
1498 420 1533 447 ad
1551 421 1672 456 pericula

886 466 1057 502 praecipites;
1073 466 1292 494 Dominusenim
1314 467 1401 494 dicit:
1419 476 1426 491 ι
1440 465 1536 498 Orate,
1555 474 1589 494 ne
1603 466 1673 494 inci-

886 511 958 539 datis
983 512 1010 539 in
1036 512 1236 539 tentatioucm:
1258 513 1373 547 spiritus
1397 512 1507 547 quidem
1530 517 1672 547 promptus

885 561 943 590 est,
964 565 1031 585 caro
1051 562 1142 586 autem
1165 558 1292 585 iuﬁrma'
1305 567 1313 590 ;
1330 568 1339 585 ›
1365 565 1453 593 neque
1479 558 1503 585 si
1529 558 1671 593 intercepti

885 603 1030 636 fuerimus,
1044 605 1244 632 confessionem
1260 604 1404 631 timiditate
1415 604 1592 632 maculemus.
1604 604 1672 631 Natu

885 650 933 684 qui
948 644 1108 686 abnegando
1119 659 1195 686 spem
1215 658 1292 678 suam
1303 671 1311 683 ,
1325 650 1377 678 hoc
1389 655 1432 678 est
1446 649 1539 678 Jesum
1549 670 1557 683 ,
1573 649 1671 677 Filium

885 695 952 728 Dei,
974 703 990 723 a
1005 700 1092 723 morte
1113 697 1279 731 temporaria
1304 696 1435 724 liberatus
1449 700 1507 729 est,
1525 697 1548 724 si
1563 704 1624 724 cras
1644 696 1672 724 in

885 740 956 769 lecto
971 741 1072 769 incidat
1088 742 1116 769 in
1130 742 1254 769 morbum
1267 743 1454 770 acutissimum
1468 763 1475 775 ,
1492 743 1610 774 ventris,
1625 747 1674 770 aut

885 788 1036 821 stomachi,
1052 793 1099 816 aut
1117 789 1232 823 capitis,
1254 789 1295 816 vel
1313 789 1341 816 in
1356 789 1466 824 aliquod
1479 789 1574 816 vitium
1595 789 1672 816 insa-

885 834 989 866 nabile,
1010 834 1082 862 tabis
1097 835 1137 862 vel
1149 842 1310 869 gangraena}.
1326 835 1369 862 vel
1383 836 1539 867 abscessus.
1555 835 1596 862 vel
1611 836 1671 862 vol-

885 879 952 912 vuli,
968 880 1010 907 vel
1023 887 1100 915 aquae
1115 880 1268 912 intercutis,
1284 880 1328 908 vel
1346 881 1427 908 colici
1440 881 1570 914 allectus;
1585 885 1611 908 et
1622 888 1672 909 ee-

884 925 934 953 leri
959 926 1034 953 exitu
1058 934 1073 953 e
1094 926 1149 953 vita
1171 926 1312 959 discedat;
1337 934 1429 954 nonne
1447 930 1474 954 et
1489 927 1671 962 praesentibus

883 972 964 999 bonis
981 972 1104 1007 privatus
1120 977 1163 1000 est
1173 993 1180 1005 ,
1196 977 1223 1000 et
1238 973 1272 1000 ab
1285 974 1396 1001 aeternis
1411 973 1530 1007 excidit;
1547 973 1671 1008 quinimo

883 1023 1013 1046 azternum
1026 1019 1190 1054 supplicium
1206 1019 1301 1052 subiit,
1318 1020 1458 1055 profectus
1473 1019 1506 1047 ad
1521 1029 1530 1045 ι
1544 1019 1671 1047 tenebras

882 1064 1033 1092 exteriores
1045 1085 1054 1098 ,
1072 1065 1118 1092 ubi
1143 1065 1221 1092 fletus
1239 1071 1266 1093 et
1286 1066 1388 1093 stridor
1402 1065 1525 1093 dentium
1536 1065 1570 1092 ⁸⁸3
1586 1075 1596 1092 ι
1618 1065 1671 1098 Qui

882 1118 948 1138 vero
959 1111 1089 1146 martyrio
1101 1111 1200 1147 dignus
1213 1116 1255 1139 est
1269 1111 1390 1143 habitus,
1403 1111 1496 1139 lmtitia
1512 1111 1539 1138 in
1556 1111 1671 1138 Domino

882 1156 1020 1191 dferatur,
1044 1157 1116 1192 quod
1133 1162 1236 1185 tantam
1251 1165 1382 1186 coronant
1412 1162 1510 1185 nactus
1523 1157 1624 1190 fuerit,
1643 1161 1671 1185 et

882 1211 931 1239 per
954 1203 1156 1231 confessionem
1183 1212 1216 1232 ex
1240 1204 1291 1231 hac
1314 1205 1370 1231 vita
1400 1205 1508 1239 migret.
1538 1203 1670 1237 Quamvis

882 1249 1097 1278 catechumenus
1121 1250 1175 1282 sit,
1196 1250 1257 1278 sine
1278 1250 1389 1278 tristitia
1415 1250 1528 1278 excedat
1548 1260 1554 1277 ε
1577 1250 1670 1285 passio

881 1296 953 1324 enim
976 1303 1027 1332 pro
1051 1296 1164 1325 Christo
1188 1297 1292 1331 perlata
1306 1315 1314 1329 ,
1339 1296 1392 1323 erit
1413 1296 1439 1323 ei
1464 1295 1597 1323 sincerior
1622 1295 1671 1322 ba-

881 1342 1012 1377 ptismus;
1032 1342 1254 1377 quandoquidem
1274 1342 1333 1377 ipse
1358 1349 1454 1369 revera
1469 1345 1496 1368 et
1516 1341 1670 1376 periculum

881 1387 1007 1415 faciendo
1018 1407 1026 1421 .
1042 1387 1154 1416 Christo
1167 1387 1364 1420 commoritur,
1380 1388 1478 1422 reliqui
1493 1395 1572 1419 vero,
1592 1396 1601 1413 ι
1619 1387 1670 1415 hoc

880 1437 932 1467 est,
945 1434 992 1469 qui
1006 1434 1190 1470 baptizantnr,
1206 1444 1216 1460 ι
1233 1434 1319 1470 ﬁgura
1335 1437 1452 1462 tantum.
1469 1433 1592 1461 Gaudeat
1604 1442 1670 1470 ergo

880 1480 915 1508 de
929 1479 1051 1516 Magistri
1068 1481 1239 1514 imitatione,
1260 1480 1395 1516 siquidem
1420 1484 1586 1516 praeceptum
1601 1485 1642 1508 est
1660 1489 1668 1507 :

53 1527 216 1564 βλασφημίας
223 1527 395 1563 (ηὐπέμεινε
404 1527 451 1554 καὶ
458 1526 622 1562 ὀνειδισμοὺς
634 1525 826 1561 μακροθύμως,

909 1527 1052 1555 Perfectus
1067 1527 1104 1554 sit
1118 1527 1218 1559 omnis,
1235 1528 1306 1555 sicut
1320 1527 1448 1562 Magister
1459 1527 1553 1562 ejus“;
1569 1536 1579 1553 ι
1594 1529 1669 1562 atqui

51 1574 201 1610 ὲνεπτύσθη,
218 1573 379 1609 ὲκολαφίσθη
390 1594 397 1606 ,
413 1572 576 1609 ὲρῤαπίσθη,
593 1571 702 1608 σταυρῷ
718 1571 786 1607 μετά
799 1571 829 1598 τὸ

54 1619 224 1655 μιπιχθῆναι
238 1619 416 1656 προσηλώθη,
431 1619 491 1652 ὖξος
510 1619 556 1645 καὶ
578 1617 658 1653 χολὴν
680 1617 808 1653 ὲποτίσθη
820 1626 827 1633 ·

50 1665 185 1697 τελειώσας
203 1665 242 1700 (2)
257 1665 346 1692 πάντα
360 1664 551 1702 γεγραμμένα,
573 1662 633 1691 εἷπε
647 1664 686 1699 τῷ
701 1664 760 1700 Θεῷ
781 1664 829 1691 καὶ

53 1710 129 1746 lla-.9!
143 1720 149 1726 ·
168 1712 240 1743 (Εἰς
265 1711 359 1748 χεῖράς
385 1720 432 1738 σου
460 1710 630 1747 παρατίθημι
662 1710 693 1736 τὸ
719 1709 830 1746 πνεῦμά

53 1765 106 1790 μου.
127 1767 135 1782 ι
151 1757 196 1784 Διὸ
221 1757 268 1784 καὶ⁵
287 1758 301 1784 ὁ
323 1758 467 1793 εὐχόμενος
489 1756 593 1784 ἐκείνου
610 1755 733 1792 μαθητὴς
746 1753 828 1790 εἶναι,

52 1802 162 1837 ξηλούτω
175 1804 240 1835 τοὺς
253 1803 334 1830 αὑτοῦ
349 1804 466 1838 ἀγῶνας,
479 1803 612 1839 μιμείσθω
621 1802 670 1838 τὴν
680 1802 827 1838 ὑπομονὴν,

52 1848 180 1881 γινώσκων
194 1849 237 1876 ὅτι
251 1849 300 1876 κᾶν
315 1850 344 1876 ὲν
359 1849 426 1885 πυρὶ
441 1849 492 1876 ὑπὸ
507 1848 658 1885 ἀνθρώπων
673 1852 739 1887 καῇ,
753 1848 828 1875 οὐδὲν

52 1894 164 1921 πείσεται
176 1917 183 1928 ,
198 1896 237 1927 ὡς
251 1895 276 1921 οἱ
290 1897 364 1931 τρεῖς
377 1895 471 1927 παῖδες
481 1916 488 1929 ,
503 1895 520 1930 ἢ
537 1896 561 1921 εί
576 1895 623 1921 καὶ
637 1894 712 1930 πάθῃ
725 1903 766 1927 τι,
784 1903 829 1930 μι-

53 1939 106 1965 σθὸν
124 1941 198 1976 παρά
220 1941 322 1976 Κυρίου
342 1941 476 1976 ’λήψεταιθ
499 1940 633 1967 πιστεύων
659 1940 699 1975 τῷ
720 1941 760 1966 ἐνὶ
781 1941 828 1967 καὶ

54 1985 117 2021 μόνῳ
137 1986 256 2022 ἀληθινῷ
275 1987 334 2022 Θεῷ
348 1988 395 2014 καὶ
408 1987 508 2023 Πατρὶ,
532 1986 576 2013 διὰ
596 1987 683 2023 Ἰησοῦ
697 1986 827 2022 Χριστοῦ,

52 2031 93 2057 τοῦ
107 2033 223 2067 μεγάλου
237 2033 404 2069 ἀρχιερέως,
428 2033 474 2060 καὶ
494 2033 630 2069 λυτρωτοΰ
651 2034 704 2060 τῶν
723 2033 826 2070 ψυχῶν,

54 2078 92 2103 καὶ
114 2079 307 2114 μισθαποδότου
329 2079 383 2106 τῶν
404 2079 491 2107 ἄθλων
507 2088 514 2094 ·
535 2077 559 2114 ᾧ
579 2081 596 2115 ἡ
620 2079 683 2113 δόξα
706 2081 746 2112 εἰς
763 2081 828 2113 τοὺς

52 2124 150 2155 αἰῶνας.
173 2126 267 2161 Ἀμήν.

280 2273 476 2302 κΕφΑΑΑιοΝ
494 2274 520 2300 Ζν
538 2272 588 2309 (δ).

54 2333 114 2366 Περὶ
147 2334 342 2367 ἀναστάσεως
376 2333 543 2365 ἀποδείξεις
571 2331 705 2367 διάφοροι
724 2339 740 2367 ’ᾗ
760 2330 828 2367 περὶ

82 2365 243 2403 Σιϐύλλης”
259 2370 307 2396 καὶ
322 2365 351 2396 τί
364 2371 392 2396 οἱ
413 2367 533 2395 Στωϊκοὶ
550 2366 588 2402 (4)
605 2366 672 2400 περὶ
694 2365 746 2393 τοῦ
761 2365 827 2400 φοί-

82 2411 159 2437 νικος
172 2405 225 2432 τοῦ
239 2405 352 2438 ὀρνέου.

84 2450 162 2482 Αὐτὸς
174 2450 228 2486 γὰρ
240 2451 314 2486 ἡμᾶς
331 2450 421 2485 ἐγερεῖ
433 2449 448 2475 ὁ
461 2447 658 2483 παντοκράτωρ
680 2447 745 2479 Θεὸς
755 2467 763 2479 ,
782 2446 827 2473 διὰ

881 1572 1010 1609 Magister
1033 1573 1095 1609 ejus
1119 1578 1146 1601 et
1165 1577 1270 1606 noster.
1286 1573 1420 1601 Dominus
1445 1573 1537 1605 Jesus.
1560 1578 1670 1609 propter

879 1627 931 1648 nos
956 1620 1050 1656 plagas
1085 1620 1233 1652 sustinuit,
1263 1620 1387 1647 convicia
1411 1622 1438 1647 et
1467 1619 1567 1654 probra
1591 1627 1670 1655 aequo

879 1665 971 1693 animo
986 1666 1127 1696 toleravit.
1149 1670 1300 1701 consputus
1315 1670 1376 1698 est,
1397 1666 1521 1701 colaphis
1534 1671 1561 1694 et
1580 1667 1668 1702 alapis

880 1718 1042 1746 percussus,
1056 1712 1132 1739 cruci
1145 1715 1206 1746 post
1221 1711 1305 1747 ﬂagra
1325 1711 1421 1740 affixus
1432 1731 1440 1743 .
1468 1717 1548 1739 aceto
1562 1717 1590 1740 et
1605 1713 1669 1741 felle

879 1760 1006 1792 potatus;
1037 1758 1291 1793 consummatisque
1321 1757 1449 1786 omnibus
1476 1766 1537 1794 qua:
1566 1759 1667 1794 scripta

879 1807 975 1836 erant,
998 1803 1066 1831 dixit
1082 1803 1137 1830 Deo
1163 1807 1190 1831 et
1212 1803 1306 1831 Patri:
1328 1812 1337 1829 ‹
1352 1802 1381 1830 ln
1397 1811 1496 1832 manus
1510 1807 1572 1831 tuas
1588 1811 1667 1831 com-

879 1849 978 1877 mendo
1001 1849 1128 1884 spiritum
1153 1857 1244 1877 meum
1253 1851 1274 1878 '.
1291 1859 1301 1876 I
1326 1849 1498 1886 Quapropter
1522 1850 1568 1885 qui
1592 1855 1668 1886 optat

879 1895 953 1923 illius
974 1903 1035 1924 esse
1059 1895 1230 1930 discipulus,
1254 1891 1396 1924 aemuletur
1417 1897 1477 1931 ejus
1497 1897 1665 1927 certamina.

880 1941 1001 1969 imitetur
1018 1942 1192 1978 patientiam;
1219 1943 1309 1971 sciens
1324 1944 1396 1979 quod
1409 1943 1462 1971 etsi
1477 1943 1505 1970 in
1520 1943 1610 1978 ignem
1630 1943 1666 1970 ab

880 1987 1036 2015 hominibus
1050 1988 1214 2022 conjiciatur
1224 2009 1231 2021 ,
1248 1989 1315 2016 nihil
1330 1991 1458 2025 patietur.
1472 1989 1542 2016 sicut
1556 1989 1594 2016 illi
1608 1993 1666 2017 tres

879 2033 985 2067 pueri';
999 2037 1046 2061 aut
1058 2034 1080 2062 si
1096 2034 1199 2069 aliquid
1212 2035 1342 2075 patiatur,
1355 2035 1507 2062 mercedem
1519 2042 1534 2060 a
1550 2033 1666 2061 Domino

879 2079 1012 2114 accipiet;
1029 2079 1109 2108 fidem
1121 2080 1226 2109 habens
1245 2081 1293 2108 uni
1307 2085 1335 2108 et
1353 2081 1405 2108 soli
1420 2089 1484 2108 vero
1501 2080 1555 2108 Deo
1567 2088 1598 2108 ac
1612 2079 1665 2107 Fa-

879 2124 933 2157 tri,
949 2133 998 2160 per
1012 2125 1106 2153 Jesum
1127 2125 1284 2158 Christum,
1300 2134 1428 2162 maguum
1444 2126 1600 2162 pontificem
1611 2146 1618 2158 ,
1638 2131 1666 2153 et

890 2170 1087 2206 redemptorem
1103 2172 1271 2204 animarum.
1289 2173 1523 2208 certaminumque
1538 2179 1665 2199 remune-

842 2206 865 2234 D
880 2221 1017 2251 ratorem;
1033 2218 1077 2245 cui
1093 2217 1180 2252 gloria
1205 2218 1232 2244 in
1245 2218 1355 2245 sarcula.
1371 2218 1458 2246 Amen

1175 2273 1289 2302 CAPUT
1309 2274 1366 2303 Vll.

878 2330 918 2358 De
931 2331 1121 2358 resurrectione
1135 2331 1217 2366 varice
1231 2330 1487 2363 demonstrationes;
1500 2330 1532 2357 de
1547 2330 1663 2366 Sibylla;

1053 2371 1077 2393 ct
1091 2365 1154 2400 quid
1167 2365 1250 2393 Stoici
1260 2366 1291 2393 de
1299 2366 1412 2401 p/iwm'ce
1426 2374 1481 2393 ave.

915 2444 976 2480 Ipse
989 2445 1062 2473 enim
1080 2452 1131 2472 nos
1142 2445 1318 2473 resuscitabit
1331 2443 1503 2480 omnipotens
1516 2445 1598 2478 Deus,
1615 2450 1665 2480 per

84 2517 92 2532 ‘
105 2517 194 2545 Matth.
210 2525 282 2549 xxvi,
295 2517 339 2544 tl.
372 2516 383 2532 ’⁸
399 2515 494 2543 Matth.
516 2523 578 2548 VIII,
591 2514 634 2542 l2.
671 2513 759 2541 Ἰήιε.
775 2521 814 2545 vr,
829 2530 830 2534 η

906 2511 917 2527 ⁸
930 2511 997 2539 Luc.
1022 2518 1102 2546 unt,
1115 2511 1162 2539 46.
1192 2511 1280 2540 'Dan.
1297 2520 1340 2545 ιιι,
1359 2512 1395 2540 24

687 2579 871 2608 VARIOBUM
887 2578 1003 2607 ΝΟΤᾸΞ.

86 2639 137 2678 (96)
154 2642 334 2676 Διπλοτέραγ
347 2641 436 2668 τίσιν.
453 2640 483 2667 1η
499 2640 585 2678 altero
602 2638 760 2678 διπλασίονα
771 2637 823 2678 τὴν

55 2672 517 2714 alim;mistura'synonymorum,
546 2676 575 2702 in
602 2675 646 2702 his
668 2673 746 2701 libris
769 2672 825 2700 fre-

55 2712 232 2746 quentissima.
247 2712 331 2740 CLss.

95 2745 135 2782 9'!)
153 2747 307 2780 Δόσαντες.
324 2745 455 2782 lnaltero
469 2745 558 2782 δοντες
570 2743 679 2782 meiius.
695 2741 732 2770 ln.

161 2779 324 2817 Ἐμπεσεῖν.
334 2781 414 2817 νίτίθηι
427 2780 566 2817 εἰσελθεῖνἶ
579 2779 617 2817 In.

97 2812 138 2850 99)
162 2812 248 2849 ’ϐ’δε,
262 2821 314 2844 etc.
331 2816 437 2843 Novum
458 2819 539 2850 caput
561 2814 714 2850 inchoatur,
731 2812 824 2850 addito

60 2846 195 2893 hostium
203 2846 287 2893 amet
296 2851 468 2893 ἀνςισξάσεως
482 2846 630 2893 timetis“
643 2848 775 2893 διάειίέροι·
786 2846 814 2874 ιν

94 2884 161 2924 (100)
179 2884 274 2915 Αὐτοῦ
289 2887 345 2914 καί.
364 2886 467 2914 Desunt
482 2885 510 2913 in
525 2885 610 2913 altero
622 2884 683 2912 cod.
699 2884 737 2912 In.

911 2636 949 2673 (l)
975 2636 1107 2671 Ἐπλήγη
1119 2637 1328 2672 βλασφημίας.
1350 2635 1414 2664 Haec
1427 2644 1536 2672 quoque
1551 2642 1661 2666 absunt.

911 2707 949 2744 (2)
972 2707 1144 2739 Τελειώσας.
1163 2705 1315 2742 Praeligitur
1331 2707 1357 2734 in
1371 2706 1467 2734 eodem
1481 2706 1537 2739 καί,
1552 2673 1659 2768 (genus.

911 2777 950 2814 (5)
969 2779 1055 2819 ιςετξξ,
1080 2777 1165 2819 [_)e_est_
1177 2777 1230 2805 hoc
1243 2780 1270 2805 et
1298 2784 1358 2812 cap.
1376 2777 1518 2812 inscriptio
1542 2777 1569 2804 in
1585 2780 1662 2805 utro--

875 2811 929 2848 que
941 2811 1007 2840 'cod.
1027 2812 1141 2840 Vindob.
1156 2811 1194 2840 1ο.
1334 2811 1340 2812 ί
1463 2811 1471 2812 ί

893 2883 899 2888 _
915 2847 953 2888 (At)
975 2848 1152 2888 Ol_.‘.‘r.wt‘xot.
1179 2847 1279 2888 {iuvius
1295 2847 1543 2888 inveneratsolum
1566 2846 1594 2888 in
1608 2846 1661 2886 hoc

880 2882 960 2911 titulo
976 2891 982 2909 :
1000 2883 1067 2918 Περὶ
1090 2882 1272 2914 ἀναστάσεως.
1294 2882 1397 2910 Caetera
1415 2882 1505 2910 addita
1528 2886 1608 2915 sunt,
1631 2882 1661 2910 ni
