1896 3109
95 146 144 175 ω

531 141 834 170 CONSTITUTIONES
851 141 1193 169 ;\P05TOLlCE.—LIB.
1214 141 1246 168 ν.

1654 141 1707 172 850

93 201 242 238 τετράποδα,
257 200 368 237 ἑρπετὰ,
388 200 470 235 φυτὰ,
488 200 611 235 βοτάνας·
628 199 674 225 τὸν
695 199 776 225 αὑτὸν
801 199 864 235 τρό-

924 199 1060 226 mivcrsos
1073 206 1122 226 sua
1138 198 1278 225 voluntate
1293 198 1447 229 suscitabit.
1464 198 1524 232 opis
1551 205 1606 225 non
1634 198 1707 226 indi-

93 257 147 277 τιον.
161 247 205 274 καὶ
219 247 319 278 πάντας
333 247 479 281 ἀναστήσει
494 245 639 281 θελήματι,
656 244 814 279 συνεργείας
830 243 867 279 μὴ

93 295 214 331 δεόμενος·
241 293 289 328 τῆς
303 292 358 328 γὰρ
371 292 457 327 αὐτῆς
480 291 621 327 δυνάμεώς
636 291 709 317 ἐστιν
723 290 813 326 ἔργον,
837 290 868 316 τὸ

92 339 276 376 δημιουρ-(ἧσαι
290 338 402 373 κόσμον,
418 337 505 364 καὶτὸ
515 337 628 372 νεκροὺς
639 336 796 370 ἀναστῆσαι.
812 337 868 363 Καὶ

91 387 144 412 τωε
161 386 206 420 μὲν
221 385 257 420 μὴ
280 384 345 410 ὅντα
369 383 425 418 (55)
439 383 484 409 τὸν
511 383 665 419 ἄνθρωπον,
680 383 712 408 ὲκ
733 382 867 417 διαφόρων

92 431 206 466 ἐποίησεν
221 429 362 465 ἄνθρωπον
377 429 444 464 (56),
458 429 520 460 δοὺς
530 428 604 464 αὐτῴ
613 428 662 463 τὴν
671 427 760 463 ψυχὴν
774 429 806 454 ὲκ
820 427 866 454 τοῦ

93 479 126 513 μὴ
140 478 220 508 δντος-
236 475 284 502 νῦν
300 475 327 502 δὲ
342 476 402 506 ταῖς
424 473 518 506 οὔσαις
539 474 638 508 ψυχαῖς
651 473 686 499 τὰ
710 473 867 500 διαλυθέντα

93 523 195 558 σώματα
215 521 347 548 ἀποτίσει.
364 520 508 555 Κειμένων
522 520 576 555 γάρ
591 520 664 546 ἐστιν
679 520 696 554 ἡ
710 519 866 550 ἀνάστασις,

89 571 142 604 οὐχὶ
155 570 182 596 δὲ
196 569 231 604 μὴ
246 567 431 603 ὑπαρχόντων.
455 567 484 593 Ὁ
507 564 554 593 οὖν
571 566 606 592 τὰ
630 565 726 601 πρῶτα
754 565 867 600 σώματα

89 617 117 642 ὲκ
131 615 166 650 μὴ
179 615 260 640 ὄντων
276 614 403 649 ποιήσας,
415 613 461 639 καὶ
476 612 506 644 ἐξ
516 612 605 638 αὐτῶν
615 612 730 648 διάφορα
743 611 868 647 δημιουρς

89 662 167 696 γήσας
196 661 262 695 (57),
277 657 354 691 οὗτος
380 660 427 686 καὶ
451 660 515 690 τοὺς
543 659 671 690 θανόντας
698 659 867 694 ζωοποιήσας

88 707 233 740 ἀναστήσει.
256 706 285 732 '0
299 705 353 740 γὰρ
366 706 395 731 ὲν
409 706 443 740 τῇ
457 705 546 740 κοιλίᾳ
560 705 605 731 τὸν
619 705 760 740 ἄνθρωπον
773 706 805 732 ἐχ
822 714 866 741 μι-

89 751 148 787 κροῦ
162 752 316 787 σπέρματος
333 751 454 786 μορφῶν,
470 751 517 777 καὶ
529 750 618 786 ψυχὴν
633 750 707 786 αὐτῷ
720 751 770 777 οὺχ
784 749 867 777 οὖσαν

87 797 345 833 ἑνδημιουργῶν·(58)
352 797 395 824 κα)
404 797 441 828 ὠς
455 798 536 829 αὑτός
551 796 603 824 πού
610 806 675 833 φησι
683 797 722 832 τῷ
738 797 864 833 Ἱερεμίᾳ·

88 853 96 869 ι
114 843 165 879 Πρὸ
179 843 225 870 τοῦ
243 852 276 878 με
292 843 394 870 πλάσαι
411 851 440 869 σε
455 843 484 870 ὲν
507 843 607 879 κοιλία,
631 842 780 878 ἐπίσταμαι
808 851 864 869 σε’»

918 252 984 279 gens
997 254 1003 271 :
1021 252 1084 271 cum
1098 243 1222 279 ejusdem
1233 244 1374 278 potestatis
1389 251 1458 278 opus
1470 244 1517 274 sit,
1531 247 1560 271 et.
1574 244 1707 273 mundum

917 291 1045 324 condere,
1069 295 1095 317 et
1107 294 1231 317 mortuos
1246 291 1376 317 excitare.
1394 291 1432 317 Ac
1449 295 1515 319 tunc
1533 289 1643 324 quidem
1658 291 1706 318 ho-

918 337 1020 364 minem
1045 338 1092 372 qui
1108 344 1163 364 non
1176 341 1245 367 erat,
1257 345 1290 364 ex
1305 337 1421 364 diversis
1437 337 1464 364 in
1480 337 1618 364 hominem
1636 345 1707 365 con-

917 384 1016 416 stituit,
1031 383 1095 410 data
1120 384 1145 410 ei
1165 391 1198 411 ex
1212 383 1297 410 nihilo
1312 383 1402 410 anima
1417 391 1424 416 ;
1448 391 1521 410 nunc
1538 391 1602 410 vero
1624 385 1709 411 resti-

916 434 974 457 tuet
986 431 1169 457 existentibus
1182 429 1328 457 animabus
1342 437 1458 464 corpora
1473 430 1620 457 dissoluta.
1637 429 1706 458 Nam

917 477 1084 504 resurrectio
1098 483 1192 503 eorum
1207 480 1259 508 est,
1279 484 1340 511 quae
1358 476 1460 511 jacent.
1486 483 1541 503 non
1553 481 1644 503 autem
1659 483 1708 503 eo-

916 531 977 550 rum
996 530 1056 558 qua:
1076 530 1132 550 non
1148 528 1224 550 sunt.
1253 523 1348 557 Itaque
1363 523 1410 558 qui
1426 523 1514 558 prima
1538 530 1655 558 corpora
1672 530 1707 550 ex

916 569 1002 596 nihilo
1018 568 1118 599 eﬂ‘et-it,
1139 571 1165 595 et
1180 576 1211 595 ex
1227 569 1294 603 ipsis
1319 569 1394 595 varia
1411 568 1552 603 condidit;
1565 569 1610 597 hic
1623 569 1706 597 etiatn

916 614 1069 646 defunctos,
1084 614 1139 640 vita
1158 613 1274 647 reddita,
1294 614 1451 642 suscitabit.
1467 614 1500 642 Et
1515 615 1562 651 qui
1584 615 1613 642 in
1629 620 1707 642 utero

915 659 1053 686 hominem
1067 667 1100 687 ex
1126 660 1230 687 semine
1250 660 1349 694 exiguo
1372 660 1482 693 format,
1495 665 1522 688 et
1537 661 1657 688 animam
1673 669 1706 688 ex

915 713 970 732 non
986 710 1048 733 ente
1061 713 1160 733 creans
1180 706 1231 741 ipsi
1245 705 1316 733 indit
1329 715 1336 739 ;
1355 707 1427 734 sicut
1439 707 1498 742 ipse
1511 706 1635 735 Ieremia:
1650 707 1704 734 ait:

917 751 1076 787 Priusquam
1088 756 1111 778 te
1121 751 1265 786 formarem
1274 753 1300 779 in
1315 757 1400 785 utero,
1413 753 1472 779 novi
1487 758 1511 780 te
1520 753 1542 768 ³¹
1558 761 1565 786 ;
1579 756 1606 780 et
1622 753 1704 780 alibi:

917 796 972 832 Ego
991 797 1122 824 Dominus
1140 798 1252 832 ﬁrmans
1272 798 1378 828 casiam.
1401 804 1426 826 et
1449 798 1565 833 fundam
1596 803 1706 833 terram,

915 850 940 872 et
952 846 1052 881 [ingens
1063 846 1188 881 spiritum
1200 845 1314 872 hominis
1324 846 1351 872 in
1360 853 1390 872 eo
1401 845 1423 860 "
1432 845 1454 861 ³³
1465 854 1471 872 :
1487 844 1559 872 idem
1570 850 1597 872 et
1607 851 1705 872 omnes

86 889 127 915 καὶ
140 889 261 924 ἀλλαχοῦ·
281 898 290 914 ι
316 888 384 923 Ἐγὼ
401 888 513 924 Κύριος,
528 888 645 925 στερεῶν
668 888 792 924 οὐρανὸν,
815 889 862 914 καὶ

924 890 1042 918 iomines
1057 890 1090 918 ad
1103 890 1186 917 vitam
1203 889 1351 921 revocabit,
1364 893 1457 924 utpote
1470 896 1540 923 quos
1555 888 1637 916 fecit:
1651 888 1703 915 sic-

85 935 207 970 θεμελιῶν
221 935 284 971 γῆν,
300 936 346 962 καὶ
374 935 502 962 πλάσσων
529 935 638 970 πνεῦμα
665 934 810 970 ἀνθρώπου
837 935 866 962 ἐν

86 981 162 1016 αὐτῷ·
171 991 180 1006 s
196 982 278 1013 αὐτὸς
292 981 340 1008 καὶ
354 981 457 1012 πάντας
475 981 635 1016 ἀνθρώπους
644 981 800 1016 ἀναστήσει,
816 981 865 1007 αὑ-

85 1027 126 1053 τοῦ
140 1027 215 1059 ὖντας
229 1029 380 1064 ποιήματα·
397 1027 488 1060 καθὼς
504 1027 550 1054 καὶ
563 1029 579 1063 ἡ
595 1027 655 1054 θεία
672 1027 766 1063 Γραφὴ
795 1036 865 1063 μαρ-

83 1076 152 1110 τυρεῖ
164 1075 275 1109 λέγοντα
288 1074 334 1101 τὸν
347 1074 413 1101 Θεὸν
428 1074 467 1109 τῷ
479 1074 616 1109 μονογενεῖ
625 1072 744 1108 Χριστῷι
760 1082 769 1098 ι
785 1073 865 1108 Ποιή-

85 1129 166 1156 σωμεν
177 1121 320 1156 ἄνθρωπον
335 1121 394 1147 κατ’
409 1120 502 1147 εἰκόνα
516 1120 563 1146 καὶ
578 1118 638 1146 καθ’
655 1118 784 1154 ὁμοίωσιν
798 1119 865 1153 ἡμε-

84 1167 166 1202 τέραν.
193 1167 247 1193 Καὶ
261 1167 388 1201 ἐποίησεν
401 1167 416 1193 ὁ
429 1166 496 1197 Θεὸς
517 1165 564 1192 τὸν
579 1165 732 1201 ἄνθρωποψ
749 1165 809 1192 κατ’
825 1165 863 1191 ει-

84 1212 142 1239 κόνα
156 1212 220 1238 Θεοῦ
235 1212 363 1248 ἐποίησεν
378 1211 470 1238 αὐτόν·
498 1212 581 1247 ἄρσεν
595 1211 643 1238 καὶ
656 1211 722 1246 θῆλυ
737 1211 864 1246 ἐποίησεν

83 1258 197 1290 αὐτούς.»
226 1258 283 1286 Καὶ
297 1260 311 1285 ὁ
325 1258 461 1289 θειότατος
471 1257 517 1284 καὶ
531 1257 692 1293 καρτερικὸς
714 1256 784 1290 Ἰὼϐ,
800 1256 864 1292 περὶ

81 1300 110 1330 οὗ
123 1304 200 1340 φησὶν
216 1305 233 1340 ἡ
248 1304 356 1340 Γραφὴ,
384 1304 424 1330 ὅτι
442 1313 451 1329 t
467 1303 621 1339 γέγραπται
635 1303 717 1330 αὑτὸν
744 1303 846 1338 ἀναστῇ
857 1317 863 1322 -

83 1349 168 1376 σεσθαι
183 1347 286 1385 μεθ’ὦν
300 1351 314 1376 ό
328 1350 431 1385 Κύριος
445 1349 588 1385 ἀνίστησιν
603 1348 686 1384 (59)-›
702 1346 781 1380 οὗτός
794 1356 862 1383 φησι

82 1396 143 1431 πρὸς
155 1396 198 1422 τὸν
212 1396 289 1422 Θεὸνο
307 1406 317 1422 ι
339 1396 374 1422 Ἣ
392 1396 441 1430 οὐχ
463 1395 558 1431 ὥσπερ
573 1395 643 1429 γάλα
671 1403 705 1430 με
732 1393 861 1429 ἠμελξας,

81 1441 175 1477 ἔπηξας
188 1442 244 1478 (40)
259 1443 289 1469 δέ
312 1450 345 1478 με
369 1442 413 1469 ἶσα
427 1441 502 1477 τυρῷ
519 1449 526 1473 ς
554 1440 641 1476 δέρμα
657 1440 703 1474 καὶ
721 1439 804 1476 κρέας
828 1448 861 1475 με

82 1487 207 1519 ὲνέδυσας·
227 1488 331 1520 ὀστέοις
349 1488 376 1514 δὲ
399 1488 446 1514 καὶ
464 1487 569 1523 νεύροις
594 1495 627 1522 με
646 1487 763 1522 ὲνεῖραςο
788 1486 862 1522 ζωὴν

79 1533 106 1559 δὲ
119 1534 161 1560 καὶ
174 1533 246 1560 ἔλεον
260 1533 321 1560 ἔθου
336 1534 400 1569 παρ’
415 1533 486 1568 ἐμοί’
508 1534 525 1568 ἡ
539 1532 566 1559 δὲ
580 1532 716 1567 ἑπισκοπή
732 1540 779 1559 σου
794 1531 860 1566 ἐφύ-

916 940 946 962 ιιι
959 935 1050 962 divina
1066 935 1206 970 Scriptura
1221 935 1306 962 Deum
1331 940 1445 962 testatur
1462 933 1606 970 Unigenito
1620 934 1701 962 Chri—

915 985 958 1008 sto
973 980 1093 1009 dixisse:
1112 980 1257 1008 Faciamus
1270 981 1400 1008 hominem
1414 981 1448 1008 ad
1469 981 1611 1015 imaginem
1626 985 1652 1008 et
1668 980 1704 1006 ad

915 1026 1121 1053 similitudinem
1134 1031 1266 1053 nostram.
1283 1026 1316 1053 Et
1333 1026 1395 1060 fecit
1413 1026 1483 1053 Deus
1503 1026 1652 1053 hominem:
1667 1026 1703 1052 ad

915 1073 1056 1107 imaginem
1071 1071 1120 1098 Dei
1131 1072 1193 1106 fecit
1204 1080 1283 1099 eum:
1298 1071 1444 1098 masculum
1460 1077 1484 1098 et
1500 1071 1627 1106 [eminent
1639 1070 1703 1105 fecit

914 1125 957 1144 eos
972 1117 1005 1143 “.
1020 1117 1054 1144 Et
1067 1117 1186 1144 maxime
1199 1117 1309 1144 divinus
1324 1125 1356 1143 ac
1376 1117 1496 1145 tolerans
1513 1116 1575 1150 Job,
1591 1117 1626 1144 de
1647 1124 1703 1152 quo

916 1161 1056 1197 Scriptura
1081 1162 1164 1190 dicit:
1194 1162 1327 1196 Scriptum
1349 1169 1464 1192 est,eum
1488 1170 1548 1189 cum
1561 1161 1626 1195 illis,
1642 1170 1703 1188 cum

915 1207 1009 1243 quibus
1032 1208 1145 1242 resurgit
1170 1207 1311 1240 Dominus,
1338 1212 1547 1234 resurrecturum
1559 1208 1597 1240 ";
1619 1208 1642 1236 is
1669 1208 1703 1236 ad

913 1252 998 1280 Deum
1013 1253 1068 1280 ait:
1088 1252 1184 1280 Nonne
1200 1253 1269 1280 sicut
1283 1254 1325 1280 lac
1338 1253 1453 1280 mulsisti
1467 1262 1516 1287 me,
1529 1258 1554 1281 et
1565 1262 1704 1290 coagmen-

913 1300 977 1326 tasti
994 1307 1034 1326 me
1050 1307 1123 1332 teque
1139 1308 1170 1326 ac
1183 1300 1310 1326 caseum?
1324 1298 1398 1326 Pelle
1410 1304 1434 1326 et
1447 1307 1525 1327 came
1536 1300 1637 1327 venisti
1650 1308 1703 1334 ms;

912 1344 1065 1380 ossibusque
1075 1351 1099 1372 et
1112 1346 1197 1372 nervis
1210 1346 1356 1373 inuenisti
1366 1355 1422 1378 me;
1436 1347 1516 1374 vitam
1527 1352 1614 1373 autem
1621 1352 1644 1374 et
1655 1348 1704 1374 nsi-

912 1391 1084 1418 sericordiam
1097 1392 1211 1426 posuisti
1224 1392 1295 1427 apud
1309 1401 1366 1423 me;
1380 1397 1405 1420 et
1419 1393 1537 1420 visitatio
1553 1398 1599 1420 tua
1613 1397 1703 1420 custo-

911 1434 977 1462 diuit
989 1435 1112 1470 spiritum
1128 1445 1224 1465 meum.
1245 1437 1311 1464 llwc
1335 1446 1394 1465 cum
1415 1438 1523 1465 ltabeam
1543 1439 1570 1466 in
1590 1439 1702 1474 meipso,

911 1480 965 1507 scio
979 1481 1049 1515 quod
1064 1482 1152 1508 omnia
1165 1487 1248 1516 potes,
1263 1489 1286 1510 et
1303 1483 1371 1510 nihil
1383 1484 1432 1511 tibi
1443 1489 1481 1511 est
1490 1484 1654 1519 impossibile
1667 1484 1700 1512 ".

912 1526 1002 1560 Quare
1016 1527 1054 1555 ait
1069 1533 1096 1555 et
1112 1533 1205 1556 noster
1214 1528 1340 1557 Salvator
1352 1537 1383 1557 ac
1395 1529 1524 1565 Magister
1534 1530 1614 1559 Jesus
1626 1530 1703 1558 Chri-

81 1578 137 1610 λαξέ
152 1587 201 1614 μου
215 1579 245 1606 τὺ
260 1579 380 1614 πνεῦμα·
409 1579 501 1605 Ταῦτα
516 1578 586 1613 ἔχων
601 1579 629 1604 ὲν
651 1577 772 1614 ἐμαυτῷ,
801 1576 861 1606 οἶδα

924 1577 985 1600 tus:
999 1573 1075 1606 Quod
1082 1574 1243 1609 impossibile
1256 1580 1296 1602 est
1309 1576 1380 1610 apud
1392 1576 1518 1608 homines,
1529 1577 1654 1611 possibile
1662 1582 1703 1605 est

80 1624 116 1650 ὅτι
130 1625 214 1651 πάντα
228 1625 352 1656 δύνασαι,
367 1625 492 1652 ἀδυνατεῖ
504 1624 532 1651 δέ
548 1633 589 1650 σοι
602 1624 687 1651 οὐδέν.
710 1633 719 1650 ι
751 1622 797 1650 Διό
810 1633 862 1660 φη-

81 1678 104 1695 σι
123 1670 176 1706 (Η)
200 1671 247 1697 καὶ
261 1672 276 1698 ό
291 1671 423 1706 ἡμέτερος
437 1671 533 1707 Σωτὴρ
555 1671 602 1697 καὶ
628 1670 788 1703 διδάσκαλος
810 1671 863 1706 ἰη-

81 1715 138 1746 soi;
150 1717 164 1742 ὁ
178 1716 305 1752 Χριστός*
325 1717 402 1742 ι”Οτι
415 1717 445 1743 τὸ
459 1717 536 1753 παρὰ
554 1716 708 1752 ἀνθρώποις
721 1718 862 1750 ἀδύνατον,

80 1760 182 1788 δυνατὸν
197 1762 274 1797 παρὰ
287 1762 326 1798 τῷ
352 1762 420 1798 Θεῷ.
442 1772 452 1788 s
483 1763 564 1796 Λέγει
590 1763 619 1789 δὲ
640 1763 685 1790 καὶ
703 1764 717 1790 ὁ
739 1763 863 1799 θεοφιλὴς

79 1807 155 1833 Δαϐίδ
168 1807 290 1844 (42)·«Αῐ
305 1809 394 1845 χεῖρές
408 1817 455 1835 σου
469 1810 601 1845 ἐποίησάν
619 1818 663 1844 με,
680 1810 727 1836 καὶ
741 1810 861 1837 ἐπλασάν

81 1861 134 1886 μεί
162 1855 208 1880 καὶ
223 1854 313 1880 πάλιν·
328 1864 338 1879 ‹
356 1855 392 1881 Σὺ
407 1854 491 1889 ἔγνως
504 1855 535 1882 τὸ
549 1855 659 1891 πλάσμα
682 1856 770 1892 ἡμῶν
788 1867 797 1883 ι
814 1858 862 1884 καὶ

78 1896 143 1933 ἑξῆς·
162 1909 171 1924 ι
189 1900 226 1926 Σὺ
241 1900 361 1932 ἔπλασάς
391 1909 434 1936 με,
467 1902 514 1927 καὶ
540 1901 641 1937 ἔθηκας
667 1902 711 1929 ἐπ’
735 1903 785 1938 ἐμὲ
811 1903 862 1938 τὴν

78 1944 152 1979 χεῖρά
165 1954 224 1972 σου·
254 1945 452 1982 ἐθαυμαστώθη
481 1947 497 1982 ἡ
526 1947 627 1981 γνῶσίς
650 1957 697 1974 σου
726 1948 757 1981 ἐξ
783 1948 862 1984 ἐμοῦ,

77 1989 254 2026 ὲκραταιώθη,
269 1993 301 2018 οὐ
312 1992 352 2028 μὴ
361 1992 484 2028 δύνωμαι
498 1993 566 2028 πρὸς
580 1994 676 2029 αὑτήν.
693 1994 729 2021 Τὸ
742 1994 863 2029 ἀκατέρ-

111 2084 197 2112 "Jer.
233 2093 253 2116 ι,
280 2084 305 2111 5.
363 2085 385 2100 ³²
403 2084 425 2100 ³³
447 2084 531 2112 Zach.
559 2092 609 2115 xtl,
631 2084 655 2111 ί.

709 2085 731 2100 ³⁵
753 2083 821 2111 Gen.
852 2092 871 2116 ι,
896 2085 942 2113 26.

911 1620 982 1655 apud
993 1620 1075 1647 Deum
1084 1620 1116 1646 ".
1134 1620 1205 1649 Dicit
1216 1621 1297 1649 etiam
1309 1621 1363 1649 Deo
1372 1623 1472 1650 chorus
1486 1622 1586 1650 David:
1603 1623 1701 1652 Manus

912 1671 965 1693 tua:
981 1666 1097 1700 fecerunt
1115 1674 1165 1699 me,
1184 1672 1208 1693 et
1223 1667 1420 1700 plasmaverunt
1433 1677 1472 1695 me
1483 1669 1563 1702 ";et
1580 1669 1698 1697 iterum:

913 1711 950 1738 Tu
961 1712 1103 1746 cognovisti
1109 1712 1264 1747 ﬁgmentum
1272 1719 1403 1746 nostrum;
1411 1719 1436 1741 et
1443 1715 1571 1749 deinceps
1581 1724 1588 1742 :
1598 1714 1636 1742 Tu
1643 1715 1700 1750 for-

910 1758 990 1784 masti
1002 1765 1051 1790 me,
1065 1762 1090 1785 et
1099 1758 1211 1792 posuisti
1219 1767 1297 1793 super
1311 1767 1351 1786 me
1363 1767 1468 1786 manum
1485 1764 1577 1792 tuam;
1588 1751 1700 1788 mirabi-

910 1803 944 1829 lis
955 1803 1028 1838 facta
1041 1809 1077 1831 est
1087 1804 1197 1830 scientia
1219 1809 1265 1831 tua
1276 1812 1308 1831 ea:
1319 1813 1369 1838 me,
1379 1807 1528 1840 con/artata
1534 1810 1583 1839 est,
1591 1814 1642 1834 non
1649 1815 1700 1842 po-

911 1855 967 1876 tero
978 1849 1012 1875 ad
1023 1857 1082 1876 eam
1090 1849 1122 1876 ".
1135 1849 1319 1885 Imperfectum
1328 1858 1412 1877 meum
1427 1851 1545 1879 uiderunt
1558 1852 1628 1879 oculi
1637 1852 1698 1885 mei,

908 1899 933 1922 et
941 1895 969 1920 in
981 1894 1049 1921 libro
1060 1899 1105 1922 tuo
1118 1903 1205 1922 omnes
1213 1894 1361 1921 scribentur
1371 1896 1403 1923 “‘.
1418 1895 1470 1923 Sed
1478 1902 1506 1923 et
1514 1896 1598 1924 Isaias
1611 1895 1697 1925 Deutn

908 1941 1072 1975 deprecans:
1090 1940 1159 1973 Nos,
1175 1941 1421 1976 inquit,lutum;et
1433 1946 1461 1968 tu
1474 1942 1552 1976 ﬁctor
1561 1943 1690 1970 noster“:

909 1986 939 2015 Si
951 1995 1016 2024 ergo
1029 1988 1111 2016 homo
1124 1994 1249 2017 creatura
1274 1988 1321 2016 Dei
1341 1993 1394 2021 est,
1417 1997 1465 2024 per
1484 1989 1623 2017 Clu-istum
1649 1989 1692 2018 fa-

997 2085 1020 2101 ³⁸
1034 2085 1061 2112 in
1091 2084 1144 2112 line
1165 2082 1217 2111 Job
1247 2085 1317 2120 apud
1341 2083 1422 2120 LXX.
1471 2085 1493 2100 "
1511 2084 1562 2112 Job
1591 2094 1618 2118 Χ,
1651 2087 1694 2114 10.

77 2119 98 2135 ³⁷
114 2119 178 2147 Luc.
195 2127 276 2153 xvtn,
294 2118 340 2146 ‘27.
377 2119 399 2136 ⁸⁸
414 2119 638 2152 Psal.oxvttt,73.
677 2119 699 2136 "
715 2119 788 2147 Psal.
813 2127 861 2152 cn,
878 2120 920 2148 l5.
957 2120 980 2136 ‘°
997 2120 1070 2148 Psal.
1087 2127 1221 2153 cxxxvut,
1241 2118 1271 2148 5:
1307 2120 1329 2136 ⁸¹
1351 2119 1404 2147 lsa.
1432 2128 1507 2152 Lstv,
1528 2121 1555 2148 8.

733 2216 916 2244 VAIllORUM
932 2216 1048 2246 NOTIE.

75 2308 276 2343 tus.qtticalum
289 2317 338 2343 pro
354 2309 445 2336 throno
461 2308 549 2338 habet.
574 2317 604 2335 at
617 2313 715 2335 terram
736 2315 784 2341 pro
800 2315 859 2334 sca—
876 2308 898 2335 D
912 2308 1024 2342 resurgit
1039 2307 1179 2338 Dominus,
1197 2307 1250 2340 vel,
1267 2316 1326 2334 cum
1341 2308 1396 2334 illis
1412 2317 1476 2342 quos
1488 2310 1629 2336 resuscitat
1644 2309 1699 2336 Do-

75 2344 157 2375 bella;
173 2345 340 2379 insuperque,
358 2349 386 2370 ut
402 2344 549 2378 prophetica
571 2343 687 2375 dicatur,
712 2343 757 2379 qui
771 2344 859 2378 palmo

74 2380 161 2406 calum
190 2379 308 2410 metitur,
328 2384 352 2405 et
383 2384 480 2406 terram
494 2386 600 2414 pugno;
617 2383 677 2405 ante
694 2378 769 2412 cujus
796 2386 860 2404 con-

73 2419 182 2447 spectum
192 2422 282 2441 omnes
290 2419 377 2449 gentes
393 2418 454 2440 sunt
473 2415 550 2449 quasi
567 2418 724 2440 momentum
739 2418 858 2449 steteras,

73 2454 95 2474 et
111 2449 186 2482 quasi
215 2448 298 2476 stilla
316 2449 348 2476 de
363 2449 456 2476 situla.
479 2448 560 2484 (Isai.
580 2448 752 2483 Χι,12,15.)

105 2516 158 2552 (35)
173 2517 222 2552 Μὴ
239 2517 320 2549 ὄντα,
333 2521 387 2544 etc.
409 2516 438 2544 In
455 2517 578 2552 margine
592 2520 717 2544 notatum
731 2523 746 2542 a
758 2516 860 2552 nescio

74 2559 126 2585 quo
143 2551 213 2588 Σημ.
229 2552 301 2579 κατὰ
313 2552 539 2588 νὩριῖενιαστιῖιν,
555 2552 635 2588 quasi
653 2552 696 2579 his
709 2551 800 2579 verbis
810 2559 861 2586 op-

75 2586 242 2623 pugnaretur
252 2586 424 2623 προϋπαρξις
433 2587 602 2623 τῶνγψυχῶν.
619 2587 704 2614 Cum.

104 2595 242 2649 Ignave.th
252 2595 424 2623 προυπαρςις
433 2596 486 2613 των
500 2595 602 2622 ψυχων.
619 2595 704 2614 ιιιιῑιι.

104 2622 114 2682 ξ
142 2623 358 2684 1ζίΑνθριιιπον.
376 2622 478 2650 Vocula
489 2622 547 2650 haec
561 2622 595 2650 ab
605 2623 691 2650 altero
700 2621 794 2649 codice
812 2621 860 2648 ab-

74 2663 124 2684 εει.
143 2663 181 2685 ID.

106 2691 159 2728 (37)
173 2692 400 2727 Δημιουργῆσας
417 2692 491 2727 εἴδη.
517 2691 563 2720 Sic
578 2692 653 2728 legit.
678 2692 763 2720 altera
787 2699 854 2719 voce

74 2727 187 2759 auctior.
200 2736 274 2755 unus
288 2728 367 2755 Vind.
381 2728 456 2759 cod..
473 2735 523 2755 nec
539 2727 619 2755 male}
636 2727 674 2756 lo.

106 2761 149 2796 (58
162 2763 219 2790 Kal
233 2763 281 2796 ὡς.
298 2763 398 2798 Καθὼς
412 2763 440 2789 in
452 2768 567 2798 utroque
575 2763 636 2790 cod.
652 2767 680 2789 ut
702 2761 748 2789 hic
772 2761 852 2789 habet

74 2797 170 2830 venio,
187 2798 295 2826 melius.
311 2797 350 2825 lu.

106 2831 265 2868 (ὅθὶΑὺζὸν
271 2833 497 2865 ἀναστήσεσθαι
509 2833 572 2868 μεθ’
586 2832 628 2860 ὦν
643 2833 774 2867 όΚύριος
787 2832 850 2859 ἀνί-

74 2872 181 2901 στησιν
192 2876 201 2895 ;
212 2867 303 2902 Ipsum
317 2873 590 2896 resurrerturumcum
607 2868 671 2902 illis,
685 2877 742 2896 eum
755 2868 849 2904 quibus

915 2343 1011 2369 minus.
1036 2343 1117 2370 Aliud
1132 2351 1183 2370 ms.
1197 2344 1347 2377 exemplar,
1371 2347 1439 2371 teste
1451 2343 1596 2373 Tut‘rianu.
1628 2345 1699 2372 inter

913 2378 994 2404 αὐτὸν
1008 2382 1035 2405 et
1044 2378 1243 2413 ἀναστήσεσθαι
1259 2378 1392 2405 insertum
1415 2378 1532 2406 habebat
1552 2379 1642 2410 πάλιν,
1669 2383 1700 2407 ιιι

915 2412 996 2447 vulgo
1021 2413 1123 2448 leguntt.
1142 2412 1215 2439 'Eam
1231 2418 1320 2440 tamen
1337 2414 1498 2448 particulam
1523 2422 1576 2441 non
1589 2415 1699 2442 videtur

913 2454 1062 2484 agnoscere
1073 2447 1253 2484 Theophanes
1264 2447 1421 2484 Gemmeus,
1429 2449 1523 2476 homil.
1537 2449 1581 2480 27,
1591 2458 1616 2484 p.
1633 2449 1701 2482 ΞΗ.¹

909 2482 982 2544 ἕοτὸ
1008 2482 1053 2510 Sic
1072 2488 1099 2510 et
1122 2483 1150 2510 in
1171 2484 1256 2510 altero
1289 2483 1349 2511 cod.
1372 2483 1488 2512 Vindob.
1511 2482 1598 2510 πάλιν
1617 2484 1702 2512 αὺτὸν-

941 2538 947 2543 .
986 2526 1047 2544 um.

941 2538 947 2543 .
962 2526 1047 2545 ιιιειι.

944 2552 1000 2587 (40)
1019 2554 1165 2587 Ἔπηεας.
1182 2553 1260 2589 Alter
1273 2553 1352 2580 codd.
1363 2553 1626 2589 Vindobonensium,
1636 2555 1698 2582 ἔττὺ-

913 2596 1015 2623 ρωσας,
1031 2589 1102 2616 lorte
1120 2589 1234 2623 rectius,
1253 2588 1291 2615 lo.

945 2622 1001 2663 (bl)
1016 2623 1066 2663 Διᾴ
1080 2631 1192 2663 φησιν..
1209 2622 1271 2650 llaec
1282 2628 1309 2651 et
1323 2631 1400 2663 seqq,
1415 2624 1451 2663 ad
1466 2624 1505 2657 τῷ
1517 2625 1578 2663 est;
1593 2628 1700 2663 omissa-

910 2662 974 2694 sunt
989 2658 1016 2684 in
1032 2659 1120 2686 altero
1141 2658 1203 2685 cod.
1222 2666 1271 2685 nec
1281 2667 1346 2686 sane
1356 2659 1505 2694 quidquam
1521 2661 1553 2687 ad
1579 2668 1634 2686 rem
1654 2661 1696 2686 fa-

908 2693 984 2720 ciunt
995 2701 1108 2729 ;_n¢que
1118 2694 1190 2720 enim
1203 2701 1293 2729 sermo
1306 2697 1349 2721 est
1364 2693 1397 2721 de
1410 2693 1610 2729 omnipotentiar
1624 2695 1696 2722 divi-

908 2727 1015 2764 na,rsed
1030 2727 1070 2755 de’
1079 2729 1227 2764 creatione.
1253 2728 1281 2754 ln
1306 2730 1429 2764 margine
1442 2727 1562 2764 alterius
1580 2728 1614 2756 ad
1636 2730 1695 2759 lmc

906 2763 992 2800 verba
1003 2773 1009 2790 :
1023 2763 1235 2800 υὺδῗὲξταῦταλξν
1250 2765 1305 2800 τοῖς
1322 2761 1411 2795 ἄλλοις
1427 2761 1515 2800 εὖρον.
1528 2765 1567 2792 In.

941 2796 1120 2860 (tegeaee.
1146 2798 1230 2838 Addit
1254 2798 1325 2825 idem
1357 2800 1442 2839 codex
1457 2796 1496 2834 τῷ
1515 2799 1595 2839 λθεῷ,
1620 2800 1695 2835 quod

948 2833 980 2859 ha
1018 2837 1062 2860 tur
1078 2841 1105 2860 In
1130 2840 1272 2860 versione:
1292 2837 1318 2860 et
1335 2842 1364 2860 re
1385 2842 1444 2860 msa
1456 2834 1540 2860 David
1553 2834 1637 2860 Deum
1653 2835 1694 2860 al.

904 2836 932 2870 et
948 2833 1062 2870 habetur
1078 2834 1105 2860 in
1130 2834 1272 2866 versione;
1292 2837 1318 2861 et
1335 2842 1364 2861 re
1385 2834 1444 2870 ipsa
1456 2833 1541 2862 David
1552 2833 1638 2863 Deum
1653 2835 1694 2863 ει.

904 2867 1033 2903 loquitur.
1051 2868 1089 2896 In.
