1896 3109
57 120 104 150 I73

501 115 802 146 CONSTITUTIONES
817 113 1155 143 APOSTOLICA’..—LIB.
1173 113 1207 141 Ἴ.

1613 114 1664 143 87d

57 185 129 214 μενος
142 175 186 203 καὶ
199 174 278 202 αὐτὸν
289 173 465 210 σωφρονίσαι,
482 175 529 201 καὶ
538 176 612 211 ἡμᾶς
620 174 761 201 παιδεῦσαι
772 173 817 210 (Ἱῖ

879 172 1011 200 Dominus
1025 180 1087 200 eum
1103 172 1252 206 corrigere,
1267 174 1295 201 et
1307 178 1357 199 nos
1371 171 1571 207 praescientiam
1585 179 1663 201 suam

56 224 98 259 τήν
111 221 261 258 πρόγνωσιν
275 220 369 252 αὑτοῦ,
385 220 459 255 λέγει
470 229 477 236 ·
497 230 507 246 «
527 220 630 256 Ἀμὴν,
656 220 731 256 ἀμὴν
759 219 831 254 λέγω

57 269 122 304 ὑμῖν,
136 268 174 294 ὅτι
184 263 221 298 εἷς
241 265 271 298 ὲξ
281 266 358 302 ὑμῶν
373 265 531 302 παραδώσει
549 275 583 302 με
593 274 602 281 ο
621 275 631 292 ι
659 266 706 293 καὶ
715 266 830 293 ἑκάστου

56 314 124 349 ήμῶν
137 312 273 347 λέγοντος·
292 321 301 338 «
314 313 387 348 Μήτι
402 312 473 347 hab;
491 322 501 338 ι
521 312 625 340 καὶτοῦ
640 312 743 348 Κυρίου
766 320 829 338 σιω-

57 360 159 391 πῶντος,
173 358 293 390 ἀναστὰς
305 358 372 393 ἐγὼ,
389 355 428 390 εἷς
439 360 472 385 ὲκ
486 358 542 385 τῶν
561 358 666 385 δώδεκα
676 377 684 391 ,
701 357 829 393 φιλούμε-

56 415 94 437 νος
107 405 192 432 πλεῖον
209 404 265 431 τῶν
285 404 372 431 ἄλλων
394 403 550 436 ὑπἀὐτοῦ,
570 403 827 440 ὲνστερνισάμενος,

56 451 126 478 αἰπὺν
143 450 197 486 (75)
218 450 337 477 ἱκέτευον
360 450 446 477 εἰπεῖν
461 450 502 482 τίς
517 449 550 476 ἂν
566 450 609 486 εἴη
627 450 642 476 ὀ
660 449 829 485 παραδώσων

56 497 137 524 αὑτόν·
153 497 198 523 καὶ
212 496 265 523 οὐδ’
279 495 366 527 οὕτως
382 497 450 531 ἡμῖν
473 496 583 531 εἴρηκεν
603 495 685 522 αὐτοῦ
699 495 730 521 τὸ
743 495 828 531 ὄνομα

55 545 68 570 ὸ
79 542 169 577 ἀγαθὸς
184 541 285 577 Κύριος
293 549 300 557 ·
318 541 385 568 ἀλλὰ
395 541 442 568 δύο
452 542 552 577 σημεῖα
562 540 609 568 τοῦ
623 541 752 577 προδότου
761 541 827 567 ἐδω-

56 597 108 616 κεν·
126 588 154 615 ἓν
164 587 223 623 μὲν,
237 586 335 614 εἰπών’
356 596 365 613 «
385 587 414 614 '0
428 586 635 622 ἐμϐαπτόμενος
649 587 707 622 μετ’
722 586 789 622 ἐμοῦ
799 587 828 613 ὲν

55 635 88 670 τῷ
97 633 206 670 τρυϐλίῳ
217 641 225 648 ο
241 642 251 659 ι
267 632 392 668 δεύτερον
408 632 436 659 δέ
448 641 455 648 ·
475 641 486 659 ι
498 630 534 668 ’ᾯ
549 631 604 667 ἐγὼ
623 631 711 667 βάψας
724 632 755 658 τὸ
770 632 828 667 ψω-

56 680 106 715 μίον
115 679 231 706 ἐπιδώσω
244 686 252 694 ·
270 687 280 704 ι
305 678 351 705 καί
365 687 406 705 τοι
422 677 548 705 κάκείνου
565 678 688 713 λέγοντος
699 687 706 694 ’
732 688 741 704 «
754 679 826 714 Μήτι

55 725 102 760 ἐγὼ
113 726 175 761 ειμι,
189 724 302 758 Ῥαὸὃίς
318 734 327 751 ι
359 725 409 752 οὐκ
423 723 499 751 εἶπεν
521 724 536 750 ὁ
558 725 660 760 Κύριος
684 724 740 760 (74)
754 743 763 757 ,
785 724 826 751 ὅτι

57 781 65 797 «
76 771 131 803 Ναί,
145 781 153 797 ι
169 771 224 798 ἀλλ’
238 771 280 798 ὅτι
297 781 308 797 ι
321 771 357 798 Σὺ
372 768 465 802 εἶπας·
477 780 486 797 ι
499 771 546 798 καὶ
560 770 677 806 φοϐῆσαι
691 770 771 797 αὑτὸν
780 770 826 797 ἐπὶ

55 817 128 852 τούτῳ
136 816 282 852 βουληθεὶς,
294 816 375 852 φησίν
387 824 395 832 '
415 825 424 842 ι
438 816 506 843 Οὐαὶ
515 816 554 852 τῷ
569 815 705 852 ἀνθρώπῳ
718 815 824 851 ἐκείνῳ,

881 219 990 251 docere,
1006 218 1092 246 dixit:
1112 227 1121 244 «
1133 217 1231 251 Amen,
1246 224 1325 245 amen
1339 217 1402 245 dico
1417 218 1506 250 vobis,
1519 219 1584 253 quia
1593 227 1664 248 unus

880 272 914 293 ex
922 265 1000 293 Vobis
1008 265 1097 292 tradet
1109 272 1153 292 me
1161 274 1167 289 :
1175 274 1184 290 ι
1195 269 1222 291 et
1233 271 1396 300 unoquoque
1404 269 1529 292 nostrum
1538 265 1662 293 dicente:

883 311 1024 347 «Nunquid
1039 311 1109 346 ego?
1127 320 1136 337 ι
1152 318 1183 337 ac
1196 310 1312 338 Domino
1333 315 1456 342 tacente;
1473 319 1588 347 surgens
1601 319 1662 347 ego,

879 365 951 385 unus
967 365 1001 385 ex
1018 356 1174 389 duodecim,
1191 364 1271 391 quem
1287 357 1348 392 plus
1372 358 1479 385 caeteris
1506 357 1661 389 adamabat.

878 404 1078 432 etincumbens
1103 403 1130 430 in
1148 407 1244 438 pectus
1260 403 1339 437 ejus,
1359 404 1471 431 orabam
1495 407 1524 430 ut
1539 403 1661 434 diceret.

879 451 941 485 quis
956 453 1042 481 esset,
1053 449 1100 484 qui
1126 457 1187 477 eum
1201 453 1261 476 erat
1275 450 1444 480 traditurus;
1459 453 1487 477 et
1513 457 1602 484 neque
1623 450 1663 477 sic

878 504 976 524 nomen
988 496 1060 524 illius
1076 495 1157 523 nobis
1169 496 1275 530 aperuit
1286 495 1374 523 bonus
1383 495 1530 529 Dominus;
1546 495 1593 522 sed
1608 495 1663 522 duo

878 541 956 577 signa
970 542 1116 577 proditoris
1128 541 1212 574 dedit;
1226 549 1309 569 unum
1320 541 1579 577 quidem,dicendo:
1594 541 1662 574 «Qui

877 587 988 623 intingit
1000 596 1105 615 mecum
1117 588 1143 614 in
1160 588 1262 621 catino;
1280 597 1288 614 ι
1303 588 1417 615 alterum
1437 596 1510 620 vero,
1529 589 1659 616 dicendo:

879 632 944 661 «Cui
955 634 1124 669 egotinctam
1137 633 1266 662 bucceam
1280 641 1427 669 porrexero
1437 643 1460 664 ιι
1477 635 1531 662 imo
1542 634 1612 663 Juda
1623 636 1663 664 in-

876 683 1048 714 terrogante:
1067 689 1076 705 «
1091 679 1218 714 Nunquid
1229 687 1279 715 ego
1297 688 1367 713 sum,
1385 679 1485 708 ltabhi?
1500 691 1508 706 1
1537 689 1594 709 non
1616 689 1661 709 re-

876 725 986 760 spondit
1000 724 1140 757 Dominus,
1151 725 1281 758 «Etiamp
1295 725 1353 758 sed,
1366 726 1421 753 «Tu
1434 727 1540 754 dixisti:
1555 738 1563 754 ι
1573 731 1599 756 et
1611 737 1661 756 cu-

876 771 954 806 piens
965 775 1065 798 metum
1077 771 1116 798 illi
1125 779 1155 798 ea
1165 771 1193 798 in
1203 779 1232 798 re
1241 772 1661 809 incutere,«Vae,inquit,bomini

877 816 925 849 illi,
936 825 983 852 per
993 817 1288 852 quemFiliushominis
1300 818 1432 852 tradetur;
1441 819 1543 846 bonum
1557 821 1658 853 eratei,

54 863 81 889 δι’
93 859 119 889 οὗ
132 862 213 894 ὸΥὶὺς
233 862 282 889 τοῦ
305 861 447 898 ἀνθρώπου
464 862 657 898 παραδίδοται·
689 862 769 890 καλὸν
793 860 819 898 ἧι

878 863 900 891 si
912 869 992 891 natus
1003 871 1056 890 non
1070 862 1195 896 fuissetp
1210 863 1309 898 quibus
1325 864 1426 892 auditis
1439 865 1516 897 abiit,
1535 866 1659 901 dixitque

55 908 126 943 αὐτῷ,
142 909 166 935 εἰ
178 908 229 934 οὐκ
242 907 374 944 ἐγεννήθη
385 916 392 923 ·
410 917 419 934 ι
446 908 494 935 καὶ
513 908 600 935 ταῦτα
623 907 741 940 ἀκούσας
758 908 825 943 (75).

53 953 160 981 ἀπελθὼν
175 951 234 980 εἶπε
258 955 316 985 τοῖς
338 953 465 988 ἱερεῦσιν·
483 963 492 980 «
508 954 541 981 Τί
561 954 652 981 θέλετέ
667 963 712 990 μοι
722 954 824 988 δοῦναι,

54 1001 93 1026 καὶ
100 990 154 1034 ἒγὼ
167 1000 230 1036 ὑμῖν
239 999 321 1027 αὑτὸν
331 999 501 1036 παραδώσω;
517 1009 527 1026 ι
545 1001 571 1027 οε
582 1000 612 1027 δὲ
624 1000 740 1036 ἔστησαν
750 1001 825 1037 αὐτῷ

53 1046 180 1081 τριάκοντα
203 1045 324 1082 ἀργύρια
336 1055 343 1062 ·
359 1045 406 1072 καὶ
428 1045 572 1082 ἐπληρώθη
596 1048 613 1082 ή
632 1047 758 1084 Γραφὴή
779 1049 824 1075 λέ-

53 1100 138 1126 γουσα·
159 1101 168 1118 «
181 1093 236 1119 Καὶ
250 1092 347 1120 ἔλαϐον
364 1092 419 1129 (76)
434 1092 469 1119 τὰ
482 1092 629 1129 τριάκοντα
643 1094 762 1131 ἀργύρια
774 1096 824 1132 τὴν

53 1138 122 1173 τιμὴν
145 1138 191 1164 τοῦ
217 1138 416 1178 τετιμημένου,
438 1138 469 1166 ὃν
494 1139 657 1175 ἐτιμήσαντο
680 1141 734 1167 ἀπὸ
759 1141 824 1169 υἱῶν

62 1184 220 1220 Ίσραὴλ,καὶ
229 1185 332 1212 ἔδωκαν
343 1185 412 1212 αὐτὰ
420 1186 460 1217 είς
472 1185 518 1212 τὺν
527 1184 600 1213 οἷκον
611 1186 666 1222 (77)
675 1186 722 1213 τοῦ
739 1196 823 1223 κεραη-

53 1230 146 1264 μέωςσι
171 1231 217 1257 καὶ
239 1232 274 1266 τῇ
299 1231 427 1268 πέμπτῃ,
456 1231 588 1266 φαγόντες
612 1233 677 1267 παρ’
693 1232 767 1268 αὺτῷ
792 1233 823 1261 τὸ

52 1275 143 1310 Πάσχα,
159 1276 292 1311 βάψαντος
310 1277 414 1304 ἐκείνου
430 1278 479 1314 τὴν
493 1279 572 1313 χεῖρα
594 1278 633 1310 είς
646 1278 677 1305 τὸ
687 1279 821 1314 τρυϐλίον,

52 1322 90 1347 καὶ
100 1321 127 1348 τὸ
139 1322 242 1358 ψωμίον
264 1322 407 1354 λαϐόντος,
419 1323 466 1349 καὶ
477 1323 628 1356 ἐξελθόντος
641 1325 746 1358 νυκτὸς,
756 1327 822 1362 ἡμῖν

52 1364 114 1393 εἶπεν
129 1368 143 1393 ὁ
156 1367 268 1403 Κύριος·
284 1378 295 1394 ‹
312 1368 453 1404 Ἐλήλυθεν
464 1370 480 1405 ἡ
491 1369 561 1406 ὥρα,
574 1370 616 1397 ἵνα
627 1371 820 1408 σκορπισθῆτε,

52 1412 91 1438 καὶ
99 1412 144 1447 ἐμὲ
158 1413 235 1448 μόνον
251 1415 350 1450 ἀφῆτε·
364 1425 374 1441 ι
391 1415 438 1442 καὶ
454 1415 569 1442 ἕκαστον
588 1416 821 1453 διισχυριζομένου

53 1458 83 1493 μὴ
94 1459 281 1496 ὲγιιαταλείψαι
297 1461 392 1493 αὑτὸν,
407 1461 475 1497 ἐμοῦ
498 1462 602 1498 Πέτρου
622 1463 821 1500 ἐπαγγελλομέ-

102 1505 144 1532 xei
159 1507 361 1539 συναποθανεῖν,
372 1505 460 1534 εἷπεν·
476 1517 486 1534 «
506 1508 590 1544 ’Δμὴν
605 1508 676 1543 λέγω
688 1510 740 1543 σοὶ,
755 1511 819 1547 πρὶν
833 1523 855 1552 c

51 1549 166 1586 ἀλέκτορα
185 1553 318 1588 φωνῆσαι,
343 1553 404 1588 τρὶς
424 1553 570 1590 ἀπαρνήσῃ
587 1554 624 1590 μὴ
635 1556 734 1584 εἰδέναι
749 1565 792 1592 με.
807 1567 817 1584 r

52 1594 174 1631 Παραδοὺς
194 1598 222 1624 δὲ
236 1600 304 1634 ἡμῖν
320 1599 354 1626 τὰ
367 1599 500 1626 ἀντίτυπα
516 1601 650 1636 μυστήρια
667 1602 715 1628 τοῦ
730 1603 820 1637 τιμίου

52 1642 160 1677 σώματος
175 1644 256 1671 αὐτοῦ
271 1645 317 1671 καὶ
330 1645 444 1680 αἵματος
469 1646 536 1682 (78),
559 1646 643 1673 Ἰούδα
659 1646 696 1682 μὴ
710 1656 819 1683 συμπα-

52 1688 130 1722 ρόντος
149 1691 212 1725 ἡμῖν
229 1690 298 1726 (79),
310 1691 420 1726 ἐξῆλθεν
444 1692 484 1723 εις
506 1691 538 1718 τὸ
558 1692 621 1728 ὅρος
642 1693 696 1720 τῶν
721 1694 819 1723 ὲλαιῶν

51 1733 149 1768 πλησίον
163 1735 208 1762 τοῦ
222 1737 374 1773 χειμάρρου
389 1737 442 1764 τῶν
452 1738 572 1774 Κέδρων,
593 1738 657 1765 ὅπου
672 1736 706 1774 ἦν
720 1740 816 1775 κῆπος·

52 1781 155 1816 συνῆμεν
169 1782 197 1808 δὲ
208 1783 254 1809 καὶ
266 1784 356 1818 ἡμεῖς,
371 1783 417 1810 καὶ
433 1783 591 1820 ὑμνήσαμεν
608 1784 679 1812 κατὰ
701 1785 731 1811 τὸ
746 1785 817 1818 ἐθοςν

50 1826 90 1851 καὶ
97 1828 230 1863 χωρισθεὶς
241 1831 258 1864 ἡ
263 1829 331 1864 μῶν,
342 1829 409 1856 πολὺ
420 1829 475 1865 (80)
487 1831 656 1866 προσηύχετο
670 1831 709 1867 τῷ
719 1832 816 1868 Πατρὶ,

50 1868 123 1905 λέγων
132 1881 139 1888 ’
164 1883 173 1899 «
184 1874 276 1910 Πάτερ
287 1894 294 1907 ,
313 1875 466 1910 παρένεγκε
480 1876 526 1902 ἀπ’
539 1876 607 1911 ἐμοῦ
623 1876 653 1902 τὸ
670 1877 797 1914 ποτήριον
808 1886 815 1893 ·

50 1916 109 1953 πλὴν
118 1920 151 1955 μὴ
165 1920 228 1956 ὲμδν
243 1921 410 1957 (81)θέλημα
419 1922 548 1956 γενέσθω,
559 1922 625 1950 ἀλλὰ
638 1922 669 1949 τδ
683 1922 738 1949 σόν·
751 1933 760 1949 ι
769 1923 816 1951 καὶ

875 909 1079 937 sacerdotibus:
1096 910 1182 942 «Quid
1193 910 1274 937 vultis
1296 910 1363 937 mihi
1386 911 1461 942 dare,
1476 916 1503 938 et
1516 919 1565 946 ego
1580 913 1659 941 vobis

874 963 935 983 eum
944 955 1049 982 tradam
1056 955 1078 970 ⁸⁸
1085 955 1096 982 ?
1102 965 1111 981 ι
1124 956 1164 982 illi
1175 963 1239 983 vero
1245 956 1446 983 constituerunt
1453 957 1477 984 ei
1490 957 1599 991 triginta
1612 966 1660 985 ar—

875 1005 997 1036 genteos;
1009 1005 1036 1029 et
1044 1001 1154 1036 impleta
1162 1005 1204 1029 est
1214 1001 1355 1036 Scriptura
1365 1010 1424 1036 qum
1435 1002 1500 1029 dicit
1511 1012 1532 1030 :«
1539 1002 1572 1029 Et
1580 1011 1659 1032 accc--

874 1051 972 1082 perunt
989 1047 1099 1082 triginta
1122 1053 1264 1082 argenteos
1283 1048 1399 1082 pretium
1412 1049 1566 1082 appretiati,
1577 1057 1658 1085 quem

874 1094 1099 1129 appretiaverunt
1111 1102 1127 1120 a
1142 1094 1205 1122 filiis
1219 1093 1344 1127 lsraelis;
1363 1097 1391 1121 et
1411 1094 1545 1122 dederunt
1562 1103 1610 1123 eos
1630 1095 1657 1123 in

873 1139 982 1167 domum
993 1139 1091 1174 figuli“
1100 1150 1106 1167 :
1115 1149 1123 1165 ι
1134 1144 1162 1167 et
1171 1140 1265 1175 quinta
1273 1140 1351 1173 feria,
1359 1147 1422 1167 cum
1430 1141 1499 1176 apud
1507 1149 1569 1168 eum
1581 1149 1657 1170 com-

872 1185 1025 1214 edissemus
1047 1186 1164 1219 Pascha,
1180 1190 1207 1214 et
1227 1185 1312 1214 ludas
1329 1193 1441 1213 manum
1455 1186 1613 1215 intinxisset
1627 1188 1655 1215 in

872 1233 974 1266 catino,
991 1233 1121 1261 bucceam
1136 1234 1288 1268 accepisset
1305 1241 1336 1260 ac
1349 1237 1430 1260 nocte
1441 1233 1563 1267 exiisset,
1576 1234 1656 1263 nobis

871 1279 940 1306 dixit
952 1279 1203 1308 Dominus:«Venit
1216 1280 1294 1312 hora,
1311 1284 1341 1306 ut
1356 1279 1565 1315 dispergamini,
1575 1285 1602 1308 et
1612 1288 1657 1308 me

872 1326 959 1353 solum
970 1326 1132 1361 relinquatis
1139 1326 1162 1342 ⁸⁸
1173 1336 1197 1354 ι»
1211 1330 1238 1354 et
1249 1326 1365 1361 singulis
1373 1325 1574 1354 afﬁrmantibus
1582 1327 1655 1361 quod

871 1380 926 1400 non
944 1372 1066 1400 relicturi
1081 1376 1174 1400 essent
1183 1380 1257 1404 eum,
1274 1380 1371 1407 meque
1385 1370 1466 1399 Petro
1479 1373 1656 1406 promittente

871 1418 942 1454 quod
954 1426 1016 1446 cum
1026 1426 1058 1446 eo
1065 1418 1134 1446 mori
1145 1422 1258 1454 paratus
1264 1426 1363 1450 essem,
1375 1417 1534 1454 respondit:
1553 1418 1654 1446 «Amen

870 1465 932 1492 dico
947 1465 1007 1497 tibi,
1024 1465 1183 1500 priusquam
1197 1465 1286 1500 gallus
1307 1469 1409 1497 cantet,
1426 1468 1467 1493 ter
1480 1465 1594 1500 negabis
1610 1473 1655 1493 me

871 1511 919 1538 tibi
933 1515 1026 1539 notum
1035 1519 1096 1540 esse
1105 1511 1138 1538 ⁸⁸.
1146 1520 1155 1537 ι
1166 1510 1234 1539 Cum
1249 1516 1340 1539 autem
1349 1511 1506 1539 tradidisset
1520 1512 1600 1539 nobis
1608 1519 1656 1539 an-

871 1556 956 1592 titypa
969 1557 1100 1592 mysteria
1113 1557 1228 1592 pretiosi
1255 1557 1381 1592 corporis
1395 1564 1427 1584 ac
1439 1557 1582 1592 sanguinis
1597 1559 1652 1590 sui,

868 1602 938 1630 Juda
954 1603 1098 1630 nobiscum
1117 1611 1173 1630 non
1194 1603 1381 1636 consistente,
1404 1611 1533 1638 egressus
1560 1608 1602 1632 est
1624 1605 1653 1632 in

869 1653 988 1677 montem
1000 1648 1140 1676 Olivarum
1156 1657 1241 1685 prope
1263 1653 1411 1676 torrentem
1427 1649 1589 1682 Cedrorum,
1606 1651 1653 1678 ubi

868 1701 928 1723 erat
946 1695 1042 1723 hortus
1061 1695 1100 1723 ":
1117 1695 1263 1723 aderamus
1282 1699 1374 1722 autem
1385 1703 1447 1728 nos,
1465 1699 1493 1723 et
1507 1703 1584 1723 more
1602 1704 1652 1723 no-

868 1745 926 1769 stro
937 1741 1068 1777 hymnum
1083 1741 1203 1769 diximus
1217 1742 1242 1757 "
1256 1751 1262 1769 :
1285 1742 1331 1768 ille
1347 1749 1412 1769 vero
1426 1749 1441 1768 a
1468 1742 1548 1769 nobis
1562 1749 1652 1769 remo-

867 1793 923 1819 tus,
938 1789 1053 1816 multum
1064 1788 1160 1816 orabat
1169 1786 1290 1820 Patrem,
1301 1788 1396 1815 dicens
1405 1787 1523 1821 :«Pater,
1531 1788 1652 1815 transfer

871 1841 886 1861 a
899 1842 942 1862 me
953 1835 1083 1868 calicem;
1099 1839 1287 1862 verumtamen
1302 1841 1356 1860 non
1372 1841 1431 1861 mea
1444 1834 1571 1862 voluntas
1586 1833 1648 1866 fiat,

867 1881 914 1908 sed
930 1884 975 1907 tua
992 1880 1030 1907 ⁸⁹;
1043 1890 1053 1906 »
1068 1880 1141 1916 quod
1155 1887 1218 1907 cum
1231 1880 1313 1907 tertio
1326 1879 1448 1912 fecisset,
1476 1888 1581 1915 nosque
1594 1888 1650 1914 pne

867 1926 996 1954 mestitia
1009 1926 1037 1953 in
1052 1934 1177 1954 somnum
1190 1925 1388 1953 decidissemus
1402 1925 1437 1958 ³⁸,
1452 1925 1586 1953 accedens
1605 1925 1648 1952 di-

78 1997 99 2013 "
113 1997 336 2038 Matth._xxyi,l5.
373 2000 397 2016 “
413 1999 508 2038 Matth.
519 2009 605 2038 xxvii,
617 2001 644 2029 9.
681 2002 705 2018 "
718 2001 798 2038 Joan.
818 2012 874 2036 xvr,
900 2005 951 2038 52;
965 2004 1058 2032 Matth.
1070 2012 1148 2034 τινι.
1159 2005 1205 2032 3i.
1243 2004 1266 2020 "
1280 2004 1346 2031 Luc.
1361 2011 1430 2036 xxn,
1448 2004 1493 2032 54.
1532 2004 1554 2020 ⁸⁷
1566 2003 1645 2032 Joan.

51 2037 117 2066 mu,
144 2035 168 2061 ί.

204 2035 325 2063 “Matth.
342 2043 418 2070 xxvt,
433 2036 477 2064 50.
516 2036 539 2052 ⁸⁸
551 2036 618 2064 Luc.
634 2044 701 2071 xxu,
713 2037 759 2066 42.
796 2039 819 2055 ’⁸

871 2041 930 2067 itth.
945 2035 1019 2074 ium,
1035 2040 1082 2073 43,
1110 2040 1161 2074 44;
1180 2040 1246 2067 Luc.
1261 2048 1329 2073 xxii,
1342 2039 1387 2067 ιδ.

684 2129 865 2159 νΑΒιοιιυΜ
882 2130 997 2158 NOTAE.

88 2211 127 2247 72)
142 2211 227 2247 Ἡμᾶς
237 2211 404 2239 παιδεῦσαι.
412 2210 531 2247 Uterque
543 2211 609 2247 ήμζν
623 2210 714 2243 δεῖξαι.
724 2210 809 2238 Cum.
823 2209 850 2240 D

89 2244 128 2282 75)
143 2244 419 2282 Ἐλισὲερνισάμενος
437 2244 543 2282 ιιύᾑὸνἴ
554 2244 706 2282 ίυιεηιιιθε
735 2246 812 2282 Ἐπι-

50 2280 175 2343 modiva
189 2280 281 2319 στήθει
298 2280 391 2309 αὗτοῦ.
417 2281 494 2315 Quod
519 2280 627 2308 videtur
651 2280 716 2309 esse
738 2281 812 2316 glos-

50 2323 122 2343 sema.
149 2325 175 2343 υ.

207 2352 295 2391 cher
310 2353 327 2379 ό
336 2353 452 2391 Κύριοςἶ
468 2352 524 2381 Hoc
534 2356 576 2391 est
587 2351 660 2391 quod
672 2351 812 2391 eleganter

49 2384 307 2424 dicit'Tertuluanus
338 2384 496 2415 induti-dem
522 2384 656 2424 patientiae
684 2384 808 2415 Domini:

50 2420 127 2457 Etiam
136 2423 295 2457 proditorem
308 2431 386 2449 suum
405 2431 491 2450 secum
505 2420 608 2455 Ia'abuit,
622 2431 667 2449 nec
685 2427 810 2448 constan-

50 2460 81 2482 ter
95 2456 229 2485 denotavit.
245 2457 313 2486 Cor.

77 2491 126 2532 (Ὶξ)
140 2493 194 2520 Kal
199 2493 298 2532 Ξαῦτξα
313 2493 456 2532 ᾁκᾳιξᾳας.
471 2494 528 2522 lmo
539 2499 683 2532 antequam
694 2493 808 2532 dixisset

50 2523 182 2564 Dominus:
199 2527 245 2555 Va:
261 2529 364 2564 [mmini
378 2523 486 2563 fifty-per
496 2537 570 2564 quem
585 2523 671 2564 Filius
681 2528 808 2564 ﬂaminis

51 2561 169 2598 "egetur,
181 2569 243 2598 cum
257 2562 358 2591 Judaeis
369 2561 465 2598 pactus
476 2561 564 2592 fuerat
576 2563 670 2591 Judas.
681 2561 718 2588 in.

75 2593 125 2634 (7.5)
140 2596 194 2634 KQ!
205 2596 325 2634 ἔλαϐον,
336 2593 393 2634 rete.
409 2598 472 2634 Haec
485 2598 586 2634 omnia,
608 2606 696 2634 usque
710 2598 743 2625 ad
759 2605 808 2625 κε-

146 2650 155 2663 .
167 2630 263 2659 desunt
277 2633 305 2660 in
319 2633 404 2660 altero
418 2633 520 2660 codice.
537 2632 621 2660 Cncn.

49 2662 195 2723 “(THYM-
203 2665 294 2694 οἶκον.
310 2666 405 2695 Melius
418 2667 446 2695 in
455 2672 570 2703 utroque
584 2667 644 2695 cod.
653 2667 698 2694 τὸν
711 2667 805 2703 αγρόν.

78 2732 129 2775 (78)
143 2734 292 2775 Ἀττίςυπα
312 2736 463 2775 μρστήρια
483 2737 535 2764 τοῦ
552 2738 648 2775 τιμίου
671 2737 805 2773 σώματος

50 2767 129 2809 fl?th
196 2767 326 2809 αξμιιτοξ.
339 2767 515 2809 Sacramenta
527 2767 649 2809 corporis
660 2777 689 2809 et
698 2767 806 2809 sangui-

51 2801 86 2829 nis
93 2801 200 2833 Domini.
214 2801 243 2833 Ιῖι
256 2801 371 2835 Andreae
382 2806 521 2835 Cretensis
534 2801 656 2836 oratione
671 2808 708 2835 De
720 2801 803 2836 ω’ἧιίι

50 2837 196 2870 palmarum:
217 2840 260 2868 Ἑν
272 2842 426 2873 ἀντιτύποις
452 2841 602 2878 συμὸὀλοις.
629 2843 662 2871 Et
687 2849 759 2872 tomo
780 2843 803 2872 ll

194 2885 326 2918 Ρλτιιοι.
343 2888 401 2919 GR.
422 2888 447 2919 Ι.

862 2210 979 2246 Operum
989 2211 1017 2238 S.
1025 2210 1179 2246 Epiphanii,
1187 2213 1258 2238 orat.
1266 2209 1299 2237 In
1306 2209 1406 2238 Christi
1413 2212 1626 2239 resurrectionem
1634 2221 1644 2239 :

864 2218 979 2272 ugcrum
989 2218 1017 2238 δ.
1027 2218 1179 2246 bpipnanu,
1187 2218 1258 2238 orat.
1266 2218 1299 2237 ιη
1306 2218 1405 2238 unum
1413 2218 1626 2239 resurrectionem
1634 2221 1644 2239 :

864 2246 885 2271 T
920 2246 956 2282 μὴ
973 2246 1156 2282 παλαιούμενα
1175 2245 1230 2282 τοῦ
1259 2245 1320 2272 νέου
1334 2246 1429 2280 Πάσχα
1451 2246 1511 2282 ἀντὶ
1530 2247 1644 2274 παλαιοῦ

865 2281 1000 2317 μυστήρια
1014 2281 1156 2308 ἀντίτυπα.
1175 2281 1263 2308 Minus
1284 2288 1352 2317 ergo
1362 2285 1435 2317 recte
1452 2288 1476 2317 Aa
1496 2281 1642 2314 Salmasio,

863 2316 932 2354 libro
944 2315 979 2354 De
988 2316 1291 2348 lrnnsaubstantiatione,
1301 2316 1369 2354 p._M
1378 2335 1384 2347 ,
1397 2315 1530 2342 ἀντίτυπα
1541 2318 1644 2354 μυστή-

862 2359 909 2412 ρια
925 2352 1056 2379 indictum
1079 2360 1140 2379 esse
1154 2356 1266 2386 putatur
1287 2355 1313 2378 et
1330 2351 1468 2386 ineptum,
1485 2357 1567 2387 atque
1592 2351 1645 2380 hoc

874 2394 924 2412 oco
934 2395 966 2412 ex
974 2387 1065 2412 alossa
1077 2387 1117 2412 vel
1130 2395 1163 2412 ex
1173 2386 1381 2412 internolatione
1390 2386 1552 2412 profectum.
1571 2387 1640 2412 Cor.

874 2394 924 2413 oco
934 2395 966 2414 ex
974 2387 1065 2421 glossa
1077 2387 1117 2413 vel
1130 2395 1163 2414 ex
1173 2386 1381 2421 interpolatione
1390 2386 1552 2420 profectum.
1571 2387 1640 2414 Cor.

868 2421 1024 2449 Ἀντιτυπα
1034 2421 1194 2456 μυστήρια.
1216 2421 1262 2448 Sic
1275 2421 1405 2448 dicuntur
1417 2422 1640 2456 panisetvinum.

861 2464 931 2492 quae,
947 2457 1061 2492 mystica
1081 2458 1187 2484 ratione
1199 2477 1206 2490 ,
1231 2464 1331 2491 corpus
1353 2457 1412 2491 ejus
1432 2460 1460 2484 et
1480 2457 1641 2492 sanguinem

860 2491 1022 2519 referebant.
1037 2492 1121 2518 Ctsn.

895 2527 950 2562 (79)
973 2527 1065 2554 Ἰούδα
1068 2526 1111 2561 μὴ
1128 2527 1336 2561 συμπαρόντος
1346 2527 1426 2561 ἡμῖν.
1435 2526 1494 2554 Non
1504 2530 1546 2554 est
1557 2526 1640 2562 hujus

859 2562 911 2589 loci
925 2562 1076 2596 expendere
1089 2563 1157 2590 duas
1170 2562 1291 2589 celebres
1307 2563 1514 2597 contrariasque
1529 2567 1640 2590 senten-

858 2598 922 2629 tias,
939 2605 1000 2624 cum
1013 2601 1146 2629 veterum,
1170 2601 1227 2632 tum
1247 2597 1440 2628 recentiorum.
1463 2598 1537 2624 circa
1565 2605 1639 2632 quae-

858 2633 984 2662 stionem,
1007 2632 1162 2660 adfueritne
1188 2631 1283 2667 ludas,
1304 2633 1346 2660 vel
1370 2632 1499 2663 abfuerit,
1527 2631 1638 2667 quando

856 2667 1021 2694 eucharistia
1038 2668 1162 2694 instituta
1177 2667 1238 2694 fuit.
1256 2666 1405 2694 Videantur
1419 2666 1561 2695 sacrorum
1579 2667 1637 2694 elo-

856 2703 980 2737 quiorum
993 2702 1166 2737 interpretes.
1177 2701 1245 2730 Cor.

855 2736 882 2798 ᾇ.
891 2738 948 2798 (812
960 2738 1050 2764 Πολύ.
1064 2736 1182 2772 Uterque
1193 2739 1278 2765 codex
1291 2737 1322 2765 οὺ
1348 2736 1425 2771 πολύ,
1445 2737 1497 2765 hoc
1511 2742 1554 2765 est
1579 2745 1632 2764 non

874 2781 911 2798 ιιι.
950 2780 1011 2798 Lsn.

874 2773 911 2799 iu.
928 2773 1011 2800 CLER.

890 2807 946 2843 (8i)
965 2807 1059 2842 Ἐμάν.
1076 2807 1105 2835 ln
1116 2807 1203 2835 altero
1221 2807 1252 2835 τὸ
1268 2807 1433 2843 ἐμόνηειυοᾶ
1457 2807 1555 2835 melius
1569 2815 1634 2836 con-

855 2844 928 2871 venit
941 2850 1003 2871 cum
1014 2843 1043 2869 τὸ
1060 2843 1105 2870 σόν
1116 2843 1197 2878 quod;
1204 2843 1336 2877 sequitur.
1349 2842 1385 2869 In.

1467 2890 1507 2922 28
