1896 3109
79 152 124 180 885

513 149 812 178 CONSTITUTIONES
827 149 1164 180 APOSTOLICE.——LIB.
1184 153 1214 180 ν.

1620 156 1672 185 886

77 209 204 239 πιστεύσας
223 206 294 242 αὖτῷ
309 215 316 222 ·
340 206 380 234 διὸ
402 207 475 242 λέγει
491 215 497 222 ·
517 206 682 243 Παρώξυναν
702 206 733 233 τὸ
756 206 838 233 Πνεῦ-

891 215 944 235 non
958 208 1073 237 credens
1087 209 1112 237 ei
1130 219 1135 236 :
1152 213 1317 245 quapropter
1330 210 1368 237 ait
1384 220 1390 238 :
1407 219 1416 236 ι
1433 210 1674 240 Exaeerbaverunt

77 264 108 290 μα
119 254 146 281 τὸ
165 254 247 288 ἃγιον,
261 254 308 281 καὶ
321 253 442 290 ἐστράφη
463 254 555 285 αὐτοῖς
568 255 608 286 εις
622 253 731 289 ἔχθραν.
751 253 841 280 Ἀὗλε-

75 300 116 334 ψία
128 300 176 335 γὰρ
189 299 276 330 αὐτοῖς
289 298 422 335 κατεχύθη
441 299 487 326 διὰ
506 299 557 335 τὴν
575 299 718 327 κακόνοιαν
739 299 839 332 αὐτῶν,

74 346 107 373 δτι
125 345 256 381 βλέποντες
272 345 317 372 τὸν
337 345 439 381 Ἰησοῦν
452 345 502 372 οὐκ
515 346 656 372 ἐπίστευον
674 346 754 372 αὐτὸν
772 343 840 372 εἶναι

74 391 112 418 τὸν
123 392 229 426 Χριστὸν
242 391 288 418 τοῦ
311 391 389 423 Θεοῦ,
408 392 454 418 τὸν
473 392 526 428 πρὸ
548 392 655 420 πάντων
678 391 784 419 αἰώνων
810 390 840 423 ἐξ

74 438 143 464 αὐτοῦ
155 438 310 473 γεννηθέντα
324 438 390 473 (15),
414 438 478 465 Υἱὸν
493 439 634 475 μονογενῆ,
653 438 738 472 Λόγον
762 437 838 469 Θεὸν,

73 485 97 510 ὃν
111 484 154 510 οὐκ
171 484 326 518 ἐπέγνωσαν
350 484 406 520 (Η)
424 485 458 511 δι’
473 485 610 517 ἀπιστίαν,
635 484 697 511 οὔτε
720 484 764 511 διὰ
784 484 839 511 τῶν

73 529 197 565 ἐνεργειῶν
219 529 311 561 αὑτοῦ,
331 529 392 557 οὕτε
418 531 471 566 μὴν
493 530 536 557 διὰ
549 531 604 558 τῶν
623 531 687 566 περὶ
699 530 780 557 αὐτοῦ
792 539 839 565 γε-

73 575 218 610 γραμμένων
237 576 417 611 προφητειῶν.
437 570 502 603 ’Ότί
514 576 568 612 γὰρ
591 577 623 603 ἐκ
645 577 779 612 παρθένου
795 586 840 612 γε-

72 624 175 656 νήσεται,
185 622 363 656 ἀνεγίνωσκον
373 622 412 649 τό·
423 632 432 648 ι
450 622 515 649 Ἰδοὺ
529 623 545 657 ἠ
558 622 690 658 παρθένος
704 624 732 649 ὲν
741 623 840 659 γαστρὶ

71 667 176 701 λήψεται,
190 668 235 694 καὶ
244 667 348 700 τέξεται
360 667 426 700 υῑὸν,
441 668 487 695 καὶ
500 668 641 694 καλέσουσι
655 669 686 695 τὸ
698 669 783 704 ὄνομα
795 669 840 696 αὑ-

71 712 109 738 τοῦ
125 712 288 748 Ἐμμανουήλ
311 721 319 728 ·
338 713 379 740 δτι
401 713 505 740 παιδίον
527 714 656 750 ἐγεννήθη
682 715 748 750 ἡμῖν
771 715 838 750 (15),

71 758 118 789 υἱὸς
130 758 172 784 καὶ
188 758 264 794 ἐδόθη
279 759 354 794 ἡμῖν,
370 755 400 785 οὗ
414 759 431 795 ἡ
444 759 516 795 ἀρχὴ
531 759 577 786 ἐπὶ
591 760 639 787 τοῦ
656 759 732 795 ὤμου
745 760 837 794 αὑτοῦ,

70 803 108 829 καὶ
118 804 231 831 καλεῖται
245 804 277 831 τὸ
292 805 376 840 ὄνομα
387 804 479 837 αὐτοῦ,
495 805 616 841 μεγάλης
634 805 732 842 βουλῆς
755 807 838 841 ἀγγε-

69 850 114 881 λος,
127 849 286 885 θαυμαστὸς,
301 850 458 886 σύμϐουλος,
474 851 549 884 Θεὸς,
566 852 674 888 ἰσχυρὸς
689 852 754 888 (16),
768 852 839 885 ἐξου-

891 251 1024 288 Spiritum
1040 257 1183 287 sanctum;
1201 258 1228 282 et
1241 262 1388 283 conversus
1401 260 1444 283 est
1456 255 1496 283 eis
1511 256 1538 283 in
1555 256 1674 284 inimici-

890 301 955 327 tiam
963 300 1013 328 “.I
1030 301 1146 328 Cmcitas
1161 302 1234 328 enim
1247 301 1287 329 eis
1301 300 1388 328 offusa
1400 305 1452 333 est,
1464 305 1575 336 propter
1588 301 1674 329 animi

890 347 932 374 sui
951 346 1110 382 pravitatem
1122 367 1130 378 ,
1151 347 1224 382 quod
1243 351 1387 375 cernentes
1402 346 1505 381 Jesum,
1526 347 1675 376 noluerunt

889 391 1000 420 credere
1013 400 1074 420 eum
1088 400 1150 420 esse
1161 392 1300 420 Christum
1316 391 1375 424 Dei,
1393 396 1455 420 ante
1465 393 1557 420 omnia
1572 393 1672 420 saecula

889 436 925 464 ab
938 436 998 472 ipso
1009 438 1139 472 genitum,
1149 437 1247 464 Filium
1259 437 1439 473 unigenitum,
1448 437 1566 465 Verbum
1577 437 1672 472 Deum;

891 482 964 510 hunc
983 483 1017 510 ob
1035 483 1222 511 infidelitatem
1245 491 1300 511 non
1321 488 1507 519 agnoverunt,
1533 491 1621 519 neque
1639 491 1675 512 ex

890 529 1018 564 operibus
1033 529 1103 564 ejus,
1122 537 1210 564 neque
1225 537 1259 557 ex
1277 529 1428 564 prophetiis
1446 529 1480 556 de
1499 536 1532 556 eo
1551 529 1672 564 scriptis.

889 574 967 607 Quod
979 574 1050 602 enim
1061 582 1094 602 ex
1106 575 1212 610 virgine
1223 575 1300 602 nasci
1315 574 1437 607 deberet,
1451 574 1578 609 legebant
1589 574 1671 601 illud:

892 628 901 645 ι
916 619 986 647 hcce
1000 620 1074 655 virgo
1093 620 1121 647 in
1136 624 1214 648 utero
1230 619 1378 655 concipiet,
1393 623 1420 647 et
1435 620 1522 655 pariet
1539 619 1634 652 lilium,
1646 623 1675 647 et

889 665 1026 693 vocabunt
1040 673 1138 693 nomen
1153 666 1213 700 ejus
1226 665 1384 693 Emmanuel
1397 666 1419 681 “
1433 687 1439 693 .
1463 665 1597 699 Quoniam
1611 673 1674 700 par-

888 709 968 737 vulus
983 713 1062 737 natus
1073 714 1115 737 est
1129 709 1220 743 nobis,
1236 709 1307 738 (ilius
1323 715 1349 738 et
1363 710 1444 737 datus
1457 714 1499 737 est
1514 710 1603 742 nobis,
1623 718 1673 737 cu-

886 755 933 791 jus
947 755 1115 790 principatus
1130 763 1212 790 super
1237 755 1381 783 humerum
1405 756 1485 790 ejus;
1508 760 1535 783 et
1559 760 1674 784 vocatur

889 807 989 828 nomen
1011 800 1071 836 ejus
1099 801 1190 836 magni
1214 801 1321 829 consilii
1341 801 1471 836 Angelus.
1493 801 1672 834 admirabilis,

888 846 1074 878 consiliarius,
1097 845 1177 878 Deus,
1202 846 1292 880 fortis,
1311 852 1418 882 potens.
1439 847 1566 883 princeps
1584 849 1671 883 pacis.

71 896 175 932 σιαστὴς,
197 897 289 932 ἄρχων
309 897 428 932 εἰρήνης,
451 897 541 932 πατὴρ
554 897 601 924 τοῦ
620 897 761 933 μέλλοντος
772 890 838 925 αἰῶ-

889 895 965 927 pater
975 891 1059 920 futuri
1074 892 1166 920 saeculi
1178 892 1210 920 ".
1227 891 1322 926 IQUOd
1335 900 1398 921 vero
1411 901 1458 928 per
1470 901 1604 921 summam
1613 901 1671 921 ma-

68 950 112 972 νος.
129 951 138 968 ›
157 942 214 969 ὀτι
227 943 256 969 δὲ
266 942 311 969 διὰ
324 942 422 970 κακίαν
436 942 656 979 ὑπερὸἁλλουσαν
675 944 836 980 ἀπειθήσου-

68 995 102 1013 σιν
114 987 190 1023 αὐτῷ,
205 988 289 1023 λέγει·
304 997 313 1014 ι
330 988 431 1024 Κύριος
442 988 508 1024 (17),
519 989 560 1021 τίς
570 989 712 1016 ἐπίστευσε
725 991 758 1025 τῇ
767 990 835 1026 ἀκοῇ

67 1033 145 1068 ὴμῶν;
164 1034 209 1061 καὶ
225 1035 240 1061 ὸ
263 1034 383 1070 βραχίων
401 1034 505 1070 Κυρίου
527 1035 580 1062 τίνι
603 1035 798 1071 ἀπεκαλύφθης
824 1044 834 1062 ι

67 1079 111 1105 Καὶ
123 1079 181 1114 ἑξῆς
191 1088 198 1095 ·
217 1089 226 1106 ι
247 1080 328 1116 Ἀκοῇ
343 1080 483 1113 ἀκούσετε,
499 1081 546 1107 καὶ
559 1080 590 1107 ού
606 1081 643 1117 μὴ
658 1081 756 1116 συνῆτε
766 1089 774 1096 ·
789 1080 838 1108 καὶ

66 1123 193 1158 βλέποντες
207 1125 328 1160 βλέψετε,
345 1126 393 1152 καὶ
413 1126 444 1152 οὐ
460 1126 497 1162 μὴ
518 1125 590 1161 ῐδητε
607 1134 614 1141 ·
629 1125 767 1162 ἐπαχύνθη
782 1126 836 1162 γάρ

66 1169 79 1203 ἡ
92 1169 180 1205 καρδία
189 1171 235 1198 τοῦ
248 1171 314 1198 λαοῦ
329 1171 432 1198 τούτου.
453 1181 462 1197 ι
487 1171 534 1198 Διὸ
552 1171 621 1207 ῆρθη
642 1172 693 1199 ἀπ’
707 1171 796 1198 αὐτῶν
819 1171 836 1207 ἡ

65 1214 161 1248 γνῶσις,
184 1216 224 1243 ὅτι
249 1217 348 1249 ίδόντες
371 1218 508 1253 παρεῖδον,
533 1217 580 1244 καὶ
602 1217 765 1249 ἀκούσαντες
786 1217 836 1244 οὐκ

65 1260 169 1294 ἦκονσαν
183 1271 190 1277 ’
206 1263 271 1298 ὑμῖν
285 1262 324 1295 δὲ,
342 1264 398 1294 τοῖς
413 1262 442 1295 ἐξ
456 1263 550 1295 ἐθνῶν,
567 1263 643 1299 ἐδόθη
667 1264 684 1298 ἡ
703 1263 834 1298 βασιλεία,

64 1305 98 1332 ὅτι
110 1307 143 1343 μὴ
154 1308 331 1342 γινώσκοντες
344 1308 418 1341 Θεὸν,
429 1308 473 1335 διά
482 1308 528 1335 τοῦ
542 1309 717 1344 κηρύγματος
731 1308 837 1335 πιστεύ-

65 1360 146 1385 σαντες
159 1353 256 1388 ἐγνωτε
277 1354 367 1386 αὑτὸν,
385 1354 484 1389 μᾶλλον
497 1354 526 1381 δὲ
540 1353 694 1390 ὲγνώσθητε
708 1355 746 1381 ὑπ
755 1355 762 1366 ’
787 1355 835 1381 αὺ-

64 1397 112 1429 τοῦ,
126 1399 167 1426 διὰ
186 1400 274 1436 Ἰησυῦ
288 1400 334 1427 τοῦ
352 1401 478 1436 Σωτῆρος
493 1401 540 1428 καὶ
561 1401 698 1437 λυτρωτοῦ
713 1401 767 1427 τῶν
790 1400 834 1427 ὲλ-

65 1444 181 1476 πιζόντων
195 1447 241 1473 ἐπ’
256 1446 346 1473 αὐτόν.
368 1447 542 1479 Μεταεῖόιψεες
555 1447 610 1483 γὰρ
623 1447 677 1474 ἀπὸ
699 1447 749 1483 τῆς
767 1455 835 1483 προ-

63 1490 133 1526 τέρας
146 1493 325 1527 ματαιοπὸνου
340 1493 394 1528 (18)
411 1493 564 1528 συνηθείας,
591 1493 639 1520 καὶ
655 1493 709 1519 τῶν
724 1492 835 1528 ἀψύχων

63 1536 164 1563 εἰδώλων
177 1538 358 1574 ὑπεριδόντες,
374 1539 420 1565 καὶ
432 1539 486 1565 τῶν
502 1540 531 1565 ὲν
555 1539 644 1565 σκότει
666 1539 721 1574 (19)
740 1539 834 1574 δαιμό-

63 1590 107 1609 νων
118 1585 376 1620 καταφρονήσαντες,
391 1585 607 1621 προσδραμόντες
621 1593 650 1611 τε
662 1584 701 1620 τῷ
715 1585 784 1619 φωτὶ
796 1584 835 1620 τῷ

63 1627 175 1664 ἀληθινῷ,
194 1630 240 1656 καὶ
260 1630 416 1664 ἐπιγνόντες
430 1631 463 1657 δι’
477 1630 559 1657 αὐτοῦ
573 1631 618 1657 τὸν
632 1630 680 1658 ἕνα
694 1631 741 1658 καὶ
758 1631 836 1667 μόνον

63 1673 171 1709 ἀληθινὸν
194 1675 260 1702 Θεὸν
282 1676 327 1702 καὶ
348 1676 472 1712 Πατέρα,
496 1676 657 1712 κληρονόμοι
678 1677 728 1712 τῆς
754 1677 835 1705 αὐτοῦ

63 1719 185 1753 βασιλείας
198 1722 360 1758 ἀνεφάνητε.
382 1722 578 1754 Βαπτισθέντες
591 1723 646 1758 γὰρ
664 1723 719 1759 (20)
733 1724 773 1755 εις
790 1723 836 1751 τὸν

61 1765 101 1791 τοῦ
118 1767 214 1802 Κυρίου
237 1768 362 1801 θάνατον,
382 1769 428 1795 καὶ
449 1770 488 1800 εἰς
506 1769 555 1805 τὴν
569 1769 716 1796 ἀνάστασιν
737 1769 831 1802 αὑτοῦ,

61 1811 93 1842 ὡς
105 1813 226 1849 ἀρτιγενῆ
242 1813 329 1850 βρέφη
339 1814 507 1850 ἀνενέργητα
520 1815 588 1851 πρὸς
599 1815 688 1842 πᾶσαν
697 1815 831 1850 ἁμαρτίαν

60 1857 166 1891 ὀφείλετε
180 1857 258 1892 εἶναι,
274 1860 304 1886 οὔ
319 1860 372 1896 γάρ
386 1861 447 1886 ὲστε
462 1860 575 1892 ἑαυτῶν,
591 1860 658 1887 ἀλλά
671 1860 718 1887 τοῦ
732 1861 833 1897 ἀγορά-

61 1911 145 1937 σαντος
157 1906 228 1941 ὑμᾶς
240 1906 281 1942 τῷ
295 1906 391 1933 ἑαυτοῦ
409 1906 514 1942 αἵματι.
536 1907 603 1942 Περὶ
625 1907 678 1942 γὰρ
697 1906 744 1933 τοῦ
768 1915 832 1933 ποτε

67 1949 170 1987 Ἰσραὴλ,
188 1950 265 1979 εἶπεν
283 1953 298 1979 ό
316 1952 425 1988 Κύριος,
449 1951 493 1979 διὰ
515 1953 564 1988 τὴν
586 1953 713 1979 ἀπιστίαν
732 1952 831 1986 αὐτῶν,

61 1995 245 2033 δτιάρθήσεται
262 1998 313 2025 ἀπ’
326 1998 414 2025 αὐτῶν
436 1999 453 2033 ἡ
473 1998 594 2034 βασιλεία
615 1998 662 2025 τοῦ
686 1998 763 2030 Θεοῦ,
785 1999 833 2025 καὶ

60 2040 187 2076 δοθήσεται
196 2044 267 2071 ἔθνει
278 2044 396 2071 ποιοῦντι
403 2044 465 2076 τοὺς
478 2045 600 2080 καρποὺς
613 2045 706 2080 αὐτῆς·
721 2045 831 2081 δηλαδὴ,

59 2085 94 2113 ὃτι
107 2087 158 2124 (21)
173 2089 246 2124 ὑμῖν,
260 2091 318 2122 τοῖς
337 2091 396 2117 ποτ’
417 2088 492 2117 οὖσιν
513 2090 728 2126 ἀπεξενωμένοις
750 2090 831 2118 αὐτοῦ

61 2133 167 2169 μακρὰν,
181 2135 242 2168 δοὺς
254 2136 305 2171 τὴν
319 2135 465 2171 βασιλείαν,
484 2137 622 2173 ἐκδέχεται
640 2137 702 2170 τοὺς
722 2138 772 2173 τῆς
785 2138 831 2164 εὑ-

105 2213 126 2228 ¹⁸
136 2212 185 2241 lsa.
211 2221 288 2246 um,
307 2213 350 2240 10.

388 2213 411 2228 ’³
423 2213 476 2242 lsa.
503 2222 552 2247 vn,
575 2214 623 2246 ﬂ;
647 2213 742 2242 Matth.
770 2222 790 2246 ι,
813 2213 859 2241 25.
903 2213 988 2240 “lsa.
1016 2221 1053 2244 lx,
1079 2212 1106 2240 6.

886 936 972 965 litiam
985 941 1077 965 essent
1087 938 1112 966 ei
1128 937 1253 971 dimsuri,
1263 938 1320 966 ait:
1337 947 1346 964 ι
1366 938 1489 971 Domine,
1504 939 1567 974 quis
1581 940 1672 968 credi-

886 982 926 1011 dit
949 983 1053 1010 auditui
1072 985 1183 1012 nostro?
1204 987 1232 1012 et
1251 984 1393 1012 brachium
1418 985 1523 1012 Domini
1539 986 1582 1012 cui
1595 994 1672 1014 reve-

886 1028 971 1056 latum
983 1032 1026 1057 est
1038 1029 1077 1056 "1
1090 1039 1100 1056 ι
1114 1029 1146 1056 Ει
1158 1029 1266 1058 adhuc:
1284 1039 1294 1056 ‹
1312 1029 1415 1058 Auditu
1431 1030 1559 1063 audietis,
1575 1035 1602 1059 et
1613 1039 1668 1059 non

886 1085 1062 1122 intelligetis;
1088 1091 1116 1115 et
1129 1087 1252 1116 videntes
1272 1087 1409 1120 videbitis,
1434 1092 1461 1115 et
1481 1095 1535 1115 non
1554 1088 1668 1117 scietis:

888 1131 1072 1160 incrassatum
1084 1132 1156 1160 enim
1168 1136 1211 1160 est
1225 1139 1272 1160 cor
1283 1133 1374 1168 populi
1387 1133 1507 1168 hujus".
1516 1143 1524 1159 ι
1534 1133 1625 1166 Quare
1636 1134 1671 1161 ab

887 1177 923 1205 iis
935 1177 1042 1205 sublata
1053 1182 1096 1206 est
1109 1178 1240 1214 cognitio,
1261 1179 1325 1214 quia
1342 1186 1405 1206 cum
1423 1179 1605 1214 aspexissent,
1623 1180 1672 1208 de-

886 1227 1042 1258 spexerunt,
1062 1227 1089 1251 et
1104 1231 1166 1252 cum
1184 1224 1335 1257 audissent,
1351 1232 1406 1252 non
1421 1225 1606 1253 obedierunt‘:
1623 1234 1671 1254 vo-

885 1268 928 1296 bis
945 1275 1019 1300 vero,
1041 1270 1088 1304 qui
1107 1269 1221 1304 gentiles
1245 1269 1349 1302 fuistis,
1366 1269 1461 1297 datum
1476 1274 1519 1297 est
1541 1278 1670 1306 regnum;

885 1315 1025 1348 quoniam,
1049 1322 1111 1341 cum
1137 1322 1191 1342 non
1220 1316 1421 1350 cognosceretis
1441 1315 1537 1348 Deum,
1559 1321 1671 1350 accepta

885 1360 1076 1394 praedicatione
1092 1360 1258 1393 credidistis,
1279 1364 1306 1388 et
1332 1368 1394 1388 eum
1414 1362 1594 1397 cognovistis.
1616 1363 1672 1389 imo

885 1413 952 1433 vero
966 1406 1067 1441 cogniti
1085 1406 1152 1435 estis
1165 1407 1199 1434 ab
1214 1414 1256 1439 eo,
1276 1414 1325 1442 per
1339 1406 1431 1434 Jesum
1449 1407 1618 1435 Salvatorem
1641 1412 1670 1436 et

885 1452 1085 1487 redemptorem
1101 1453 1268 1487 sperantium
1281 1453 1308 1479 in
1324 1454 1414 1488 ipsum
1431 1453 1464 1481 ".
1476 1452 1581 1481 Relicta
1597 1453 1670 1480 enim

886 1497 969 1532 priori
981 1498 1187 1531 consuetudine,
1206 1499 1267 1526 vani
1288 1498 1391 1527 laboris
1413 1499 1504 1534 plena.
1523 1503 1551 1527 et
1572 1499 1670 1534 despe-

886 1543 938 1571 ctis
949 1544 1029 1572 idolis
1040 1545 1128 1571 anima
1146 1545 1314 1579 carentibus,
1332 1548 1360 1572 et
1375 1546 1475 1580 spretis
1489 1545 1670 1578 daemonibus,

886 1589 933 1624 qui
945 1589 972 1616 in
987 1589 1108 1617 tenebris
1121 1593 1281 1623 versantur;
1294 1594 1470 1618 aceurrentes
1488 1599 1554 1618 vero
1570 1591 1604 1618 ad
1624 1599 1671 1619 vc-

886 1643 946 1662 rum
961 1635 1063 1666 lumen,
1080 1643 1112 1662 ac
1126 1643 1174 1670 per
1192 1635 1259 1663 illud
1273 1641 1454 1671 agnoscentes
1469 1643 1552 1663 unum
1578 1644 1610 1664 ac
1625 1644 1670 1664 so~

886 1682 942 1710 lum
954 1689 1047 1710 verum
1065 1681 1148 1709 Deum
1160 1685 1187 1709 et
1197 1681 1306 1709 Patrem
1322 1681 1360 1715 ³⁰;
1376 1681 1509 1717 designati
1524 1682 1592 1710 estis
1613 1683 1671 1710 hae—

886 1728 965 1756 redes
981 1727 1056 1763 regni
1071 1727 1140 1762 ejus.
1154 1725 1222 1753 Nam
1235 1726 1364 1762 baptizati
1378 1726 1406 1754 in
1422 1731 1534 1754 mortem
1549 1727 1668 1759 Domini,

883 1778 910 1801 et
922 1773 949 1800 in
959 1773 1185 1800 resurrectionem
1195 1772 1255 1807 ejus
1267 1772 1300 1804 ",
1314 1776 1442 1806 tanquam
1453 1772 1572 1800 infantes
1587 1773 1668 1800 modo

884 1818 967 1854 geniti
981 1817 1086 1845 debetis
1100 1824 1161 1844 esse
1176 1817 1209 1844 ad
1219 1824 1300 1844 omne
1311 1820 1452 1851 peccatum
1463 1816 1613 1845 inefﬁcaces
1623 1817 1644 1833 "
1659 1827 1665 1844 :

884 1863 947 1899 quia
961 1870 1017 1890 non
1026 1862 1108 1890 vestri
1119 1862 1195 1893 estis,
1208 1861 1255 1889 sed
1271 1861 1331 1896 ejus
1341 1861 1388 1896 qui
1402 1869 1450 1889 vos
1465 1862 1597 1897 sanguine
1617 1869 1668 1889 suo

885 1910 949 1937 emit
961 1908 995 1936 ³³.
1008 1907 1147 1943 Siquidem
1162 1907 1195 1934 de
1212 1906 1323 1941 antiquo
1336 1905 1434 1933 lsraele
1444 1906 1512 1933 dixit
1524 1905 1667 1939 Dominus,

885 1955 922 1982 ob
942 1954 1128 1982 infidelitatem
1145 1960 1252 1984 eorum,
1270 1951 1342 1987 quod
1363 1951 1503 1979 auferetur
1517 1952 1552 1980 ab
1565 1952 1606 1981 eis
1625 1960 1668 1980 re—

885 2008 967 2036 gnum
984 1999 1042 2030 Dei,
1053 2002 1080 2026 et
1092 1998 1202 2025 dabitur
1214 1997 1287 2033 genti
1303 1996 1412 2024 facienti
1428 1996 1533 2024 fructus
1548 1997 1608 2032 ejus
1622 1997 1646 2013 ³⁵
1658 2006 1665 2024 :

885 2046 999 2078 scilicet,
1015 2052 1126 2080 regnum
1143 2043 1232 2071 dando
1256 2042 1343 2075 vobis.
1366 2043 1411 2078 qui
1428 2042 1574 2078 aliquando
1587 2043 1667 2079 longe

884 2091 919 2118 ab
931 2099 963 2118 eo
977 2090 1062 2118 eratis
1085 2089 1164 2117 alieni
1189 2094 1216 2117 et
1233 2088 1360 2124 ablegati,
1377 2088 1474 2123 recipit
1495 2088 1564 2123 grati
1582 2089 1665 2116 animi

884 2136 999 2164 fructus.
1015 2136 1038 2152 "
1054 2134 1109 2163 Vos
1123 2135 1222 2170 quippe
1232 2134 1308 2168 estis,
1325 2133 1372 2169 qui
1387 2133 1532 2169 aliquando
1544 2133 1620 2162 missi
1632 2134 1666 2161 ad

1160 2211 1250 2240 "lsa.
1280 2218 1340 2243 un,
1370 2211 1396 2239 1.
1454 2211 1544 2239 "lsa.
1568 2219 1607 2242 vr,
1636 2211 1663 2238 9.

60 2244 146 2275 "Gal.
172 2256 209 2277 ιν.
236 2248 263 2275 9.
282 2244 285 2246 ’
301 2248 324 2264 ³ο
344 2247 422 2276 Joan.
451 2256 470 2280 I,
486 2249 519 2280 9;
545 2244 622 2282 iv",
637 2249 665 2277 5.
703 2244 816 2276 "Rom.
844 2256 883 2281 vr,
909 2249 936 2276 ὅ.
975 2248 1017 2275 ³¹Ι
1041 2248 1114 2276 Petr.
1145 2256 1176 2280 ιι,
1190 2251 1217 2275 2.
1256 2246 1279 2262 ³³
1294 2247 1304 2272 l
1319 2246 1381 2273 Cor.
1398 2254 1435 2279 vi,
1451 2247 1496 2275 19.
1533 2247 1555 2263 ³⁵
1570 2247 1663 2274 Matth.

60 2283 159 2314 x1543.
195 2283 218 2300 ³⁵
233 2283 328 2310 Matth.
351 2290 409 2316 nl,
425 2283 470 2311 28.

694 2348 877 2378 VABIORUM
891 2348 1006 2377 NOTIE.

59 2439 139 2478 rillum
153 2438 364 2479 Alexandrinum
382 2438 415 2479 a_d
426 2437 511 2479 “Mich.
525 2445 544 2469 ι,
555 2439 585 2468 11
595 2457 602 2470 ,
622 2436 735 2479 legendo
749 2436 826 2472 εὐθη-

58 2473 154 2506 νοῦσαν,
175 2474 222 2500 ubi
244 2473 358 2500 habetur
375 2473 552 2500 εὐσθενοῦσαν
570 2482 576 2500 :
593 2473 658 2500 mihi
674 2473 718 2499 illa
733 2480 826 2500 cmen-

58 2508 123 2536 datio
137 2516 189 2536 non
205 2509 344 2543 probatur,
362 2509 425 2543 quia
443 2507 584 2543 subjungit
604 2507 731 2543 Cyrillus
749 2515 755 2534 :
777 2507 827 2533 Εὑ-

59 2542 128 2579 σθενῆ
137 2552 177 2575 τε,
186 2541 226 2570 ὅτι
236 2543 360 2579 καὶγπίων
405 2541 553 2579 χὼραίκίρ.
567 2541 826 2579 ληῖοιςΑκατ-ᾀκορος,

59 2551 177 2604 saevite,
186 2551 226 2570 οτι
236 2551 282 2570 και
292 2551 360 2570 πιων
374 2551 391 2578 η
405 2552 490 2579 χωρα,
506 2551 553 2570 και
567 2551 651 2577 Ληιοις
665 2551 826 2577 κατακορος,

58 2578 109 2610 πῶς
135 2587 190 2605 στιν
205 2578 382 2613 ἀμφιϐαλείνς
398 2583 425 2605 et
443 2578 506 2612 quia
527 2576 786 2613 Theodoritirillud,
803 2576 826 2613 Δἡ

56 2612 103 2674 33v
115 2613 218 2674 χωρίων
226 2610 379 2648 ἀσφάλεια,
390 2612 424 2640 ad
439 2610 615 2640 εὒσθενοῦσαν
633 2612 766 2647 pertinere
784 2610 826 2637 vi-'

96 2656 135 2674 ur.
170 2655 216 2674 οτ.

96 2656 135 2675 Ill“.
148 2655 216 2676 υοτ.

55 2682 138 2744 00315)
157 2682 274 2710 Αιώνων
298 2683 333 2716 ἐξ
353 2683 446 2710 αὐτοῦ
474 2681 664 2718 γεννηθέντα.
685 2680 718 2722 ln
740 2680 826 2708 altero

104 2738 111 2744 .
135 2716 287 2744 Vindobon.
317 2719 394 2744 deest
419 2722 525 2744 tantum
546 2717 662 2744 αἰώνων.
685 2724 713 2743 ιη
740 2717 824 2743 altero

104 2738 111 2746 .
129 2716 287 2746 'Vindobon.
317 2719 394 2746 deest
419 2716 525 2746 tantum
546 2717 662 2749 αἰώνων,
685 2716 713 2743 in
740 2717 824 2743 altero

55 2751 129 2788 etiam
155 2756 295 2788 sequentia
318 2753 401 2781 verba
431 2763 437 2781 :
472 2753 516 2786 Ἐξ
542 2752 629 2788 αὑτοῦλ
649 2750 821 2788 γεννηθέντα.

55 2786 164 2823 ᾼι-ἰωυι
174 2785 301 2823 scriptor.
318 2791 365 2815 aut
383 2789 560 2823 interpolator
584 2786 665 2821 hujus
684 2785 760 2823 libri.
782 2786 824 2813 vi-

56 2820 127 2850 detur
138 2820 241 2858 tantum
256 2823 399 2858 scripsisse
415 2833 421 2851 :
444 2820 501 2858 Πρὸ
519 2820 625 2858 πάντων
646 2820 759 2852 αἰώνων,
775 2828 824 2848 ne-

56 2863 103 2893 que
113 2857 182 2884 enim
194 2856 327 2893 negabant
339 2858 430 2886 Ariani
451 2856 550 2885 Filium
564 2866 580 2884 a
596 2856 686 2893 Patre,
703 2860 762 2893 ante
775 2864 823 2882 sw—

57 2891 285 2928 τκιαοίιισταιὶιηι.
302 2893 354 2923 Sed
370 2894 471 2922 rectius
488 2893 607 2922 sentiens
618 2892 758 2926 librarius,
775 2895 821 2918 aut

877 2437 990 2466 criticus
1001 2438 1138 2466 addidisse
1147 2437 1254 2465 videtur
1265 2437 1294 2470 ἐξ
1308 2437 1400 2468 αὑτοῦ,
1413 2443 1476 2464 cum
1490 2436 1584 2464 Ariani
1597 2445 1663 2464 con-

877 2472 1021 2501 tenderent
1033 2473 1130 2500 Filium
1140 2480 1201 2500 esse
1214 2473 1247 2499 ὲκ
1260 2472 1314 2499 τῶν
1330 2472 1367 2508 μὴ
1381 2472 1466 2498 ὄντων
1479 2473 1600 2507 genitum
1614 2480 1663 2501 seu

878 2512 1010 2536 creatum.
1027 2509 1111 2536 Cum.

915 2541 971 2576 (H)
997 2543 1192 2578 Ἐπέγνῳσαν.
1208 2542 1282 2569 Alter
1296 2542 1356 2569 cozl.
1375 2541 1506 2578 ἔγνωσαν.
1523 2541 1561 2570 ln.

929 2578 972 2612 15)
997 2577 1085 2613 Ἡμῖν.
1101 2577 1181 2613 Deest
1198 2578 1225 2605 in
1240 2578 1326 2605 altero
1336 2577 1401 2613 cod:
1415 2577 1452 2604 In.

929 2611 972 2646 16)
994 2611 1132 2648 Ίὰκυρός.
1151 2612 1232 2640 Deest
1245 2613 1272 2648 in
1285 2613 1378 2639 altero.
1392 2611 1430 2639 ln.

929 2648 972 2682 17)
991 2649 1106 2682 Κύριος.
1122 2648 1196 2675 Alter
1210 2647 1305 2682 Κύριε,
1318 2648 1422 2675 melius.
1441 2647 1479 2676 In.

929 2683 971 2719 18)
988 2681 1203 2710 Μάταιοπόνου.
1225 2681 1301 2710 Alter
1324 2683 1384 2710 cod.
1406 2681 1657 2719 πατροπαραδότου.

916 2578 925 2718 Ξ

873 2716 967 2780 bno)
995 2754 1042 2780 Ἐν
1055 2754 1164 2780 σκότει.
1182 2751 1262 2779 Deest
1275 2751 1302 2778 in
1316 2752 1410 2778 altero.
1426 2751 1464 2779 In.

924 2753 956 2780 19
995 2754 1042 2780 Ἐν
1055 2754 1164 2780 σκότει.
1182 2753 1262 2779 Deest
1275 2753 1302 2778 in
1316 2753 1410 2778 altero.
1426 2753 1464 2779 In.

922 2753 967 2853 ’2οξ
986 2788 1060 2822 Γάρ.
1074 2788 1168 2816 Melius
1182 2785 1228 2814 οὖν
1240 2788 1266 2813 in
1281 2787 1342 2814 cod.
1358 2786 1438 2814 Vind.
1456 2786 1494 2827 In.

922 2823 950 2850 21
989 2823 1117 2853 Aminei).
1133 2823 1185 2850 ὅτι.
1201 2821 1284 2853 Δῆλον
1306 2822 1345 2849 ὅτι
1364 2822 1461 2849 melius
1487 2830 1494 2848 ι

924 2752 956 2780 19
995 2754 1042 2780 Ἐν
1055 2754 1164 2780 σκότει.
1182 2752 1262 2779 Deest
1275 2752 1302 2778 in
1316 2752 1410 2778 altero.
1426 2752 1464 2779 In.

922 2753 967 2853 ⁸2οξ
986 2788 1060 2822 Γάρ.
1074 2788 1168 2816 Melius
1182 2785 1228 2814 οὖν
1240 2788 1266 2813 in
1281 2787 1342 2814 cod.
1358 2786 1438 2828 Vind.
1456 2786 1494 2827 In.

873 2752 1117 2886 cogat“
1133 2823 1185 2850 ὅτι.
1201 2821 1284 2858 Δῆλον
1306 2822 1345 2849 ὅτι
1364 2822 1461 2849 melius
1487 2829 1514 2848 in
1540 2824 1656 2856 utroque
