1896 3109
63 138 112 168 9H

539 145 841 177 CONSTITUTIONES
858 147 1098 182 APOSTOLICAE.
1112 169 1137 174 —
1159 153 1223 183 LIB.
1242 155 1285 185 Vl.

1640 163 1692 191 9H

61 195 167 222 κοίνου.
184 205 195 222 ι
212 194 300 224 τοῦτο
309 195 338 225 δὲ
348 199 456 233 ἐγένετο
466 200 513 227 ἐπὶ
526 201 595 238 τρίςε
613 203 660 229 καὶ
676 204 812 241 ἀνελήφθη
824 206 855 233 τὸ
870 212 893 238 Α
908 207 988 243 Dumq

908 207 1029 244 Dumque
1045 210 1210 246 hmsitarem,
1228 212 1294 248 quid
1311 213 1363 242 sibi
1384 215 1466 243 vellet
1489 214 1557 244 illud
1583 219 1690 252 visum,

62 241 163 287 σκεῦος
174 241 215 273 είς
223 243 270 270 τὸν
285 244 408 280 οὐρανόν.
426 245 470 277 Ὠς
479 246 507 273 δέ
516 247 673 284 διηπόρουν,
685 250 711 276 τί
725 250 759 277 ἂν
772 252 813 287 εἴη
826 252 857 278 τὸ

61 286 167 323 ὅραμα,
182 287 243 316 εἶπέ
261 298 306 325 μοι
322 290 353 317 τὸ
370 291 493 327 Πνεῦμα·
511 302 521 318 ι
550 293 614 320 Ἰδοὺ
635 295 731 331 ἄνδρες
745 286 856 332 ζητοῦσι

62 342 106 360 σε·
121 334 190 361 ἀλλά
200 335 320 368 ἀναστὰς
343 337 490 374 πορεύθητι
507 340 556 366 σὺν
574 341 682 375 αὐτοῖς,
701 342 784 377 μηδὲν
798 343 856 370 δια-

60 380 239 415 κρινόμενος,
256 381 323 408 διότι
339 383 394 417 ἐγὼ
408 384 555 412 ἀπέστειλα
576 387 684 419 αὐτούς.
706 397 715 413 ι
734 384 813 415 Οὗτοι
825 389 854 415 δὲ

58 422 134 460 ἦσαν
150 427 176 452 οἱ
200 427 272 462 παρὰ
288 428 335 454 τοῦ
353 429 561 467 ἑκατοντάρχου.
586 433 641 459 Καὶ
657 432 742 465 οὕτως
760 433 855 461 ἀναλοι

58 471 221 506 τισάμενος,
238 473 322 505 ἐγνων
338 473 367 501 τὺ
381 477 456 512 ῥῆμα
468 477 569 514 Κυρίου
582 479 638 514 (58)
654 479 684 506 τὸ
696 483 854 517 γεγραμμέ-

57 525 107 544 νον
119 539 126 550 ,
142 519 184 545 ὅτι
203 529 212 544 ι
230 520 287 552 Πᾶς
294 521 323 553 ὃς
336 521 368 548 ἂν
384 523 579 560 ἐπικαλέσηται
592 525 623 552 τὸ
636 526 721 562 ὄνομα
736 528 852 564 Κυρίου,

58 565 228 600 σωθήσεται·
246 576 254 592 ι
268 568 314 594 καὶ
324 568 414 595 πάλιν·
430 579 439 595 ι
455 571 657 607 Μνησθήσεται,
670 573 716 599 καὶ
727 574 854 610 ἐπιστρα-

57 612 180 646 φήσεται
199 614 269 648 πρὸς
284 614 384 650 Κύριον
401 616 489 643 πάντα
504 617 538 644 τὰ
553 616 659 654 πέρατα
671 620 720 655 τῆς
730 620 792 655 γῆς,
805 622 853 648 καὶ

57 659 297 694 προσκυνήσουσιν
312 659 426 688 ἐνώπιον
441 663 522 689 αὐτοῦ
539 664 624 690 πᾶσαι
635 665 662 691 αἱ
673 666 785 701 πατριαὶ
798 666 852 693 τῶν

55 704 158 730 ἐθνῶν·
176 705 216 731 ὅτι
232 706 279 732 τοῦ
296 707 397 742 Κυρίου
411 708 427 743 ή
447 708 582 743 βασιλεία,
598 711 645 736 καὶ
660 711 741 743 αὐτὸς
755 712 852 739 δεσπό-

54 747 100 781 ζει
125 750 181 776 τῶν
210 751 306 778 ἐθνῶν.
328 761 336 778 ι
355 753 411 780 Καὶ
427 754 465 785 ὡς
481 755 617 790 πανταχοῦ
641 758 704 792 napi.
718 758 767 793 τῆς
785 758 851 794 κλή-

55 804 131 827 σεως
144 797 199 823 τῶν
213 797 297 824 ἐθνῶν
316 799 433 834 εἴρηται,
451 801 590 837 ἐννοήσας,
607 803 725 834 ἀναστὰς
738 805 852 840 ἐπορεύ-

53 840 110 877 θην
132 843 182 869 σὺν
205 843 306 877 αὐτοῖς,
324 845 371 871 καὶ
394 846 517 881 εἰσῆλθον
540 849 580 879 είς
594 847 639 874 τὸν
655 847 729 876 οἷκον
739 851 787 876 τοῦ
803 851 850 878 ἀν-

51 888 132 923 δρὸς·
151 888 199 915 καὶ¹
213 889 254 915 ἐτι
275 899 325 926 μου
342 890 546 925 διαγγέλλοντος
560 894 605 920 τὸν
621 894 709 929 λόγον,
726 895 807 923 ἔπεσε
819 897 849 924 τὸ

52 934 175 969 Πνεῦμα
197 935 228 961 τὸ
247 935 324 970 ἆγιον
346 937 389 963 ἐπ’
405 936 486 964 αὑτὸν
505 939 551 965 καὶ
569 940 614 965 ἐπὶ
633 940 697 972 τοὺς
714 941 849 976 παρόντας

53 980 106 1005 σὺν
129 980 206 1016 αὐτῷ
218 1001 224 1013 ,
239 981 329 1014 καθὼς
344 981 390 1009 καὶ
410 983 453 1018 ἐφ’
469 984 542 1019 ἡμᾶς
557 985 587 1011 ὲν
599 985 671 1022 ἀρχῇ
685 1007 692 1019 ,
710 987 758 1013 καὶ
772 988 848 1015 οὐδὲν

49 1023 179 1062 διέκρινε
194 1027 295 1062 μεταξὺ
317 1029 394 1065 ἡμῶν
407 1038 437 1056 τε
452 1031 499 1057 καὶ
515 1029 605 1058 αὐτῶν
617 1054 624 1065 ,
640 1035 673 1068 τῇ
690 1033 781 1061 πίστει
796 1043 848 1061 κα-

49 1072 176 1109 θαρίσας
191 1073 246 1109 (59)
260 1074 309 1106 τὰς
324 1075 438 1111 καρδίας
449 1077 549 1104 αὐτῶν.
572 1079 627 1105 Καὶ
640 1079 726 1114 ἔγνων
741 1080 796 1115 ἐγὼ
808 1081 848 1108 ὅτι

47 1119 105 1145 οὐκ
120 1119 181 1147 ἔστι
198 1122 434 1159 προσωπολήπτης
449 1124 463 1150 ὁ
475 1122 550 1158 Θεὸς,
563 1124 620 1151 ἀλλ’
635 1126 665 1151 ἐν
681 1127 763 1153 παντὶ
777 1127 847 1154 ἔθνει

46 1166 62 1192 ὁ
78 1165 251 1202 φοϐούμενος
277 1168 356 1194 αὑτὸν
380 1170 427 1196 καὶ
451 1170 634 1206 ἐργαζόμενος
657 1171 845 1210 δικαιοσύνην,

46 1211 152 1244 δεκτὸς
167 1213 242 1250 αὑτῷ
257 1214 332 1241 ἔσται
349 1214 414 1252 (60)·
430 1215 578 1254 ἐξέστησαν
590 1217 619 1244 δέ
639 1218 685 1245 ἐπὶ
701 1219 788 1255 τούτῳ
800 1221 847 1247 καὶ

45 1260 72 1285 οὶ
95 1260 132 1286 ἐκ
152 1261 303 1297 περιτομῆς
328 1261 425 1289 πιστοί.
455 1263 512 1290 Νῦν
532 1261 578 1291 οὖν
597 1263 623 1291 τί
643 1265 788 1301 πειράζετε
801 1265 846 1293 τὸν

45 1303 138 1338 θεὸν,
164 1306 296 1333 ἐπιθεῖναι
312 1306 393 1342 ζυγὸν
411 1308 496 1345 βαρὺν
512 1309 558 1336 ἐπὶ
573 1310 619 1337 τὸν
636 1311 772 1347 τράχηλον
790 1313 846 1339 τῶν

47 1351 197 1387 μαθητῶν,
208 1352 238 1378 ὃν
248 1351 404 1389 οὔτεὴμεῖς,
412 1354 473 1381 οὗτε
479 1355 504 1382 οἱ
518 1356 635 1391 πατέρες
645 1358 661 1392 ὴ
665 1357 723 1393 μῶν
734 1358 846 1394 ἰσχύσα-

46 1407 104 1433 μεν
112 1397 249 1433 βαστάσαι
257 1399 339 1431 ;ἀλλά
344 1400 388 1427 διὰ
394 1401 443 1436 τῆς
448 1401 558 1438 χάριτος
563 1402 609 1429 τοῦ
616 1404 719 1439 Κυρίου
726 1404 847 1432 πιστεύο-

45 1454 103 1480 μεν
112 1444 244 1479 σωθῆναι,
252 1445 312 1472 καθ’
318 1446 348 1473 ὃν
363 1446 463 1483 τρόπον
477 1448 608 1475 κάκεῖνοι·
620 1448 698 1476 ἔλυσε
709 1450 762 1487 γὰρ
773 1452 846 1487 ἡμᾶς

42 1493 58 1518 ὁ
74 1491 188 1526 Κύριος
198 1492 230 1519 ἐκ
242 1492 296 1519 τῶν
305 1493 424 1528 δεσμῶν,
437 1494 484 1521 καὶ
502 1494 639 1531 ἡλάφρυνε
652 1496 683 1522 τὺ
692 1497 800 1532 φορτίον
814 1499 847 1534 ἡ-

907 253 974 281 dixit
990 255 1055 283 mihi
1066 255 1185 292 Spiritus
1202 268 1208 286 :
1229 269 1239 285 ι
1257 259 1327 287 Ecce
1341 261 1394 287 viri
1411 267 1537 296 quaerunt
1552 268 1588 292 te.
1604 264 1693 301 Surge

907 299 999 335 itaque
1024 307 1052 329 et
1072 302 1141 331 vade
1157 311 1220 331 cum
1234 306 1285 337 eis.
1311 306 1380 335 nihil
1400 307 1544 342 dubitans;
1562 311 1625 345 quia
1640 299 1692 347 ego

907 346 968 373 misi
985 347 1046 375 illos
1062 348 1107 376 ¹⁰⁶.
1128 358 1137 375 ι
1151 349 1172 376 Ii
1190 354 1280 378 autem
1293 356 1373 379 erant
1387 353 1426 380 illi
1441 355 1487 388 qui
1500 362 1515 381 a
1530 346 1692 385 centurione

904 393 1059 421 veniebant.
1069 395 1156 430 Atque
1171 395 1207 423 ita
1224 405 1329 425 mecum
1339 405 1479 434 reputans,
1490 401 1612 429 intellexi
1627 411 1690 430 ver-
1717 402 1722 423 ἱ

904 438 969 465 bum
997 438 1103 468 Domini
1130 442 1203 476 quod
1219 444 1351 478 scriptum
1367 449 1428 473 est:
1444 456 1454 472 ι
1472 446 1568 475 Omnis
1585 450 1631 483 qui
1645 449 1689 476 ina

904 485 1041 513 vocaverit
1067 494 1167 514 nomen
1191 488 1310 522 Domini,
1337 492 1430 519 salvus
1455 493 1542 527 erit‘;
1564 503 1574 520 ι
1590 498 1617 521 et
1638 495 1689 522 ite-I

904 537 965 556 rum
982 540 988 557 :
1008 540 1017 557 ι
1032 530 1271 566 Beminiscentur.
1287 539 1315 563 et
1336 542 1532 566 convertentur
1545 540 1579 566 ad
1594 540 1689 568 Domi-

904 583 969 603 num
984 584 1080 605 omnes
1092 578 1160 606 fines
1175 583 1270 611 terrae,
1282 586 1309 608 et
1328 582 1482 610 adorabunt
1498 584 1525 611 in
1537 591 1688 621 conspectu

903 621 963 655 ejus
978 623 1112 652 universae
1132 625 1242 654 familia:
1268 628 1406 661 gentium;
1429 632 1557 664 quoniam
1580 631 1688 660 Domini

903 672 945 694 est
967 676 1082 703 rcgnum
1103 674 1130 698 et
1157 671 1215 705 ipse
1241 673 1428 702 dominabitur
1448 678 1574 711 gentibus
1585 679 1606 706 '.
1626 688 1636 704 ι
1654 677 1688 706 Ει

902 714 1034 749 cogitans,
1050 716 1151 752 ubique
1165 718 1199 745 de
1212 720 1357 748 vocatione
1378 723 1498 757 gentium
1521 725 1688 753 mentionem

903 760 971 790 ﬁeri.
984 763 1102 794 surrexi,
1119 770 1150 790 ac
1163 764 1197 791 ivi
1210 772 1272 792 cum
1286 766 1345 800 eis;
1361 772 1389 795 et
1410 768 1509 795 intravi
1530 770 1557 796 in
1575 770 1687 798 domum

901 806 952 832 viri
961 806 987 839 ';
1006 815 1123 843 cumque
1134 809 1223 837 adhuc
1239 812 1352 839 verbum
1363 815 1552 842 annuntiarem
1562 834 1570 847 ,
1587 816 1688 844 cecidit

902 852 1020 887 Spiritus
1034 860 1147 883 sanctus
1167 856 1193 883 in
1209 864 1272 884 eum
1288 863 1370 893 atque
1386 860 1413 886 in
1434 860 1496 888 illos
1510 862 1556 896 qui
1571 869 1633 888 cum
1651 869 1687 889 eo

900 898 1022 932 aderant,
1043 901 1272 935 quemadmodum
1299 904 1327 931 in
1350 913 1400 932 nos
1419 906 1498 933 initio
1511 906 1540 939 λς
1562 907 1686 942 nihilque

898 946 1028 974 discrevit
1052 948 1125 975 inter
1151 957 1202 977 nos
1222 957 1255 977 ac
1270 950 1347 982 illos,
1365 950 1417 981 fide
1433 952 1584 986 purificans
1600 953 1684 980 corda

899 993 1009 1021 illorum
1024 995 1045 1021 ⁸.
1073 994 1105 1021 Ει
1117 1003 1166 1030 ego
1180 996 1278 1031 agnovi
1299 997 1371 1032 quod
1387 997 1458 1025 Deus
1473 1005 1528 1025 non
1544 1003 1588 1026 est
1601 1006 1684 1026 aceea

898 1044 960 1074 ptor
982 1042 1194 1076 personarum“;
1213 1043 1261 1070 sed
1283 1043 1312 1070 in
1338 1044 1412 1071 omni
1436 1049 1526 1079 gente,
1544 1045 1591 1080 qui
1606 1045 1685 1073 timet

896 1093 970 1118 eum,
986 1094 1018 1113 ac
1038 1091 1167 1122 operatur
1187 1088 1325 1122 justitiam
1336 1109 1344 1121 ,
1363 1095 1493 1125 acceptus
1505 1091 1559 1118 erit
1576 1091 1616 1117 illi
1631 1100 1637 1118 :
1657 1095 1685 1118 et

896 1131 930 1159 de
945 1132 997 1159 hoc
1014 1133 1219 1168 obstupuerunt
1237 1134 1320 1162 etiam
1343 1135 1390 1171 qui
1417 1144 1450 1164 ex
1473 1136 1685 1164 circumcisione

896 1177 991 1206 ﬁdeles
1007 1178 1029 1207 '.
1051 1179 1130 1208 Nunc
1150 1188 1216 1216 ergo
1245 1181 1311 1217 quid
1333 1182 1444 1211 tentatis
1467 1182 1569 1215 Deum,
1595 1183 1683 1218 impo-I

896 1232 960 1252 nere
964 1225 1059 1260 jugum
1066 1234 1148 1262 grave
1156 1234 1240 1262 super
1256 1227 1378 1255 cervices
1392 1228 1600 1263 discipulorum,
1609 1229 1684 1264 quod

895 1278 983 1306 neque
990 1279 1040 1299 nos
1055 1280 1142 1307 neque
1150 1277 1243 1307 patres
1251 1274 1337 1301 nostri
1351 1278 1460 1309 portare
1471 1275 1683 1310 potuimus?sed

896 1318 1064 1352 pergratiam
1073 1317 1180 1346 Domini
1189 1319 1329 1347 credimus
1341 1320 1453 1352 salvari,
1467 1320 1539 1348 sicut
1553 1325 1580 1348 et
1599 1320 1638 1347 illi
1648 1321 1659 1336 ⁸
1671 1331 1681 1347 2

896 1362 977 1389 solvit
994 1363 1066 1390 enim
1087 1372 1138 1393 nos
1150 1364 1283 1393 Dominus
1299 1373 1333 1392 ex
1348 1366 1483 1398 vinculis.
1500 1370 1527 1394 et
1544 1374 1615 1394 onus
1630 1374 1682 1393 no-

896 1412 982 1436 strum
994 1410 1052 1438 leve
1063 1411 1163 1444 eii‘ecit,
1177 1416 1203 1439 et
1214 1413 1310 1448 jugum
1328 1413 1471 1448 gravitatis
1494 1420 1526 1440 ac
1549 1412 1684 1441 molestia

895 1455 1021 1483 dissolvit
1044 1464 1060 1484 a
1086 1458 1165 1486 nobis
1181 1458 1292 1487 lenitate
1309 1467 1368 1487 sua.
1386 1469 1395 1486 ι
1416 1459 1478 1487 Haec
1493 1467 1537 1487 me
1563 1460 1680 1492 dicente,

896 1502 1024 1529 universa
1040 1503 1186 1531 multitudo
1199 1504 1338 1532 silentium
1364 1505 1462 1532 tenuit.
1487 1505 1576 1540 Atque
1601 1505 1683 1533 Jaco-

44 1538 124 1572 μῶν,
144 1538 194 1564 καὶ
208 1538 253 1565 τὸν
264 1538 344 1573 ζυγὸν
360 1540 406 1566 τοῦ
423 1540 522 1576 βάρους
539 1541 673 1578 πραότητι
690 1542 782 1570 ἔλυσεν
798 1544 843 1578 ἀφ’
857 1553 878 1583 C
895 1547 946 1576 bus
962 1547 986 1575 fr

901 1549 946 1576 bus
962 1547 1045 1575 frater
1057 1547 1164 1576 Domini
1181 1550 1334 1584 respondit,
1346 1549 1457 1578 dicens:
1474 1560 1482 1576 ι
1499 1538 1556 1578 Viri
1571 1551 1681 1584 fratres,

41 1584 163 1619 ἡμῶν.»
180 1584 270 1612 Ταῦτα
283 1585 311 1612 δέ
339 1595 389 1622 μου
415 1587 546 1620 εἰπόντος,
576 1588 704 1623 ἐσίγησεν
729 1589 802 1617 ἅπαν
815 1590 845 1618 τδ

42 1630 159 1665 πλῆθος
169 1639 176 1646 σ
203 1630 338 1667 ἀπεκρίθη
357 1632 386 1659 δὲ
420 1632 545 1665 Ἰάκωϐος
560 1634 574 1660 ὁ
588 1634 635 1661 τοῦ
654 1635 756 1671 Κυρίου
769 1636 846 1663 ἀδελ-

41 1677 113 1712 φὸς,
133 1676 241 1711 λέγων*
265 1687 274 1703 ι
289 1678 402 1715 ’Δνδρες
417 1679 535 1714 ἀδελφοὶ,
565 1680 710 1708 ἀκούσατε.
733 1682 844 1718 Συμεὼν

38 1722 221 1758 ἐξηγήσατο,
238 1723 327 1756 καθὼς
341 1725 448 1760 πρῶτον
460 1726 474 1752 ὁ
487 1725 553 1758 Θεδς
568 1726 737 1762 ἐπεσκέψατο
753 1727 844 1755 λαϐεῖν

38 1770 74 1801 ἐξ
93 1768 187 1796 ἐθνῶν
208 1769 272 1796 λαὸν
298 1769 335 1805 τῷ
350 1770 463 1806 ὀνόματι
490 1771 573 1798 αὑτοῦ
591 1771 660 1808 (61)·
692 1774 738 1800 καὶ
757 1773 844 1810 τούτῳ

39 1815 248 1852 συμφωνοῦσιν
263 1817 288 1842 οἱ
301 1816 374 1851 λόγοι
387 1817 442 1844 τῶν
456 1818 614 1854 προφητῶν.
631 1819 722 1851 καθὼς
740 1819 843 1855 γέγρα-

38 1862 257 1889 mar—Marti
280 1863 366 1890 ταῦτα
381 1864 552 1900 ἀναστρέψω,
569 1865 615 1892 καὶ
643 1866 844 1903 ἀνοικοδομήσω

36 1910 97 1945 τὴν
114 1909 223 1945 σκηνὴν
235 1909 316 1936 Δαὸὶδ
329 1910 379 1946 τὴν
389 1913 575 1943 πεπτωκυῖαν,
587 1911 635 1938 καὶ
643 1911 678 1938 τὰ
687 1921 844 1948 κατεσκαμ-

39 1957 123 1993 μένα
149 1955 239 1990 αὐτῆς
261 1956 473 1992 ἀνοικοδομήσω,
499 1957 547 1983 καὶ
573 1957 720 1993 ἀνορθώσω
747 1958 842 1994 αὐτὴν.

36 2005 126 2034 ὅπως
145 2002 181 2028 ἂν
197 2001 382 2038 ἐκζητήσωσιν
406 2003 431 2028 οι
456 2002 615 2029 κατάλοιποι
625 2003 678 2029 τῶν
693 2003 843 2039 ἀνθρώπων

34 2050 90 2076 τὸν
106 2048 224 2084 Κύριον,
241 2048 288 2074 καὶ
303 2049 391 2075 πάντα
406 2048 439 2075 τὰ
454 2048 529 2084 ἔθνη,
546 2049 588 2083 ἐφ’
603 2048 650 2080 οὓς
665 2049 843 2085 ἐπικέκληται

34 2097 71 2122 τὸ
95 2094 192 2130 ὄνομά
216 2103 267 2130 μου
291 2095 334 2121 ἐπ’
359 2095 467 2126 αὐτοὺς,
496 2094 568 2129 λέγει
592 2095 694 2131 Κύριος
720 2096 735 2122 ὀ
758 2096 843 2122 ποιῶν

32 2140 296 2169 ταῦτα.-Γνωστὰ
318 2141 365 2167 ἀπ’
384 2141 480 2173 αἰῶνός
493 2141 604 2176 ἐστιτῷ
627 2141 686 2176 Θεῷ
707 2142 798 2169 πάντα·
809 2142 843 2169 τὰ

33 2189 117 2225 ἔργα
135 2187 231 2213 αὐτοῦ.
256 2187 302 2213 Διὸ
332 2186 387 2222 ἐγὼ
412 2186 506 2223 ἔκρινα
521 2186 576 2223 (62)
606 2187 643 2223 μὴ
667 2188 842 2224 παρενοχλεῖν

896 1593 988 1620 audite
1005 1601 1059 1620 me.
1088 1593 1184 1621 Simon
1211 1595 1346 1627 narravit,
1374 1595 1606 1630 quemadmodum
1625 1598 1684 1632 pri-ﬁ

896 1646 969 1665 mum
986 1638 1058 1666 Deus
1074 1639 1197 1666 visitavit
1218 1647 1327 1667 sumere
1349 1648 1383 1668 ex
1409 1640 1535 1676 gentibus
1550 1642 1684 1677 populum

895 1684 998 1711 nomini
1024 1691 1076 1711 suo
1091 1694 1099 1712 :
1116 1690 1143 1712 et
1172 1685 1236 1713 huic
1251 1687 1422 1714 concordant
1437 1687 1522 1715 verba
1535 1688 1685 1723 prophetae

898 1736 974 1761 rum;
989 1728 1060 1756 sicut
1074 1729 1206 1764 scriptum
1222 1731 1283 1758 est'
1297 1739 1304 1756 :
1316 1745 1350 1750 —
1365 1731 1432 1758 Post
1443 1731 1502 1758 hac
1513 1737 1641 1763 revertar.
1654 1738 1687 1760 et

897 1773 1068 1803 readiﬁcabo
1078 1774 1282 1803 tabernaculum
1300 1775 1418 1809 Davidis,
1433 1777 1506 1812 quod
1523 1777 1640 1811 decidit,
1655 1783 1687 1806 et

896 1820 986 1848 diruta
1002 1822 1062 1856 ejus
1081 1821 1263 1854 rezediiicabo,
1289 1828 1317 1850 et
1329 1824 1431 1858 erigam
1447 1824 1528 1857 illud;
1545 1829 1575 1852 ut
1589 1826 1684 1860 requi4

896 1872 958 1895 rant
973 1867 1062 1895 caeteri
1076 1867 1217 1895 hominum
1238 1868 1399 1902 Dominum;
1413 1874 1440 1897 et
1461 1877 1557 1898 omnes
1576 1875 1684 1905 gentes,

896 1921 978 1948 super
992 1921 1062 1949 quas
1075 1914 1228 1942 invocatum
1240 1921 1282 1942 est
1298 1923 1397 1943 nomen
1414 1924 1522 1950 meum,
1542 1917 1609 1944 dicit
1629 1917 1683 1943 Ι)οι

895 1961 997 1994 minus,
1014 1961 1118 1988 faciens
1131 1961 1316 1989 luem—Nota
1329 1970 1345 1989 a
1364 1962 1463 1990 saeculo
1483 1967 1548 1990 sunt
1563 1963 1682 1991 Domino

893 2005 984 2032 omnia
999 2012 1080 2040 opera
1091 2012 1150 2032 sua.
1166 2004 1280 2040 Propter
1302 2005 1376 2040 quod
1398 2014 1448 2042 ego
1470 2006 1606 2041 judicavi,
1625 2015 1681 2034 non

894 2052 1087 2087 inquietandos
1108 2059 1157 2079 eos
1169 2052 1217 2087 qui
1241 2060 1274 2079 ex
1294 2052 1421 2087 gentibus
1433 2057 1630 2081 convertuntur
1645 2054 1682 2082 ad

894 2097 993 2130 Deum;
1010 2096 1058 2124 sed
1072 2097 1248 2124 scribendum
1272 2097 1305 2124 ad
1330 2105 1389 2130 eos,
1406 2102 1435 2124 ut
1451 2099 1608 2126 abstineant
1621 2108 1650 2127 se
1664 2109 1681 2127 a

893 2143 1173 2170 contaminationibus
1185 2143 1295 2178 gentilis
1313 2143 1469 2180 idolothyti,
1486 2149 1513 2171 et
1536 2145 1681 2180 sanguine.

893 2193 920 2216 et
931 2188 1081 2221 suffocatis,
1097 2193 1124 2216 et
1152 2188 1335 2217 fornicatione
1353 2190 1408 2223 ¹⁰;›
1426 2199 1488 2226 quae
1511 2191 1593 2218 etiam
1608 2192 1682 2218 anti-

32 2236 101 2267 τοῖς
119 2233 178 2260 ἀπὸ
204 2233 259 2260 τῶν
282 2233 365 2260 ἐθνῶν
386 2233 594 2270 ἐπιστρέφουσιν
617 2234 664 2260 ἐπὶ
686 2234 733 2261 τὸν
760 2234 837 2261 Θεόν⁴
854 2236 877 2264 D
891 2237 952 2271 quis
966 2236 988 2263 il‘

901 2237 952 2271 [uis
966 2236 1030 2269 illis,
1044 2236 1090 2271 qui
1104 2239 1168 2264 ante
1182 2236 1268 2271 legem
1297 2236 1450 2264 secundum
1465 2241 1591 2264 naturam
1605 2238 1682 2265 vive-

32 2282 103 2309 ἀλλ⁷
127 2279 186 2315 (65)
206 2279 355 2306 ἐπιστεῖλαι
376 2280 468 2311 αὐτοῖς
492 2279 539 2306 τοῦ
561 2279 710 2315 ἀπέχεσθαι
722 2279 775 2306 ἀπὸ
785 2280 838 2307 τῶν

31 2326 248 2362 ἀλισγημάτων
263 2326 317 2352 τῶν
331 2325 414 2352 ἐθνῶν
439 2325 624 2357 εἰδωλοθύτου,
646 2327 694 2353 καὶ
711 2327 837 2362 αἵματος,

32 2376 91 2403 καὶ
109 2372 239 2404 πνικτοῦ,
261 2372 309 2399 καὶ
334 2371 572 2408 πορνείας-ιάπερ
598 2372 645 2398 καὶ
670 2375 726 2404 τοῖς
755 2373 839 2400 πάλαι

890 2284 966 2315 bant,
982 2283 1086 2311 sancita
1099 2283 1216 2315 fuerant,
1235 2283 1338 2314 Enoso.
1363 2282 1506 2318 Henocho,
1521 2283 1595 2316 Noae,
1611 2283 1681 2312 Μθιε

892 2330 1051 2360 chisedeco,
1083 2328 1163 2361 Jobo,
1180 2333 1207 2356 et
1221 2329 1244 2356 si
1258 2329 1319 2364 quis
1331 2328 1490 2364 hujusmodi
1514 2328 1574 2356 fuit.
1603 2326 1685 2357 Tunc‘

892 2375 994 2411 placuit
1018 2375 1096 2402 nobis
1109 2375 1251 2410 apostolis.
1269 2378 1297 2402 et
1324 2375 1453 2410 episcopo
1469 2374 1583 2408 J‘acobo,
1597 2379 1625 2403 et
1639 2383 1681 2404 se-

76 2464 120 2482 ¹⁶⁰
135 2462 206 2500 Ibid,
219 2461 261 2500 Π.
281 2498 284 2500 _
300 2464 308 2479 ¹
323 2460 390 2490 loci.
405 2470 438 2500 ιιἱ
449 2461 495 2491 '52.
521 2462 624 2500 _'Psal.
642 2473 698 2497 xxv,
712 2465 756 2493 28.
794 2466 805 2482 ³
821 2466 929 2498 Act.xt,
947 2467 990 2495 l2.
1028 2467 1038 2482 ⁸
1052 2466 1111 2494 Act.
1125 2472 1162 2498 in,
1182 2465 1225 2494 15.
1265 2466 1275 2482 ⁵
1291 2467 1352 2494 Act.
1368 2474 1412 2498 xv,
1428 2465 1454 2493 9.
1493 2465 1503 2481 ‘
1518 2464 1580 2493 Act.
1597 2467 1679 2500 L34.

30 2502 44 2520 τ
63 2499 148 2529 Ibid.
162 2497 209 2527 43.
246 2499 257 2515 ⁸
272 2498 332 2526 Act.
349 2503 394 2530 ιν,
412 2499 453 2526 l0.
492 2498 605 2527 'Amos.
625 2508 662 2532 Ix,
676 2501 719 2528 Η.
758 2501 780 2516 ¹⁰
792 2501 852 2529 Act.
873 2510 917 2535 xv,
934 2503 973 2529 l5.

901 2511 917 2535 ι,
934 2503 973 2529 15.

708 2588 890 2618 VARIOBUM
907 2590 1024 2619 NOTAE,

163 2666 285 2705 Κυρίου..
300 2668 353 2695 Τοῦ
366 2668 479 2705 Κυρίου.
496 2670 580 2697 Cum.

93 2671 134 2696 58
163 2671 285 2701 Κυρίου.
300 2671 353 2695 Τοῦ
366 2671 479 2705 Κυρίου.
496 2671 580 2697 Cum.

78 2671 147 2741 ἕως
166 2703 348 2741 βαθαρισας.
364 2703 440 2732 Alter
452 2705 527 2739 cod.,
539 2705 700 2741 καθαρίσαν,
719 2710 749 2733 ut
768 2707 838 2734 refe-

31 2737 131 2770 ratur
138 2737 181 2773 ad
193 2737 315 2773 πνεῦμα.
329 2738 366 2766 In.

75 2773 146 2810 (ῥῷ)
170 2772 290 2810 qu'tai:
304 2773 333 2810 in
346 2774 432 2810 altero
447 2775 591 2810 cod._€c;i.
601 2775 640 2810 in.

75 2777 135 2810 (60
170 2777 287 2800 Ἔσται.
304 2777 333 2800 In
346 2777 432 2801 altero
447 2777 591 2812 cndita-ti.
601 2777 640 2812 In.

75 2777 146 2846 (θιί
157 2806 244 2846 Andr
254 2806 293 2839 τῷ
304 2806 425 2846 ὀνόματι
435 2807 540 2833 αὐτου.
554 2806 646 2834 Lectio
661 2807 842 2846 quorumdam

32 2842 249 2878 interpretum,
254 2842 443 2878 quorumdam
454 2850 534 2878 mss.,
543 2843 726 2878 quarumdam
742 2843 841 2870 editio-

34 2876 132 2913 num;
141 2876 341 2906 nonnullorum
363 2877 484 2912 Patrum,
498 2877 525 2904 in
542 2877 584 2905 his
598 2877 628 2906 Β.
640 2877 841 2914 Chrysostomi,

889 2680 976 2707 coque
994 2669 1086 2699 forsan
1101 2672 1269 2700 (Ecumenio
1293 2672 1450 2705 reddenda;
1474 2672 1679 2713 Theophylaeto

891 2708 981 2734 autem
1008 2715 1063 2734 non
1088 2707 1191 2735 forsan.
1209 2707 1256 2734 sed
1283 2709 1405 2735 omnino.
1434 2708 1507 2735 αιιοίι
1537 2716 1570 2735 ex
1592 2715 1679 2735 IDSIUS

891 2715 981 2734 autem
1008 2715 1063 2734 non
1088 2715 1191 2738 Iorsau.
1209 2715 1256 2734 sea
1283 2716 1405 2741 omnino,
1434 2715 1507 2742 quoa
1537 2716 1570 2735 ex
1592 2715 1678 2741 Ipsius

891 2741 1248 2783 expositione'manifesturn
1316 2743 1391 2771 Alias
1404 2743 1497 2783 rhujus
1517 2742 1615 2777 capitis
1630 2750 1678 2783 va-

893 2778 1009 2814 riantes
1026 2776 1184 2814 Scripturas
1211 2777 1336 2805 similiter
1363 2782 1447 2805 nota:
1491 2776 1578 2814 neque
1605 2777 1678 2804 enim

895 2812 1026 2846 exemplis
1040 2813 1220 2840 carent.Cor.

944 2846 988 2883 (i2)
1008 2848 1141 2882 Ἕκρινα.
1159 2847 1188 2874 In
1204 2847 1366 2883 alterorcod.
1382 2848 1476 2883 κρίνω.
1491 2846 1539 2875 CL.

944 2847 977 2873 62
1008 2848 1141 2882 Ἕκρινα.
1159 2847 1188 2874 In
1204 2847 1289 2875 altero
1303 2847 1366 2875 cod.
1382 2848 1476 2883 κρίνω.
1491 2847 1499 2873 t

932 2847 989 2918 i653
1015 2883 1107 2911 Ἀλλ’.
1119 2883 1148 2910 In
1163 2883 1258 2911 eodem
1272 2882 1330 2910 ἀλλ’
1344 2883 1373 2917 ἦ,
1390 2881 1499 2911 πὺξ-Ι».
