1900 3108
13 150 97 180 ΙΜΊ

469 149 769 179 CONSTITU’I'IONES
791 149 1030 180 Ανοετοιιοάι.
1049 167 1085 172 -
1105 152 1168 181 LlB.
1191 152 1248 181 Vll.

1603 151 1677 180 (018

12 208 106 243 ζωῆς
119 206 159 245 ἧς
168 208 323 245 ἑγνὼρισας
336 209 403 244 ἡμίν
417 207 464 236 διὰ
486 209 573 244 Ἰησοῦ
588 208 635 236 τοῦ
652 209 750 241 Παιδὸς
766 217 812 236 σου
824 216 831 224 ·
847 211 870 240 Α
896 218 913 245 p

901 218 946 245 pro
959 211 1012 238 vita
1027 219 1109 246 quam
1127 213 1307 242 manifest-sti
1324 215 1402 243 nobis
1412 223 1460 250 per
1474 215 1566 244 Iesum
1579 217 1675 246 Filium

11 256 52 282 δι’
69 252 111 289 οὗ
128 256 180 283 καὶ
200 256 237 283 τά
257 256 347 283 πάντα
369 255 515 291 ἐποίησας,
533 256 581 283 καὶ
604 256 658 282 τῶν
673 256 743 283 ὅλων
764 264 833 293 προ-

13 304 122 334 νοεῖς·
147 302 181 329 ὃν
205 303 252 329 καὶ
279 302 443 334 ἀπέστειλας
464 303 529 337 περὶ
551 302 624 339 (58)
651 303 774 339 σωτηρίᾳ
799 304 833 339 τῇ

12 349 163 384 ἡμετέρᾳ
187 348 314 383 γενέσθαι
337 349 494 384 ἄνθρωπον
521 348 551 376 ὃν
573 350 621 376 καὶ
642 348 835 385 συνεχώρησας

13 395 133 421 παθεῖν
155 396 206 422 καὶ
231 395 385 422 ἀποθανεῖν·
402 395 432 421 ὃν
453 396 501 422 καὶ
516 395 672 431 ἀναστήσας
686 395 835 431 εὐδόκησας

12 442 170 474 δοξάσαι,
202 442 249 469 καὶ
268 442 399 473 ὲκάθισας
423 442 456 468 ὲκ
480 441 575 474 δεξιῶν
600 450 657 468 σου·
674 441 708 468 δι’
732 439 763 468 οὗ
787 442 836 469 καὶ

12 489 200 524 ὲπηγγείλω
210 490 276 524 ἡμῖν
290 488 338 524 τὴν
354 488 501 514 ἀνάετασιν
522 487 577 514 τῶν
592 487 705 524 νεκρῶν.
723 488 771 520 Σὺ,
787 489 836 515 Δέ-

15 544 126 564 σπητσ.
151 535 420 572 παντόκρατορ,8εὲ
451 534 554 561 αἱώνιε·
573 534 668 570 ὥσπερ
693 533 728 570 ἦν
757 535 836 562 τοῦτο

13 582 285 618 διεσκορπισμένον
296 602 305 614 ,
329 582 377 608 καὶ
400 581 531 616 συναχθὲν
549 581 658 615 ἐγένετο
679 578 720 613 εἷς
733 582 815 618 ἄρτος
827 603 834 615 ,

14 629 104 655 οὕτω
120 629 266 663 συνάγαγέ
279 637 325 655 σου
336 628 384 664 τὴν
401 628 563 663 Ἐκκλησίαν
576 628 630 655 ἀπὸ
641 628 695 655 τῶν
710 629 836 664 περάτων

15 676 79 710 τῆς
97 675 159 710 γῆς
177 677 217 707 εἰς
230 676 280 711 τὴν
296 675 351 711 (59)
370 675 519 710 βασιλείαν.
529 675 589 702 Ἔτι
608 675 834 712 εὐχαριστοῦμεν,

16 723 107 749 Hei-:2
114 731 130 757 ρ
140 723 159 757 ἡ
166 721 236 757 μῶν,
245 721 316 758 ὑπὲρ
328 721 375 748 τοῦ
386 722 477 758 τιμίου
487 722 603 757 αἵματος
619 721 706 758 Ἰησοῦ
717 722 836 758 Χριστοῦ

15 769 74 796 τοῦ
105 768 276 804 ἐκχυθέντος
299 768 369 804 ὑπὲρ
389 768 479 805 ἡμῶν·
500 769 547 796 καὶ
569 768 617 795 τοῦ
632 769 723 804 τιμίου
745 769 837 804 σώμαο

15 825 83 848 τος·
105 813 142 842 οὗ
156 816 208 842 καὶ
221 815 354 842 ἀντίτυπα
367 815 454 842 ταῦτα
468 815 645 851 ἐπιτελοῦμεν
657 837 664 849 ,
681 815 764 842 αὐτοῦ
779 815 837 842 δια-

14 863 195 898 ταξαμένου
226 863 292 898 ἡμῖν
314 862 510 897 καταγγέλλειν
531 862 577 889 τὸν
599 862 682 889 αὑτοῦ
711 862 834 889 θάνατον·

15 912 55 937 δι’
73 909 174 937 αὑτοῦ
185 910 241 946 γάρ
253 919 294 936 σοι
307 910 365 936 καν
376 909 472 945 ήδόξα,
485 910 525 942 είς
539 909 603 941 τοὺς
614 909 724 941 αίῶνας.
738 909 833 945 Ἀμήν.

15 958 142 993 Μηδεὶς
160 957 191 984 δὲ
206 957 320 984 ἐσθιέτω
340 956 370 989 ἐξ
392 956 482 983 αὐτῶν
493 977 501 990 ,
517 956 572 983 τῶν
598 957 729 992 ἀμυήτων
740 964 746 971 ·
768 955 836 983 ἀλλά

17 1005 113 1039 μόνοι
130 1004 159 1030 oi
176 1002 387 1038 βεϐαπτισμένοι
400 1004 440 1035 είς
454 1002 501 1029 τὸν
523 1002 570 1029 τοῦ
586 1003 689 1039 Κυρίου
711 1002 834 1029 Θάνατον.

15 1052 53 1078 Et
74 1050 112 1077 δέ
133 1058 182 1081 τις
196 1049 319 1086 ἀμύητος
337 1049 445 1085 κρύψας
466 1049 562 1076 ἑαυτὸν
585 1048 734 1086 μεταλάϐῃ,
749 1051 836 1086 κρῖμα

13 1097 148 1123 αἰώνιον
162 1096 289 1130 φάγεταυ
301 1096 342 1122 bu
364 1095 400 1131 μὴ
412 1095 449 1122 ὢν
462 1095 513 1131 τῆς
527 1097 566 1127 είς
577 1095 695 1131 Χριστὸν
707 1095 835 1128 πίστεως,

15 1142 193 1179 μετέλαϐεν
210 1139 247 1169 ὧν
261 1142 292 1169 οὐ
307 1142 401 1178 θέμις,
416 1143 456 1174 εἰς
476 1141 611 1177 τιμωρίαν
635 1141 743 1168 ἑαυτοῦ.
760 1142 792 1168 Et
808 1141 837 1168 δέ

11 1199 66 1222 τις
103 1188 186 1217 κατὰ
207 1190 318 1224 ἄγνοιαν
343 1188 489 1224 μεταλάϐοι
510 1188 593 1224 (60),
618 1188 712 1215 τοῦτον
743 1188 837 1224 τάχιον

15 1234 268 1271 στοιχειώσαντες
294 1235 435 1271 μυήσατε,
461 1236 536 1267 ὅπως
563 1234 601 1270 μὴ
629 1235 837 1271 καταφρονητὴς

12 1282 152 1316 ἐξέλθοι.

295 1382 494 1409 ΚΕΦΑΛΑΙΟΝ
513 1381 585 1415 KG”.

145 1440 334 1475 Εὑχαριστία
349 1439 399 1466 ἐπὶ
412 1439 449 1473 τῇ
468 1439 533 1473 θείᾳ
549 1439 728 1474 μεταλήψει.

53 1498 152 1528 Μετά
181 1498 209 1524 δὲ
234 1497 282 1533 τὴν
309 1497 479 1533 μετάληψιν,
502 1496 589 1528 οὕτως
610 1497 835 1532 εὐχαριστήσατε·

10 1544 265 1582 Εὐχαριστοῧμέν
290 1553 351 1576 σοι,
367 1544 381 1570 ὁ
403 1543 470 1575 Θεὸς
485 1543 532 1570 καὶ
557 1543 652 1579 Πατὴρ
679 1542 766 1578 Ἰησοῦ
789 1542 836 1570 τοῦ

10 1594 168 1628 Σωτῆρος
191 1591 286 1626 ἡμῶν,
301 1591 372 1626 ὑπὲρ
386 1589 433 1616 τοῦ
453 1590 531 1624 ἀγίου
547 1589 710 1626 ὀνόματός⁷¹
726 1598 788 1622 σου,
805 1585 836 1616 οὗ

8 1639 257 1674 κατεσκήνωσας
270 1638 299 1664 ὲν
314 1639 391 1673 ἡμῖν·
413 1637 461 1664 καὶ
474 1637 544 1673 ὑπὲρ
559 1637 610 1672 τῆς
632 1636 770 1671 γνώσεως,
790 1636 838 1663 καὶ

8 1689 158 1718 πίστεως
171 1707 180 1719 ,
195 1685 242 1711 καὶ
263 1685 393 1720 ἀγάπης,
417 1685 464 1711 καὶ
489 1684 652 1715 ἀθανασίας·
679 1681 713 1719 ἧς
735 1683 838 1716 ἔδωκας

8 1737 24 1767 ἦ
33 1737 94 1771 μῖν
115 1732 166 1759 διὰ
183 1731 270 1767 Ἰησοῦ
285 1731 332 1758 τοῦ
349 1731 447 1761 Παιδός
461 1740 516 1758 σου.
534 1731 581 1764 Σὺ,
597 1731 721 1758 Δέσποτα
740 1731 837 1758 παντό-

8 1793 26 1809 κ
32 1788 162 1816 ρατορ,
180 1780 195 1805 ὁ
209 1779 275 1811 Θεὸς
289 1778 344 1805 τῶν
367 1778 446 1812 ὅλων,
461 1777 572 1811 ἔκτισας
590 1778 645 1814 (61)
660 1778 706 1806 τὸν
722 1779 835 1814 κόσμον,

8 1830 68 1857 καὶ
82 1828 128 1854 τὰ
144 1827 179 1854 ὲν
189 1826 274 1861 αὐτῷ,
290 1826 323 1852 δι’
333 1825 425 1853 αὑτοῦ·
438 1826 485 1853 καὶ
498 1826 579 1862 νόμον
594 1826 798 1861 κατεφύτευσας
807 1827 837 1853 ὲν

7 1878 86 1907 ταῖς
99 1874 212 1909 ψυχαῖς
231 1873 319 1909 ἡμῶν·
336 1873 383 1900 καὶ
395 1873 429 1899 τὰ
443 1873 511 1908 πρὸς
526 1872 676 1909 μετάληψιν
689 1874 837 1909 προευτρέ·

8 1932 46 1949 πι
52 1929 117 1952 σας
138 1919 200 1956 (6‘2)
218 1919 381 1955 ἀνθρώποις.
395 1920 424 1946 '0
440 1919 507 1951 Θεὸς
516 1919 571 1946 τῶν
582 1919 667 1954 ἁγίων
685 1920 733 1947 καὶ
746 1920 837 1956 ἀμέμ-

8 1976 110 1995 πτων
123 1966 256 2001 πατέρων
265 1965 354 2001 ἡμῶν,
363 1965 496 2001 Ἀϐραὰμ,
507 1967 554 1993 καὶ
565 1965 717 1997 Ἰσαὰκ,καὶ
729 1966 835 1999 Ἰακὼϐ,

8 2016 78 2042 τῶν
102 2011 220 2040 πιστῶν
242 2012 341 2039 δούλων
355 2021 412 2039 σου.
429 2013 458 2039 '0
473 2013 587 2045 δυνατὸς
602 2013 683 2046 Θεὸς,
705 2013 719 2039 ὁ
742 2013 837 2045 πιστὸς

8 2063 68 2090 καὶ
96 2059 256 2095 ἀληθινὸς,
282 2060 329 2086 καὶ
347 2060 465 2096 ἀψευδὴς
486 2060 515 2086 ὲν
537 2061 598 2092 ταῖς
619 2060 805 2094 ἐπαγγελίαις·
822 2061 837 2086 ὸ

8 2105 208 2137 ἀποστείλας
220 2106 265 2132 ἐπὶ
277 2105 329 2141 γῆς
347 2105 450 2142 Ἰησοῦν
464 2106 511 2132 τὸν
524 2106 642 2142 Χριστόν
657 2115 716 2140 σου,
732 2106 837 2142 ἀνθρώ-

8 2163 91 2187 ποις
106 2152 373 2188 συναναστραφῆναι
386 2153 424 2185 ὡς
437 2153 589 2188 ἄνθρωπον,
599 2153 665 2179 Θεὸν
675 2153 739 2180 ὄντα
750 2154 837 2188 Λόγον

8 2202 70 2229 καὶ
99 2199 272 2235 ἄνθρωπον,
292 2199 340 2226 καὶ
354 2199 402 2235 τὴν
427 2199 533 2235 πλάνην
556 2199 705 2236 πρόρριζον
719 2200 834 2228 ἀνελεῖν.

850 1577 871 1606 C

896 260 992 289 tuum;
1019 265 1067 292 per
1085 266 1165 293 quem
1190 263 1246 286 tum
1272 260 1364 288 omnia
1388 262 1506 294 creasti,
1525 267 1583 289 tum
1612 263 1675 290 uni-

891 302 980 330 versis
1009 304 1153 337 provides;
1180 312 1261 339 quem
1285 309 1313 332 et
1338 306 1447 339 misisti,
1478 310 1507 334 ut
1536 307 1570 334 ad
1601 310 1676 335 salu-

891 351 945 374 tem
976 350 1103 374 nostram
1134 349 1217 377 homo
1246 350 1338 383 ﬁeret;
1367 359 1448 385 quem
1467 351 1553 379 etiam
1576 353 1678 387 peruti-

884 395 946 423 sisti
966 396 1023 430 pati
1043 399 1070 422 et
1087 396 1269 432 mori;quem
1287 400 1315 424 et
1335 397 1506 424 resuscitans
1522 396 1678 431 gloriﬁcare

884 441 1007 475 voluisti,
1023 445 1051 469 et
1074 442 1170 470 sedere
1191 442 1281 470 iecisti
1297 442 1330 470 ad
1350 442 1491 470 dexteram
1506 446 1582 470 tuam
1599 452 1606 470 :
1628 451 1678 478 per

884 496 966 523 quem
981 491 1009 516 et
1025 489 1176 524 promisisti
1195 489 1275 517 nobis
1297 490 1530 517 resurrectionem
1553 494 1678 517 mortuo-

885 542 957 562 rum.
969 534 1022 567 Tu.
1034 535 1148 563 Domine
1162 535 1348 571 omnipotens,
1358 536 1430 563 Deus
1445 539 1547 563 :eterne
1559 545 1565 563 :
1581 544 1678 571 quem-

885 580 1033 608 admodum
1049 581 1102 608 hoc
1120 585 1180 609 erat
1201 581 1374 617 dispersum,
1399 586 1427 610 et
1449 590 1511 609 cum
1537 582 1588 609 fuit
1610 590 1678 610 con-

885 630 1038 662 gregatum.
1055 627 1146 655 factus
1157 631 1200 655 est
1214 636 1287 656 unus
1299 630 1380 664 panis
1390 649 1398 661 ,
1417 628 1455 656 ita
1475 636 1610 664 congrega
1626 628 1679 657 Ec-

885 673 997 700 clesiam
1020 677 1096 701 tuam
1120 681 1136 702 a
1160 673 1261 703 ﬁnibus
1286 679 1365 702 terra:
1385 675 1413 702 in
1428 683 1554 711 regnum.
1579 675 1678 704 Adhuc

886 720 988 755 gratias
1004 720 1128 755 agimus,
1145 720 1228 748 Pater
1252 725 1362 754 noster,
1378 730 1428 757 pro
1454 723 1577 758 pretioso
1609 731 1678 751 san-

885 767 968 801 guine
982 766 1046 794 Jesu
1062 767 1167 795 Christi
1179 767 1266 795 eﬁ'uso
1280 774 1375 796 nostra
1391 776 1492 800 causa;
1508 773 1535 796 et
1549 777 1600 805 pro
1616 778 1679 806 pre-

886 813 958 841 tioso
980 821 1113 849 corpore,
1129 814 1210 849 cujus
1225 818 1252 842 et
1275 815 1334 843 haec
1348 817 1471 852 antitypa
1494 817 1677 850 celebramus.

887 867 949 887 cum
966 860 1026 894 ipse
1038 860 1118 888 nobis
1134 862 1310 889 constituerit
1339 866 1455 889 mortem
1473 862 1547 891 illius
1567 872 1678 892 annun-

888 907 958 933 tiare
973 906 1018 934 ":
1044 914 1093 942 per
1114 907 1204 942 ipsum
1227 908 1301 935 enim
1322 908 1372 935 tibi
1396 909 1483 944 gloria
1504 909 1533 936 in
1563 913 1677 939 saecula.

886 952 984 980 Amen.
1000 952 1099 981 Nullus
1111 961 1197 988 porro
1210 961 1242 981 ex
1257 954 1291 981 iis
1304 955 1350 989 qui
1370 955 1470 982 initiati
1484 963 1531 982 seu
1548 955 1679 991 baptizati

887 1006 943 1026 non
959 1004 1034 1032 sunt,
1051 1007 1085 1027 ex
1098 1001 1138 1028 eis
1150 1000 1295 1034 comedat;
1312 1000 1361 1028 sed
1379 1001 1430 1028 soli
1449 1002 1468 1029 ii
1485 1003 1532 1037 qui
1549 1003 1679 1038 baptizati

888 1046 999 1073 fuerunt
1013 1046 1040 1073 in
1056 1046 1165 1074 Domini
1188 1051 1315 1075 mortem.
1330 1047 1358 1075 Si
1380 1048 1443 1083 quis
1467 1056 1533 1076 vero
1553 1057 1608 1077 non
1623 1050 1679 1077 ini-

887 1092 983 1125 tiatus,
999 1093 1129 1120 celaverit
1153 1100 1183 1122 se
1199 1093 1300 1128 ipsum,
1316 1099 1343 1122 et
1358 1094 1398 1122 sic
1413 1095 1679 1130 communicaverit;

886 1139 1021 1174 judicium
1037 1143 1169 1167 aeternum
1191 1140 1369 1169 manducabit
1378 1142 1419 1176 ⁷¹;
1434 1142 1508 1177 quod
1530 1150 1585 1170 non
1602 1143 1681 1170 addi-

887 1189 950 1213 ctus
964 1185 1029 1213 ﬁdei
1046 1187 1073 1213 in
1089 1186 1229 1214 Christum
1241 1207 1249 1218 .
1264 1195 1325 1223 quae
1340 1187 1382 1216 fas
1395 1196 1451 1216 non
1469 1193 1530 1216 erat
1549 1190 1679 1224 sumpsit,

889 1233 917 1259 in
931 1232 1097 1267 supplicium
1116 1241 1207 1261 suum.
1231 1232 1260 1260 Si
1279 1234 1343 1269 quis
1364 1239 1455 1262 autem
1482 1243 1532 1270 per
1551 1236 1680 1270 ignoran-

888 1277 955 1305 tiam
969 1278 1178 1314 participaverit
1189 1300 1197 1312 ,
1214 1279 1288 1308 hunc
1305 1281 1360 1308 cito
1377 1281 1518 1315 instruitc,
1535 1290 1568 1310 ac
1591 1282 1680 1318 bapti-

888 1331 949 1352 smo
963 1325 1081 1358 initiate,
1093 1333 1128 1354 ne
1138 1330 1311 1362 contemptor
1328 1331 1416 1356 exeat.

1167 1383 1283 1412 CAPUT
1302 1384 1399 1413 XXVI.

956 1440 1113 1469 Gratiarum
1133 1442 1204 1469 actio
1224 1450 1303 1477 super
1315 1442 1407 1470 diuina
1420 1444 1613 1473 communione.

923 1497 991 1526 Post
1005 1498 1227 1526 c0mmunionem
1241 1507 1317 1530 vero.
1334 1500 1374 1527 sic
1390 1501 1494 1535 gratias
1507 1501 1596 1536 agile:
1613 1501 1679 1530 Gra-

888 1545 942 1573 tias
968 1545 1075 1581 agimus
1098 1545 1170 1578 tibi,
1184 1545 1256 1573 Deus
1278 1550 1306 1573 ct
1334 1545 1416 1574 Pater
1440 1546 1504 1574 Jesu
1530 1547 1679 1576 Salvatoris

888 1592 989 1624 nostri,
1004 1599 1055 1628 pro
1072 1596 1169 1620 sancto
1189 1593 1300 1620 nomine
1321 1597 1379 1625 tuo,
1401 1594 1474 1628 quod
1492 1594 1617 1622 habitare
1642 1595 1673 1623 fe-

888 1639 954 1666 cisti
971 1639 998 1666 in
1013 1639 1112 1673 nobis;
1128 1644 1155 1667 et
1178 1648 1228 1675 pro
1240 1640 1408 1675 cognitione,
1426 1641 1487 1673 fide,
1507 1641 1643 1670 charitate
1655 1647 1679 1670 et

888 1685 1096 1713 immortalitate
1116 1694 1178 1722 quae
1190 1686 1289 1714 dediSti
1315 1687 1395 1715 nobis
1411 1695 1458 1723 per
1467 1687 1561 1715 Jesum
1579 1689 1678 1717 Filium

887 1735 977 1759 tuum.
994 1731 1046 1764 Tu,
1059 1731 1174 1760 Domine
1189 1732 1374 1768 omnipotens,
1390 1733 1461 1761 Deus
1475 1734 1678 1770 universorum,

888 1779 986 1807 creasti
998 1778 1129 1806 mundum
1142 1782 1168 1806 et
1182 1787 1243 1814 qum
1254 1783 1318 1806 sunt
1329 1779 1356 1806 in
1369 1788 1412 1811 eo.
1423 1788 1471 1815 per
1482 1781 1571 1816 ipsum
1584 1790 1592 1815 ;
1605 1785 1631 1809 et
1643 1782 1680 1810 le-

888 1834 948 1861 gem
961 1826 1085 1854 insevisti
1102 1826 1130 1852 in
1141 1825 1287 1853 animabus
1297 1827 1416 1858 nostris;
1429 1831 1456 1855 et
1470 1828 1554 1855 victui
1568 1836 1677 1856 accom-

888 1873 970 1900 moda
995 1872 1156 1907 prazparasti
1181 1872 1351 1900 hominibus.
1379 1872 1451 1901 Deus
1475 1878 1634 1902 sanctorum
1654 1880 1682 1904 et

888 1919 1090 1954 inculpatorum
1103 1922 1212 1953 patrum
1230 1923 1400 1951 nostrorum,
1419 1919 1578 1952 Abrahaui,
1594 1920 1680 1949 lsaaci

888 1969 915 1992 et
929 1965 1036 1996 Jacobi,
1047 1965 1168 1993 ﬁdelium
1189 1973 1330 1993 servorum
1347 1970 1467 1994 tuorum.
1483 1966 1555 1995 Deus
1571 1973 1679 2003 potens,

889 2012 978 2040 ﬁdelis
992 2016 1020 2040 et
1043 2020 1137 2044 verax,
1153 2016 1181 2040 et
1196 2012 1224 2040 in
1239 2013 1385 2048 promissis
1411 2022 1465 2041 non
1483 2014 1620 2048 mendax;
1633 2015 1678 2051 qui

888 2059 988 2088 misisti
1008 2060 1035 2087 in
1051 2064 1151 2088 terram
1169 2059 1264 2088 Jesum
1278 2059 1420 2088 Christum
1439 2064 1536 2094 tuum,
1562 2065 1592 2089 ut
1616 2069 1679 2089 cum

888 2106 1046 2134 hominibus
1072 2111 1284 2134 conversaretur
1299 2111 1429 2142 tanquam
1448 2107 1541 2140 homo.
1557 2115 1620 2136 cum
1645 2108 1678 2136 sit

887 2156 914 2181 et
930 2152 1001 2181 Deus
1011 2152 1144 2186 Verbum,
1156 2157 1184 2181 et
1199 2153 1292 2186 homo,
1310 2158 1394 2189 utque
1405 2161 1528 2182 errorem
1545 2154 1680 2183 radicitus

887 2200 1025 2228 evelleret.
1038 2200 1100 2236 Ipse
1114 2204 1142 2228 et
1161 2208 1235 2228 nunc
1260 2208 1309 2236 per
1332 2208 1395 2228 eum
1411 2205 1548 2229 memento
1564 2201 1680 2236 hujusce

8 2248 122 2278 Αὐτὸς
146 2246 198 2273 καὶ
219 2245 267 2272 νῦν
290 2246 323 2273 δι’
346 2245 427 2272 αὑτοῦ
453 2246 586 2282 μνήσθητι
610 2246 661 2281 τῆς
685 2247 765 2281 ἁγίας
787 2256 835 2274 σου
851 2256 874 2284 ι)
889 2254 914 2275 sa

901 2251 992 2275 nancta:
1014 2246 1145 2275 Ecclesiae
1173 2251 1247 2280 tuae,
1268 2255 1351 2283 quam
1376 2248 1532 2284 acquisiisti
1558 2248 1680 2284 pretioso

16 2291 211 2328 Ἑκκλησίας
220 2292 330 2329 ταύτης,
341 2292 375 2328 ῆν
387 2292 573 2328 περιεποιήσω
587 2292 626 2328 τῷ
640 2293 724 2329 τιμίῳ
738 2293 834 2329 αἵματι
887 2301 914 2321 sa

903 2294 1022 2330 anguine
1042 2294 1145 2322 Christi
1168 2293 1228 2328 tui;
1254 2298 1337 2330 atque
1363 2301 1424 2322 eam
1441 2294 1477 2322 ab
1504 2295 1579 2323 omni
1605 2294 1679 2323 malo

54 2364 84 2381 ’³
103 2362 116 2390 Ι
133 2362 203 2389 Cor.
221 2369 259 2390 ιι.
274 2361 320 2389 26.
357 2361 381 2378 "
398 2361 478 2395 lbid.,
495 2361 540 2388 29.
578 2361 603 2377 "
617 2360 698 2389 Deest
713 2361 741 2389 in
759 2362 815 2390 alio
826 2361 933 2390 codice.

702 2422 886 2459 νΑιιιοηυΜ
903 2431 1020 2459 NOTAE.

54 2521 130 2561 (58)
142 2519 233 2561 inept.
258 2519 318 2561 Ἐπί
341 2520 442 2561 rectius
467 2520 494 2548 in
516 2527 577 2548 eoo.
602 2519 828 2561 Vindobonensi,

7 2555 79 2590 hoe
100 2555 164 2588 ea,
187 2559 292 2592 propter
310 2555 425 2592 salutem
441 2560 579 2588 nostram;
596 2564 648 2584 nec
665 2556 727 2592 περι
746 2556 829 2584 tinem

11 2591 199 2632 gnificare
212 2590 390 2632 so|e_t._C|.sn.

53 2625 131 2668 (⁵ο)
251 2625 349 2668 melius
369 2627 419 2668 σήν
436 2627 463 2668 in
491 2634 543 2654 ms.
565 2626 648 2655 Vind.
664 2628 700 2668 _irt
721 2635 830 2668 regnum

10 2661 125 2696 tui-IL
141 2661 260 2696 Regnum
271 2661 325 2697 Dei
340 2666 387 2697 aut
397 2661 526 2689 calorum
548 2670 604 2690 non
631 2663 700 2690 solet
724 2661 830 2697 siinpli-

8 2705 102 2732 citet
121 2696 248 2732 βασιλεία
261 2696 327 2724 dici.
344 2696 414 2725 Vide
428 2698 500 2725 intra
514 2705 540 2726 c.
555 2698 602 2730 26,
618 2699 670 2725 sub
683 2696 828 2726 ﬁnemIln.

55 2732 131 2773 (σοὶ
150 2733 190 2761 ει
202 2732 236 2760 δέ
248 2733 382 2773 {fc-mira
402 2732 526 2773 ἆγνριφς·
538 2733 718 2773 μεταλάᾷοι..
732 2732 760 2773 In
775 2732 830 2760 lie-

9 2767 151 2809 ερόιεῖο
174 2768 316 2809 canonicis
330 2767 467 2809 Timothei
488 2767 667 2809 Alexandrini
686 2768 719 2796 ad
744 2769 829 2809 inter-

9 2803 201 2844 rapio-cs
212 2803 267 2866 ti‘psi
280 2810 328 2838 per
339 2804 484 2839 episcopos
498 2807 526 2831 et
541 2804 658 2832 clericos
673 2804 829 2845 propositas

10 2851 93 2868 ran.
108 2839 142 2868 ι.
154 2846 211 2868 anu
247 2835 439 2866 Balsamonem
454 2858 461 2868 .
477 2839 596 2868 b.1059.
618 2839 651 2866 ad
678 2844 829 2868 interroaa-

10 2851 93 2879 rap.
108 2851 142 2872 1.

11 2872 144 2908 ιὶὸιιοω
171 2872 243 2908 Quid
258 2873 399 2910 Amantium
416 2872 507 2905 sin-si
533 2883 597 2910 puer
615 2872 828 2906 oatechumeniu,

13 2919 74 2944 aut
95 2912 183 2940 homo
198 2908 318 2944 adultis,
331 2909 394 2937 dum
409 2909 508 2938 oblatio
517 2908 604 2947 ﬁeret,
622 2915 765 2947 opportuna
781 2911 829 2937 ad-

247 2835 443 2874 Ba'lsam'onem'
454 2858 461 2872 ,
477 2839 596 2874 p.1059.
618 2839 651 2866 ad
673 2835 829 2874 'intérroga-
860 2840 866 2848 ‘

884 2522 1095 2560 [uerittcjuaque
1108 2522 1211 2560 nescius
1234 2523 1322 2558 [actus
1338 2522 1373 2549 sit
1393 2521 1525 2560 particeps
1536 2542 1544 2555 ,
1561 2530 1678 2560 respon-

884 2558 964 2585 detur
979 2558 1257 2592 baptizandum'eum
1271 2564 1346 2589 esse,
1365 2561 1460 2592 utpote
1474 2566 1490 2585 a
1514 2557 1569 2586 Deo
1591 2557 1676 2588 voca-

884 2566 964 2585 uetur
979 2566 1012 2585 na
1033 2566 1174 2585 tlzanaum
1183 2566 1257 2585 'eum
1271 2566 1346 2589 esse,
1365 2566 1460 2592 utpote
1474 2566 1490 2585 a
1514 2566 1569 2586 υθθ
1591 2567 1676 2588 νοθε-

884 2597 954 2621 tum.
968 2566 1032 2623 Sed)
1040 2600 1102 2630 cum
1119 2593 1226 2620 ratione
1242 2592 1490 2630 Constitu_t_or_is_nc
1511 2599 1678 2630 contemptor

882 2632 969 2666 erant.
986 2628 1115 2666 congruit
1135 2636 1223 2666 canon
1241 2627 1275 2666 _57
1290 2628 1388 2666 synodi
1405 2627 1548 2666 Toletanze
1560 2627 1604 2666 :lV,
1615 2627 1676 2666 'quo

883 2663 1042 2691 decernitur
1058 2668 1086 2690 ut
1100 2663 1188 2692 ειυαεὶ
1202 2664 1248 2698 qui
1266 2671 1314 2699 per
1322 2664 1383 2699 vim
1406 2663 1536 2699 haptizati
1556 2663 1674 2698 fuerant,

883 2699 999 2734 aliisque
1008 2700 1190 2728 sacramentis
1201 2698 1305 2731 donati,
1315 2698 1499 2735 Christianam
1517 2700 1674 2735 religionem

884 2735 1006 2770 retinere
1020 2739 1164 2770 cogantur.
1180 2743 1212 2762 ne
1227 2742 1327 2770 nomen
1336 2734 1455 2761 divinum
1469 2734 1674 2769 blasphematur,

883 2775 907 2797 et
920 2769 986 2805 fides
1001 2769 1081 2805 quam
1095 2774 1266 2805 susceperunt
1282 2769 1342 2797 vilia
1358 2778 1390 2796 ac
1405 2770 1611 2800 contemptibilis
1625 2772 1673 2799 Ita-

882 2806 985 2833 beatur.
1000 2806 1069 2833 Cor.

917 2841 1299 2882 (6l)_'Exua'iz_;-.'U_xtiaac
1317 2840 1346 2868 in
1367 2840 1453 2868 altero
1474 2840 1536 2869 cod.
1554 2840 1672 2872 Vindoh.

882 2880 909 2903 et
923 2876 1034 2910 quidem
1050 2877 1166 2904 rectius.
1181 2876 1267 2904 Cum.

919 2912 973 2948 (6-1)
993 2911 1242 2946 Προευτρέκισας.
1265 2912 1338 2940 ldsm
1354 2911 1526 2949 ιὺτρίπισας.
1543 2911 1581 2941 lo.
