1900 3108
31 176 81 204 1021

412 171 713 202 CONSTITUTIONES
729 172 966 202 APOSTOLICE.
984 189 1019 194 —
1036 172 1099 202 LIB.
1118 173 1174 204 VII.

1559 176 1631 205 θυαε

31 238 98 263 τασαν
111 233 230 270 ἀπαρχὴν
244 233 333 270 ἄρτων
348 232 469 269 θερμῶν,
486 233 619 270 κεραμίου
634 233 689 270 (68)
703 234 784 268 οῐνου,

857 241 902 261 um
918 233 1079 267 calidarum,
1098 234 1157 262 vini
1179 241 1195 262 e
1208 233 1294 266 dolio,
1312 238 1360 261 aut
1375 233 1439 266 olei,
1458 236 1506 261 aut
1527 234 1628 265 mellis,

30 284 38 319 η
51 284 136 313 ἐλαίου,
151 281 167 317 ἢ
183 281 296 317 μέλιτος,
314 280 330 316 ἢ
346 279 505 316 ἀκροδρύων
515 300 521 312 ,
535 280 684 316 σταφυλῆς,
701 280 718 316 ἢ
733 280 788 307 τῶν

30 332 94 358 ιλλων
105 329 149 365 τὴν
165 327 290 364 ἀπαρχὴν
307 326 403 358 δώσεις
426 328 483 359 τοῖς
506 326 640 362 ἱερεῦσιψ
655 326 788 363 ἀργυρίου

30 378 46 404 τὲ
58 377 97 403 καὶ
108 373 260 411 ἱματισμοῦ,
275 373 323 401 καὶ
338 372 441 405 παντὸς
459 373 610 409 κτήματος,
623 372 663 408 τῷ
678 372 789 409 ὀρφανῷ

30 423 191 459 ωήῆῃ

260 466 459 495 ΚΕΦΑΛΔῙΟΝ
478 466 517 493 Δ’.

30 519 102 549 Ὅπως
114 516 166 550 χρὴ
180 514 236 549 τὴν
248 513 457 551 ἀναστάς-ιμον
475 511 535 551 τοῦ.
551 510 689 551 Σωτῇρος
704 510 788 546 ἡμῶν

101 545 213 586 η
222 545 509 583 συναθροιζομένους
523 545 679 581 ἑορτάζειν,

52 631 96 667 Τὴν
110 628 287 664 ἀναστάσιμον
301 626 348 654 τοῦ
364 625 468 662 Κυρίου
487 624 605 661 ἡμέραν,
621 624 671 660 τὴν
684 624 789 660 Κυρια-

29 679 65 712 ιήν
78 684 166 711 φαμεν,
182 673 344 710 συνέρχεσθε
359 672 549 704 ἀδιαλείπτως,
565 670 789 706 εὐχαριστοῦντες

29 725 55 760 τῷ
66 723 124 759 Θεῷ,
143 723 188 750 καὶ
212 719 451 756 ἐξομολογούμενοι
476 718 519 752 ἐφ’
541 714 581 748 οἷς
604 716 788 752 εὐηργέτησεν

29 771 82 805 ὑμᾶς
96 769 145 805 (69)
158 769 172 794 ὁ
186 767 252 799 Θεὸς
272 766 316 793 διὰ
335 764 470 802 Χριστοῦ,
494 763 644 799 ῥυσάμενος
665 762 788 796 ἀγνοίας,

29 816 118 850 πλάνης,
137 813 255 850 δεσμῶν·
279 813 354 844 ὅπως
378 808 554 847 ἀμεμπτοςῇ
573 811 590 845 ἡ
605 808 684 836 θυσία
701 809 788 845 ὑμῶν,

29 863 61 888 καὶ
72 860 226 896 εὖανάφορος
237 858 307 894 Θεῷ,
322 857 362 893 τῷ
381 857 484 884 εἰπόντι
498 856 563 892 περὶ
576 856 626 891 τῆς
638 856 789 891 οἰκουμενι-

29 909 65 943 κῆς
85 906 160 933 αὑτοῦ
188 904 363 939 Ἑκκλησίας,
386 903 427 930 ὅτι
451 912 460 928 ι
479 903 508 929 ὲν
533 902 616 929 παντὶ
640 901 716 937 τόπῳ
744 910 789 937 μοι

29 952 247 988 προσενεχθήσεται
268 949 406 986 θυμίαμα,
428 948 476 976 καὶ
499 947 579 974 θυσία
600 947 723 983 καθαρά-
748 948 790 974 ὅτι
806 944 827 972 Β

29 999 129 1032 βασιλεὺς
147 997 233 1033 μέγας
251 995 307 1031 ἐγώ
335 996 392 1031 ειμι
403 1015 409 1027 ,
424 994 498 1029 λέγει
515 993 617 1030 Κύριος
637 993 791 1029 παντοκρά-

29 1053 75 1079 τωρ,
87 1043 169 1071 καὶτὸ
185 1042 274 1078 δνομὰ
290 1050 339 1078 μου
355 1040 510 1076 θαυμαστὸν
525 1041 554 1066 ὲν
569 1041 627 1071 τοῖς
642 1039 740 1066 ἔθνεσι,
761 1048 771 1065 ›

256 1086 453 1115 ΚΕΦΔΛΑῙΟΝ
472 1087 534 1113 AA'.

80 1136 158 1168 Οἶους
171 1135 248 1162 εἶναι
262 1134 321 1169 χρὴ
336 1133 408 1166 τοὺς
423 1131 719 1167 χειροτονουμένους.

51 1181 249 1217 Προχειρίσασθε
271 1180 299 1207 δὲ
321 1180 487 1211 ἐπισκόπους
509 1178 601 1210 ἀξίους
615 1177 662 1204 τοῦ
676 1177 790 1213 Κυρίου,

28 1228 60 1253 καὶ
73 1227 274 1263 πρεσϐυτέρους,
290 1226 339 1253 καὶ
351 1225 500 1257 διακόνους,
515 1224 615 1260 ἀνδρας
626 1223 747 1255 εὐσεῦεἶς
756 1223 791 1255 ”,

28 1273 131 1305 Βικαίους,
146 1274 254 1310 πραεῖς,
270 1271 490 1308 ἀφιλαργύρους,
508 1270 675 1306 φιλαλήθεις,
689 1269 792 1297 δεδοκι-

28 1320 165 1355 μασμένους,
191 1319 300 1352 ὁσίους,
322 1317 602 1354 ἀπροσωπολήπτους,
628 1315 792 1352 δυναμένους

28 1367 135 1394 διδάσκειν
145 1367 190 1394 sev
203 1367 284 1401 λόγον
298 1366 350 1401 τῆς
364 1364 515 1396 εὺσεδείας,
529 1362 744 1399 ὸρθιπομοῦντας
762 1362 792 1389 ὲν

28 1415 67 1444 τοῖς
77 1412 118 1440 τοῦ
131 1413 233 1450 Κυρίου
249 1412 390 1448 δόγμασιν.
410 1410 504 1446 Ὑμεῖς
525 1409 554 1436 δὲ
571 1409 670 1444 τιμᾶτε
682 1407 792 1439 τούτους

28 1460 52 1491 ὣς
70 1460 189 1496 πατέρας,
205 1459 247 1491 ὼς
268 1458 391 1494 κυρίους,
413 1457 452 1489 ὼς
470 1456 631 1492 εὐεργέτας,
646 1455 684 1487 ὡς
698 1453 746 1481 τοῦ¹
761 1452 792 1482 εὖ

27 1504 78 1532 εἶναι
99 1506 206 1538 αἰτίους.
238 1504 378 1539 Ἐλέγχετε
397 1503 426 1530 δὲ
448 1502 588 1538 ἀλλήλους,
613 1500 650 1537 μὴ
668 1501 697 1527 ὲν
711 1500 791 1536 ὀργῇ,

27 1552 68 1577 ἀλλ’
81 1553 105 1578 ὲν
119 1551 303 1588 μακροθυμίᾳ,
322 1549 390 1586 μετά
406 1548 590 1585 χρηστότητος
604 1547 653 1574 καὶ
669 1547 790 1582 εἰρήνης.

27 1598 98 1624 Πάντα
110 1597 141 1624 τὰ
154 1596 383 1633 προστεταγμένα
405 1596 470 1630 ὑμῖν
485 1593 538 1621 ὑπὸ
552 1593 598 1620 τοῦ
618 1592 719 1628 Κυρίου
742 1600 792 1627 φυ-

27 1644 111 1676 λάξατε.
129 1623 381 1680 νίρηγορεῖτειυπὲρ
395 1623 446 1677 τεῖίς
465 1639 539 1675 ζωῆς
552 1639 638 1675 ὑμῶν.
686 1623 791 1665 Ἔστω·
804 1623 828 1656 c

27 1699 63 1716 σαν
77 1691 102 1716 αἱ
121 1690 218 1725 ὀσφύες
240 1689 318 1725 ὑμῶν
342 1687 576 1724 περιεζωσμέναι,
593 1686 640 1712 καὶ⁵
662 1685 687 1712 oi.
701 1685 791 1720 λύχνοι

27 1737 152 1772 καιόμενοι·
167 1737 214 1764 καὶ
229 1737 309 1772 ὑμεῖς
331 1736 418 1771 ὅμοιοι
438 1733 592 1769 ἀνθρώποις
608 1731 791 1767 προσδεχομέ-

27 1791 66 1814 νοις
83 1783 123 1809 τὸν
143 1783 237 1819 κύριον
252 1782 366 1813 ἑαυτῶν,
386 1781 451 1807 πότε
465 1780 535 1816 ἥξει,
555 1779 675 1815 ἑσπέρας
690 1778 706 1813 ἢ
719 1777 792 1813 πρωϊ

27 1828 76 1863 3⁷0),
91 1828 322 1865 ἀλεκτοροφωνίας
336 1828 353 1862 ἢ
370 1827 543 1863 μεσονυκτίου
554 1835 560 1841 ·
608 1825 662 1860 γὰρ
685 1823 745 1860 ὥρᾳ
760 1824 791 1850 οὺ

27 1875 194 1909 προσδοκῶσιν,
224 1874 364 1901 ἐλεύσεται
392 1874 407 1899 ό
430 1872 547 1908 Κύριος·
574 1871 621 1898 καὶ
646 1869 693 1897 ἐὰν
716 1869 792 1905 αὑτῷ

27 1922 126 1954 ίνοίξωσι
137 1943 144 1955 ,
162 1922 293 1958 μακάριοι
308 1921 333 1947 οἱ
350 1919 440 1947 δοῦλοι
454 1920 552 1946 ὲκείνοι
564 1937 571 1950 ,
586 1917 626 1943 ὃτι
641 1916 792 1952 εὑρέθησαν

27 1969 209 2004 γρηγοροῦντες·
235 1969 276 1994 ὅτι
299 1966 492 2003 περιζώσεται,
516 1965 563 1992 καὶ
587 1964 725 1991 ἀνακλινεῖ
744 1963 792 1990 αὺ-

27 2014 79 2045 ῑοὺς,
88 2015 130 2041 καὶ
147 2013 291 2050 παρελθὼν
303 2013 359 2048 (71)
374 2012 529 2048 διακονήσει
539 2012 641 2043 αὐτοῖς.
663 2020 672 2036 ι
683 2011 792 2046 Νήφετε

27 2057 66 2089 73v,
86 2061 128 2086 καὶ
140 2059 326 2096 προσεύχεσθε
344 2058 380 2094 μὴ
404 2058 527 2085 ὑπνῶσαι
549 2058 589 2089 εἰς
612 2057 744 2084 θάνατον·
760 2056 792 2083 οὐ

27 2106 64 2140 γὰρ
74 2106 157 2142 ὀνήσει
171 2107 246 2141 ὑμᾶς
259 2106 294 2132 τὰ
314 2105 436 2141 πρότερα
459 2103 660 2140 κατορθώματα
672 2122 679 2134 ,
691 2103 738 2129 ἐὰν
752 2103 793 2134 είς

27 2150 47 2176 τὰ
65 2151 155 2186 ἔσχατα
178 2152 256 2188 ὑμῶν
278 2150 490 2186 ἀποπλαηθῆτε
519 2150 570 2185 τῆς
601 2149 719 2180 πίστεως
742 2148 793 2184 τῆς

27 2196 126 2232 iii-.806;

256 2243 454 2271 KEQAAAION
472 2242 532 2270 AB'.

135 2291 304 2325 Πρόρῤησις
317 2289 383 2323 περὶ
397 2288 456 2316 τῶν
466 2288 653 2323 μελλόντων.

53 2335 91 2362 Ἑν
103 2336 154 2373 γὰρ
170 2339 232 2369 ταῖς
246 2336 376 2372 ἐσχάταις
389 2336 508 2371 ἡμέραις
521 2333 755 2369 πληθυνθήσονται
765 2333 790 2360 ot

27 2380 217 2418 ζευδοπροφῆται
232 2383 280 2410 καὶ
293 2383 318 2409 οἱ
334 2382 444 2418 φθορεῖς
462 2381 509 2408 τοῦ
524 2381 603 2415 λόγου
614 2389 621 2396 ο
637 2380 685 2407 καὶ
707 2387 791 2416 στρα-

27 2429 133 2462 έήσονται
155 2430 280 2466 πρόϐατα
305 2430 346 2461 είς
360 2428 464 2463 ,λύκους
479 2428 527 2455 καὶ
538 2429 556 2464 ἡ
580 2427 680 2462 ἀγάπη·
691 2427 731 2458 είς
746 2427 791 2462 μτ-

27 2481 70 2504 ῖνις·
91 2475 283 2511 πληθυνθείσης
305 2476 360 2511 γὰρ
375 2474 425 2509 τῆς
447 2474 573 2510 ἀνομίας,
598 2473 750 2508 ψυγήσεται
772 2473 789 2507 ἠ

27 2519 99 2556 irim;
111 2522 162 2548 τῶν
178 2521 298 2548 πολλῶν·
317 2521 460 2557 μισήσουσι
481 2520 536 2555 γὰρ
558 2520 688 2555 ἀλλήλους
703 2519 728 2546 οἱ
744 2519 791 2546 ἀν-

27 2564 116 2598 ὶρωκοι,
140 2568 186 2593 καὶ
208 2566 348 2599 διώξουσι,
374 2566 422 2592 καὶ⁵
447 2565 624 2600 προδώσουσι.
653 2565 707 2590 Καὶ
730 2564 791 2590 τότε

50 2631 138 2666 ἶξΜιιΙ.
163 2641 181 2664 ι,
207 2633 251 2666 Η,
279 2634 321 2662 Η.

27 2665 37 2678 νε
50 2664 133 2694 Matth.
148 2676 222 2696 xxtv.

805 2299 828 2327 D

375 2635 396 2650 ⁷¹
418 2635 454 2665 al.
482 2633 616 2666 εὐλαϐεῖς.
646 2634 692 2661 Sic
717 2639 742 2661 ct
766 2632 828 2661 cod.

839 284 886 307 aut
909 280 1066 313 fructuum,
1090 288 1165 313 uvas,
1181 284 1229 308 aut
1253 280 1370 308 aliorum
1392 279 1532 315 primitias
1551 280 1631 308 dabis

838 326 1044 360 sacerdotibus;
1068 326 1174 362 argenti
1196 333 1262 354 vero
1283 330 1310 354 et
1333 325 1509 359 vestimenti,
1525 326 1632 355 omnis-

838 379 892 407 que
906 373 1101 407 possessionis,
1119 372 1243 408 orphano
1252 379 1285 400 ac
1300 371 1399 400 viduae.

1123 461 1240 490 CAPUT
1258 461 1347 490 XXX.

839 507 977 542 Quomodo
992 513 1111 543 oporteat
1131 509 1201 535 diem
1225 507 1413 541 Dominicum,
1430 509 1515 536 nostri
1533 508 1631 537 Salvo-

873 545 941 606 lt'orix
966 545 1153 572 resurrectioni
1174 544 1309 577 dicatum,
1334 550 1524 580 congregatos,
1559 545 1629 572 cele-

891 587 961 606 rare.

874 625 924 653 Die
949 625 1162 654 resurrectionis
1185 625 1311 659 Domini,
1328 626 1381 654 hoc
1402 630 1446 654 est
1468 625 1630 659 Dominica,

840 673 986 700 convenite
1011 672 1139 705 assidue,
1159 674 1260 709 gratias
1278 677 1390 709 agentes
1411 673 1484 706 Deo,
1501 677 1528 701 et
1544 674 1630 702 conﬁ-

840 723 930 747 tentes
952 719 986 747 de
1003 719 1145 747 beneﬁciis
1165 727 1227 754 quae
1241 719 1268 747 in
1281 727 1331 747 vos
1353 720 1470 747 contulit
1493 719 1567 748 Deus
1581 728 1631 755 per

839 765 992 798 Christum,
1018 766 1160 794 libcrando
1182 766 1346 802 ignorantia,
1360 774 1470 799 errore,
1492 767 1629 800 vinculis;

840 816 871 839 ut
886 812 1052 840 sacriﬁcium
1069 816 1192 839 vestrum
1214 813 1251 840 sit
1272 812 1492 848 irreprehensum
1503 832 1511 845 ,
1527 817 1554 841 et
1574 813 1632 841 Dee

841 862 993 893 acceptum,
1008 857 1055 893 qui
1071 858 1105 885 de
1119 857 1241 885 Ecclesia
1257 865 1307 885 sua
1322 858 1503 890 (ecumenica.
1519 867 1566 886 seu
1582 868 1631 895 per

840 907 929 931 totum
954 904 1050 932 orbem
1073 903 1172 932 dill‘usa
1196 903 1265 931 dixit
1282 912 1288 930 :
1308 913 1317 930 ι
1342 903 1371 931 In
1387 904 1461 931 omni
1482 905 1544 932 loco
1563 906 1630 933 mihi

841 949 971 978 oﬁ‘cretur
989 950 1142 981 incensum,
1157 954 1183 977 et
1205 949 1371 978 sacriﬁcium
1393 951 1525 978 mundum
1542 960 1549 979 :
1566 952 1631 987 quia

842 1003 889 1022 rex
907 1003 1023 1030 magnus
1036 1003 1086 1030 ego
1101 1003 1162 1023 sum
1173 1016 1181 1028 ,
1204 995 1272 1022 dicit
1287 994 1419 1023 Dominus
1439 997 1629 1031 omnipotens;

841 1045 867 1069 et
885 1049 984 1068 nomen
1000 1049 1090 1069 meum
1105 1041 1265 1068 admirabile
1283 1041 1310 1068 in
1327 1041 1455 1077 gentibus
1470 1042 1505 1069 ".
1520 1051 1530 1068 ι

1120 1085 1236 1115 CAPUT
1254 1086 1349 1114 XXXI.

930 1133 1030 1167 Quales
1045 1142 1101 1161 esse
1115 1138 1234 1168 oporteat
1250 1142 1293 1161 eos
1310 1134 1355 1169 qui
1372 1133 1542 1163 ordinantur.

876 1178 974 1215 Eligite
989 1184 1079 1207 autem
1094 1179 1237 1215 episcopos
1256 1179 1354 1215 dignos
1375 1179 1507 1212 Domino,
1523 1177 1557 1208 ct'
1570 1189 1633 1217 pre-

841 1226 977 1262 sbyteros,
993 1233 1025 1252 ac
1039 1225 1181 1257 diaconos,
1194 1226 1268 1253 viros
1282 1225 1353 1260 pios,
1362 1226 1463 1261 justos,
1474 1227 1564 1258 mites,
1577 1236 1632 1255 non

841 1280 950 1303 avaros.
966 1276 1090 1300 amantes
1112 1272 1252 1305 veritatis,
1271 1272 1419 1307 probatos,
1435 1277 1558 1307 sanctos,
1576 1282 1631 1302 non

842 1323 1000 1353 acceptorcs
1016 1326 1212 1353 personarum,
1226 1319 1274 1353 qui
1292 1319 1401 1346 valeant
1414 1319 1513 1347 docere
1530 1328 1635 1348 sermo-

841 1373 903 1392 nem
918 1364 1039 1401 pietatis,
1055 1364 1103 1400 qui
1123 1369 1198 1392 recte
1216 1369 1310 1393 secent
1328 1372 1360 1392 ac
1374 1369 1494 1393 tractent
1506 1365 1634 1402 dogmata

841 1411 959 1438 Domini.
975 1410 1031 1439 Vos
1051 1418 1117 1438 vero
1138 1410 1188 1439 hos
1209 1411 1342 1439 honorate
1371 1414 1402 1438 ut
1419 1416 1523 1447 patres,
1541 1418 1569 1440 ut
1584 1413 1634 1440 do-

841 1457 943 1489 minos,
959 1461 989 1485 ut
1006 1457 1154 1490 beneﬁcos,
1170 1461 1199 1484 ut
1223 1461 1351 1485 auctores
1372 1458 1447 1493 quod
1467 1458 1537 1486 bene
1553 1459 1633 1488 estis.

841 1504 954 1540 Arguite
968 1505 1051 1532 etiam
1066 1512 1115 1532 vos
1129 1508 1234 1537 mutuo,
1254 1512 1310 1532 non
1324 1505 1352 1532 in
1368 1504 1419 1537 ira,
1436 1504 1485 1532 sed
1500 1505 1528 1532 in
1541 1513 1635 1540 aequa-

841 1551 977 1583 nimitate,
994 1558 1056 1577 cum
1072 1550 1241 1586 benignitate
1256 1558 1289 1578 ac
1309 1558 1386 1586 pace.
1407 1550 1506 1578 Omnia
1525 1551 1603 1578 vobis
1618 1559 1635 1580 a

843 1596 958 1624 Domino
970 1600 1106 1632 praecepta
1128 1600 1246 1624 servate.
1261 1596 1378 1632 Vigilate
1395 1604 1446 1632 pro
1461 1597 1517 1624 vita
1531 1601 1633 1625 vestra.

846 1654 855 1668 ι
875 1643 937 1670 Sint
949 1643 1034 1670 lumbi
1050 1642 1135 1670 vestri
1149 1642 1303 1678 praecincti,
1318 1646 1346 1670 et
1359 1643 1478 1670 lucerna:
1490 1642 1633 1676 ardentes;

842 1693 870 1716 et
890 1696 940 1716 vos
952 1689 1056 1716 similes
1076 1689 1235 1716 hominibus
1251 1689 1476 1724 exspectantibus
1490 1688 1633 1716 dominum

842 1743 934 1768 suum,
951 1734 1060 1770 quando
1073 1735 1175 1769 veniet,
1190 1742 1304 1770 vespere
1316 1742 1352 1762 an
1365 1742 1457 1767 mane,
1472 1734 1534 1770 galli
1546 1738 1631 1761 cantu

843 1789 878 1808 an
894 1781 982 1809 media
1003 1784 1084 1808 nocte
1101 1791 1108 1808 :
1123 1788 1177 1816 qua
1197 1781 1270 1809 enim
1295 1781 1362 1808 hora
1382 1788 1438 1807 non
1461 1783 1634 1815 exspectant,

842 1828 933 1855 veniet
957 1827 1110 1855 Dominus:
1127 1831 1155 1855 et
1175 1827 1201 1854 ei
1225 1827 1247 1855 si
1268 1826 1445 1862 aperuerint,
1470 1826 1541 1854 beati
1560 1827 1632 1854 servi

843 1874 899 1906 illi,
918 1874 983 1909 quia
1008 1874 1111 1901 inventi
1135 1877 1200 1901 sunt
1226 1873 1371 1908 vigilantes
1387 1880 1395 1899 :
1411 1873 1541 1908 quoniam
1560 1881 1633 1909 pne-

842 1920 934 1955 cinget
958 1928 998 1953 se,
1019 1924 1046 1947 et
1062 1919 1144 1947 faciet
1169 1920 1231 1947 illos
1251 1919 1437 1951 discumbere,
1453 1922 1480 1946 et
1493 1919 1633 1947 transiens

842 1966 1011 1993 ministrabit
1036 1966 1092 1994 illis
1109 1966 1143 1993 '°.
1166 1975 1176 1992 ι
1194 1965 1310 2001 Vigilate
1336 1965 1429 2000 igitur,
1453 1968 1480 1993 et
1504 1968 1580 1992 orate
1597 1973 1633 1993 ne

850 2014 995 2042 dormiatis
1015 2022 1042 2042 in
1060 2019 1175 2043 mortem
1193 2015 1228 2031 ⁸⁸·
1244 2024 1251 2042 :
1271 2022 1325 2042 non
1344 2014 1416 2041 enim
1433 2013 1568 2049 juvabnnt
1584 2019 1634 2038 vos

849 2061 943 2097 priora
959 2066 1032 2088 recte
1045 2060 1127 2096 facta,
1140 2061 1202 2089 siin
1217 2060 1348 2088 extremis
1361 2060 1460 2088 vestris
1475 2067 1491 2087 a
1503 2059 1553 2086 ﬁdc
1570 2065 1634 2085 vera

849 2105 1051 2135 aberraveritis.

1114 2237 1231 2266 CAPUT
1250 2237 1356 2266 XXXII.

1062 2285 1235 2312 Denuntialio
1250 2285 1282 2312 de
1296 2285 1404 2319 futuris.

879 2332 909 2360 In
936 2331 1039 2360 ultimis
1062 2332 1135 2359 enim
1160 2331 1258 2360 diebus
1286 2330 1542 2366 multiplicabuntur
1568 2330 1631 2359 falsi

843 2378 982 2414 prophetae
993 2381 1020 2405 et
1033 2382 1209 2413 corruptores
1224 2377 1380 2410 sermonis;
1395 2380 1423 2404 et
1436 2379 1631 2404 convertentur

840 2433 906 2453 oves
921 2425 949 2452 in
964 2425 1054 2459 lupos,
1070 2428 1097 2452 et
1121 2424 1243 2452 charitas
1267 2424 1294 2451 in
1315 2423 1408 2450 odium
1428 2432 1436 2450 :
1457 2430 1520 2450 nam
1537 2422 1631 2449 multi-

841 2471 941 2506 plicata
955 2470 1110 2506 iniquitate,
1126 2470 1284 2506 refrigescet
1294 2469 1415 2497 charitas
1429 2469 1578 2496 multorum
1587 2469 1608 2484 "
1621 2478 1628 2496 :

841 2517 947 2545 scilicet
976 2517 1102 2545 homines
1129 2517 1193 2544 odio
1229 2525 1259 2545 se
1285 2516 1401 2543 invicem
1426 2515 1581 2547 habebunt,
1602 2518 1628 2542 et

841 2567 1051 2598 persequentur,
1067 2567 1095 2591 et
1116 2562 1242 2598 prodent.
1260 2562 1299 2590 Ac
1319 2567 1386 2590 tunc
1400 2561 1542 2598 apparebit
1554 2561 1626 2589 orbis

857 2632 939 2660 Vind.
998 2632 1022 2649 ⁸⁸
1047 2631 1115 2660 Luc.
1142 2640 1200 2665 xn,
1224 2633 1269 2660 35.
1315 2633 1349 2648 ’θ’
1382 2630 1466 2659 Marc.
1490 2638 1539 2658 xln
1554 2650 1562 2664 ,
1584 2629 1620 2657 35

673 2728 854 2759 VAIKIORUM
872 2732 986 2761 NOTAE.

43 2797 94 2837 issi
106 2801 259 2836 Κεραμῖου.
277 2802 302 2829 I-.i
321 2803 405 2830 :iilcro
416 2802 479 2831 cod.
496 2801 577 2829 Vind.
591 2806 632 2829 est
644 2801 784 2837 κεράμιον,

27 2839 96 2862 uinus
107 2843 175 2863 fﬁtll'
204 2838 278 2866 CI.“
284 2861 289 2866 .

47 2867 100 2909 (591
114 2870 206 2909 ’ΐμᾶς-
223 2873 296 2903 Ailer
318 2874 401 2903 codex
421 2873 576 2903 Vindobon.
596 2873 676 2901 habet
697 2874 781 2909 ἡμᾶς,

27 2908 80 2937 tque
93 2904 166 2935 bene.
181 2904 217 2935 in.

943 2802 1127 2847 trouii‘ﬁddit
1142 2802 1226 2831 codex
1242 2803 1323 2832 Vind.
1344 2805 1373 2840 ἦ,
1393 2814 1478 2839 "iane,
1497 2811 1544 2833 aut
1558 2806 1629 2847 gollt_

838 2841 929 2868 cantu,
942 2842 999 2867 aut.
1017 2841 1070 2865 etc.
1089 2839 1125 2865 In.

873 2872 997 2914 (7l)'Kal
1020 2873 1319 2914 propeloo'iiz.._etc._ﬂzp
1342 2879 1368 2904 et
1396 2876 1453 2904 lum
1477 2882 1624 2913 sequentis

839 2915 919 2936 voces
932 2907 1033 2936 desunt
1046 2909 1075 2937 in
1090 2909 1150 2937 cod.
1168 2908 1284 2937 Vindob.
1300 2910 1339 2938 In.
