1900 3108
58 177 116 205 1057

56 235 156 270 ἐξείλετο
181 234 342 271 διαθρέψας,
364 235 399 263 ἐκ
419 235 498 263 νόσου
522 236 625 269 ίάσατο,
649 237 682 263 ἐκ
704 236 830 272 γλώσσης
843 241 867 269 Α

55 282 160 318 πονηρᾶς
181 281 325 308 ἐσκέπασε.
355 282 425 319 Περὶ
450 282 558 310 πάντων
572 291 624 310 Δσοι
646 282 691 309 διὰ
709 282 828 318 Χριστοῦ

56 326 261 363 εὐχαριστοῦμεν.
287 326 318 354 '0
332 327 379 354 καὶ
393 328 486 364 φωνὴν
503 328 633 365 ἔναρθρον
647 330 687 360 είς
703 328 830 364 ἐξομολό-

55 383 122 408 γησιν
136 374 331 409 δωρησάμενος·
349 374 397 400 καὶ
410 373 537 408 γλῶσσαν
556 374 735 410 εὐάρμοστον,
750 375 829 411 δίκην

55 420 187 455 πλήκτρου,
200 420 239 451 ὡς
254 420 370 456 ὖργανον
386 420 506 452 ὐποθείς.
534 421 590 448 Καὶ
602 420 697 455 γεῦσιν
711 421 831 458 πρόσφι»

56 475 102 501 ρον,
126 466 170 493 καὶ
197 466 267 502 ἀφὴν
293 466 472 501 κατάλληλον,
501 467 549 494 καὶ
571 467 665 503 ὂρασιν
692 467 767 501 θέας,
780 467 831 495 καὶ

53 513 126 547 ἀκοὴν
146 512 246 547 φωνῆς,
267 513 314 539 κα)⁸
336 512 470 548 δσφρησιν
488 513 593 549 ἀτμῶν,
614 513 661 540 καὶ
679 515 772 549 χεῖρας
790 515 830 546 είς

55 558 131 593 ἔργον,
155 559 200 585 καὶ
222 558 306 590 πόδας
328 558 397 594 πρὸς
418 558 456 594 (8)
479 558 642 595 ὁδοιπορίαν.
667 560 722 586 Καὶ
743 559 830 587 ταῦτα

55 605 129 631 πάντα
142 605 172 630 ἐκ
186 605 286 640 μικρᾶς
301 604 430 638 σταγόνος
444 604 617 637 διαπλάττει(
630 604 668 640 (9)
683 605 712 631 ἐν
727 606 827 641 μήτρᾳ,

54 650 92 677 καὶ
104 649 185 686 ψυχὴν
203 650 336 677 ἀθάνατον
352 650 421 686 μετά
437 651 487 686 τὴν
503 650 636 686 μόρφωσι·
656 650 767 687 χαρίζῃ,
781 650 830 678 καὶ

54 696 167 732 προάγεις
184 698 224 728 εἰς
243 696 310 731 φῶς.
334 696 371 723 Τὸ
385 696 493 732 λογικὸν
512 696 591 731 ζῶον,
611 697 657 723 τὸν
675 697 828 733 ἄνθρωπον,

54 742 132 778 νόμοις
157 742 327 776 ἐπαίδευσας,
354 742 534 779 δικαιώμασιν
561 742 733 779 ὲφαίδρυνας·
760 742 830 778 πρὸς

53 789 128 823 ὀλίγον
149 789 260 823 ἐπάγων
282 788 414 822 διάλυσιν,
429 789 479 826 τὴν
493 789 641 816 ἀνάστασιν
661 789 827 824 ἐπηγγείλω.

54 834 120 867 Dolo;
139 834 281 871 τοιγαροῦν
304 835 445 871 αὐτάρκης
468 835 538 870 βίος,
563 835 668 863 αἰώνων
690 835 719 861 δέ
742 835 829 871 μῆκος

54 880 121 906 τόπον
142 881 279 916 διαρκέσει
302 881 456 916 ἀνθρώποις
477 881 546 917 πρὸς
564 881 752 916 εὐχαριστίανς
767 881 784 916 ἢ
799 881 830 908 τὺ

54 926 94 960 μὲν
106 927 167 963 πρὸς
180 926 258 959 ἀξίαν
274 927 414 961 ἀδύνατον,
425 927 456 953 τὸ
469 927 498 954 δὲ
508 927 579 954 κατά
592 927 705 963 δύναμιν
719 927 826 961 εὐαγές.
845 920 865 948 Β

59 972 165 1008 Ἐρῤύσω
177 973 231 1009 γὰρ
250 973 378 1005 ἀσεϐείας
397 973 545 1007 πολυθέων,
566 974 613 1001 καὶ
632 973 828 1010 χριστοκτόνων

53 1019 166 1054 αἱρέσεως
184 1019 302 1054 ἐξείλου,
319 1020 530 1056 πεπλανημένης
549 1020 661 1055 ἀγνοίας
676 1020 828 1056 ¹ἠλευθέρω-

53 1073 102 1096 σας·
115 1066 157 1092 τὸν
170 1066 288 1102 Χριστὸν
309 1066 471 1098 ἀπέστειλας
488 1067 528 1098 είς
543 1066 703 1102 ἀνθρώπους
720 1066 758 1097 ὼς
773 1066 828 1102 (10)

53 1110 187 1147 ἄνθρωπον,
219 1112 288 1138 Θεὸν
314 1112 382 1138 ὅντα
408 1112 550 1148 μονογενῆ·
579 1112 624 1139 τὸν
651 1111 829 1147 Παράκλητον

53 1156 168 1192 ἐνῴκισας
189 1159 266 1194 ἡμῖν·
292 1158 425 1193 ἀγγέλους
448 1158 615 1194 ἐπέστησας,
636 1158 683 1185 τὸν
705 1157 828 1184 διάϐολον

54 1203 163 1238 ᾔσχυνας·
179 1205 229 1231 οὐκ
243 1205 324 1236 ὄντας
338 1205 478 1241 ἐποίησας,
494 1204 656 1240 γενομένους
670 1204 827 1239 φυλάσσεις

54 1248 114 1285 ζωὴν
126 1251 292 1287 ἐπιμετρεῖς,
306 1252 434 1287 χορηγεῖς
447 1251 559 1286 τροφήν·
581 1251 726 1284 μετάνοιαν
740 1251 828 1286 ἐπηγ-

53 1296 132 1329 γείλω.
152 1297 236 1333 ’Υπὲρ
257 1298 384 1325 ἀπάντων
404 1306 444 1324 σοι
458 1299 475 1333 ἡ
491 1297 554 1330 δόξα
573 1297 620 1324 καὶ
634 1297 664 1324 τὸ
679 1297 769 1330 σέὁας,
785 1297 829 1324 διά

58 1342 133 1377 Ἰησοῦ
145 1344 261 1380 Χριστοῦ
279 1344 345 1380 (Η),
360 1343 419 1378 νῦν,
435 1343 481 1370 καί
499 1344 542 1370 ἀεὶ
562 1343 628 1380 (12),
644 1343 691 1371 καὶ
709 1345 749 1375 είς
765 1344 829 1375 τοὺς

53 1388 146 1420 αἰῶνας.
170 1389 266 1426 Ἀμήν.
293 1389 386 1416 Ταῦτα
410 1389 549 1425 μελετᾶτε,
572 1389 692 1424 ἀδελφοί·
716 1390 763 1416 καὶ
785 1390 826 1426 είη

52 1434 163 1472 ὸΚύριος
177 1436 236 1472 μεθ’
251 1436 329 1472 ὑμῶν
344 1436 391 1462 ἐπὶ
406 1436 469 1471 γῆς,
484 1436 531 1463 καὶ
548 1436 576 1463 ὲν
590 1437 624 1472 τῇ
646 1436 768 1472 βασιλείᾳ
779 1436 827 1463 τοῦ

54 1480 147 1517 Harpe;
167 1481 263 1516 αὐτοῦ,
291 1482 338 1509 τοῦ
363 1482 412 1509 καὶ
428 1482 509 1509 αὑτὸν
537 1482 756 1516 ἀποστείλαντος,
779 1483 828 1509 καὶ

53 1526 115 1562 ἡμᾶς
127 1527 158 1554 δι’
172 1528 257 1556 αὐτοῦ
276 1527 510 1564 ἐλευθερώσαντος
525 1528 558 1554 ἐκ
571 1528 622 1563 τῆς
643 1527 762 1560 δουλείας
776 1528 828 1564 τῆς

54 1573 141 1610 φθορᾶς
167 1576 207 1608 εἰς
233 1575 285 1612 τὴν
313 1574 469 1611 ἐλευθερίαν
494 1574 545 1610 τῆς
568 1573 657 1609 δόξης,
682 1575 730 1601 καὶ
755 1574 827 1611 ζωὴν

52 1620 270 1658 ἐπαγγειλαμένου
293 1623 349 1654 τοῖς
367 1622 400 1648 δι’
414 1621 497 1649 αὐτοῦ
521 1621 698 1649 πιστεῦσασιν
719 1622 760 1654 είς
780 1621 827 1648 τὸν

53 1665 98 1693 τῶν
112 1667 173 1695 ὅλων
184 1668 263 1695 Θεόν.
275 1668 371 1700 Ὅπως
385 1668 434 1704 μὲν
444 1666 491 1695 οὖν
505 1667 641 1702 ὀφείλουσι
652 1666 701 1703 ζῇν
717 1667 742 1694 οί
756 1667 826 1694 κατά

52 1711 153 1748 Χριστὸν
161 1714 342 1750 μεμυημένοι,
351 1714 397 1741 καὶ
404 1714 463 1746 οἵας
471 1713 646 1750 εὐχαριστίας
655 1713 826 1749 ἀναπέμπειν

50 1758 84 1793 τῷ
97 1758 150 1795 Θεῷ
164 1760 207 1787 διὰ
220 1759 353 1796 Χριστοῦ,
368 1760 475 1796 είρηται
490 1759 535 1786 διὰ
552 1759 607 1786 τῶν
626 1759 824 1795 προλαϐόντων·

50 1803 139 1832 δίκαιον
157 1806 194 1840 δέ,
213 1806 283 1842 μηδὲ
298 1806 361 1838 τοὺς
376 1806 515 1842 ἀμυήτους
533 1805 692 1832 καταλιπεῖν
706 1805 827 1841 ἀδοηθήυ

50 1858 111 1884 τους.

49 1903 86 1926 cst
103 1900 127 1927 in
146 1900 335 1937 superioribus
352 1908 359 1926 :
373 1907 484 1936 aequum
499 1906 565 1927 vero
584 1902 640 1932 est,
666 1902 697 1926 ut
719 1902 749 1927 et
765 1906 825 1933 eos,

49 1952 163 1980 quamus.

289 2004 486 2033 ΚΕΦΑΛΛΙΟΝ
505 2004 566 2031 ΔΘν.

49 2059 138 2094 ὀπως
155 2060 214 2096 χρὴ
234 2061 305 2095 τοὺς
328 2062 571 2097 κατηχουμένους
593 2061 826 2096 στοιχειοῧσθαι.

84 2106 110 2133 'U
127 2108 229 2143 μέλλων
252 2108 343 2136 τοίνυν
360 2108 540 2144 κατηχεῖσθαι
556 2108 601 2135 τὸν
617 2107 695 2143 λόγον
713 2108 763 2144 τῆς
781 2108 828 2134 εὐ-

48 2152 155 2188 σεϐείας,
173 2154 344 2182 παιδευέσθω
363 2155 416 2191 πρὸ
431 2155 478 2182 τοῦ
497 2154 684 2190 βαπτίσματος
700 2153 749 2189 τὴν
764 2153 829 2189 περὶ

48 2198 87 2225 τοῦ
114 2200 261 2237 ἀγεννήτου
284 2201 395 2235 γνῶσιν,
417 2201 468 2237 τὴν
492 2201 557 2237 περὶ
575 2200 642 2227 Υίοῦ
667 2199 828 2236 μονογενοῦς

47 2245 193 2281 ἐπίγνωσιν,
206 2248 257 2284 τὴν
272 2247 336 2284 περὶ
350 2248 397 2275 τοῦ
418 2247 497 2282 ἀγίου
514 2247 673 2283 Πνεῦματος
689 2245 827 2282 πληροφο-

48 2291 109 2328 ρίαν.
127 2294 293 2322 Μανθανέτω
313 2294 493 2330 δημιουργίας
507 2293 637 2329 διαφόρου
657 2291 744 2326 τάξιν,
760 2300 827 2327 προ-

48 2339 112 2372 νοίας
125 2341 218 2377 εἱρμὸν
229 2362 237 2374 ,
253 2340 414 2376 νομοθεσίας
430 2341 559 2377 διαφόρου
573 2340 745 2375 δικαστήρια.
761 2339 828 2366 Παι-

46 2383 153 2414 δευέσθω
172 2387 243 2415 διατί
263 2388 364 2423 κόσμος
383 2387 493 2421 γέγονε,
512 2387 558 2414 καὶ
580 2386 614 2413 δι’
631 2386 646 2412 ό
661 2385 828 2421 κοσμοπολί-

47 2432 338 2470 της(15)ὸάνθρωπος
364 2433 493 2469 κατέστη.
527 2433 748 2467 Ἐπιγινωσκέτω
777 2432 828 2468 τὴν

78 2510 99 2528 ⁸⁸
115 2510 133 2538 l.
149 2509 234 2547 lgnat.
249 2511 376 2547 interpol.
395 2511 430 2539 ad
449 2510 535 2539 Trall.
553 2511 580 2544 6,
598 2511 632 2538 ad
649 2511 755 2539 Philad.
768 2511 795 2538 6.

474 176 778 205 CONSTITUTIONES
793 176 1033 206 APOSTOLICJE.
1043 175 1151 206 —LlB.
1170 175 1224 204 Vll.

1601 173 1670 204 1033

881 244 934 272 gua
954 236 1025 263 mala
1042 236 1170 272 protexit.
1194 236 1231 264 De
1251 235 1380 263 omnibus
1402 234 1452 262 tibi
1470 242 1518 269 per
1528 234 1669 263 Christum

878 282 981 318 gratias
996 282 1114 318 agimus.
1132 282 1184 316 Qui
1207 285 1235 310 et
1252 289 1349 309 vocem
1371 281 1545 309 articulatam
1569 280 1669 309 dedisti

880 330 914 357 ad
937 329 1156 362 confessionem;
1182 332 1209 356 et
1232 329 1353 364 linguam
1379 331 1487 363 aptam,
1509 326 1606 362 plectri
1630 326 1670 354 si-

880 377 989 409 milem,
1014 380 1143 412 tanquam
1166 383 1300 411 organum
1325 373 1486 409 subjecisti;
1510 377 1537 400 et
1560 376 1671 408 gustum

879 423 1064 455 commodum,
1081 427 1108 450 et
1123 426 1228 449 tactum
1249 421 1468 451 convenientem,
1487 423 1514 447 et
1529 419 1617 447 visum
1636 418 1670 445 ad

880 470 1072 505 spectandum,
1091 472 1119 496 et
1140 468 1265 495 auditum
1290 468 1324 495 ad
1341 465 1542 502 percipiendam
1562 472 1669 496 vocem,

879 518 906 543 et
926 515 1070 542 odoratum
1095 514 1129 542 ad
1150 514 1249 541 odores
1272 512 1451 544 hauriendos,
1473 515 1501 539 et
1516 518 1614 538 manus
1636 509 1670 537 ad

879 569 959 597 opus,
974 565 1002 589 et
1015 561 1099 597 pedes
1114 561 1149 588 ad
1164 560 1387 588 ambulationem.
1402 558 1492 594 Atque
1505 557 1562 584 haec
1579 557 1671 584 omnia

879 615 912 635 ex
928 615 1013 643 parva
1028 611 1105 643 gutta
1128 606 1231 634 formas
1249 606 1277 633 in
1294 609 1385 638 utero,
1401 612 1433 632 ac
1447 608 1510 640 post
1530 603 1672 639 figuratio-

879 661 941 681 nem
958 654 1078 680 animam
1093 653 1275 680 immortalem
1288 652 1394 684 donas,
1410 655 1437 679 et
1457 651 1486 678 in
1504 651 1592 678 lucem
1607 657 1672 685 pro-

879 698 969 726 ducis.
994 699 1104 726 Animal
1126 699 1271 730 rationale,
1291 698 1440 729 hominem,
1457 697 1565 733 legibus
1579 697 1673 724 erudi-

878 745 954 776 visti,
966 745 1213 780 justificationibus
1240 744 1407 772 illustrasti:
1428 744 1563 771 inducens
1582 743 1670 771 disso-

879 789 1012 818 lutionem
1029 790 1064 818 ad
1078 790 1161 818 breve
1179 794 1299 825 tempus,
1322 790 1553 817 resurrectionem
1568 789 1672 825 prorni-

878 836 950 864 sisti.
979 835 1047 869 Quae
1084 836 1167 872 igitur
1196 837 1252 864 vita
1284 836 1423 864 sufﬁciens
1457 839 1484 863 et
1509 837 1671 863 saeculorum

881 886 983 918 quanta
999 882 1185 918 longinquitas
1199 882 1357 910 hominibus
1370 882 1438 910 satis
1453 881 1506 910 erit
1521 881 1554 909 ad
1570 881 1673 917 gratia-

880 936 941 956 rum
953 929 1111 956 actionem?
1131 928 1185 956 Sed
1204 928 1231 956 id
1243 929 1353 964 quidem
1365 936 1415 964 pro
1430 927 1564 963 dignitate
1579 935 1670 963 agere,

880 974 1053 1010 impossibile
1068 978 1130 1009 est;
1153 982 1206 1010 pro
1218 975 1324 1002 viribus
1345 978 1436 1002 autem
1452 978 1593 1009 praestare,
1607 982 1672 1001 san-

880 1026 953 1049 ctum
974 1029 1006 1048 ac
1024 1021 1110 1057 pium.
1124 1021 1150 1036 “
1170 1021 1238 1049 Nam
1259 1021 1384 1049 exemisti
1405 1028 1456 1049 nos
1477 1028 1510 1048 ex
1533 1021 1673 1055 impietate

879 1075 974 1095 eorum
992 1067 1039 1103 qui
1060 1067 1155 1103 plures
1168 1067 1234 1095 deos
1253 1068 1360 1100 colunt,
1379 1071 1408 1095 et
1422 1067 1546 1102 eripuisti
1564 1074 1579 1093 a
1598 1070 1672 1094 secta

879 1113 990 1140 illorum
1009 1113 1057 1148 qui
1068 1113 1211 1141 Christum
1224 1113 1397 1146 occiderunt,
1411 1113 1533 1140 liberasti
1548 1112 1582 1140 ab
1596 1112 1674 1148 igno-

879 1160 975 1187 rantiae
990 1167 1084 1187 errore
1101 1169 1109 1187 :
1130 1159 1270 1188 Christum
1287 1160 1320 1187 ad
1336 1159 1473 1191 homines,
1488 1158 1568 1194 quasi
1584 1158 1674 1186 homi-

879 1213 942 1233 nem
959 1205 1070 1238 misisti,
1086 1206 1131 1240 qui
1152 1206 1234 1233 etiam
1251 1211 1294 1233 est
1305 1205 1378 1233 Deus
1391 1205 1551 1240 unigenilus
1568 1203 1673 1232 :Para-

879 1252 980 1279 oletum
1005 1253 1033 1279 in
1054 1252 1135 1280 nobis
1164 1251 1254 1280 fecisti
1280 1251 1426 1285 habitare;
1456 1250 1569 1286 angelos
1592 1250 1674 1277 nobis

879 1298 1043 1333 praefecisti;
1057 1298 1196 1326 diabolum
1210 1298 1346 1326 dedecore
1360 1298 1514 1333 aspersisti;
1532 1303 1594 1330 nos,
1609 1304 1672 1323 cum

879 1352 934 1372 non
948 1352 1085 1377 essemus,
1110 1344 1211 1377 fecisti,
1230 1344 1318 1372 factos
1337 1351 1502 1377 conservas;
1520 1344 1604 1371 vitam
1624 1343 1673 1370 ad-

879 1390 1005 1422 metiris,
1038 1390 1198 1426 suppeditas
1227 1391 1449 1424 nutrimentum;
1482 1389 1671 1425 paenitentiam

879 1437 1019 1472 pollicitus
1030 1444 1070 1465 es.
1088 1436 1142 1464 Pro
1154 1437 1284 1465 omnibus
1305 1437 1356 1465 tibi
1369 1437 1456 1473 gloria
1477 1440 1504 1465 et
1518 1436 1672 1468 veneratio,

880 1491 927 1518 per
936 1483 1029 1511 Iesum
1040 1483 1192 1516 Christum,
1206 1492 1292 1518 nunc,
1307 1489 1335 1512 et
1349 1492 1466 1519 semper,
1478 1487 1506 1512 et
1520 1483 1548 1510 in
1561 1483 1661 1513 macula

878 1529 975 1558 Amen.
1006 1530 1070 1558 Haec
1092 1530 1282 1563 meditamini,
1304 1530 1414 1563 fratres,
1437 1534 1465 1557 et
1490 1530 1526 1558 sit
1537 1529 1671 1557 Dominus

879 1578 1024 1605 vobiscum
1043 1577 1070 1604 in
1087 1581 1172 1611 terra,
1195 1580 1222 1605 et
1239 1577 1266 1604 in
1282 1584 1368 1612 regno
1383 1575 1474 1603 Patris
1497 1575 1569 1611 ejus,
1585 1575 1632 1610 qui
1645 1580 1674 1603 et

879 1624 955 1650 illum
973 1623 1060 1655 misit,
1074 1627 1101 1651 et
1121 1631 1173 1651 nos
1191 1631 1240 1658 per
1254 1630 1317 1650 eum
1340 1623 1466 1650 liberavit
1490 1630 1525 1650 ex
1540 1623 1673 1650 servitute

878 1669 1064 1705 corruptionis
1088 1670 1118 1697 in
1142 1669 1296 1697 libertatem
1320 1669 1415 1704 gloriae
1429 1669 1463 1701 ⁸⁷,
1489 1675 1522 1696 ac
1544 1668 1672 1703 promisit

878 1716 961 1743 vitam
982 1715 1018 1744 iis
1038 1716 1085 1751 qui
1110 1723 1158 1751 per
1173 1715 1300 1743 eumdem
1324 1716 1353 1742 in
1376 1715 1460 1742 Deum
1481 1714 1672 1742 universitatis

877 1761 1066 1789 crediderunt.
1092 1761 1331 1795 Quemadmodum
1351 1761 1436 1797 igitur
1449 1761 1540 1789 vivere
1553 1760 1671 1789 debeant

879 1809 926 1843 qui
942 1808 970 1836 in
982 1807 1085 1836 Christi
1100 1808 1233 1844 reiigione
1247 1811 1313 1835 sunt
1326 1807 1438 1839 initiati,
1450 1811 1478 1835 et
1489 1814 1559 1843 quas
1572 1805 1673 1843 gratia.

877 1862 941 1882 rum
964 1855 1087 1882 actiones
1099 1854 1155 1883 Deo
1168 1862 1218 1890 per
1228 1853 1369 1882 Christum
1387 1853 1529 1882 destinare
1539 1873 1546 1886 ,
1565 1853 1670 1880 dictum

847 1901 894 1936 qui
912 1901 1013 1928 initiati
1033 1909 1088 1929 non
1117 1904 1193 1934 sunt,
1217 1900 1322 1928 auxilio
1342 1900 1490 1929 destitutos
1509 1907 1566 1928 non
1587 1898 1672 1927 relin-

1146 2001 1261 2029 CAPUT
1281 2001 1404 2030 XXXIX.

967 2059 1105 2093 Quomodo
1118 2064 1237 2094 oporteat
1252 2060 1450 2087 catechumenos
1462 2059 1581 2087 institui.

915 2105 968 2139 Qui
982 2113 1047 2141 ergo
1065 2106 1100 2134 ad
1112 2107 1266 2134 doctrinam
1280 2106 1393 2142 pietatis
1417 2106 1598 2134 instruendus
1615 2111 1670 2138 est,

876 2152 1021 2180 erudiatur
1037 2156 1101 2180 ante
1110 2151 1278 2188 baptismum
1307 2153 1336 2180 in
1351 2153 1469 2180 scientia
1486 2152 1520 2180 de
1534 2151 1670 2187 lngenito.

880 2199 909 2226 in
929 2199 1086 2234 cognitione
1106 2199 1141 2226 de
1158 2198 1227 2226 Filio
1256 2198 1411 2234 unigenito,
1436 2198 1464 2226 in
1490 2198 1672 2234 persuasione

843 2260 866 2287 ι)
880 2250 956 2274 certa
969 2245 1003 2274 de
1015 2245 1120 2281 Spiritu
1141 2248 1247 2274 sancto.
1273 2245 1366 2273 Discat
1387 2245 1536 2273 crcationis
1553 2245 1671 2273 diversa:

881 2292 1021 2325 ordinem,
1043 2292 1223 2328 providentia
1249 2292 1365 2324 seriem,
1387 2291 1471 2319 varia:
1488 2291 1671 2327 legislationis

880 2339 1038 2367 tribunalia.
1064 2338 1213 2366 Erudiatur
1226 2346 1313 2373 quare
1337 2338 1458 2365 mundus
1477 2338 1513 2365 sit
1528 2336 1629 2370 factus,
1643 2342 1672 2364 et

881 2394 933 2413 cur
953 2385 1049 2413 mundi
1070 2385 1140 2413 civis
1157 2385 1244 2412 homo
1268 2385 1437 2413 constitutus
1463 2385 1510 2412 sit.
1533 2384 1671 2419 Agnoscat

883 2435 1011 2460 naturam
1032 2439 1128 2464 suam,
1148 2438 1273 2467 quanam
1299 2431 1346 2459 sit.
1372 2430 1508 2459 Doceatur
1532 2429 1671 2466 quomodo

834 2510 856 2525 “
867 2510 946 2537 Rom.
959 2518 1021 2545 vni,
1035 2509 1080 2539 2L

695 2587 877 2616 VARIORUM
895 2588 1010 2617 ΝΟΤιΕ.

89 2676 114 2712 8)
132 2678 218 2712 Πρός.
236 2678 303 2706 Cod.
321 2678 402 2706 Vind.
422 2680 471 2710 εἰς.
488 2679 572 2706 Cum.

89 2712 116 2747 9)
132 2714 330 2747 Διαπλάττεις.
352 2715 418 2743 Cod.
436 2714 517 2741 Vind.
531 2715 689 2746 διαπλάσας.
713 2716 754 2745 lo.

92 2747 132 2782 i0)
156 2749 213 2782 Ὧς.
235 2749 314 2777 Deest
330 2750 356 2777 in
373 2750 434 2777 cod.
449 2749 530 2777 Vind.
548 2750 584 2778 in.

92 2782 132 2822 μ)
216 2785 316 2822 Ἰησοῦ
330 2786 467 2822 Χριστῷ.
488 2786 555 2813 Cod.
574 2786 654 2813 Vind.
674 2787 742 2820 μετὰ
758 2787 825 2821 Χρι-

51 2819 108 2859 ῖτρῡ
120 2819 165 2859 διαὶ
178 2820 432 2859 Πνεύματος-άγίου.
446 2821 592 2857 Doxologia
601 2819 762 2854 orthodoxa,
778 2819 827 2857 pro

51 2850 179 2884 Arianica.
191 2859 221 2882 ut
235 2850 262 2883 οἱ
278 2850 354 2884 alibi.
369 2850 412 2883 Ἰν.

82 2885 211 2927 (12ququ
220 2891 274 2918 ἀεί.
295 2890 474 2924 Omittuntur,
499 2896 525 2919 et
539 2893 647 2927 quidem
668 2893 775 2923 merito,
795 2894 821 2919 in

50 2922 106 2950 ωὐ-
118 2922 335 2961 Vindobonensi;
353 2922 493 2965 sequentia
508 2922 580 2956 enim
595 2930 676 2958 verba
692 2930 717 2957 id
734 2930 821 2964 ipsum

877 2680 1044 2710 exprimunt.
1063 2680 1099 2707 In.

918 2714 974 2750 (15)
997 2715 1239 2750 Kocporzolt'tnc.
1252 2714 1308 2742 Hoc
1329 2719 1389 2748 est,
1405 2717 1481 2750 juxta
1507 2715 1664 2741 Ciceronem

881 2755 898 2774 v
924 2747 1152 2780 Tusculanarum.
1177 2747 1204 2777 et
1231 2749 1259 2777 S.
1292 2747 1463 2778 Ambrosium
1491 2749 1665 2776 linat-ratione

880 2781 914 2808 ad
932 2781 1075 2816 Sabinum,
1094 2785 1174 2811 totius
1193 2786 1284 2812 mundi
1307 2786 1392 2812 incol/1
1410 2791 1433 2811 et
1456 2786 1535 2814 ciris,-
1553 2784 1665 2817 κόσμιος

878 2819 982 2847 Socrati
1003 2821 1072 2854 apud
1088 2819 1277 2851 Plutarchum,
1297 2818 1419 2854 librope
1432 2817 1538 2854 essilio;
1553 2817 1667 2844 munda-

876 2864 935 2885 nus.
947 2853 1094 2890 interprete
1105 2853 1197 2890 Tullio
1214 2854 1257 2881 ubi
1268 2861 1360 2890 supra.
1372 2853 1556 2890 Tertullianus
1569 2853 1666 2890 Apolo-

875 2892 950 2925 getici
964 2887 1026 2925 cap:
1040 2890 1088 2917 58:
1101 2889 1186 2925 Unam
1201 2887 1317 2917 omnium
1333 2887 1528 2923 Rempublicam
1544 2888 1663 2924 agnosci.

877 2924 934 2953 inus
952 2926 1087 2953 mundum.
1104 2924 1171 2952 Cor.
