1900 3108
65 165 121 194 11145

64 221 171 259 προκιίας
185 220 329 256 ἐποιήσατο
339 228 345 234 ·
362 219 422 246 τότε
434 217 490 254 (55)
507 217 591 253 ’Δδὰμ
606 217 679 253 αὐτῷ
694 218 722 244 ὲν
737 226 826 253 παρα-
841 220 862 248 Α

62 269 136 303 δείσψ,
153 266 254 302 πρῶτον
270 266 319 301 μὲν
331 265 436 300 τρυφῆς
454 264 526 299 λόγῳ
542 264 588 290 τὸν
607 263 771 299 παράδεισον
787 263 827 289 οι-

62 315 171 349 κητήριον
182 313 250 344 δοὺς,
264 312 357 338 ἔπειτα
371 310 498 346 προνοίας
509 309 580 345 λόγῳ
591 309 701 345 ἐντολὴν
714 309 828 344 ποιησά-

61 368 142 395 μενος·
159 358 309 394 ἁμαρτόντα
322 357 361 389 δὲ,
377 356 535 392 δικαιοσύνῃ
553 354 665 387 esum,
681 355 828 390 ἀγαθότητι

60 406 82 432 δὲ
95 406 127 440 μὴ
139 404 290 440 ἀποῤῥίψας
309 404 349 434 είς
368 402 399 429 τὸ
417 401 557 433 παντελὲς,
572 400 640 428 ἀλλὰ
654 401 701 427 καὶ
717 401 781 432 τοὺς
799 400 829 433 ἐξ

60 450 128 478 αὒτοῦ
140 451 208 477 κατὰ
221 449 344 485 διαδοχὴν
358 448 493 484 διαφόρως
512 447 672 479 παιδεύσας·
690 446 722 474 δι’
738 447 767 473 ὃν
782 447 829 473 ἐπὶ

59 496 83 522 τὺ
93 495 171 530 τέρμα
177 494 223 521 τοῦ
235 494 332 526 αἰῶνος
346 493 488 521 ἀπέστειλε
499 494 545 520 τὸν
558 493 622 520 Υἱὺν
633 492 716 519 αὑτοῦ
726 492 828 528 ἂνθρω-

60 550 100 568 πον
119 540 238 575 γενέσθαι
256 540 288 566 δι’
303 539 473 575 ἀνθρώπους,
493 540 539 566 καὶ
557 539 645 566 πάντα
666 538 702 565 τὰ
725 538 829 574 ἀνθρώ-

60 596 113 613 πινα
139 586 208 623 πάθη
236 585 430 618 ἀναδέξασθαι,
458 586 544 621 χωρὶς
570 585 716 621 ἁμαρτίας.
743 585 829 611 Αὑτὸν

58 630 95 658 οὖν
113 633 155 659 καὶ
174 632 222 658 νῦν
247 632 440 667 παρακαλείτω
467 633 481 658 ό
507 632 597 668 ἱερεὺς
622 631 691 667 πρὸς
714 631 754 666 τῷ
780 630 829 666 βα-

58 678 186 713 πτίσματι,
205 678 251 704 καὶ
265 677 382 712 λεγέτω,
399 677 561 705 ὅτι-Κάτιδε
584 677 615 710 ἐξ
637 677 761 713 οὐρανοῦ,
782 677 830 704 καὶ

58 724 154 758 ἁγίασον
175 723 204 750 τὸ
224 723 295 760 ὕδωρ
319 723 416 751 τοῦτο·
437 724 482 756 δὸς
498 724 526 750 δὲ
545 723 600 759 (54)
620 724 699 759 χάριν
716 724 763 750 καὶ
782 722 829 749 δύ-

57 770 208 805 ναμιν,ὦστε
223 770 269 796 τὸν
284 769 488 805 βαπτιζόμενον,
504 771 563 797 κατ’
578 769 686 806 ἐντολὴν
699 769 746 796 τοῦ
761 769 830 805 Χρι-

58 815 109 841 στοῦ
130 824 184 849 σου,
204 815 279 851 αὐτῷ
299 815 536 851 συσταυρωθῆναι,
560 817 600 847 εἰς
623 814 828 847 συναποθανεῖν,

56 861 94 887 καὶ
106 861 279 897 συνταφῆναι,
294 862 340 888 καὶ
357 862 553 898 συναναστῆναι
564 862 605 893 είς
625 862 761 889 υἱοθεσίαν
778 863 828 899 τὴν

56 907 78 932 ὲν
85 907 159 942 αὐτῷ,
173 907 212 943 τῷ
225 907 394 944 νεκρωθῆναι
406 909 454 943 μὲν
466 909 499 943 τῇ
514 907 645 943 ἁμαρτίᾳ,
660 908 740 944 ζῆσαι
752 908 780 935 δὲ
793 910 826 944 τῇ

55 952 202 990 δικαιοσύνῃ.
226 955 282 981 Καὶ
301 954 372 989 μετὰ
383 954 473 986 τοῦτο,
494 954 628 989 βαπτίσας
646 955 727 981 αὐτὸν
744 955 773 980 ὲν
791 943 829 990 τῷ
845 943 866 969 Β

55 998 149 1033 ὀνόματι
163 999 209 1026 τοῦ
231 1000 350 1036 Πατρός,
374 1000 422 1027 καὶ
444 999 491 1026 τοῦ
513 999 591 1032 Υἱοῦ,
615 1001 662 1027 καὶ
679 1000 726 1027 τοῦ
750 1001 828 1035 ἁγίου

54 1043 204 1080 Πνεῦματος,
221 1046 343 1081 χρισάτω
358 1046 446 1082 μύρῳ,
462 1046 608 1080 ἐπιλέγων·

291 1092 489 1119 ΚΕΦΔΛΑΙΟΝ
506 1092 573 1119 MA’.

129 1137 197 1172 Περὶ
211 1137 265 1164 τοῦ
278 1138 428 1172 μυστικοῦ
444 1139 542 1173 μύρου
555 1139 742 1173 εὐχαριστία.

80 1182 159 1219 Κύριε
172 1183 186 1210 ό
199 1183 276 1216 Θεὸς,
291 1185 306 1210 ὸ
320 1183 466 1219 ἁγέννητος
472 1184 506 1217 ’⁷,
520 1185 568 1212 καὶ
577 1185 733 1218 ἀδέσποτος,
747 1185 762 1212 ό
775 1185 830 1213 τῶν

52 1227 110 1254 ὅλων
126 1228 235 1265 Κύριος,
249 1230 265 1256 ὁ
277 1230 327 1266 τὴν
340 1230 428 1266 ὀσμὴν
441 1230 492 1265 τῆς
505 1231 632 1265 γνώσεως
646 1230 693 1258 τοῦ
708 1231 830 1266 Εὑαγγε-

52 1273 100 1300 λίου
112 1275 138 1300 ὲν
150 1276 216 1302 πᾶσι
239 1277 295 1307 τοῖς
310 1275 414 1302 ἔθνεσιν
428 1275 543 1312 εὔοσμον
565 1276 779 1312 παρασχόμενος·
797 1278 829 1304 σὺ

52 1320 91 1346 καὶ
103 1320 146 1347 νῦν
159 1321 238 1348 τοῦτο
250 1322 281 1348 τὸ
296 1321 381 1357 μύρον
395 1321 440 1353 δὺς
452 1322 563 1358 ὲνεργὲς
578 1323 705 1357 γενέσθαι
724 1323 771 1350 ἐπὶ
790 1323 830 1359 τῷ

53 1365 238 1402 βαπτιζομένῳ,
253 1367 323 1394 ὥστε
337 1367 449 1403 βεϐαίαν
464 1368 512 1395 καὶ¹
533 1368 631 1402 πάγιον
650 1369 679 1395 ὲν
692 1369 767 1405 αύτῷ
780 1370 830 1406 τὴν

52 1412 151 1439 εὐωδίαν
166 1415 257 1449 μεῖναι
270 1413 318 1440 τοῦ
333 1413 452 1449 Χριστοῦ
472 1423 529 1446 σου,
544 1415 591 1441 καὶ
614 1416 830 1442 συναποθανόντα

52 1459 120 1485 αὑτὸν
134 1459 330 1495 συναναστῆναι
352 1460 400 1486 καὶ
416 1460 532 1495 συζῆσαι
552 1460 627 1496 αὐτῷ
648 1461 716 1497 (55).
736 1461 832 1489 Ταῦτα.

53 1504 92 1530 καὶ
111 1504 143 1531 τὰ
163 1505 269 1537 τούτοις
291 1505 424 1532 ἀκόλουθα
446 1505 559 1540 λεγέτω.
579 1506 710 1535 Ἑκάστου
734 1507 788 1544 γὰρ
811 1509 829 1544 ἡ

52 1549 150 1585 δύναμις
163 1551 212 1586 τῆς
227 1551 395 1586 χειροθεσίας
408 1552 482 1578 ἐστὶν
496 1551 577 1588 αὕτη·
598 1552 645 1579 ἐὰν
659 1553 714 1590 γὰρ
738 1554 774 1590 μὴ
790 1555 831 1587 είς

51 1594 153 1644 ἕκαστον
166 1596 224 1632 (56)
247 1597 349 1624 τούτων
371 1597 517 1644 ἐπίκλησις
539 1598 652 1634 γένηται
674 1599 750 1635 παρὰ
773 1600 828 1636 (57)
843 1615 864 1644 c

51 1641 90 1667 τοῦ
103 1642 227 1674 εὐσεϐοῦς
242 1643 337 1678 ἱερέως
349 1642 460 1679 τοιαύτη
475 1652 526 1675 τις,
546 1645 586 1676 είς
600 1644 672 1680 ὕδωρ
692 1645 771 1680 μόνον
784 1654 830 1672 κα.-

51 1687 160 1714 ταϐαίνει
172 1689 187 1715 ὁ
201 1688 408 1724 βαπτιζόμενος,
423 1689 461 1721 ὡς
482 1690 602 1717 Ἰουδαῖοι
617 1690 684 1726 (58),
699 1691 747 1718 καὶ
761 1693 831 1719 ἀπο-

50 1733 141 1760 τίθεται
156 1734 237 1769 μόνον
250 1734 297 1761 τὸν
312 1735 397 1771 ῥύπον
411 1735 458 1762 τοῦ
474 1735 610 1771 σώματος,
631 1738 663 1764 οὺ
682 1738 728 1764 τὸν
745 1738 830 1774 ῥύπον

50 1778 92 1812 τῆς
104 1779 198 1815 ψυχῆς.
215 1780 294 1807 Μετὰ
306 1780 395 1812 τοῦτο,
411 1781 497 1813 ἑστὼς
510 1782 703 1818 προσευχέσθω
724 1784 773 1819 τὴν
787 1785 832 1811 εὐ-

50 1824 92 1859 χὴν
106 1825 137 1860 ἣν
151 1825 270 1858 ἐδίδαξεν
285 1827 359 1862 ἡμᾶς
377 1827 391 1853 ό
414 1827 516 1863 Κύριος
535 1828 603 1863 (59)·
626 1829 782 1863 ἀναγκαίως
803 1830 831 1857 δὲ

49 1869 87 1896 τὸν
100 1871 249 1898 ἀναστάντα
262 1872 300 1899 δεῖ
315 1873 426 1900 ἑστάναι
441 1874 490 1900 καὶ
507 1874 719 1909 προσεύχεσθαι,
733 1875 778 1902 διὰ
800 1875 834 1902 τὺ

47 1915 88 1942 τὸν
113 1917 284 1954 ἐγειρόμενον
305 1919 395 1955 ὂρθιον
417 1919 497 1947 εἶναι·
520 1921 569 1947 καὶ
596 1921 677 1953 αὐτὸς
699 1919 744 1948 οὖν
770 1930 833 1948 συν-

47 1963 179 1992 αποθανὼν
186 1965 228 2001 τῷ
238 1966 347 2001 Χριστῷ
352 1967 399 1993 καὶ
409 1966 592 2003 συνεγερθεὶς,
603 1967 735 2003 στηκέτω.
747 1968 832 2003 Προσ-

47 2009 156 2044 ευχέσθω
166 2012 194 2039 δὲ
204 2013 276 2039 κατὰ
289 2013 419 2045 ἀνατολάς
426 2013 491 2049 (40)-
503 2013 550 2040 καὶ
564 2013 619 2050 γὰρ
634 2014 682 2041 καὶ
695 2013 773 2040 τοῦτο
782 2014 831 2048 γέ-

47 2062 157 2089 γραπται
168 2058 197 2084 ὲν
203 2060 238 2094 τῇ
246 2058 360 2095 δευτέρᾳ
373 2059 426 2086 τῶν
435 2059 692 2095 Παραλειπομένων,
703 2060 744 2086 ὅτι
761 2059 830 2095 μετὰ

46 2100 72 2127 τὸ
82 2104 285 2139 συντελεσθῆναι
294 2105 339 2132 τὸν
350 2105 412 2131 ναὸν
423 2104 470 2131 τοῦ
479 2106 582 2141 Κυρίου
590 2105 693 2132 ὑπὸτοῢ
702 2105 833 2141 βασιλέως

46 2147 218 2185 Σολομῶντος,
233 2151 263 2177 ὲν
276 2151 352 2186 αὑτῷ
364 2151 403 2186 τῷ
417 2151 587 2186 ὲγκαινισμῷ
600 2152 624 2178 ot
641 2152 732 2187 ἱερεῖς,
747 2153 794 2178 καὶ
807 2151 832 2177 οἱ

47 2194 155 2229 Λευῖται,
171 2197 220 2224 καὶ
233 2197 258 2223 οἱ
280 2197 425 2233 ψαλτῳδοὶ,
442 2196 512 2233 μετὰ
533 2197 681 2233 κυμϐάλων
694 2197 746 2224 καὶ
764 2197 833 2232 ψαλ-

77 2264 97 2280 ⁷⁷
107 2265 142 2293 al.
150 2266 294 2302 ἀγένητος.
329 2266 353 2282 ⁷⁵
365 2264 462 2293 Matth.
475 2264 549 2299 “,9.

481 138 781 189 εοΝδτιτυΤιοΝΕὲ
800 157 1150 188 ΑΡΟεΤοὶιΙΟΕ.-1..ΙΒ.
1169 157 1223 186 VII.

1598 157 1667 185 N46

879 221 944 243 tunc
957 215 1010 251 ipsi
1021 215 1128 243 Adamo
1140 215 1168 243 in
1183 214 1327 250 paradiso;
1350 214 1468 250 primum
1491 214 1600 250 quidem
1622 223 1668 242 ra—

878 263 953 290 tione
966 261 1127 289 deliciarum
1140 261 1214 289 dedit
1235 261 1274 288 illi
1297 260 1455 295 paradisum
1477 260 1504 287 in
1520 260 1668 288 habitatio-

879 315 958 341 nem;
973 306 1071 334 deinde
1085 306 1192 334 ratione
1206 305 1385 342 providentia;
1403 305 1561 332 mandatum
1583 306 1670 333 tradi-

879 353 937 386 dit;
959 356 1022 388 post
1038 357 1181 388 peccatum
1196 356 1306 385 autem,
1329 359 1378 386 per
1392 352 1524 386 iustitiam
1537 359 1600 379 eum
1621 360 1669 379 ex-

880 400 960 434 pulit,
975 407 1025 434 per
1038 399 1188 426 bonitatem
1205 405 1270 426 vero
1290 406 1345 426 non
1367 406 1401 426 ex
1423 402 1479 425 toto
1493 398 1604 433 abjecit,
1620 399 1669 427 sed

879 448 906 472 et
921 450 1046 481 posteros
1060 445 1122 479 ejus
1142 445 1264 472 vicissim
1280 444 1398 472 erudivit
1419 444 1537 472 diversis
1556 444 1668 473 modis:

879 496 990 527 propter
1003 500 1083 527 quem
1096 491 1124 518 in
1135 495 1258 519 extremo
1271 491 1364 519 saeculi
1378 491 1454 519 misit
1465 491 1564 518 Filium
1575 499 1668 525 suum,

879 541 910 565 ut
922 538 1005 566 homo
1019 538 1096 566 ﬁeret
1113 538 1254 565 hominum
1269 545 1364 571 causa,
1383 542 1410 566 et
1424 545 1520 566 omnes
1535 538 1670 568 humanos

879 583 1004 615 aﬂ‘ectns,
1017 588 1130 618 excepto
1145 588 1267 618 peccato,
1285 585 1448 618 susciperet.
1463 583 1554 619 Ipsum
1568 592 1632 619 ergo
1642 589 1670 612 et

879 637 954 657 nunc
966 629 1074 657 invocet
1089 629 1218 658 sacerdos
1240 630 1292 657 sub
1314 630 1481 665 baptismum
1495 650 1503 663 ,
1526 637 1558 657 ac
1573 631 1667 659 dicat:

879 674 996 711 Respice
1006 675 1040 703 de
1052 676 1133 708 cmlo,
1145 679 1172 703 et
1187 676 1328 703 sanctiﬁca
1341 676 1411 703 hanc
1424 683 1541 711 aquam;
1555 676 1589 703 da
1604 685 1669 704 vero

879 721 995 757 gratiam
1015 725 1043 749 et
1061 722 1200 754 virtutem.
1217 727 1247 749 ut
1262 722 1309 757 qui
1326 722 1493 757 baptizatur,
1518 723 1669 750 secundum

880 766 1039 795 mandatum
1059 767 1159 796 Christi
1176 768 1232 801 tui,
1250 776 1313 796 cum
1329 768 1423 796 eodem
1439 769 1625 804 cruciﬁgatur,
1642 773 1670 796 et

880 814 1087 847 commoriatur,
1104 818 1132 842 et
1146 815 1358 850 consepeliatur,
1379 819 1407 843 et
1422 816 1626 843 consuscitetur
1640 817 1668 843 in

881 859 1054 895 adoptionem
1075 868 1135 895 qua:
1158 861 1187 888 in
1210 869 1243 889 eo
1266 861 1306 893 iit,
1331 865 1361 888 ut
1383 861 1534 896 perimatur
1557 861 1668 897 quidem

881 911 1005 941 peccato,
1027 907 1101 934 vivat
1120 911 1211 935 autem
1233 908 1357 942 justitize.
1379 907 1412 935 Et
1435 912 1498 943 post
1514 908 1583 940 hoc,
1604 916 1668 936 cum

880 953 1059 989 baptizaverit
1072 962 1134 982 eum
1150 954 1179 981 in
1193 954 1304 982 nomine
1318 953 1418 986 Patris,
1433 958 1460 982 et
1475 953 1549 986 Filii,
1563 958 1592 982 et
1607 954 1670 990 Spi-

879 999 949 1028 ritus
963 1000 1062 1034 sancti,
1078 1000 1145 1028 linat
1158 1004 1308 1036 unguento,
1325 1007 1359 1028 ac
1371 1000 1456 1028 dicat:

1160 1089 1275 1118 CAPUT
1293 1089 1385 1118 XLIV.

986 1136 1025 1164 De
1042 1137 1154 1172 mystico
1168 1141 1300 1172 unguento
1315 1137 1385 1164 actio
1399 1138 1563 1172 gratiarum.

915 1181 1029 1210 Domine
1040 1182 1122 1215 Deus,
1140 1183 1186 1218 qui
1201 1183 1339 1218 ingenitus
1356 1191 1397 1216 es,
1412 1187 1439 1210 et
1454 1183 1593 1211 dominum
1612 1192 1668 1212 non

881 1228 976 1261 habes,
992 1228 1052 1264 ipse
1073 1229 1196 1257 omnium
1209 1228 1366 1263 Dominus;
1382 1230 1429 1264 qui
1444 1230 1555 1257 odorem
1571 1231 1668 1266 cogni-

881 1274 965 1302 tionis
974 1274 1112 1310 Evangelii
1127 1275 1155 1302 in
1170 1274 1299 1303 omnibus
1319 1275 1446 1310 gentibus
1468 1283 1578 1304 suavem
1599 1285 1668 1311 pra:-

881 1320 965 1349 buisti
982 1330 989 1348 :
1004 1324 1034 1348 tu
1045 1325 1073 1348 et
1085 1328 1158 1348 nunc
1170 1324 1269 1356 praesta
1284 1325 1314 1348 ut
1328 1321 1379 1349 hoc
1391 1326 1559 1357 unguentum
1574 1323 1669 1351 eilicax

881 1366 929 1393 ﬁat
942 1367 969 1393 in
988 1366 1141 1402 baptizato;
1158 1374 1214 1402 quo
1236 1366 1314 1394 ﬁrma
1333 1371 1362 1395 et
1381 1368 1489 1396 stabilis
1513 1373 1621 1397 maneat
1642 1370 1670 1397 in

882 1412 941 1447 ipso
956 1412 1106 1448 fragrantia
1123 1413 1225 1440 Christi
1247 1413 1297 1446 tui,
1321 1414 1365 1441 cui
1393 1414 1452 1449 ipse
1470 1419 1668 1448 commortuus,

881 1459 1085 1487 consuscitetur
1099 1466 1131 1486 ac
1147 1458 1285 1486 convivat.
1304 1458 1367 1487 Haec
1386 1464 1413 1488 et
1427 1460 1469 1488 his
1487 1466 1670 1489 consentanea

881 1504 1014 1540 proferat.
1034 1504 1104 1532 Nam
1123 1505 1182 1532 haec
1202 1509 1244 1532 est
1266 1508 1388 1540 potestas
1409 1506 1593 1542 impositionis
1612 1514 1671 1534 ma-

882 1558 968 1578 nuum
983 1550 1132 1586 unicuique
1143 1551 1222 1579 facta;
1235 1560 1241 1578 :
1257 1551 1311 1579 nisi
1325 1552 1397 1579 enim
1413 1552 1442 1579 in
1458 1553 1674 1589 unumquodque

881 1604 976 1624 eorum
989 1597 1053 1624 talis
1067 1597 1201 1632 quaepiam
1218 1597 1355 1625 invocatio
1370 1606 1385 1625 a
1402 1598 1447 1633 pio
1461 1600 1604 1627 sacerdote
1618 1600 1670 1627 ad-

881 1642 1026 1675 hibeatur,
1041 1643 1088 1678 qui
1102 1643 1266 1678 baptizatur.
1280 1643 1308 1671 in
1325 1651 1422 1679 aquam
1439 1648 1542 1672 tantum
1557 1646 1669 1674 descen-

868 1687 931 1720 ‘dit,
943 1693 973 1715 ut
985 1688 1083 1720 Judaei.
1096 1693 1123 1716 et
1134 1690 1258 1724 corporis
1271 1693 1377 1717 tantum
1393 1690 1500 1722 sordes,
1514 1699 1566 1718 non
1578 1695 1673 1720 autem

881 1734 980 1761 animae
999 1734 1122 1769 deponit.
1137 1734 1203 1763 Post
1224 1735 1290 1768 hoc,
1307 1739 1385 1764 stans
1408 1736 1483 1763 dicat
1505 1736 1669 1770 orationem,

881 1787 962 1815 quam
977 1779 1072 1807 docuit
1086 1787 1137 1808 nos
1152 1780 1285 1809 Dominus
1299 1781 1322 1797 ⁷⁸
1340 1791 1346 1809 :
1363 1781 1479 1814 scilicet,
1502 1783 1550 1817 qui
1564 1784 1668 1810 'resur-

880 1825 964 1858 rexit,
983 1825 1142 1853 necessario
1161 1825 1243 1854 debet
1269 1831 1343 1854 stare
1367 1834 1399 1854 ac
1425 1835 1516 1861 orare,
1538 1829 1667 1863 quoniam

882 1872 930 1906 qui
951 1872 1087 1907 exsurgit,
1100 1875 1211 1900 erectus
1231 1875 1295 1900 est:
1313 1877 1340 1900 et
1357 1873 1417 1908 ipse
1439 1874 1532 1909 igitur,
1550 1875 1596 1909 qui
1614 1882 1669 1902 una

881 1925 943 1944 cum
959 1917 1070 1946 Christo
1092 1921 1217 1946 mortuus
1231 1922 1274 1946 est
1294 1926 1327 1946 ac
1349 1921 1510 1953 resurrexit,
1525 1925 1587 1949 stet.
1602 1921 1669 1949 Pre-

881 1968 959 1992 cetur
972 1971 1036 1992 vero
1049 1963 1086 1991 ad
1106 1964 1239 1993 orientem
1254 1975 1261 1993 :
1277 1966 1377 1993 etenim
1396 1966 1448 1994 hoc
1471 1975 1580 2003 quoque
1599 1969 1669 1996 serio

881 2014 958 2045 ptum
973 2014 1016 2038 est
1034 2010 1064 2038 in
1082 2010 1204 2039 secundo
1223 2011 1466 2048 Paralipomenon,
1486 2014 1570 2049 quod,
1592 2018 1668 2049 post-

881 2065 962 2092 quam
977 2057 1108 2092 templum
1124 2056 1231 2085 Domini
1251 2065 1266 2085 a
1289 2066 1352 2094 rege
1373 2058 1518 2088 Salomone
1537 2068 1668 2088 consum-

880 2107 984 2130 malum
1010 2103 1071 2137 fuit,
1101 2103 1131 2132 in
1157 2104 1218 2140 ipsa
1243 2104 1415 2133 dedicatione
1440 2107 1620 2141 sacerdotes,
1639 2111 1668 2135 et

880 2148 978 2181 levita,
995 2153 1022 2177 et
1037 2153 1176 2183 cantores,
1192 2158 1255 2178 cum
1271 2151 1404 2186 cymbalis
1414 2155 1442 2179 et
1459 2153 1597 2187 psalteriis
1614 2158 1668 2181 ste-

881 2199 975 2223 terunt
987 2195 1022 2223 ad
1040 2197 1188 2230 orientem,
1208 2197 1363 2229 laudantes.
1388 2203 1416 2226 et
1440 2199 1612 2233 conﬁtentes,
1634 2207 1669 2228 ac

685 2318 869 2348 VARIORUM
886 2320 1001 2349 NOTAE.

76 2378 127 2416 (55)
148 2378 228 2416 Ides.
243 2377 318 2405 Alter
330 2376 393 2405 cod.
410 2376 529 2404 Vindob.
543 2376 626 2404 habet
641 2376 680 2412 τῷ
695 2376 734 2410 δέ,
747 2377 820 2412 quod

882 2377 954 2413 ἡμῶν
968 2379 982 2404 ό
999 2378 1027 2416 εν
1047 2380 1259 2416 τοϊςέοὐρανοτς,
1276 2383 1341 2412 θιο..
1360 2380 1406 2408 ubi
1436 2381 1446 2416 (

44 2414 143 2440 melius.
158 2414 244 2440 Cum.

75 2448 127 2483 (54)
146 2449 193 2475 Ae.
213 2448 260 2476 Est
272 2448 299 2475 in
315 2448 401 2475 altero
415 2446 498 2475 Vind.
515 2446 723 2483 rérmelius._ln.

74 2481 127 2517 (55)
145 2483 202 2510 Καὶ
217 2483 464 2510 συναποθανόντα
478 2482 581 2513 αὐτόν,
593 2487 645 2510 etc.
662 2481 746 2510 Recte
759 2489 823 2508 cum

43 2516 90 2545 isto
107 2516 166 2546 loco
182 2518 332 2552 conjunges
345 2518 594 2552 mterpretatiouem
607 2518 777 2544 Balsamonis
789 2516 822 2543 ad

42 2559 168 2581 canonem
184 2553 367 2580 Laodicenum
383 2553 427 2579 48.
445 2552 513 2579 Cor.

74 2587 128 2623 (56)
154 2590 224 2615 Ἐὰν
239 2587 293 2622 γὰρ
305 2589 347 2622 μὴ
361 2590 404 2620 εἷς
418 2588 557 2618 ἕκαστον,
574 2591 631 2623 εις,
645 2587 776 2621 Loquitur
789 2588 822 2614 dc

42 2621 199 2656 baptismate
215 2621 354 2650 ordinario
375 2623 546 2655 adulterum;
562 2622 634 2656 quod
656 2623 708 2650 nisi
729 2623 823 2649 sedulo

42 2665 72 2684 ac
84 2658 222 2693 ritejuxta
236 2662 320 2685 totam
337 2658 525 2685 cieremoniam
542 2657 664 2684 tradatur
685 2666 699 2683 a
720 2658 763 2691 pio
780 2665 824 2684 sa—

42 2693 157 2727 cerdote,
171 2698 198 2722 et
214 2694 380 2728 suscipiatur
395 2702 409 2720 a
432 2694 476 2728 pio
498 2694 704 2728 catechumeno,
726 2693 823 2719 anima:

42 2701 157 2727 ceruote,
171 2701 198 2722 et
214 2701 286 2721 susc:
309 2701 380 2720 tatur
395 2702 409 2720 a
432 2701 476 2728 pio
498 2701 704 2723 catccuumcno,
726 2701 821 2719 annua:

40 2728 131 2764 sordes
145 2736 201 2756 non
211 2701 331 2764 depellit,
347 2736 396 2764 nec
412 2736 492 2755 suum
507 2728 610 2764 obtinet
625 2727 759 2764 cﬂcclum.
784 2728 821 2754 1υ.

83 2763 128 2797 57)
144 2762 331 2797 ΠαρὰίΑΙιοι·
346 2763 462 2790 Viudob.
480 2763 559 2789 habet
575 2762 619 2789 hic
632 2763 694 2789 ὑπό.
712 2762 794 2789 CLER.

83 2764 116 2790 57
144 2764 238 2797 Παρὰ.
256 2764 331 2790 Alter
346 2764 462 2790 Viudob.
480 2764 559 2789 habet
575 2764 619 2789 hic
632 2764 694 2789 ὑπό.
712 2764 794 2789 CLEn.

72 2764 128 2832 (581
152 2798 296 2826 Ἰουδαῖοι.
311 2798 421 2826 Rectius
436 2798 464 2825 in
478 2798 572 2825 eodem
586 2798 610 2824 οἱ
622 2797 754 2825 Ἰουδαῖοι.
768 2798 804 2824 In.

73 2832 127 2867 (59)
144 2833 225 2861 Μετὰ
238 2834 325 2861 τοῦτο
341 2834 443 2867 ἑστώς,
459 2837 511 2861 etc.
526 2832 644 2859 Joannes
657 2833 821 2867 Chrysosto-

42 2862 201 2900 musfhom.
215 2868 232 2896 ϐ
245 2869 273 2896 in
287 2862 483 2903 Ερίδιοίαγίιάά
504 2867 670 2895 Colossenses
684 2876 691 2893 :
714 2862 822 2898 Ὲὺϐἑως

41 2902 91 2939 γὰρ
112 2903 240 2938 ἀνελθὼν,
263 2904 349 2932 ταῦτα
373 2904 517 2939 φθέγγεται
542 2903 574 2929 τὰ
594 2904 710 2938 ῥήματα·
735 2903 824 2939 ῐιὰττρ

1448 2381 1499 2408 hoc
1522 2385 1552 2409 ut
1576 2382 1665 2411 obiter

877 2413 1015 2449 moneam)
1067 2414 1120 2441 uod
1148 2413 1359 2450 sequitur:0t‘ax
1382 2416 1425 2442 ἐπ’
1440 2413 1512 2451 οψιν
1529 2417 1665 2445 πίπτειτῒ

877 2448 992 2481 παιδίον,
1008 2450 1038 2476 οὐ
1047 2422 1130 2481 ιξύλον
1146 2450 1222 2481 ὁρᾷς,
1239 2450 1299 2477 οὐδὲ
1317 2451 1418 2481 πηγήν,
1440 2456 1599 2481 corruptum
1624 2454 1665 2481 vi-

877 2451 992 2481 παιδίον,
1008 2451 1038 2476 οὐ
1053 2451 1130 2482 ξύλον
1146 2451 1222 2486 ὁρᾷς,
1239 2451 1299 2477 οὐδὲ
1317 2451 1418 2486 πηγήν,
1440 2456 1599 2487 corruptum
1624 2454 1667 2481 vi-

876 2484 968 2527 detur,
982 2485 1270 2527 atque-corrigendum
1282 2485 1428 2527 scribendo
1442 2487 1620 2527 m6!9v,_qui_a_
1631 2488 1665 2516 ad

895 2519 1032 2547 aradisum
1047 2520 1144 2547 alludit
1159 2521 1188 2547 S.
1209 2520 1314 2547 doctor.
1332 2520 1363 2548 Et
1378 2529 1443 2549 vero
1459 2522 1527 2550 solis
1537 2519 1669 2552 ﬁdelibus

886 2554 976 2582 icebat
990 2556 1141 2583 orationem
1152 2556 1320 2583 Dominicam
1333 2556 1466 2590 proferre,
1477 2558 1597 2586 nondum
1612 2559 1667 2585 ini-

875 2590 950 2627 t_i_atis
960 2598 1016 2627 non
1037 2590 1137 2627 licebat
1159 2600 1168 2619 :
1194 2594 1223 2618 ut
1245 2595 1351 2627 exserte
1372 2591 1452 2619 docet
1473 2591 1665 2627 Theodoritus,

878 2623 955 2662 ger:
969 2624 1096 2662 fab.,_|ib
1109 2633 1138 2662 v._
1161 2633 1221 2662 cap.
1244 2625 1291 2662 ξε,
1308 2630 1369 2660 post
1388 2626 1613 2662 Chrysostomum
1629 2623 1664 2656 ad

877 2658 973 2696 Matth.
986 2659 1080 2693 vr,12,
1094 2664 1121 2687 et
1132 2658 1226 2696 homil.
1242 2660 1270 2692 2,
1285 2658 1316 2688 ἰή
1326 2658 1501 2696 posteriorem
1517 2662 1551 2689 ad
1566 2662 1665 2690 Corin-

878 2694 963 2736 thios,
988 2700 1084 2736 utque.
1095 2695 1232 2736 colligitur
1247 2704 1280 2724 ex
1295 2694 1451 2736 _A'ugust_in_i
1477 2698 1662 2736 sermonibus.

878 2728 1041 2764 Quanquam
1059 2730 1085 2757 id
1099 2728 1232 2758 orationis
1248 2728 1389 2758 recitatum
1407 2732 1491 2759 fuisse
1504 2740 1518 2758 a
1535 2733 1664 2760 catechu-

878 2765 968 2826 μιξῃῇ
980 2765 1062 2827 Ennio
1076 2770 1139 2793 ante
1149 2766 1328 2800 baptismum.
1341 2766 1456 2801 legimus
1469 2767 1496 2793 in
1507 2766 1665 2796 Ritualibus

889 2807 896 2826 l
917 2807 965 2827 ris.
1003 2808 1038 2827 οτ

889 2807 965 2827 IDI‘IS.
980 2807 1038 2827 ιεοτ

910 2834 965 2870 (40)
982 2835 1064 2861 Κατὰ
1079 2834 1238 2868 ἀνατολάς.
1256 2833 1294 2862 Ita
1315 2834 1343 2862 in
1365 2841 1416 2861 ms.
1429 2832 1628 2868 Alexandrino,
1642 2834 1665 2863 11

877 2870 995 2906 Paralip.
1013 2878 1041 2903 ν,
1057 2870 1102 2897 12.
1118 2870 1159 2897 In.
