1900 3108
214 150 284 180 I059
678 145 708 175 ς.
725 143 921 173 CLEMENTIS
937 143 947 170 ι
964 115 1046 171 IIOM.
1065 143 1167 172 PONT.
1186 145 1299 172 OPEIIA
1318 145 1431 174 DUBIA.
1777 149 1844 178 I060

213 209 248 238 Χ.
268 206 363 238 Oratio
376 215 424 243 pro
438 207 573 241 fidelibus.

1015 202 1039 230 Α
1054 204 1081 227 ι’.
1103 202 1324 237 Προσεςώνησις
1336 203 1412 238 ὑπὲρ
1430 204 1489 231 τῶν
1504 204 1631 232 πιστῶν.

213 257 259 286 XI.
283 256 419 284 lnvocatio
432 262 481 288 pro
493 253 624 287 ﬁdelibus.

1052 250 1099 274 ta‘.
1127 248 1301 283 Ἐπίκλησις
1311 249 1370 276 τῶν
1380 249 1505 278 πιστῶν.

212 303 272 332 XII.
291 301 453 331 Constitutio
468 299 573 332 Jacobi,
587 299 682 334 fratris
696 296 812 323 Joannis
824 293 950 322 Zebeda'i.

1092 312 1097 320 .
1118 293 1255 328 Διάταξις
1283 295 1431 329 Ἰακώϐου,
1459 297 1512 324 τοῦ
1540 297 1678 332 ἀδελφοῦ
1712 297 1842 328 Ἰωάννου

1086 340 1140 366 τοῦ
1153 341 1324 368 Ζεϐεδαίου.

215 396 286 424 XIII.
307 396 402 423 Oratio
429 401 477 428 pro
501 391 636 428 ﬁdelibus,
665 394 723 425 post
746 388 864 416 diuinam
885 386 965 414 oblati

1092 405 1096 412 .
1111 387 1330 422 Προσφώνησις
1343 388 1392 415 ἐπὶ
1405 389 1465 417 τῶν
1475 391 1594 417 πιστῶν
1599 391 1678 425 μετὰ
1690 391 1750 426 τὴν
1766 393 1842 419 θεων

249 451 319 470 nent.

1086 432 1250 467 drayopa'r.

215 489 286 517 XIV.
303 487 398 516 Oratio
409 489 468 521 post
482 484 703 512 communionem.

1052 476 1098 504 ιδ’.
1118 478 1340 514 Προσφώνησις
1350 481 1426 515 μετὰ
1440 481 1498 516 τὴν
1508 482 1693 518 μετάληψιν,

215 535 276 563 XV.
298 533 433 562 Inuocatio
447 538 508 566 post
521 531 741 558 communionem.

1051 526 1095 550 ιε’.
1122 525 1297 559 Ἐπίκλησις
1309 527 1386 561 μετὰ
1400 528 1458 562 τὴν
1466 528 1648 564 μετάληψιν.

213 582 286 611 XVI.
306 581 345 608 De
379 579 546 607 ordinatione
577 577 808 612 presbyterorum,
848 575 963 603 constitu

1094 589 1102 598 ι
1140 572 1210 605 Περὶ
1240 574 1424 607 χειροτονίας
1457 575 1680 609 πρεσϐυτέρων.
1712 576 1843 611 διάταξις

250 629 364 656 Joannis
381 636 397 654 a
408 627 522 654 Domino
533 624 633 652 dilecti.

1094 617 1231 646 Ἰωάννου
1249 619 1302 646 τοῦ
1318 620 1502 655 φιλοιψένου
1517 621 1576 648 ὑπὸ
1591 623 1719 656 Κυρίου.

215 675 299 704 XVII.
320 675 358 702 De
372 673 543 700 ordinatione
559 671 744 699 diaconorum,
759 667 913 696 constitutio
937 665 965 693 Pl

1093 664 1186 698 ,Περὶ
1215 666 1400 699 χειροτονίας
1431 667 1587 700 διακόνων,
1616 669 1671 696 τοῦ
1695 669 1843 697 Φιλίππου

252 722 328 756 lippi.

1088 709 1231 744 διάταξις.

215 767 312 796 XVIII.
334 765 471 793 Invocatio
483 762 660 792 ordinationis
676 760 793 788 diaconi.

1053 759 1101 791 ιη’.
1129 757 1303 792 Ἐπίκλησις
1314 760 1497 793 χειροτονίας
1510 759 1662 788 διακόνου.

214 814 276 843 XIX
311 814 346 840 De
354 812 516 842 diaconissa,
527 809 683 837 constitutio
695 806 896 834 Bartltolomtei.

1061 805 1098 830 θ’.
1119 803 1190 837 Περὶ
1206 803 1414 839 διακονίσσης,
1428 807 1656 842 Βαρθολομαίου
1668 807 1811 842 διάταξις.

215 863 276 893 XX.
299 860 435 888 lnvocatio
448 859 477 886 in
488 856 655 885 ordinatione
664 854 832 881 diaconissw.

1020 871 1040 899 Β
1054 853 1089 876 κ’,
1117 850 1291 884 Ἐπικλησις
1305 851 1355 877 ἐπὶ
1367 853 1550 886 χειροτονίας
1560 852 1770 888 διακονίσσης.

214 909 287 937 XXI.
310 908 348 935 De
360 905 540 936 subdiaconis,
552 901 707 930 constitutio
727 899 846 927 Thomas.

1017 896 1037 899 “”
1055 900 1110 923 κα¹.
1131 896 1202 931 Περὶ
1217 897 1434 933 ὐποδιακόνων,
1447 899 1579 934 διάταξις
1594 901 1649 928 τοῦ
1661 900 1759 936 Θωμᾶς

217 954 299 983 XXII.
320 953 358 980 De
372 951 522 982 lectoribus,
543 948 698 976 constitutio
716 945 848 973 Hatthwi.

1091 946 1107 970 '.
1128 943 1199 978 Περὶ
1216 944 1428 979 ἀναγνωστῶν,
1446 946 1500 974 τοῦ
1521 947 1677 975 Ματθαίου
1702 947 1841 982 διάταξις.

216 1000 312 1029 XXIII.
333 999 427 1026 hcabi
443 997 545 1028 Alphwi
560 995 713 1023 constitutio
729 992 760 1020 de
772 990 966 1026 confessoribus

1092 994 1108 1017 '.
1137 990 1270 1018 Ἰακώϐου
1286 991 1339 1019 τοῦ
1359 992 1496 1027 Ἁλφαίου
1510 992 1578 1027 περὶ
1586 993 1779 1028 opemmth
1789 993 1842 1021 διάμ

1088 1037 1183 1070 ταξις.

218 1092 313 1120 XXIV.
335 1089 460 1125 Ejusdem
476 1088 507 1115 de
522 1085 677 1122 virginibus.

1054 1085 1109 1112 κδ’.
1133 1086 1188 1113 Τοῦ
1203 1086 1296 1113 αὑτοῦ
1310 1087 1378 1121 περὶ
1391 1087 1553 1122 παρθένων.

219 1139 300 1167 XXV.
324 1137 427 1166 Lebbtei
444 1138 614 1170 cognomento
643 1130 771 1160 Thaddwi
795 1129 949 1157 constitutio

1092 1135 1106 1159 ’.
1126 1134 1271 1160 As66’alov
1298 1134 1352 1161 τοῦ
1376 1134 1592 1170 ἐπικληθέντος
1614 1135 1767 1162 Θαδδαίου
1782 1135 1842 1170 περὶ

256 1185 352 1212 viduis.

1090 1180 1191 1216 χηρῶν
1205 1181 1348 1215 διάταξις.

217 1231 311 1260 XXVI.
334 1230 408 1258 Idem
425 1229 457 1255 de
470 1227 613 1256 εισι-αἰτία.

1056 1230 1115 1260 κς.
1129 1228 1156 1254 Ὀ
1171 1228 1262 1261 αὐτὸς
1277 1229 1344 1263 περὶ
1361 1228 1550 1262 ἐπορκιστοῦ.

217 1276 323 1305 XXVII.
345 1275 438 1303 Simon
452 1273 601 1306 Cananita,
613 1272 645 1299 de
657 1271 792 1306 episcopo,
806 1278 822 1297 a
833 1273 896 1305 quot
914 1267 967 1296 debt

1092 1273 1105 1302 ⁵.
1124 1275 1223 1310 Σίμων
1233 1277 1249 1303 ό
1260 1277 1437 1309 Κανανίτης,
1444 1276 1574 1310 περὶτοῦ
1583 1276 1644 1304 ὑπὸ
1655 1276 1763 1303 πόσων
1771 1277 1842 1311 69:51

254 1323 385 1350 ordinari.

1089 1323 1138 1349 λει
1152 1323 1384 1357 χειροτονεῖσθαι
1400 1325 1417 1350 ό
1428 1323 1605 1356 ἐπίσκοπος.

217 1368 338 1397 XXVIII.
361 1366 487 1402 Ejusdem
502 1373 615 1393 canones
634 1364 667 1392 de
684 1364 823 1399 episcopis,
834 1362 967 1398 presbyter

1094 1372 1111 1396 ’.
1135 1369 1190 1396 Τοῦ
1201 1370 1294 1397 αὐτοῦ
1309 1371 1434 1404 κανόνες
1448 1371 1514 1405 περὶ
1525 1372 1843 1406 ὲπισκόπων,πμσσυ-

254 1415 385 1447 diaconis,
398 1419 423 1441 et
435 1412 541 1448 reliquis
556 1412 671 1439 clericis.

1091 1414 1194 1449 τέρων,
1212 1415 1369 1449 διακόνων,
1384 1417 1433 1444 καὶ
1448 1417 1563 1445 λοιπῶν
1578 1419 1743 1453 κληρικῶν.

219 1461 317 1491 XXIX.
340 1461 376 1488 De
392 1459 569 1488 benedictione
586 1466 662 1493 aqua:
675 1462 699 1484 et
716 1456 784 1490 olei,
803 1455 928 1483 Hattluei
943 1463 969 1482 cc

1094 1463 1111 1488 '.
1130 1461 1203 1495 Hepl
1213 1463 1354 1496 εὐλογίας
1368 1462 1478 1497 ὕδατος
1492 1463 1543 1491 καὶ
1559 1464 1678 1497 ἐλαίου,
1700 1465 1756 1492 τοῦ
1770 1467 1844 1493 Ματ-

253 1509 366 1536 stitutio.

1094 1507 1180 1535 θαίου
1193 1507 1336 1542 διάταξις.

221 1555 305 1584 XXX.
323 1554 462 1590 Ejusdem,
478 1553 510 1581 de
525 1552 650 1588 primitiis
664 1555 689 1579 et
702 1550 822 1578 decimis.

1019 1548 1043 1581 α
1058 1555 1096 1581 λ’.
1120 1554 1176 1582 Τοῦ
1190 1555 1283 1582 αὐτοῦ
1296 1555 1363 1590 περὶ
1377 1555 1520 1591 ἀπαρχῶν
1532 1557 1583 1584 καὶ
1595 1557 1743 1586 δεκατῶν.

220 1603 317 1631 XXXI.
338 1602 476 1637 Ejusdem,
493 1599 526 1628 de
539 1600 572 1627 iis
586 1607 645 1635 quae
658 1601 809 1633 supersunt.

1056 1601 1115 1628 λα’.
1137 1600 1192 1628 Τοῦ
1204 1601 1297 1628 αὑτοῦ
1313 1602 1380 1636 περὶ
1395 1603 1652 1638 περισσευμάτων.

222 1648 330 1678 XXXII.
357 1648 431 1675 Varii
443 1655 556 1674 canones
570 1645 652 1672 Pauli
668 1644 791 1679 apostoli,
804 1643 836 1670 de
850 1643 883 1670 iis
900 1642 944 1677 qui
961 1650 972 1668 ιι

1095 1646 1113 1672 '.
1133 1646 1266 1678 Κανόνες
1278 1646 1413 1681 διάφοροι
1436 1649 1560 1676 Παύλου
1584 1649 1639 1676 τοῦ
1661 1650 1845 1682 ἀποστόλου.

255 1695 350 1723 cedunt
366 1694 401 1721 ad
420 1693 592 1728 baptismum,
607 1700 672 1727 quos
687 1694 805 1726 oporteat
817 1689 966 1720 admittere,
980 1692 1005 1714 et

1098 1692 1227 1726 περὶτῶν
1240 1694 1426 1727 προσιόντων
1439 1693 1479 1727 τῷ
1490 1694 1690 1730 βαπτίσματι,
1707 1696 1795 1730 τινας
1808 1697 1848 1724 δεῖ

254 1750 286 1776 qu
291 1750 319 1768 os
332 1741 449 1774 reficere.

1092 1739 1324 1773 προσδέχεσθαι,
1340 1739 1389 1767 καὶ
1401 1740 1486 1773 τινας
1497 1740 1735 1769 ἀποϐάλλεσθαι.

219 1787 344 1815 XXXIII.
365 1787 466 1820 Quibus
480 1785 571 1814 diebus
585 1784 680 1820 famuli
691 1783 800 1811 debeant
814 1782 916 1818 feriari.

1058 1786 1114 1819 λγ.
1131 1785 1202 1819 οἵας
1215 1785 1328 1820 ἡμέρας
1341 1785 1389 1812 δεῖ
1399 1786 1503 1821 ἀργεῖν
1516 1786 1589 1819 τοὺς
1601 1787 1729 1821 οἰκέτας.

220 1832 342 1860 XXXIV.
362 1833 462 1866 Quibus
473 1832 557 1864 horis,
582 1836 609 1859 et
633 1838 714 1867 quare
744 1830 772 1857 in
789 1829 828 1856 eis
848 1826 970 1864 precandi

1096 1835 1115 1860 '.
1134 1832 1226 1865 Ποίας
1234 1832 1322 1867 ὥρας,
1341 1833 1389 1860 καὶ
1402 1833 1480 1868 διατι
1490 1834 1525 1860 ὲν
1535 1835 1660 1867 ταύταις
1668 1834 1718 1862 δεῖ
1725 1837 1846 1870 προσεύ-

255 1881 301 1907 sit.

1095 1880 1210 1912 χεσθαι.

219 1925 329 1953 XXXV.
349 1924 444 1952 Jacobi
459 1925 552 1960 fratris
573 1924 679 1952 Domini
690 1923 844 1951 constitutio
855 1921 888 1950 dc
900 1927 969 1955 pespt

1093 1928 1112 1952 ’.
1138 1925 1270 1952 Ἰακώϐου
1286 1925 1338 1953 τοῦ
1348 1925 1481 1961 ἀδελφοῦ
1493 1927 1626 1960 Χριστοῦ
1638 1927 1777 1961 διάταξις
1787 1927 1843 1962 qd

258 1973 312 1999 tino
327 1971 426 2006 ofﬁcio.

1094 1971 1264 2006 ἐσπερινοῦ.

221 2018 344 2045 XXXVI.
363 2018 458 2046 Oratio
474 2018 626 2047 lucernalis.

1060 2019 1119 2049 λς’.
1134 2016 1353 2052 Προσφώνησις
1366 2018 1555 2053 ὲπιλύχνιος.

221 2064 355 2092 XXXVII.
376 2064 532 2092 Gratiarum
546 2066 616 2092 actio
631 2065 784 2093 lucernalis.

766 2074 784 2093 I.
1059 2063 1113 2094 λζ’.
1134 2065 1320 2098 Εὐχαριστία
1331 2065 1516 2099 ἐπιλύχνιος.

221 2110 367 2139 XXXVIII.
389 2110 544 2138 Gratiarum
555 2111 625 2138 actio
636 2112 777 2138 matutina.

720 2112 777 2138 ‘ina.
1059 2111 1119 2144 λη’.
1142 2111 1185 2137 Εὐ
1187 2111 1327 2144 χαριστία
1342 2111 1470 2146 ὀρθρινή.

222 2156 344 2185 XXXIX.
366 2156 504 2192 Impositio
519 2165 613 2184 manus
629 2158 771 2186 matutina.

695 2158 771 2186 stina.
1059 2156 1115 2183 λθ.
1135 2157 1307 2190 Χειροθεσία
1316 2157 1445 2191 ὀρθρινή.

222 2203 280 2230 XL.
302 2202 438 2230 Invocutto
450 2211 497 2238 pro
512 2203 648 2237 primitiis.

1021 2223 1047 2253 D
1057 2204 1098 2236 μ’.
1124 2202 1301 2237 Ἐπικλησις
1315 2203 1364 2230 ἐπὶ
1379 2204 1532 2239 ἀπαρχῶν.

221 2249 289 2277 XLI.
310 2249 404 2277 Oratio
421 2257 468 2283 pro
483 2250 606 2277 mortuis.
871 2264 876 2269 -

1021 2249 1042 2253 '
1056 2252 1116 2283 μα’.
1131 2249 1350 2284 Προσφώνησις
1363 2251 1439 2285 ὑπὲρ
1450 2251 1509 2278 τῶν
1522 2252 1757 2287 κεκοιμημένον.

222 2295 302 2324 XLII.
324 2296 462 2329 Quomodo
479 2301 504 2323 et
515 2296 622 2331 quando
647 2300 766 2331 oporteat
779 2295 896 2332 fidelium
913 2295 972 2331 defu

1087 2296 1114 2322 5".
1128 2295 1194 2328 Πῶς
1204 2295 1252 2322 δεῖ
1262 2296 1311 2323 καὶ
1321 2297 1394 2323 πότε
1408 2298 1544 2331 τίνεσθαι
1557 2299 1613 2331 τὰς
1624 2299 1687 2326 τῶν
1702 2299 1837 2334 κοιμηθέν-

256 2348 360 2370 ctorum
371 2343 430 2377 ﬁeri
447 2343 599 2375 memorias,
612 2348 635 2370 et
648 2343 717 2379 quod
727 2351 760 2370 ex
769 2351 859 2370 eorum
870 2343 1006 2378 facultati-

1093 2350 1152 2368 των
1162 2341 1277 2369 πιστῶν
1283 2342 1399 2377 μνείας·
1415 2343 1464 2370 καὶ
1475 2343 1519 2370 ὅτι
1529 2344 1565 2370 ἐκ
1579 2344 1641 2372 τῶν
1655 2347 1837 2380 ὑπαρχόντων·

257 2389 306 2416 bus
318 2390 354 2417 sit
365 2389 525 2425 pauperibus
542 2390 717 2425 largiendum.

1092 2387 1195 2421 αὐτοῖς
1209 2387 1258 2415 δεῖ
1267 2389 1449 2424 παρέχεσθαι
1464 2390 1585 2424 πένησι.

222 2435 313 2464 XLIII.
335 2437 412 2470 Quod
433 2438 528 2474 impios
547 2447 579 2465 es:
596 2440 650 2466 vita
668 2439 820 2466 decedentes
839 2439 905 2466 nihil
915 2439 972 2474 juvt

1088 2437 1113 2460 νδ.
1135 2434 1196 2461 ’Ὁτι
1215 2435 1285 2468 τοὺς
1299 2436 1419 2469 ἀσεϐεῖς
1441 2436 1647 2473 τελευτῶντας
1669 2438 1762 2469 οὐδὲν
1782 2439 1838 2476 (igi-

256 2485 401 2518 memorite,
417 2485 456 2512 vel
467 2485 605 2514 mandata.

1091 2480 1182 2508 λοῦσι
1193 2481 1303 2517 μνεῖαι,
1317 2483 1336 2518 ἢ
1353 2484 1482 2511 ἑντολαί.

220 2529 314 2558 XLIV.
334 2531 373 2558 De
387 2531 506 2560 ebriosis.

1055 2531 1113 2566 pb’.
1126 2531 1197 2566 Περὶ
1207 2531 1357 2566 μεθύσων.

222 2577 302 2605 XLV.
319 2578 358 2605 De
374 2581 528 2614 rectptenais
548 2581 582 2608 iis
608 2581 652 2616 qui
671 2585 778 2616 propter
801 2579 934 2609 Christum
957 2590 972 2618 p

1102 2601 1109 2608 .
1125 2581 1195 2615 Περὶ
1209 2581 1262 2609 τοῦ
1280 2580 1480 2615 ὑποδέχεσθαι
1494 2580 1566 2614 τοὺς
1580 2581 1631 2609 διὰ
1644 2582 1776 2617 Χριστὸν
1787 2581 1850 2614 δίων,

257 2624 359 2652 tiuntur
372 2627 586 2660 persecutionem.

497 2627 586 2654 fortem.
1091 2628 1247 2663 κομένους.

222 2671 313 2700 XLVI.
332 2671 410 2706 Quod
420 2673 605 2708 unusquisque,
627 2673 655 2700 in
669 2681 700 2700 eo
721 2674 806 2709 gradu
827 2674 901 2707 cieri,
918 2675 945 2702 in
956 2683 972 2710 q

1090 2675 1117 2705 ς’.
1137 2674 1199 2701 ὀτι
1212 2675 1339 2707 ἕκαστος
1347 2673 1529 2709 ὲνῷὲτάχθη
1545 2676 1662 2710 κλήρῳ,
1674 2678 1788 2712 ὀφείλει
1800 2676 1840 2711 ἑρ-

255 2723 295 2746 est
325 2719 505 2751 constitutus,
531 2718 623 2746 debeat
652 2727 805 2754 permanere
832 2725 857 2748 et
889 2722 1005 2749 ordinem

1089 2722 1204 2758 μένειν,
1233 2721 1282 2749 καὶ
1305 2720 1469 2756 φυλάττειν
1493 2721 1553 2755 τὴν
1580 2723 1683 2756 τάξιν,
1704 2724 1784 2752 ἀλλὰ
1804 2721 1838 2758 μὴ

255 2771 359 2791 servare
370 2772 381 2797 ;
393 2773 445 2792 non
458 2773 518 2793 vero
532 2767 567 2793 ad
581 2774 609 2793 se
625 2774 717 2802 rapere
730 2775 790 2803 quc
802 2768 943 2796 commissa
956 2777 1005 2796 non

956 2777 1008 2796 non
1088 2768 1184 2802 ἐαυτῷ
1199 2767 1338 2803 ἁρπάζειν
1353 2767 1389 2794 τὰ
1400 2767 1443 2802 μὴ
1457 2768 1700 2803 ἑτχειρισθέντα.

254 2814 325 2836 sunt.

220 2855 323 2885 XLVII.
339 2856 458 2885 Canones
470 2857 650 2885 ecclesiastici.

1053 2861 1098 2898 με
1102 2883 1107 2889 .
1124 2863 1255 2895 Κανόνες
1269 2862 1523 2896 ὲκκλησιαστικοί.
