1900 3108
60 119 114 148 I06I

191 182 411 225 BIBAION
438 181 678 225 ΟΓΔΟΟΝ.

53 254 134 280 ΠΕΡΙ
142 253 388 283 ΧΑΡῙΣΜΑΤΩΝ,
405 252 473 279 ΚΑΙ
486 251 744 283 ΧΕΙΡΟΤΟΝΙΩΝ,
765 252 832 278 ΚΑΙ

171 288 348 315 ΗΝΟΝΩΝ
357 288 576 314 ΕΚΚΑΗΣΙΑΣ
580 287 696 313 ΤΙΚΩΝ.

311 401 510 428 ΚΕΦΑΛΑΙΟΝ
524 402 564 428 Αι.

53 450 133 478 Τίνων
153 448 242 484 χάριν
262 447 319 484 (71)
340 447 546 484 ἐπιτετίοῦνται
567 448 597 474 al
617 447 677 473 τῶν
697 447 830 482 σημείων

356 482 509 517 δυνάμεις.

79 529 127 556 Τοῦ
138 529 205 556 Θεοῦ
225 529 271 556 καὶ
287 529 415 564 Σωτῆρος
435 528 514 564 ἡμῶν
544 527 632 563 Ἰησοῦ
651 526 770 563 Χριστοῦ
798 527 829 554 τὸ

50 577 112 610 μέγα
126 576 176 610 τῆς
189 575 334 607 εὐσεϐείας
353 576 420 610 ἡμῖν
443 574 638 610 παραδιδόντος
667 575 827 610 μυστήριον,

50 623 88 648 καὶ
101 621 342 658 προσκαλουμένου
365 620 507 653 Ἰουδαίους
529 629 559 647 τε
575 622 623 648 καὶ
639 621 773 656 ’Έλληνας
788 622 828 653 είς

48 670 183 702 ἐπίγνωσιν
199 668 249 695 τοῦ
263 669 322 699 ἐνὸς
338 668 385 695 καὶ
402 667 484 703 μόνου
499 667 626 703 ἀληθινοῦ
636 667 704 694 Θεοῦ
719 668 827 703 [ἰατρὸς

48 715 120 742 αὑτοῦ
134 715 189 751 (72)
199 735 207 746 ,
224 714 315 747 καθὼς
329 714 410 747 αὐτὸς
425 715 477 742 πού
493 723 575 750 φησιν
596 713 764 750 εὐχαριστῶν
780 714 827 740 ἐπὶ

47 763 75 796 τῇ
85 761 201 797 σωτηρίᾳ
214 760 270 788 τῶν
283 760 494 788 πιστευσάντωψ
513 770 522 786 ι
543 760 720 796 Ἐφανέρωσά
735 769 781 787 σου
796 760 827 787 τὸ

48 807 120 842 ἔννομα
133 809 189 839 τοῖς
202 806 366 843 ἀνθρώποις,
383 807 414 833 τὸ
426 806 506 843 ἔργον
520 807 533 833 ὃ
562 806 664 838 ἔδωκάς
694 815 750 842 μοι,
767 807 827 832 ἐτε-

495 118 796 147 CONSTITUTIONES
811 117 1047 147 APOSTOLICA'I.
1065 132 1100 138 —
1116 117 1181 145 LIB.
1199 115 1266 144 VIII.

1601 113 1672 143 1062

1027 184 1207 228 LIBER
1245 180 1534 228 OCTAVUS.

881 251 1259 283 DECHARISMATIBUS,
1273 250 1319 278 ET
1329 247 1670 283 0RDINATIONIBUS,

969 289 1015 317 ET
1028 286 1332 316 ECCLESIASTICIS
1351 285 1393 314 CA
1399 284 1582 313 NONIBUS.

1134 400 1249 429 CAPUT
1274 399 1420 428 PRIMUM.

883 450 973 483 Quare
1000 453 1024 477 et
1038 453 1144 484 propter
1160 456 1287 509 quosnarln
1302 447 1416 474 edantur
1440 447 1515 482 signa
1538 451 1562 473 et
1587 446 1671 473 mira-

1234 491 1264 509 cu
1279 492 1305 509 α.

1234 491 1305 510 cum.

914 531 984 559 Cum
1008 530 1081 558 Deus
1117 534 1145 558 et
1171 529 1297 557 Salvator
1319 532 1414 557 noster
1438 527 1518 556 Jesus
1540 527 1670 555 Christus

877 584 1007 612 magnum
1024 575 1133 612 pietatis
1150 579 1352 604 sacramentum
1368 574 1447 601 nobis
1463 573 1563 605 tradat,
1579 577 1606 601 et
1620 572 1671 600 Ju-

878 623 952 651 daos
969 623 1140 659 gentilesque
1166 623 1262 649 invitet
1281 621 1314 649 ad
1341 621 1508 657 agnitionem
1539 619 1621 647 unius
1636 627 1670 648 ac

878 669 964 696 solius
978 669 1036 696 veri
1050 668 1097 696 Dei
1122 668 1212 696 Patris
1227 668 1269 696 sui
1286 667 1309 683 ’ί
1325 675 1334 701 ;
1352 665 1581 702 quemadmodum
1609 665 1670 701 ipse

878 715 989 747 alicubi,
1011 715 1114 749 gratias
1131 715 1164 742 de
1179 715 1267 742 salute
1293 713 1464 741 credentium
1495 719 1589 747 agens,
1606 711 1644 738 ait
1659 718 1668 738 :

881 771 890 786 ι
904 761 1073 789 Manil’estavi
1091 769 1191 788 nomen
1213 765 1289 788 tuum
1309 759 1486 791 hominibus;
1506 765 1576 793 opus
1595 757 1668 792 quod

877 807 974 835 dedisti
994 807 1072 840 mihi,
1092 806 1281 835 consummavi
1303 807 1336 840 ";
1355 815 1364 832 ι
1388 812 1505 840 cumque
1528 804 1562 831 de
1586 803 1668 833 nobis

47 852 141 880 λείωσα·
155 862 165 878 ι
182 853 232 879 καὶ
247 853 311 889 περὶ
333 852 412 888 ἡμῶν
426 852 551 887 λέγοντος
574 852 614 887 τῷ
630 852 726 888 Πατρί-
747 861 755 877 ι
770 852 825 878 Πά-

877 853 950 880 dicat
965 852 1038 880 Patri
1052 863 1058 880 :
1071 862 1080 879 ι
1094 852 1176 880 Pater
1190 857 1285 880 sancte
1296 873 1303 885 ,
1320 853 1372 880 etsi
1384 851 1503 878 mundus
1516 853 1543 877 te
1555 857 1611 877 non
1620 856 1669 877 co-

47 908 86 935 τερ
95 900 164 934 ἅγιε,
178 901 204 926 εί
218 900 289 926 καὶὸ
304 899 406 934 κόσμος
427 907 457 925 σε
479 899 529 925 οὐκ
551 898 633 932 ἔγνω,
648 897 705 925 ἀλλ’
722 897 778 932 ἐγώ
794 906 823 924 σε

47 947 129 979 ἔγνων,
142 947 189 973 καὶ
198 942 273 972 οὗτοί
289 954 319 972 σε
342 945 464 979 ἔγνωσαν
480 945 563 981 (75)»
590 945 714 976 εἰκότως,
735 944 774 976 ὡς
790 944 824 971 ἂν

46 992 249 1028 τετελειωμένων
264 991 352 1027 ἡμῶν,
368 991 434 1027 φησὶ
450 991 532 1017 πᾶσιν
552 990 620 1026 ἃμα,
638 991 703 1026 περὶ
717 990 770 1017 τῶν
793 989 823 1022 ὲξ

45 1037 116 1064 αὐτοῦ
127 1037 174 1064 διὰ
197 1037 246 1064 τοῦ
270 1037 429 1073 Πνεύματος
460 1037 605 1072 διδομένων
634 1036 820 1072 χαρισμάτων·

47 1084 154 1119 «Σημεῖα
167 1084 196 1111 δὲ
205 1085 262 1115 τοῖς
275 1083 462 1114 πιστεύσασιν,
478 1082 564 1109 ταῦτα
574 1082 820 1118 παρακολουθήσει·

44 1130 68 1155 ὲν
86 1129 122 1164 τῷ
142 1129 256 1165 ὀνόματί
286 1137 337 1164 μου
355 1129 480 1164 δαιμόνια
508 1128 661 1155 ἐκϐαλοῦσι·
686 1128 822 1162 γλώσσαις

44 1175 317 1211 καιναῖςλαλήσουσιψ
347 1175 424 1210 ὄφεις
441 1174 547 1211 ἀροῦσι·
564 1174 616 1202 κᾶν
632 1174 782 1210 θανάσιμόν
795 1184 822 1201 τι

44 1222 140 1253 πίωσιν,
154 1223 185 1249 οὐ
202 1222 241 1258 μὴ
251 1223 350 1254 αὐτοὺς
365 1221 470 1257 βλάψεν
489 1221 536 1248 ἐπὶ
553 1220 713 1257 ἀρρώστους
726 1223 822 1257 χεῖρας

44 1268 202 1304 ἐπιθήσουσι,
215 1269 263 1295 καὶ
277 1258 476 1300 καλῶς-ἕξουσι.
489 1277 498 1293 ι
509 1268 617 1294 Τούτων
626 1267 680 1294 τῶν
688 1267 822 1303 χαρισμά-

42 1323 88 1341 των
100 1315 230 1351 πρότερον
244 1315 291 1350 μὲν
301 1315 367 1350 ἡμῖν
376 1314 506 1341 δοθέντων
515 1315 569 1345 τοῖς
579 1313 747 1348 ἀποστόλοις,
761 1313 822 1349 μέλ-

42 1358 106 1386 λουσι
119 1360 149 1386 τὸ
158 1359 324 1394 Εὐαηέλιον
347 1359 540 1394 καταγγέλλειν
561 1359 636 1396 πάσῃ
659 1361 692 1395 τῇ
722 1359 819 1386 κτίσεισ

42 1405 124 1433 ἔπειτα
137 1407 164 1434 δὲ
181 1408 239 1438 τοῖς
265 1407 299 1433 δι’
319 1406 397 1442 ἡμῶν
414 1405 588 1432 πιστεύσασιν
599 1406 756 1440 ἀναγκαίως
775 1415 821 1441 χο-

42 1453 216 1489 ρηγουμένων·
237 1454 288 1480 οὐκ
295 1454 335 1484 είς
346 1453 396 1488 τὴν
412 1452 464 1479 τῶν
473 1452 655 1487 ἐνεργούντων
665 1452 799 1488 ὠφέλειαν
810 1472 818 1484 ,

876 899 969 935 gnovit
982 908 990 933 ;
1007 904 1035 927 at
1047 907 1097 935 ego
1110 903 1137 927 te
1148 900 1274 935 cognovi,
1285 903 1312 927 et
1323 899 1349 926 hi
1359 903 1386 926 te
1398 899 1586 931 cognoverunt
1597 896 1621 911 "
1631 904 1641 930 ς
1652 905 1664 922 ι

876 946 971 973 merito
996 946 1125 973 omnibus
1156 946 1249 978 simul,
1284 948 1378 980 utpote
1409 944 1456 980 qui
1485 944 1572 978 simus
1598 950 1666 971 con-

874 992 1012 1024 summati,
1027 993 1066 1018 ait
1081 992 1115 1020 de
1133 992 1357 1024 cbarismatibus,
1377 999 1438 1027 quae
1453 991 1511 1026 ipse
1535 998 1584 1025 per
1603 989 1668 1025 Spi-

874 1039 955 1064 ritum
985 1038 1060 1065 dedit
1086 1047 1093 1065 :
1119 1046 1130 1064 ι
1157 1037 1240 1073 Signa
1275 1042 1365 1065 autem
1391 1046 1439 1065 eos
1462 1038 1508 1073 qui
1537 1037 1664 1066 credide-

873 1084 939 1116 rint,
972 1084 1029 1111 haec
1057 1087 1228 1119 sequentur:
1245 1084 1274 1111 In
1301 1083 1411 1111 nomine
1439 1091 1500 1111 meo
1530 1083 1665 1113 daemonia

872 1129 1000 1164 ejicient;
1016 1130 1117 1165 linguis
1125 1131 1205 1158 novis
1218 1131 1384 1165 loquentur;
1398 1134 1538 1165 serpentes
1550 1130 1662 1164 tollent;

872 1178 899 1202 et
913 1176 937 1203 si
948 1176 1120 1203 mortiferum
1144 1176 1211 1212 quid
1226 1177 1357 1208 biberint.
1381 1185 1434 1203 non
1456 1176 1498 1204 eis
1530 1176 1660 1209 nocebit;

870 1226 952 1255 super
962 1228 1049 1256 aegros
1061 1229 1160 1250 manus
1171 1222 1322 1258 imponent,
1334 1226 1361 1251 et
1371 1223 1440 1252 bene
1450 1223 1588 1252 habebunt
1597 1223 1630 1249 ".
1646 1231 1655 1247 ι

871 1264 938 1299 Qua:
949 1267 1114 1296 charismata
1128 1275 1178 1296 seu
1191 1268 1265 1297 dona
1279 1269 1356 1305 prius
1370 1270 1479 1304 quidem
1499 1269 1579 1297 nobis
1591 1275 1660 1303 apo-

872 1312 950 1340 stolis
972 1312 1072 1339 tradita
1092 1319 1166 1345 sunt,
1180 1314 1226 1349 qui
1240 1314 1314 1340 omni
1332 1317 1466 1340 creaturae
1483 1313 1659 1348 praedicaturi

872 1367 982 1387 eramus
1005 1359 1202 1395 Evangelium;
1223 1365 1316 1395 poslea
1336 1367 1402 1387 vero
1437 1359 1597 1386 necessario
1615 1359 1663 1391 iis,

870 1406 917 1441 qui
937 1413 986 1441 per
1000 1413 1052 1434 nos
1067 1406 1257 1437 crediderunt,
1273 1405 1450 1440 praabentur;
1467 1413 1523 1433 non
1536 1405 1570 1432 ad
1586 1405 1665 1432 utili-

870 1457 954 1480 tatem
970 1460 1002 1480 ea
1018 1452 1201 1488 operantium,
1219 1452 1267 1480 sed
1296 1452 1329 1479 ad
1347 1451 1498 1479 infidelium
1521 1451 1663 1479 assensio-

42 1497 90 1523 ἀλλ’
105 1499 142 1530 είς
150 1499 198 1535 τὴν
212 1499 267 1526 τῶν
282 1499 404 1526 ἀπίστων
421 1497 629 1533 συγκατάθεσιν,
649 1498 693 1524 ἵνα
707 1497 754 1529 οὓς
770 1498 819 1525 οὐκ

874 1506 932 1526 nem
945 1508 953 1532 ;
966 1503 996 1526 ut
1011 1499 1111 1534 quibus
1122 1506 1177 1526 non
1190 1497 1327 1533 persuasit
1344 1505 1445 1529 sermo.
1459 1498 1508 1526 hos
1523 1498 1612 1525 virtus
1624 1497 1663 1526 si-

41 1542 136 1571 ιπεισεν
143 1545 157 1571 ό
169 1545 258 1578 λόγης,
273 1544 384 1576 τούτους
391 1545 409 1580 ἡ
426 1544 480 1571 τῶν
494 1544 613 1580 σημείων
621 1543 769 1581 δυσωπήσῃ
776 1544 820 1570 δύ-

874 1552 986 1580 gnorum
1000 1544 1092 1573 ﬂectat
1103 1553 1136 1572 ac
1148 1545 1253 1580 pudore
1268 1543 1376 1571 alliciat.
1405 1542 1487 1578 Signa
1514 1543 1587 1571 enim
1605 1550 1662 1570 non

43 1598 120 1624 ναμις·
135 1591 168 1617 τὰ
181 1591 237 1627 γὰρ
251 1592 350 1627 σημεῖα
363 1591 394 1617 οὺ
406 1592 462 1622 τοῖς
476 1591 581 1622 πιστοῖς
591 1591 669 1626 ἡμῖν.
679 1589 747 1616 ἀλλὰ
761 1591 818 1619 τοῖς

42 1634 162 1669 ἀπίστοις,
186 1636 320 1663 Ἰουδαίων
340 1645 370 1663 τε
385 1637 432 1663 καὶ
461 1635 603 1672 Ἑλλήνων·
626 1635 687 1662 οὕτε
704 1635 759 1671 γὰρ
788 1636 819 1662 τδ

41 1680 156 1717 δαίμονας
171 1683 311 1710 ἐκϐάλλειν
327 1683 461 1719 ἡμέτερον
475 1682 578 1718 κέρδος,
595 1681 662 1708 ἀλλὰ
674 1681 727 1708 τῶν
747 1682 819 1718 ἐνερ-

42 1727 95 1762 γείᾳ
108 1729 209 1765 Κυρίου
225 1728 441 1765 καθαιρομένων·
465 1728 556 1760 καθὼς
572 1728 654 1760 αὑτός
680 1735 731 1755 που
751 1737 817 1755 παι.-

40 1770 115 1801 δεύων
125 1776 197 1811 ἡμᾶς
217 1776 233 1801 ὁ
253 1775 355 1811 Κύριος
374 1775 492 1801 δείκνυσι
507 1774 603 1809 λέγων·
622 1784 631 1801 ι
651 1775 697 1811 Μὴ
707 1775 816 1811 χαίρετε

40 1817 75 1845 δτι
89 1819 120 1847 τὰ
133 1822 276 1857 πνεύματα
302 1822 367 1857 ὑμῖν
381 1821 557 1853 ὑπακούεται,
574 1821 642 1848 ἀλλὰ
657 1822 766 1858 χαίρετε
776 1823 817 1850 ὄτι

40 1865 69 1892 τὰ
81 1867 196 1903 ὀνόματα
209 1867 286 1904 ὑμῶν
304 1867 462 1903 γέγραπται
475 1868 505 1894 ὲν
520 1867 560 1903 τῷ
574 1867 690 1904 οὐρανῷ·
699 1877 707 1893 ι
723 1868 816 1905 ἐπειδὴ

39 1912 66 1938 τὸ
81 1914 124 1947 μὲν
140 1914 223 1941 αὐτοῦ
239 1914 349 1950 δυνάμει
364 1914 479 1948 γίνεται,
495 1914 526 1940 τὸ
542 1914 570 1940 δὲ
582 1913 708 1950 ἡμετέρᾳ
723 1915 816 1951 εὐνοίᾳ

40 1958 80 1984 καὶ
93 1960 203 1996 σπουδῇ,
218 1960 295 1996 δῆλον
311 1961 351 1987 ὅτι
373 1959 564 1996 βοηθουμένοις
591 1960 636 1986 ὑπ’
649 1959 742 1986 αὑτοῦ.
759 1961 816 1988 Οὐκ

40 2003 183 2039 ἐπάναγκες
197 2004 244 2033 οὖν
260 2006 349 2032 πάντα
366 2005 461 2032 πιστὸν
476 2005 607 2041 δαίμονας
629 2005 780 2037 ὲκδάλλειν,
797 2007 814 2042 ἦ

38 2052 140 2085 νεκροὺς
154 2052 277 2087 ἀνιστᾷν,
292 2051 308 2086 ἢ
322 2051 458 2086 γλώσσαις
470 2051 569 2078 λαλεῖν·
582 2051 650 2078 ἀλλὰ
671 2051 717 2078 τὸν
733 2051 815 2084 ἀξιω-

39 2094 109 2122 θέντα
123 2098 291 2134 χαρίσματος
307 2097 353 2124 ὲπί
367 2106 419 2124 τινι
433 2097 511 2133 αίτίᾳ
527 2097 660 2134 χρησίμῃ,
674 2098 714 2129 είς
728 2105 816 2133 σωτη-

38 2141 91 2176 ρίαν
103 2143 154 2170 τῶν
164 2145 295 2176 ἀπίστων,
307 2143 520 2179 δυσωπουμένων
534 2143 663 2175 πολλάκις
672 2144 703 2170 οὐ
716 2145 749 2179 τῇ
758 2144 814 2180 (74)

38 2187 85 2214 τῶν
97 2189 180 2224 λόγων
191 2189 337 2223 ἀποδείξει,
346 2190 414 2217 ἀλλὰ,
425 2191 458 2225 τῇ
473 2190 527 2216 τῶν
542 2190 663 2226 σημείων
677 2191 812 2226 ἐνεργείᾳ,

871 1591 951 1618 nobis
968 1591 1092 1619 ﬁdelibus
1115 1591 1244 1623 eduntur,
1262 1590 1311 1618 sed
1332 1589 1497 1622 inﬁdelibus,
1525 1597 1587 1617 cum
1614 1589 1665 1616 ,Ιη-

870 1637 1002 1669 dzeorum,
1027 1641 1086 1664 tum
1101 1636 1268 1665 Graecorum.
1302 1635 1396 1671 Neque
1421 1637 1493 1664 enim
1523 1636 1662 1664 daemones

869 1683 968 1718 ejicere
984 1686 1107 1710 nostrum
1123 1683 1339 1711 emolumentum
1349 1686 1402 1716 est,
1423 1682 1471 1710 sed
1491 1690 1586 1709 eorum
1613 1683 1662 1717 qui

869 1737 917 1764 per
944 1728 1051 1756 Domini
1075 1729 1264 1764 operationem
1304 1734 1482 1764 purgantur;
1507 1728 1579 1756 sicut
1602 1728 1662 1763 ipse

869 1773 1011 1807 Dominus,
1027 1782 1078 1802 nos
1092 1774 1231 1807 erudiens,
1245 1774 1376 1806 ostendit,
1393 1774 1510 1801 dicendo
1522 1783 1530 1801 :
1547 1783 1556 1800 ι
1570 1773 1661 1802 Nolite

868 1821 997 1856 gaudere,
1010 1821 1074 1856 quia
1090 1820 1204 1856 spiritus
1219 1821 1300 1848 vobis
1317 1820 1459 1853 obediunt;
1475 1819 1522 1848 sed
1532 1819 1660 1855 gaudete.

867 1866 939 1901 quod
966 1867 1077 1894 nomina
1110 1870 1202 1894 vestra
1230 1867 1334 1901 scripta
1358 1870 1423 1893 sunt
1451 1866 1479 1893 in
1505 1866 1576 1893 cmlo
1597 1866 1659 1898 ⁹³⁴;›

868 1912 979 1948 quando
991 1912 1058 1940 illud
1073 1913 1182 1949 quidem
1204 1913 1291 1948 ipsius
1304 1912 1404 1940 virtute
1418 1911 1468 1945 llt;
1491 1912 1542 1939 hoc
1567 1915 1659 1939 autem

866 1963 962 1987 nostro
981 1959 1080 1987 aﬂ'ectu
1105 1967 1137 1987 ac
1165 1959 1268 1991 studio,
1298 1959 1391 1991 nobis,
1406 1958 1551 1990 videlicet,
1578 1957 1614 1986 ab
1624 1965 1658 1986 eo

867 2006 979 2041 adjutis.
991 2006 1052 2034 Non
1064 2014 1130 2042 ergo
1145 2014 1259 2034 necesse
1283 2009 1325 2034 est
1339 2009 1369 2032 ut
1394 2005 1485 2033 omnis
1500 2004 1588 2033 ﬁdelis
1602 2004 1658 2032 da:-

866 2061 963 2080 mones
977 2052 1106 2088 expellat,
1126 2056 1173 2080 aut
1187 2053 1302 2081 suscitet
1325 2056 1450 2080 mortuos
1461 2071 1469 2084 ,
1486 2056 1533 2079 aut
1557 2051 1657 2086 linguis

867 2100 1004 2135 loquatur,
1015 2099 1063 2127 sed
1080 2099 1104 2127 is
1117 2099 1165 2135 qui
1176 2099 1341 2127 charismate
1352 2098 1480 2134 dignatus
1491 2101 1533 2125 est
1547 2101 1658 2132 propter

866 2146 985 2182 aliquam
1001 2154 1113 2174 causam
1128 2146 1234 2177 utilem,
1249 2145 1284 2172 ad
1298 2145 1413 2173 salutem
1430 2143 1591 2175 inﬁdelium,
1609 2143 1656 2178 qui

865 2201 937 2228 saepe
948 2201 1002 2220 non
1018 2201 1176 2221 sermonum
1187 2192 1434 2224 demonstratione,
1449 2190 1497 2219 sed
1513 2191 1656 2225 signorum

38 2232 111 2266 ἀξίων
125 2236 208 2263 ὀντων
225 2237 369 2273 σωτηρίας·
393 2236 453 2263 οὐδὲ
469 2236 523 2272 γὰρ
539 2236 640 2269 πάντες
665 2237 690 2264 οἱ
706 2237 815 2269 ἀσεϐεῖς

874 2241 1024 2274 )peratione
1037 2245 1254 2271 commoventur,
1268 2240 1370 2274 quique
1380 2238 1455 2272 digni
1470 2243 1534 2265 sunt
1548 2238 1655 2270 salute;

40 2278 84 2306 ὗπὺ
97 2282 147 2309 τῶν
163 2283 308 2319 θαυμάτων
321 2283 506 2319 ὲντρέπονται·
528 2283 576 2310 καὶ
590 2283 685 2310 τούτου
708 2283 814 2319 μάρτυς

68 2360 87 2377 ἰ
105 2361 196 2390 ITim.
216 2363 305 2395 "1,16
352 2364 375 2380 ’⁸
393 2363 473 2393 Joan.
489 2372 557 2398 xvu,
574 2364 601 2397 6,
613 2366 641 2394 4.

698 2366 721 2382 ³³
738 2365 806 2395 Ibid.
817 2367 859 2400 ιι,
871 2367 916 2396 95.

866 2292 921 2313 non
936 2285 1011 2313 enim
1039 2292 1136 2314 omnes
1161 2285 1240 2321 impii
1269 2285 1409 2312 miraculis
1436 2287 1653 2312 convertuntur:

971 2365 996 2382 “
1009 2365 1093 2394 Marc.
1111 2374 1168 2398 xvr,
1186 2367 1230 2397 17.
1247 2367 1291 2394 I8.
1307 2367 1347 2383 '5'
1361 2366 1428 2395 Luc.
1445 2375 1472 2400 ι,
1484 2365 1530 2394 20.

681 2442 862 2471 VARIORUM
879 2444 993 2471 ΝΟΤᾹΞ.

69 2507 120 2543 (71)
135 2510 229 2547 Τίνων
243 2510 340 2545 χάριν,
351 2515 405 2539 etc.
422 2511 529 2540 Habent
539 2513 641 2547 gemini
656 2513 758 2540 codd.:
773 2513 815 2540 ὅτι

38 2542 67 2587 τα
80 2545 233 2605 χαρίσματα
243 2542 338 2588 ’τῶνία
342 2547 445 2582 μάτων,
456 2548 509 2589 ,καὶ
518 2542 572 2574 τῶν
581 2547 681 2575 λοιπῶν
695 2548 817 2610 σημείων

38 2586 80 2610 ουκ
100 2579 122 2606 δι.
139 2581 271 2610 ωσέλειαν
285 2589 338 2608 των
354 2583 534 2610 ὲνεογουντων
549 2583 658 2610 δίδοται.
673 2582 721 2610 ἀλλ
751 2583 817 2610 πρὸς

38 2583 91 2613 οὐχὶ
100 2583 130 2606 δι’
139 2583 271 2615 ὠφέλειαν
285 2583 338 2608 τῶν
354 2583 534 2618 ἐνεργούντων
549 2583 658 2615 δίδοται,
673 2583 739 2610 ἀλλὰ
751 2583 818 2618 πρὸς

39 2613 213 2654 πληροφορίαν
234 2616 288 2654 τῷν
303 2617 433 2649 ἀπίστων,
451 2618 498 2654 καὶ
513 2618 554 2645 ὅτι
573 2619 623 2645 οὐκ
633 2618 738 2654 ἀνάγκη
749 2618 818 2644 πάν-

37 2651 175 2687 mitescit
189 2653 302 2687 σημεῖον
316 2655 413 2679 ποιεῖν.
448 2653 532 2680 Cum.

69 2684 248 2721 (72)Πατρὶ>“ς
275 2687 378 2715 αὐτοῦ.
404 2687 507 2716 Desunt
535 2689 563 2715 in
579 2689 665 2715 altero
675 2688 749 2719 cod.,
764 2695 814 2715 nec

40 2722 182 2758 necessaria
212 2725 295 2752 sunt,
318 2729 382 2749 nam
408 2724 422 2749 ὁ
448 2721 488 2755 εἷς
513 2724 560 2750 καὶ
590 2723 668 2758 μόνος
688 2722 813 2758 ἀληθινὸς

40 2752 146 2818 gms?
157 2757 302 2818 lgementia
318 2752 485 2786 Arianorum
502 2759 578 2787 solus
590 2752 638 2786 'est
649 2752 737 2786 [δοιοί
748 2752 813 2786 ,ἱεεὰ

71 2811 283 2863 (like-licem!
303 2835 340 2854 σε
363 2828 511 2863 ἔγνωσαν.
539 2828 652 2856 Joannis
677 2837 745 2859 xv".
766 2828 812 2857 351

41 2857 89 2885 Καὶ
101 2857 171 2888 οὗτοι.
183 2861 303 2896 ἔγνωσαν
312 2863 351 2890 ὅτι
365 2857 397 2890 αὖ
415 2872 447 2898 με
468 2864 637 2896 ἀπέστειλας.
666 2863 700 2891 Ει
716 2857 743 2891 lii
768 2873 813 2892 co-

870 2517 1014 2574 glnoverunt
1025 2514 1087 2549 quia
1107 2517 1135 2540 tu
1158 2521 1197 2540 me
1213 2513 1319 2541 misisti.
1336 2512 1370 2539 At
1381 2512 1454 2540 enim
1467 2510 1556 2539 Nonni
1571 2509 1653 2537 Para-

870 2556 885 2574 ι)
896 2556 976 2574 magis
991 2558 997 2574 :

896 2556 976 2575 ll'aSlS
991 2558 997 2576 Ζ

867 2556 982 2619 pagis:
991 2570 1079 2618 coeo;
1094 2583 1173 2619 χορός
1190 2581 1355 2619 οὓτοςῗὲμῶν
1369 2582 1631 2619 δεδάηκενηὲταίρων.

867 2614 1080 2653 Chrysostouius
1094 2614 1241 2648 'i'n'Catena
1258 2614 1395 2646 VJO'CUINI'L'
1409 2614 1464 2644 Κὰὶ
1484 2614 1557 2645 οὗτοι
1567 2614 1606 2645 ’δέ
1619 2626 1649 2644 σι

866 2652 1047 2690 ἔγνωσανῶτι
1058 2653 1090 2690 συ
1109 2662 1142 2690 με
1159 2654 1330 2686 ἀπέστειλας,
1345 2654 1390 2681 ubi
1403 2653 1430 2679 in
1440 2652 1606 2681 editionibua
1618 2654 1646 2680 S.

867 2688 1043 2724 doctorris.rcé
1058 2688 1122 2716 illud
1135 2697 1189 2715 non
1203 2693 1352 2724 comparet.
1369 2689 1436 2716 Cor.

900 2723 956 2760 (74)
975 2723 1022 2760 Τῇ.
1046 2723 1192 2760 Alterﬁcod.
1217 2723 1271 2760 τήν
1294 2729 1321 2751 et
1349 2727 1441 2760 postea
1459 2723 1593 2760 ἀπόδειξιν
1617 2729 1650 2749 ac

863 2758 912 2794 τὴν
939 2758 1088 2794 ἐνέργειαν.
1121 2759 1227 2787 Revera
1245 2758 1428 2794 ’δυσωπέομαι
1464 2758 1648 2794 accusativum

865 2792 960 2832 regere
985 2792 1066 2829 'apud
1097 2795 1184 2822 bonos
1211 2794 1362 2829 scriptores
1381 2792 1470 2832 solet.
1590 2792 1648 2832 ele-

865 2828 1019 2892 grntioéum
1043 2837 1122 2858 usum
1154 2837 1210 2858 non
1240 2828 1347 2864 semper
1366 2828 1490 2864 sequitur
1513 2828 1558 2856 hic
1577 2828 1648 2856 scri-

865 2872 882 2892 n
895 2872 935 2892 or.
976 2873 1036 2892 Leu.

864 2868 935 2900 ptor.
953 2865 1036 2892 (ΖΙ-εει.
