1900 3108
39 129 95 159 1065

456 129 754 159 CONSTITU'I'IONES
779 131 1017 163 APOSTOLIC/E.
1034 150 1068 155 --
1085 135 1148 162 LIB.
1168 135 1235 163 VIII.

1573 137 1644 166 I066

39 187 132 218 κακίαν,
149 186 164 222 ἢ
177 187 338 223 ἐγκράτειαν
352 186 473 223 ἔννομον.
488 188 544 215 Καὶ
557 189 611 224 γὰρ
626 190 673 216 καὶ
684 190 805 225 Μωυσῆς

857 191 974 226 ρίοηιίω,
990 193 1032 220 vel
1046 193 1168 220 scientia:
1182 194 1203 225 ³,
1219 197 1268 220 aut
1294 194 1427 223 rationem
1447 195 1644 223 discernendo—

38 234 49 261 ό
62 232 102 260 τοῦ
117 232 180 259 Θεοῦ
191 233 348 269 ἄνθρωπος,
364 234 393 260 ὲν
410 233 542 270 Αἰγύπτῳ
570 235 699 261 ἐπιτελῶν
715 235 748 262 τὰ
759 244 806 271 ση-

39 282 100 315 μεῖα,
113 279 142 306 οὗ
151 279 306 316 κατεπήρθη
322 279 376 306 τῶν
386 280 538 316 ὁμοφύλων·
551 282 598 308 καὶ
612 281 672 313 θεὸς
686 281 804 317 κληθεὶς,

38 327 78 352 οὐκ
90 326 279 361 ἡλαζονεύσατο
295 326 364 362 μετὰ
377 325 425 353 τοῦ
443 326 507 353 ἰδίου
528 328 669 363 προφήτου
690 328 803 364 Ἀαρών;

44 371 100 398 Ἀλλ’
109 371 166 398 οὔτε
193 373 207 398 ό
224 371 271 399 τοῦ
298 372 378 408 Ναυῆ
399 371 516 408 Ἰησοῦς,
545 373 720 409 ἡγησάμενος
748 375 805 409 μετ’

38 419 105 445 αὑτὸν
119 417 162 444 τοῦ
176 418 251 450 λαοῦ,
265 418 317 445 κᾶν
331 418 370 453 τῷ
384 418 452 454 πρὸς
466 419 530 450 τοὺς
552 418 711 451 ’ῐεόουσίους
727 419 806 446 πολέ-

39 474 73 500 μῳ
86 465 179 500 στήσας
188 465 234 491 τὸν
249 463 324 500 ἥλιον
340 465 411 492 κατὰ
425 465 538 492 Γαϐαὼν
549 484 556 496 ,
571 465 619 491 καί
628 465 677 501 τὴν
691 465 805 501 σελήνην

37 511 95 537 κατὰ
109 512 234 548 φάραγγα
249 510 347 543 Λιλὼν,
361 510 405 538 διὰ
419 509 451 538 τὸ
462 511 500 546 μὴ
512 511 660 546 αὐταρκεῖν
672 509 741 547 πρὸς
755 511 805 547 τὴν

38 558 102 593 νίκην
115 557 161 593 τήν
176 557 294 593 ἡμέραν,
322 557 430 594 ἐπήρθη
449 557 520 584 κατὰ
535 557 584 584 τοῦ
606 557 708 589 Φινεὲς,
723 558 740 593 ἢ
756 558 804 584 τοῦ

37 603 121 630 Χαλέϐ.
134 602 200 630 οὔτε
226 603 362 639 Σαμουὴλ,
377 602 497 630 τοσαῦτα
523 603 662 639 παράδοξα
677 605 804 640 ποιήσας,

38 651 90 685 παρ’
104 650 175 676 οὐδὲν
184 650 309 686 ἡγήσατο
320 649 367 676 τδν
383 649 494 685 θεοφιλῆ
516 650 606 677 Δαϐίδ·
632 651 678 677 καί
693 659 735 678 τοι
751 651 805 686 ἀμ-

37 696 129 731 φότεροι
142 696 290 732 προφῆται·
319 695 367 723 καὶ
383 695 397 721 ὁ
413 696 461 732 μὲν
471 717 478 728 ,
493 697 638 732 ἀρχιερεὺς
651 696 718 732 (78),
730 697 744 723 ό
764 696 803 728 δὲ,

38 741 154 776 βασιλεύς.
171 742 226 769 Καὶ
237 741 309 769 ἑπτὰ
320 741 446 777 χιλιάδων
462 743 642 778 ὑπαρχουσῶν
658 743 805 779 ὲνΊσραὴλ

38 788 117 821 ἁγίων,
137 788 190 815 τῶν
207 787 246 824 μὴ
265 789 432 824 καμψάντων
461 788 524 823 γόνυ
553 790 586 824 τῇ
618 789 701 820 Βάαλ,
726 789 805 824 μόνος

42 834 120 866 Ἠλίας
144 835 174 861 ὲν
200 835 310 867 αὐτοῖς,
333 835 380 862 καὶ
407 835 422 861 ό
443 835 538 861 τούτου
567 834 690 870 μαθητὴς
715 831 804 862 Ἐλισ-

38 882 99 912 σαῖος
127 880 324 916 θαυματοποιοὶ
346 881 515 917 γεγένηνται·
532 869 588 907 ἀλλ’
617 869 680 908 οῦτε
710 881 802 914 Ἠλίας
818 869 841 897 Β

37 926 72 953 τὸν
98 927 237 962 οἰκονόμον
270 926 374 954 ’Δϐδιοὺ
413 927 612 962 ὲξεμνκτήρισε
629 946 637 959 ,
666 926 803 962 φοϐούμε-

37 981 71 999 νον
91 974 136 1008 μὲν
160 973 205 999 τὸν
229 971 315 1004 Θεὸνδ
344 973 375 999 οὐ
393 971 521 1000 ποιοῦντα
549 971 577 999 δὲ
604 973 714 1007 σημεῖα·
742 972 804 999 οὔτε

42 1018 171 1051 Ἐλισσαῖος
182 1019 229 1045 τὸν
245 1017 343 1045 ἑαυτοῦ
362 1017 485 1054 μαθητὴν
508 1018 653 1054 φρίττοντα
665 1019 729 1050 τοὺς
755 1027 804 1045 πο-

36 1064 127 1100 λεμίους
155 1065 304 1101 ὑπερεῖδεν.
338 1065 417 1092 Ἀλλὰ
441 1064 497 1101 γὰρ
519 1064 582 1091 οὗτε
607 1064 705 1100 Δανιὴλ
728 1066 743 1092 ό
763 1074 805 1092 σο-

36 1110 91 1145 φὸς,
111 1111 214 1147 ρυσθεὶς
234 1111 361 1147 δεύτερον
384 1112 417 1138 ἐκ
433 1111 568 1146 στόματος
593 1111 718 1144 λεόντων,
741 1111 804 1139 οὔτε

36 1158 55 1183 οι
65 1159 129 1193 τρεῖς
141 1158 233 1190 παῖδες
247 1158 280 1184 ὲκ
294 1158 409 1194 καμίνου
432 1158 516 1193 πυρὸς
526 1178 532 1189 ,
548 1157 729 1190 ὲξουδένωσαν
740 1159 804 1191 τοὺς

36 1203 126 1236 λοιποὺς
137 1204 190 1231 τῶν
205 1203 358 1240 ὁμοφύλων.
394 1203 556 1231 Ἡπίσταντο
576 1204 631 1240 γὰρ
653 1205 694 1231 ότι
717 1205 748 1231 οὐ
769 1206 805 1247 τῇ

36 1250 108 1286 οἰκείᾳ
115 1250 224 1286 δυνάμει
243 1250 431 1286 περιεγένοντο
444 1249 498 1277 τῶν
513 1250 616 1282 δεινῶν,
629 1250 697 1278 ἀλλὰ
709 1252 742 1286 τῇ
756 1249 803 1277 τοῦ

37 1295 92 1322 Θεοῦ
105 1296 183 1331 ἰσχύϊ,
199 1296 248 1324 καὶ
273 1297 374 1332 σημεῖα
397 1295 551 1327 ἐπετέλουν,
571 1295 687 1323 καὶτῶν
707 1296 804 1332 δυσχε-

36 1341 80 1375 ρῶν
102 1342 308 1377 ἀπηλλάττοντο.
324 1342 428 1369 Οὐκοῦν
445 1342 538 1377 μηδεὶς
559 1341 636 1378 ὑμῶν
651 1341 805 1378 ἑπαιρέσθω

36 1387 93 1414 κατὰ
110 1388 154 1415 τοῦ
175 1388 307 1424 ἀδελφοῦ,
323 1388 375 1416 κᾶν
388 1388 531 1424 προφήτης
545 1386 581 1426 ᾖ,
597 1388 649 1415 κᾶν
666 1388 803 1424 θαυματο-

36 1433 106 1464 ποιός.
126 1434 156 1461 Et
170 1434 224 1470 γὰρ
237 1434 303 1470 δοθῇ
325 1434 423 1470 μηκέτι
446 1431 515 1461 εἶναι
537 1443 587 1462 που
609 1435 733 1466 ἄπιστον,
755 1443 804 1460 πε-

36 1479 100 1514 ριττὴ
116 1479 204 1507 λοιπὸν
219 1480 297 1507 ἔσται
312 1481 388 1508 πᾶσα
411 1481 534 1516 σημείων
556 1480 689 1516 ἐνέργεια.
704 1479 742 1507 Τὸ
755 1481 804 1516 μὲν

36 1525 79 1561 γὰρ
89 1523 151 1553 εῐναι
166 1527 276 1563 εὐσεϐῆ,
287 1528 320 1554 ἐκ
328 1527 378 1563 τῆς
386 1527 433 1554 τοῦ
444 1535 516 1559 τινος
527 1527 632 1559 εὐνοίας
643 1535 650 1542 ·
665 1527 730 1554 τὸδὲ
739 1527 804 1571 θαρ-
816 1543 838 1571 c

37 1574 180 1606 ματοποιεῖν,
193 1575 226 1600 ὲκ
239 1573 290 1610 τῆς
311 1573 358 1600 τοῦ
379 1573 553 1610 ἐνεργοῦντος
572 1573 731 1609 δυνάμεως·
765 1567 804 1599 ὧν

39 1617 60 1644 ιὺ
69 1619 227 1656 μὲνιπρῶτον
241 1621 316 1656 ἡμᾶς
329 1621 429 1652 αὐτοὺς
439 1621 501 1656 ὁρᾷ,
512 1619 543 1647 τὺ
559 1620 587 1647 δὲ
604 1620 729 1656 δεύτερον
738 1618 805 1647 Θεὸν

38 1663 72 1690 ιῦν
88 1665 261 1701 ἐνεργοῦντα,
289 1666 323 1692 δι’
345 1666 379 1698 ἃς
394 1665 561 1702 προείπομεν
580 1665 679 1698 αἰτίας.
701 1663 805 1693 Οὐκοῦν

38 1711 93 1745 μήτε
107 1711 226 1747 βασιλεὺς
244 1713 419 1746 ἐξουθενείτω
437 1713 501 1744 τοὺς
521 1713 575 1739 ὑπ’
590 1712 671 1739 αὐτὸν
693 1720 806 1748 στρατη-

39 1757 102 1790 γούς·
122 1760 186 1795 μήτε
197 1760 330 1796 ἄρχοντες
343 1759 406 1790 τοὺς
421 1759 567 1794 ὑπηκόους.
583 1759 629 1794 Μὴ
648 1758 732 1786 ὄντων
751 1758 805 1795 γὰρ

39 1803 79 1829 τῶν
91 1804 251 1841 ἀρχομένων,
269 1805 392 1841 περιττοὶ
404 1805 428 1831 oi
437 1805 566 1840 ἄρχοντες
578 1813 585 1820 ·
605 1805 653 1832 καὶ
665 1805 702 1841 μὴ
721 1805 805 1832 όντων

40 1851 186 1886 πρατηγῶν,
206 1852 237 1878 οὐ
261 1852 389 1887 στήσεται
407 1850 539 1885 βασιλεία.
557 1850 637 1877 Ἀλλὰ
659 1851 726 1886 μηδὲ
746 1851 806 1878 ἐπί·

41 1902 120 1927 mn);
135 1897 289 1933 ἐπαιρέσθω
305 1896 375 1923 κατὰ
389 1896 444 1923 τῶν
463 1897 596 1923 διακόνων
608 1915 616 1928 ,
639 1896 656 1930 ἢ
671 1896 724 1922 τῶν
741 1905 806 1932 πρε-

41 1940 169 1977 πϐυτέρων·
188 1944 257 1979 μήτε
273 1943 326 1978 μὴν
346 1943 370 1969 οἱ
385 1942 564 1979 πρεσϐύτεροι
578 1943 647 1970 κατὰ
661 1937 707 1970 ¹ιέοῦ
720 1943 785 1970 λαοῦ
797 1951 804 1959 “

41 1986 60 2018 ἓξ
73 1988 183 2024 ἀλλήλων
195 1990 251 2026 γάρ
265 1989 338 2016 ἐστιν
357 1989 374 2024 ἡ
395 1989 524 2019 σύστασις
542 1989 590 2015 τοῦ
610 1989 806 2025 συναθροίσμα-

42 2041 80 2065 mc.
95 2035 125 2061 οί
135 2044 163 2061 τε
179 2038 232 2072 γὰρ
248 2036 402 2067 ἐπίσκοποι,
418 2035 464 2062 καὶ
478 2036 503 2062 οἱ
524 2035 711 2072 πρεσϐύτεροι,
726 2035 807 2062 τινῶν

43 2079 92 2106 ῑίςιν
107 2081 184 2117 ἱερεῖς
198 2091 205 2098 ’
223 2082 272 2109 καὶ
293 2080 317 2109 οἱ
337 2075 436 2113 λαῗκοὶ,
456 2081 537 2108 τινῶν
560 2082 613 2108 εἰσι
635 2080 723 2108 λαῖιιοί
736 2090 742 2096 ·
760 2082 807 2108 καὶ

43 2124 60 2150 εδ
73 2126 116 2160 μὲν
128 2125 195 2154 εἶναι
208 2128 384 2163 Χριστιανὸν,
399 2128 446 2162 ἐφ’
464 2127 544 2163 ἡμῖν
564 2128 595 2153 τὸ
608 2127 637 2154 δὲ
647 2126 805 2159 ἀπόστολον,

43 2169 199 2205 ἦέπίσκσπον,
209 2173 297 2210 ἢᾶλλο
305 2174 397 2205 τι,οὑκ
406 2174 447 2208 ἐφ’
458 2174 533 2209 ἡμῖν,
541 2173 597 2199 ἀλλ’
605 2173 650 2199 ἐπὶ
662 2172 700 2208 τῷ
710 2172 806 2199 διδόντι

44 2215 85 2251 θεῷ
94 2218 124 2244 τὰ
135 2219 301 2255 χαρίσματα.
317 2219 409 2246 Ταῦτα
426 2219 474 2255 μὲν
499 2218 546 2246 οὖν
565 2220 611 2246 ὲπὶ
627 2219 751 2246 τοσοῦτον
767 2220 804 2246 ει-
821 2211 843 2239 Ῑ)

45 2263 114 2297 νήσθω
123 2264 165 2292 διὰ
173 2266 236 2297 τοὺς
249 2265 415 2299 ἀξιωθέντας
424 2265 622 2301 χαρισμάτωνῆ
630 2265 803 2301 ἀξιωμάτων.

857 245 918 265 rum
935 239 1093 274 spirituum,
1102 244 1149 266 aut
1163 240 1404 275 pmcognitionem
1418 241 1582 274 futurorum,
1595 246 1644 271 aut

857 291 1010 313 sermonem
1023 290 1116 320 aptum
1130 285 1163 313 ad
1177 286 1341 319 docendum,
1355 291 1402 314 aut
1416 287 1584 322 patientiam.
1596 291 1645 318 aut

856 331 1052 358 continentiam
1067 332 1226 367 legitimam.
1252 332 1358 360 Etenim
1373 333 1479 369 Moyses
1492 335 1574 362 homo
1583 334 1642 369 Dei,

856 384 919 404 cum
932 377 960 405 in
977 377 1096 414 Egypto
1117 378 1194 414 signa
1211 379 1364 414 perﬁceret,
1378 388 1434 408 non
1453 388 1483 408 se
1507 381 1535 408 in
1556 389 1644 416 popu-

856 424 928 452 lares
944 432 1009 452 suos
1023 425 1135 458 extulit;
1147 432 1264 460 cumque
1278 425 1346 453 deus
1362 426 1513 461 appellatus
1527 426 1642 462 fuisset;

856 478 911 497 non
926 471 1077 505 superbivit
1088 471 1116 498 in
1133 479 1214 498 suum
1229 471 1391 506 prophetam
1402 473 1539 500 Aaronem
1550 473 1572 501 '.
1589 472 1643 502 Sed

855 520 882 543 et
892 516 973 544 Jesus
987 516 1069 544 Navae
1082 516 1166 549 ﬁlius,
1182 518 1229 552 qui
1252 521 1314 552 post
1329 517 1449 553 Moysem
1465 518 1564 546 ductor
1591 519 1645 547 fuit

856 562 960 597 populi,
973 563 1100 598 quamvis
1111 563 1139 590 in
1155 563 1227 591 bello
1247 563 1393 592 adversum
1406 563 1557 596 Jebusaeos.
1569 566 1644 600 quod

855 617 910 636 non
925 609 1061 638 suiliceret
1074 609 1133 638 dies
1146 609 1180 637 ad
1193 610 1348 643 victoriam,
1376 611 1462 638 solem
1478 611 1594 639 stitisset
1609 612 1643 639 ad

855 654 1023 688 Gabaonem,
1038 659 1066 684 et
1081 656 1174 683 lunam
1185 656 1219 683 ad
1230 657 1328 684 vallem
1343 657 1484 685 Aialonem
1497 667 1504 690 ;
1522 665 1575 685 non
1602 663 1645 685 ta-

855 709 917 729 men
935 702 964 729 in
976 701 1106 730 Phineem
1123 707 1170 730 aut
1194 703 1344 731 Chalebum
1372 704 1529 739 arrogantia
1555 704 1644 732 elatus

855 748 923 776 est‘.
937 747 1030 783 Neque
1045 748 1165 782 Samuel,
1179 750 1225 784 qui
1237 753 1277 776 tot
1289 749 1358 776 mira
1371 754 1400 777 et
1417 749 1556 784 inopinata
1567 750 1643 783 fecit,

855 794 930 829 pium
952 802 984 821 ac
1000 794 1055 823 Deo
1083 795 1198 822 charum
1226 795 1356 823 Davidem
1378 796 1457 823 nihili
1475 797 1573 824 duxit:
1595 798 1644 826 sed

855 841 936 868 ambo
947 845 1026 868 erant
1042 841 1181 876 prophetat
1194 850 1201 874 ;
1218 845 1244 868 et
1257 842 1302 870 ille
1319 842 1429 876 quidem
1445 843 1579 877 pontifex,
1598 845 1644 871 hic

855 895 920 915 vero
936 895 997 916 rex.
1025 887 1130 915 Etcum
1151 888 1180 915 in
1199 886 1298 915 Israeie
1322 893 1413 916 essent
1434 893 1539 923 septem
1554 890 1643 917 millia

854 937 1023 967 sanctorum,
1042 934 1089 969 qui
1101 942 1157 962 non
1169 938 1351 962 curvaverant
1368 942 1437 969 genu
1453 935 1526 961 Baali
1540 935 1594 965 ⁵-⁶;
1608 944 1643 964 ει

854 979 922 1015 ipsis
938 981 1014 1008 solus
1025 980 1108 1013 Elias,
1128 980 1243 1016 ejusque
1262 980 1415 1016 discipulus
1429 980 1543 1009 Eliszeus
1557 982 1642 1008 mira-

854 1026 979 1054 culorum
999 1026 1142 1055 eifectores
1169 1027 1282 1055 fuerunt
1301 1037 1306 1054 :
1324 1035 1380 1054 non
1395 1031 1485 1054 tamen
1501 1027 1574 1055 Elias
1594 1027 1641 1055 de‘

854 1072 917 1100 risit
939 1072 1053 1100 Abdiam
1067 1081 1251 1105 (economum,
1267 1073 1407 1101 timentem
1423 1074 1532 1108 quidem
1545 1073 1641 1107 Deum,

855 1122 883 1146 at
897 1118 976 1153 signa
991 1127 1047 1146 non
1065 1118 1230 1154 facientem;
1246 1127 1335 1154 neque
1347 1119 1462 1147 Elisaaus
1478 1120 1642 1154 discipulum

855 1173 936 1193 suum
950 1166 1043 1194 hostes
1054 1166 1307 1202 perhorrescentem
1319 1166 1443 1202 despexit
1453 1167 1472 1194 ⁷.
1505 1166 1557 1193 Sed
1568 1167 1643 1194 enim

855 1219 944 1247 neque
959 1212 1069 1248 sapiens
1082 1212 1188 1245 Daniel,
1212 1213 1256 1240 bis
1270 1221 1305 1240 ex
1324 1220 1372 1240 ore
1389 1213 1498 1240 leonum
1521 1215 1642 1247 ereptus.

854 1265 945 1293 neque
963 1262 1021 1286 tres
1042 1259 1120 1293 pueri
1136 1267 1170 1287 ex
1185 1259 1258 1295 ignis
1276 1259 1389 1287 fornace
1408 1259 1543 1288 liberati“.
1560 1259 1641 1287 nihili

854 1302 978 1331 fecerunt
986 1305 1106 1340 reliquos
1117 1313 1173 1332 suae
1181 1306 1269 1341 gentis
1281 1305 1416 1333 homines.
1426 1305 1557 1333 Sciebant
1566 1306 1643 1333 enim

855 1358 885 1378 se
899 1358 955 1378 non
973 1350 1032 1378 suis
1045 1351 1152 1379 viribus
1171 1351 1293 1386 pericula
1314 1351 1446 1383 evasisse,
1460 1351 1509 1379 sed
1524 1351 1572 1379 Dei
1584 1351 1643 1378 viro

854 1399 912 1424 tute
923 1404 986 1424 cum
1000 1397 1079 1432 signa
1096 1397 1253 1432 peregisse,
1269 1401 1326 1424 tum
1349 1397 1384 1424 ab
1401 1397 1536 1432 angustiis
1555 1397 1644 1426 fuisse

855 1446 989 1470 servatos.
1004 1442 1098 1478 Itaque
1112 1451 1193 1470 nemo
1215 1447 1334 1471 vestrum
1345 1464 1352 1475 ,
1367 1444 1430 1471 licet
1444 1444 1479 1471 sit
1499 1443 1643 1478 propheta,

855 1489 919 1516 licet
946 1489 1144 1516 miraculorum
1164 1493 1310 1524 operator.
1325 1497 1355 1517 se
1375 1490 1508 1517 adversus
1531 1489 1644 1517 fratrem

855 1534 978 1562 extollat.
994 1534 1023 1562 Si
1033 1535 1107 1562 enim
1123 1534 1148 1562 id
1161 1535 1250 1568 detur,
1264 1540 1294 1562 ut
1307 1535 1401 1563 nullus
1415 1535 1533 1570 amplius
1548 1535 1584 1562 sit
1600 1535 1644 1562 inn

857 1580 955 1613 ﬁdelis,
967 1580 1104 1615 superﬂua
1115 1581 1246 1616 deinceps
1257 1581 1310 1609 erit
1322 1582 1412 1609 omnis
1425 1581 1566 1617 signorum
1578 1588 1641 1616 ope-

856 1627 938 1655 ratio.
949 1626 1054 1654 Etenim
1070 1632 1133 1655 esse
1147 1628 1233 1662 pium,
1245 1635 1280 1655 ex
1292 1627 1364 1655 bona
1375 1627 1530 1662 cujuspiam
1545 1627 1641 1655 volun-

855 1675 912 1700 tate
931 1672 1036 1706 oritur;
1056 1676 1084 1699 at
1107 1673 1238 1699 miracula
1261 1677 1382 1708 patrare,
1403 1681 1438 1700 ex
1455 1673 1556 1700 virtute
1570 1673 1644 1702 illius

856 1717 903 1752 qui
924 1721 1052 1748 operatur
1069 1728 1076 1745 :
1092 1725 1210 1752 quorum
1234 1718 1353 1753 primum
1368 1718 1479 1753 quidem
1494 1726 1546 1745 nos
1567 1719 1644 1754 ipsos

856 1763 977 1798 respicit.
989 1763 1138 1790 secundum
1151 1771 1216 1790 vero
1231 1763 1326 1796 Deum,
1340 1763 1376 1791 ob
1390 1771 1488 1791 causas
1504 1770 1587 1798 supra
1601 1762 1643 1790 di-

855 1812 915 1836 ctas
925 1812 1095 1843 operantem.
1110 1809 1195 1843 Igitur
1209 1817 1298 1844 neque
1312 1809 1461 1845 imperator
1475 1809 1554 1837 nihili
1572 1816 1642 1843 pen-

856 1851 903 1878 dat
915 1853 1053 1880 exercitus
1066 1852 1151 1881 duces
1164 1854 1211 1888 qui
1228 1854 1279 1881 sub
1291 1854 1353 1888 ipso
1370 1858 1454 1887 sunt;
1468 1861 1558 1888 neque
1572 1861 1643 1888 prte-

856 1897 920 1925 i'ecti
934 1905 982 1926 eos
998 1898 1044 1933 qui
1057 1898 1124 1933 ipsis
1139 1904 1246 1934 parent.
1263 1898 1332 1926 Nam
1346 1899 1370 1927 si
1391 1907 1446 1926 non
1461 1899 1518 1926 sint
1542 1899 1642 1934 quibus

856 1945 1047 1980 praeﬁciantur,
1064 1943 1226 1979 supervacui
1246 1947 1327 1971 erunt
1342 1943 1479 1978 praefecti;
1498 1947 1526 1971 et
1542 1944 1564 1971 si
1582 1951 1637 1970 non

856 1991 911 2018 sint
933 1991 1018 2018 duces
1039 1990 1185 2022 exercitus,
1201 1997 1255 2017 non
1279 1989 1362 2017 stabit
1387 1989 1542 2024 imperium.
1567 1989 1637 2022 Quin

857 2037 937 2064 etiam
955 2045 1005 2064 nec
1025 2037 1169 2072 episcopus
1192 2036 1220 2062 in
1244 2035 1373 2063 diaconos
1395 2036 1436 2062 vel
1465 2035 1639 2070 presbyteros

857 2083 968 2111 extollat
975 2091 1004 2110 se
1014 2103 1021 2116 ,
1037 2090 1087 2110 nec
1095 2082 1245 2118 presbyteri
1258 2082 1284 2109 in
1300 2074 1405 2117 piebem
1420 2091 1427 2108 :
1445 2089 1479 2108 cx
1514 2082 1638 2116 utrisque

857 2128 929 2154 enim
947 2132 1033 2155 coitus
1053 2127 1213 2162 compositio
1234 2132 1330 2154 exstat.
1350 2126 1475 2161 Episcoyi
1489 2126 1590 2162 quippe
1605 2133 1638 2154 ac

857 2173 1017 2209 presbyteri,
1041 2172 1221 2208 quorumdam
1246 2178 1310 2200 sunt
1330 2173 1495 2205 sacerdotes,
1520 2177 1547 2200 et
1566 2171 1638 2203 laici.

857 2220 1037 2252 quorumdam
1047 2225 1110 2247 sunt
1119 2220 1181 2248 laici
1190 2228 1198 2253 ;
1207 2227 1239 2247 ac
1251 2227 1311 2247 esse
1320 2219 1429 2254 quidem
1442 2219 1638 2249 Christianum,

856 2265 885 2292 in
904 2269 998 2293 nostra
1020 2264 1148 2292 consistit
1167 2266 1320 2298 potestate;
1345 2265 1374 2289 at
1389 2269 1451 2289 esse
1466 2260 1640 2296 apostolum,

45 2312 73 2334 Iut
86 2311 246 2346 episcopum,
275 2316 322 2339 aut
335 2311 402 2347 quid
414 2311 513 2344 simile,
538 2315 639 2339 nostrae
668 2316 723 2339 non
746 2315 789 2339 est
811 2311 966 2347 petestatis,
986 2317 1081 2338 verum
1103 2309 1136 2336 ad
1155 2309 1241 2337 Deum
1260 2309 1418 2343 largitorem
1443 2307 1641 2334 charismatum

46 2355 447 2393 terlinet.Haecigiturhactenus
462 2357 536 2386 dicta
561 2357 628 2390 sint,
650 2361 760 2393 propter
784 2365 832 2386 eos

46 2407 182 2435 cuperent.

280 2448 478 2475 ΚΕΦᾹΛΔΙΟΝ
498 2449 536 2474 B'.

103 2493 168 2527 Περὶ
183 2494 242 2521 τῶν
257 2493 430 2521 ἐπισκόπων
444 2494 493 2520 καὶ
513 2493 720 2528 πρεσϐυτέρων

304 2529 436 2562 ἀναξίων
450 2528 515 2565 (79).

48 2568 165 2602 Εκεῖνοδὲ
177 2571 357 2612 προστίθεμεν
371 2575 410 2611 τῷ
421 2572 502 2611 λόγῳ,
513 2572 554 2602 ὅτι
569 2574 631 2602 οὔτε
642 2576 696 2607 πᾶς
709 2576 724 2602 ὁ
732 2581 800 2611 προ-

64 2629 74 2645 ¹
87 2629 163 2661 ICor.
175 2633 259 2668 xn,8.
297 2631 307 2649 ³
321 2632 408 2660 Exod.
425 2632 509 2664 vani.
547 2631 623 2660 ‘JOS.
640 2639 668 2660 ι.
711 2631 789 2658 ι-ιιιι
802 2630 868 2666 Reg;
883 2637 941 2662 xix,
954 2630 1003 2662 I8;
1030 2628 1109 2657 Rom.
1121 2634 1160 2661 XI,
1172 2628 1199 2656 L

49 2671 84 2697 IV,
98 2674 139 2696 III.

856 2358 903 2394 qui
918 2357 994 2393 digni
1013 2355 1099 2384 habiti
1115 2359 1178 2383 sunt
1204 2358 1234 2382 ut
1261 2353 1426 2382 charismata
1439 2353 1482 2381 vel
1496 2353 1642 2388 dignitates

1156 2443 1272 2473 CAPUT
1299 2440 1331 2473 ll.

983 2492 1021 2520 De
1031 2492 1159 2527 episcopis
1174 2495 1199 2518 et
1210 2490 1369 2526 presbyteris
1384 2489 1509 2525 indignis.

887 2568 954 2600 illud
963 2575 1028 2600 vero
1039 2571 1158 2600 sermoni
1170 2571 1295 2599 addimus
1303 2580 1309 2604 ;
1317 2570 1389 2605 quod
1404 2575 1454 2598 nec
1465 2570 1554 2598 omnis
1583 2569 1640 2604 qui.

1249 2627 1303 2656 τιν
1318 2627 1385 2663 Reg.
1400 2635 1436 2656 vt.
1489 2629 1500 2644 ⁸
1517 2627 1586 2656 Dan.
1602 2635 1638 2660 vr,

667 2716 847 2750 VARIORUM
864 2721 979 2750 NOTAE.

60 2765 115 2806 με)
128 2769 182 2806 Ital
195 2772 211 2806 ο
223 2771 290 2806 μὲν,
305 2771 468 2806 ἀρχιερεύς.
501 2770 588 2805 Super
607 2770 707 2798 celebri
727 2777 802 2805 qute-

84 2806 126 2836 ne,
141 2803 256 2833 fueritne
276 2803 394 2834 Samuel
405 2814 529 2834 summus
541 2803 688 2841 'pontiiex.
710 2803 801 2833 sacer—

63 2841 82 2866 B’
93 2841 204 2868 tantum.
224 2848 257 2867 an
276 2841 357 2868 levita
378 2844 482 2872 merus,
499 2842 584 2869 multa
599 2849 613 2867 ιι
629 2841 722 2870 multis
733 2841 801 2869 scria

59 2875 61 2898 ί
87 2879 153 2907 sunt,
168 2882 227 2909 qua:
245 2876 367 2911 proferre
379 2876 447 2903 nihil
461 2881 502 2904 est
514 2884 636 2904 necesse.
653 2877 720 2904 Cor.

181 2925 316 2953 Parnmu
341 2925 398 2954 Gn.
421 2925 444 2952 Ι.

893 2769 950 2804 (79)
959 2769 1028 2806 Περὶ
1042 2767 1110 2806 τῶν,
1120 2772 1172 2796 etc.
1185 2766 1398 2806 Uterquevlind.
1416 2766 1598 2806 eode{_:_”0r:
1608 2765 1638 2806 οὗ

856 2800 1034 2868 πόὲδῖώςοτέᾶς
1045 2805 1059 2830 ὀ
1074 2803 1252 2838 προφητεύων
1262 2800 1282 2838 ἢ
1299 2802 1428 2837 δαίμονας
1441 2800 1577 2829 ἐκϐάλλων
1595 2801 1640 2827 εί)-

856 2848 885 2866 σε
923 2848 946 2871 ς.
987 2847 1048 2866 LER.

1434 2915 1472 2944 3’+
