1900 3108
60 162 114 193 1073
450 160 749 194 CONS'I‘iTUTIONES
771 158 1007 188 APOS'I’OLIC’E.
1024 174 1058 180 ——
1075 158 1137 187 LIB.
1156 158 1225 191 νιιι.

296 218 494 248 ΚΕΦΔΔΑΙΟΝ
513 221 551 248 Ε’.

1172 217 1287 247 CAPUT
1307 218 1338 246 ν.

118 265 284 301 ἐπΜησις
297 265 346 292 ἐπὶ
361 266 543 300 χειροτονίας
559 267 740 294 ἐπισκόπων.

973 265 1108 293 [avocatio
1125 265 1151 292 in
1167 265 1332 292 ordinatione
1346 265 1539 300 episcoporum.

89 309 114 340 '0
125 311 168 343 ὢν,
183 311 316 343 Δέσποτα,
333 312 430 348 Κύριε,
446 314 461 339 6
483 313 563 345 Θεὸς,
579 314 594 340 6
607 313 814 350 παντοκράτωρ,

901 311 953 345 Qui
968 319 1008 344 es,
1025 311 1090 339 here
1114 311 1239 344 Domine,
1261 310 1345 343 Deus,
1364 311 1549 347 omnipotens,
1569 312 1648 341 solus

57 358 144 394 ὸμόνος
157 357 312 393 ἀγέννητος,
341 358 388 385 καὶ
407 358 592 391 ἀϐασίλευτος·
611 360 626 386 6
640 359 683 387 ἀεὶ
699 359 752 392 ὢν,
768 360 816 387 καὶ

880 358 1007 393 ngenitus
1019 364 1051 385 ac
1065 364 1157 392 regem
1172 364 1228 384 non
1242 356 1364 389 habens;
1381 357 1427 392 qui
1443 365 1551 394 semper
1565 366 1609 392 es,
1622 364 1650 387 et

57 404 99 440 πρὸ
111 403 158 430 τῶν
171 403 272 430 αίώνων
284 404 423 440 ὑπάρχων·
440 405 455 432 6
474 405 554 432 παντὶ
565 405 587 421 ³⁹
611 405 736 441 ἀνενδεὴς
746 425 753 437 ,
769 407 817 433 καὶ

880 407 931 431 inte
942 403 1041 431 saecula
1056 403 1181 436 exsistis;
1196 402 1243 438 qui
1257 403 1333 430 nullo
1353 403 1469 439 indiges,
1486 411 1650 440 omnemque

58 449 131 485 πάσης
141 449 225 482 αἰτίας
239 450 285 476 καὶ
298 450 432 485 γενέσεως
453 451 597 487 κρείττων·
620 453 634 478 6
656 452 734 488 μόνος
751 452 817 488 ἀλη-

880 457 979 477 :ausam
996 454 1078 485 atque
1101 453 1191 477 ortum
1210 456 1340 484 superas;
1365 449 1440 478 8011.ιὸ
1462 457 1555 483 νει-υς,
1574 452 1652 480 solus

56 496 127 527 θινὸς,
135 496 148 522 6
158 495 235 530 μόνος
245 495 335 530 σοφός·
347 497 361 524 6
372 495 410 523 ὣν
420 497 500 532 μόνος
517 497 655 533 ’Υψιστοςο
666 499 680 525 6
689 499 722 534 τῇ
737 499 816 533 φύσει

880 496 977 531 apiens
987 505 994 529 ;
1006 496 1051 531 qui
1067 495 1142 524 solus
1153 495 1310 523 Altissimus
1321 503 1361 528 es,
1375 500 1474 524 natura
1487 497 1650 532 invisibilis;

56 541 159 576 ἀόρατος·
172 537 203 568 οὗ
217 542 234 576 ή
244 541 345 576 γνῶσις
366 542 492 579 ἄναρχος·
512 544 527 570 6
546 543 625 579 μόνος
642 544 756 578 ἀγαθὸς,
771 545 818 572 καὶ

880 542 946 577 :ujus
962 542 1096 577 cognitio,
1119 549 1217 577 expers
1239 542 1385 577 principii;
1403 543 1479 570 solus
1494 543 1598 575 bonus,
1619 551 1652 572 ac

56 587 215 623 ἀσύγκριτος,
230 589 244 615 ὁ
262 588 296 615 τὰ
321 588 411 616 πάντα
432 589 511 621 εἰδὼς
526 590 590 625 πρὶν
613 590 744 625 γενέσεως
768 591 817 618 αὑ-

880 588 1090 623 ncomparabilis
1101 596 1108 621 ;
1120 588 1167 623 qui
1179 588 1270 616 omnia
1282 589 1354 616 nosti
1370 593 1434 617 ante
1457 597 1538 624 quam
1550 590 1651 624 ﬁant";

55 634 126 660 τῶν-ὸ
136 634 187 661 τῶν
201 635 329 670 κρυπτῶν
340 635 472 672 γνώστης·
483 638 497 665 6
506 637 661 674 ἀπρόσιτος·
674 639 688 664 6
703 638 818 665 ἀδέσπο-

880 634 1038 661 ιοουιιοηιιιι
1053 634 1188 669 cognitor,
1208 633 1384 668 inaccessus;
1408 635 1520 663 domino
1534 643 1652 670 carens;

54 687 99 711 τος·
123 680 136 706 6
149 679 213 712 Θεὸς
238 681 284 708 καὶ
311 681 404 718 Πατὴρ
427 682 475 709 τοῦ
496 683 654 718 μονογενοῦς
671 683 736 710 Υίοῦ
759 692 817 717 σου,

880 681 941 708 )eus
952 684 979 708 et
988 680 1070 708 Pater
1084 680 1215 716 unigeniti
1227 680 1287 708 Filii
1307 682 1357 714 tui,
1382 681 1431 709 Dei
1450 689 1482 710 ac
1497 683 1651 711 Servatoris

56 725 94 751 τοῦ
106 725 167 752 Θιοῦ
181 727 228 752 καὶ
241 726 366 763 Σωτῆρος
379 728 467 764 ήμῶν·
483 729 497 755 6
512 729 676 764 δημιουργὸς
683 729 737 757 τῶν
751 729 818 757 ὅλων

880 727 973 761 nostri;
987 726 1114 755 conditor
1130 727 1319 757 universorum
1329 735 1376 763 per
1392 728 1482 763 ipsum
1493 750 1500 760 ,
1514 729 1652 764 provisor,

54 771 82 798 δι’
94 771 180 798 αὐτοῦ·
208 773 223 798 6
253 774 415 810 προνοητὴς,
435 775 450 801 6
466 774 602 810 κηδεμών·
619 776 633 802 6
648 776 742 812 Πατὴρ
765 776 818 803 τῶν

880 778 957 807 οισι-ς
972 773 1053 800 Pater
1065 772 1326 805 misericordiarum,
1342 777 1369 800 et
1393 774 1464 801 Deus
1481 774 1566 802 totius
1588 782 1654 803 con-

55 817 198 852 οἰκτιρμῶν,
215 819 262 845 καὶ
272 818 338 850 Θεὸς
348 819 438 856 πάσης
454 820 659 857 παρακλήσεως·
676 822 690 848 6
705 822 735 848 ὲν
750 822 820 858 ὑψη-

880 819 1116 854 iolationis“;qui
1140 819 1169 846 in
1199 819 1260 846 altis
1285 819 1409 853 habitas,
1430 823 1456 847 et
1482 819 1595 847 humilia
1612 828 1655 849 re-

55 862 99 895 λοῖς
113 865 257 897 κατοικῶν,
272 866 319 892 καὶ
335 865 370 893 τὰ
393 867 507 894 ταπεινά
530 868 644 904 ἐφορῶν.
663 868 698 895 Σὺ
723 869 738 895 6
758 868 820 900 δοὺς

880 866 995 901 ipicis".
1012 864 1053 892 Tu
1066 865 1112 900 qui
1127 865 1227 892 dedisti
1248 865 1322 900 leges
1338 873 1370 893 ac
1391 866 1500 901 regulas
1516 866 1656 901 Ecclesiae,

55 909 121 944 ὖρους
140 910 314 946 Ἐκκλησίας,
329 911 373 938 διὰ
386 912 435 948 τῆς
450 899 588 949 ὲνσάρκοιί
605 914 755 950 παρουσίας
773 899 820 942 τοῦ

880 899 918 949 per
931 912 1033 940 Christi
1048 899 1088 938 tui
1101 911 1246 939 adventum
1268 899 1296 939 in
1307 918 1400 944 carne,
1416 899 1468 939 sub
1484 916 1553 940 teste
1570 899 1654 939 Para;

54 956 157 992 Χριστοῦ
178 966 240 990 σου,
255 958 307 984 ὑπὸ
324 958 442 995 μάρτυρι
456 959 495 994 τῷ
509 959 694 996 Παρακλήτῳ,
711 960 754 987 διὰ
767 961 821 987 τῶν

880 959 953 991 :Ieto,
969 966 1018 994 per
1032 958 1172 994 apostolos
1187 962 1260 992 tuos,
1286 965 1318 985 ac
1338 966 1389 986 nos
1403 958 1489 994 gratia
1503 962 1549 985 tua
1564 953 1661 987 astam:

55 1003 99 1029 σῶν
108 1004 258 1031 ἀποστόλων
270 1025 277 1037 ,
291 1006 337 1031 καὶ
355 1005 434 1041 ὴμῶν
450 1005 505 1032 τῶν
521 1006 612 1042 χάριτι
633 1008 665 1042 σῇ
679 1006 821 1043 παρεστώ-

880 1014 913 1034 .es
929 1006 1086 1041 episcopos;
1103 1005 1149 1040 qui
1164 1004 1199 1032 ab
1215 1004 1293 1032 initio
1316 1005 1471 1040 prtestitisti
1495 1005 1653 1033 sacerdotes

1579 159 1650 190 ωτι

53 1056 97 1075 των
119 1050 284 1078 ἐπισκόπων·
311 1052 326 1077 6
345 1051 495 1087 προορίσας
510 1052 539 1085 ἐξ
561 1052 648 1088 ἀρχῆς
673 1052 755 1088 ἱερεῖς
782 1053 822 1085 είς

883 1051 1004 1087 npopuli
1023 1052 1063 1079 tui
1087 1050 1270 1078 curationem.
1293 1051 1404 1078 Abelem
1431 1051 1458 1078 in
1483 1050 1590 1086 primis,
1607 1050 1656 1079 Se<

53 1095 197 1123 ἐπιστασίαν
213 1095 278 1122 λαοῦ
289 1102 357 1129 σου,
381 1097 463 1124 ’Ἅϐελ
483 1098 512 1124 ἐν
528 1097 663 1133 πρώτοις,
685 1098 754 1133 Σὴθ,
775 1098 822 1125 καὶ

880 1099 961 1131 ‘.hum,
974 1098 1107 1130 Enosum,
1128 1097 1299 1128 ilenochum,
1316 1095 1412 1129 Noam,
1427 1096 1656 1125 Melchisedecum

59 1140 144 1174 Ἐνὼς,
164 1142 211 1169 καὶ
239 1142 338 1178 Ἑνὼχ,
355 1143 402 1170 καὶ
416 1143 493 1176 Νῶε,
511 1144 558 1171 καὶ
579 1144 745 1180 Μελχισεδὲκ
756 1164 763 1177 ,
775 1146 823 1172 καὶ

880 1149 900 1173 3t
912 1144 1010 1172 Jobum
1021 1153 1034 1179 ;_
1044 1145 1090 1180 qui
1108 1144 1276 1171 constituisti
1290 1142 1480 1171 'Abrahamum
1502 1148 1529 1172 et
1543 1149 1657 1173 czcteros

57 1187 118 1213 Ἰὼϐ·
131 1188 299 1221 ὸάναδείξας
333 1189 457 1226 ’Δῦραάμ
478 1191 525 1217 καὶ
549 1191 613 1223 τοὺς
640 1191 749 1223 λοιποὺς
771 1200 824 1218 πα-

880 1190 1056 1226 patriarchas,
1072 1197 1134 1217 cum
1149 1189 1274 1217 ﬁdelibus
1284 1189 1338 1216 tuis
1353 1188 1473 1223 famulis,
1486 1189 1588 1226 Moyse,
1606 1191 1657 1225 Aa-

51 1234 171 1270 τριάρχας
191 1235 241 1262 σὺν
262 1236 319 1267 τοῖς
340 1237 446 1268 πιστοῖς
464 1245 511 1264 σου
533 1237 696 1272 θεράπουσιν
711 1238 825 1266 Μωῦσεϊ

880 1244 950 1268 rone,
977 1236 1118 1268 Eleazaro,
1139 1234 1256 1268 Phineo;
1273 1235 1320 1270 qui
1342 1235 1370 1262 in
1392 1235 1460 1270 ipsis
1480 1235 1657 1272 desumpsisti

51 1281 92 1308 ut
108 1281 225 1318 Ἀαρὼν,
241 1283 289 1309 καὶ
315 1283 468 1319 Ἐλεαζάρῳ
488 1283 535 1310 καὶ
549 1284 651 1316 Φινεές·
663 1285 678 1311 6
691 1284 720 1318 ἐξ
735 1283 824 1311 αὐτῶν

880 1282 1023 1317 principes,
1039 1286 1066 1309 et
1081 1281 1239 1309 sacerdotes
1254 1281 1282 1309 in
1296 1281 1474 1309 tabernaculo
1489 1282 1657 1316 testimonii;

52 1328 284 1364 προχειρισάμενος
302 1329 450 1365 ἄρχοντας,
466 1329 513 1356 καὶ
529 1330 610 1365 ίερεϊς
631 1330 660 1356 ὲν
680 1331 713 1366 τῇ
738 1331 824 1366 σκηνῇ

880 1329 921 1364 qui
933 1327 1086 1356 Samuelem
1096 1327 1201 1362 elegisti
1212 1327 1238 1354 in
1252 1326 1423 1355 sacerdotem
1437 1335 1469 1355 ac
1482 1329 1657 1363 prophetam;

51 1372 91 1399 τοῦ
104 1374 262 1414 μαρτυρίου·
276 1375 290 1402 6
305 1375 351 1402 τὸν
365 1375 491 1412 Σαμουὴλ
505 1376 683 1413 ἐκλεξάμενος
696 1378 736 1409 εἰς
750 1377 825 1412 ἱερέα

51 1419 92 1446 καὶ
115 1421 264 1456 προφήτην·
285 1420 324 1456 τῷ
346 1420 527 1457 ἁγιάσματί⁸⁸
548 1430 594 1448 σου
619 1422 825 1458 ἀλειτούργητον

52 1465 84 1500 μὴ
98 1465 294 1500 ὲγκαταλιπιίιν·
310 1467 324 1493 ό
337 1467 485 1503 εὐδοκήσας
501 1468 530 1494 ὲν
548 1465 588 1499 οἷς
610 1467 728 1504 ῄρετίσω
750 1467 826 1502 δοξα-

52 1510 150 1547 σθῆναι.
167 1512 254 1544 Αὐτὸς
266 1513 313 1540 καὶ
334 1513 382 1541 νῦν
409 1513 531 1550 μεσιτείᾳ
551 1514 598 1541 τοῦ
620 1515 737 1550 Χριστοῦ
762 1523 824 1548 σου,

876 1374 923 1410 qui
934 1373 1120 1401 sanctuarium
1133 1377 1209 1400 tuum
1218 1373 1278 1401 sine
1286 1373 1422 1402 ministris
1436 1381 1491 1404 non
1504 1374 1640 1409 reliquisti
1650 1383 1659 1408 ς

875 1420 922 1455 qui
941 1419 1128 1447 benevolentia
1144 1423 1308 1454 prosecutus
1331 1427 1360 1447 es
1373 1427 1422 1448 eos
1451 1419 1479 1447 in
1493 1419 1593 1455 quibus
1612 1428 1661 1447 vo-

877 1467 955 1495 luisti
988 1466 1132 1494 celebrari.
1160 1465 1221 1500 Ipse
1247 1473 1321 1492 nunc
1357 1472 1478 1500 quoque,
1505 1466 1660 1493 intercessu

876 1511 978 1541 Christi
989 1512 1040 1544 tui,
1057 1519 1105 1547 per
1115 1518 1166 1538 nos
1182 1510 1295 1539 infunde
1308 1511 1434 1539 virtutem
1448 1511 1609 1547 principalis
1621 1512 1661 1540 tui

50 1557 79 1584 δι’
93 1558 167 1593 ἡμῶν
185 1559 280 1595 ὲπίχεε
304 1560 353 1595 τὴν
378 1559 490 1595 δύναμιν
513 1560 560 1587 τοῦ
588 1561 751 1597 ἡγεμονικοῦ
779 1570 825 1588 σου

880 1557 1006 1595 Spiritus,
1019 1557 1066 1593 qui
1093 1557 1318 1585 subministratur
1341 1565 1388 1593 per
1409 1557 1539 1585 dilectum
1561 1557 1662 1586 Filium

50 1603 212 1641 Πνεύματος,
239 1606 308 1642 ὅπερ
335 1606 498 1634 διακονεῖται
528 1607 568 1643 τῷ
587 1607 759 1644 ἠγαπημένῳ
779 1617 826 1635 σου

50 1651 120 1679 nam
139 1652 228 1689 Ἰησοῦ
251 1652 378 1689 Χριστῷ,
404 1653 472 1689 ὅπερ
494 1653 649 1690 ἐδωρήσατο
663 1654 759 1690 γνώμῃ
781 1663 826 1682 σου

50 1698 100 1729 τοῖς
119 1698 206 1732 ἁγίοις
222 1698 381 1731 ἀποστόλοις
408 1707 455 1725 σου
482 1699 528 1726 τοῦ
543 1700 652 1728 αἰωνίου
683 1700 761 1728 Θεοῦ.
778 1701 828 1733 Δὸς

48 1742 75 1768 ὲν
88 1743 124 1779 τῷ
136 1743 250 1780 ὀνόματί
267 1752 329 1777 σου,
344 1745 550 1780 καρδιογνῶστα
565 1745 631 1778 Θεὲ,
647 1746 694 1773 ἐπὶ
708 1746 753 1773 τὸν
768 1746 828 1773 δοῦ-

49 1787 89 1815 λόν
105 1797 151 1816 σου
164 1790 241 1817 τόνδε
250 1810 258 1823 ,
268 1790 298 1817 δν
311 1790 424 1824 ἐξελέξω
438 1791 478 1823 είς
495 1791 642 1819 ἐπίσκοπον
651 1811 658 1824 ,
674 1792 828 1827 ποιμαίνειν

47 1834 93 1870 τὴν
115 1835 196 1870 ἁγίαν
225 1844 272 1863 σου
302 1837 435 1873 ποίμνην,
459 1838 507 1864 καὶ
535 1838 741 1874 ἀρχιερατεύειν
767 1847 827 1872 σοι,

47 1882 196 1917 ἀμέμπτως
219 1882 426 1920 λειτουργοῦντα
450 1883 546 1915 νυκτὸς
567 1885 614 1913 καὶ
639 1884 764 1920 ἡμέρας,
782 1885 829 1914 καὶ

47 1927 250 1965 ὲξιλασκόμενόν
271 1937 318 1956 σου
332 1928 362 1955 τὺ
383 1929 528 1966 πρόσωπον
537 1949 545 1962 ,
560 1929 771 1966 ἐπισυναγαγεῖν
783 1931 830 1959 τὸν

46 1974 158 2010 ἀριθμὸν
181 1975 236 2002 τῶν
261 1975 437 2011 σωζομένων,
471 1976 519 2002 καὶ
545 1976 711 2012 προσφέρειν
736 1985 777 2004 σοι
794 1977 830 2005 τὰ

45 2019 114 2056 δῶρα
125 2021 177 2056 τῆς
192 2021 274 2056 ἁγίας
288 2029 335 2048 σου
356 2021 528 2057 Ἐκκλησίας.
545 2022 595 2054 Δὸς
608 2022 693 2057 αὐτῷ,
708 2023 830 2054 Δέσποτα

46 2066 248 2103 παντόκρατορ,
275 2066 320 2094 διὰ
343 2066 391 2094 τοῦ
407 2067 526 2103 Χριστοῦ
543 2076 590 2094 σου
601 2088 608 2100 ,
622 2068 672 2103 τὴν
687 2069 830 2104 μετουσίαν

45 2112 90 2140 τοῦ
105 2113 186 2148 ἁγίου
211 2113 380 2149 Πνεύματος·
404 2113 474 2141 ὥστε
494 2113 565 2150 ἔχειν
586 2113 709 2147 ἐξουσίαν
723 2115 830 2150 ἀφιέναι

46 2159 183 2196 ἁμαρτίας
197 2159 266 2186 κατὰ
275 2159 323 2195 τὴν
335 2159 444 2195 ἐντολήν
460 2168 518 2193 σου,
537 2160 636 2192 διδόναι
649 2160 765 2196 κλήρους
774 2161 830 2198 (95)

46 2205 114 2232 κατὰ
120 2205 153 2232 τὸ
161 2205 328 2242 πρόσταγμα
334 2206 467 2239 σου,λύειν
475 2206 504 2233 δὲ
511 2206 600 2237 πάντα
608 2206 755 2243 σύνδεσμον
761 2207 831 2236 κατά

878 1609 954 1633 tuum
968 1603 1062 1632 Jesum
1075 1603 1227 1636 Christum,
1243 1611 1379 1639 quemque
1396 1603 1538 1632 voluntate
1552 1607 1599 1631 tua
1612 1603 1661 1632 d0-

877 1651 951 1678 navit
964 1649 1069 1678 sanctis
1084 1649 1215 1685 apOstolis
1231 1649 1264 1677 ad
1279 1653 1305 1677 te
1325 1654 1456 1678 mternum
1472 1649 1558 1677 Deum
1573 1649 1663 1685 perti-

877 1697 1016 1725 nentibus.
1028 1696 1066 1723 Da
1081 1696 1109 1723 in
1124 1695 1234 1724 nomine
1248 1699 1306 1728 tuo,
1321 1695 1395 1723 Deus
1410 1695 1538 1731 cognitor
1557 1695 1660 1727 cordis,

878 1745 942 1772 huic
957 1751 1036 1772 servo
1048 1746 1106 1775 tuo,
1122 1742 1210 1772 electo
1234 1749 1249 1770 a
1265 1746 1292 1770 te
1315 1742 1343 1769 in
1358 1742 1528 1778 episcopum,
1549 1749 1662 1777 pascere

879 1794 1004 1819 sanctum
1015 1794 1092 1817 tuum
1104 1795 1224 1824 gregem,
1249 1792 1277 1816 et
1290 1788 1446 1823 pontiﬁcem
1467 1792 1545 1815 tuum
1570 1795 1661 1823 agere.

879 1837 1019 1873 inculpate
1046 1835 1249 1863 ministrantem
1264 1838 1345 1862 nocte
1369 1841 1400 1861 ac
1415 1834 1474 1868 die;
1489 1838 1517 1862 et
1531 1834 1663 1870 placando

879 1883 976 1910 faciem
991 1886 1076 1914 tuam,
1092 1888 1256 1916 congregare
1270 1887 1413 1908 numerum
1428 1888 1523 1908 eorum
1534 1880 1580 1915 qui
1595 1879 1664 1908 salvi

880 1929 959 1960 ﬁunt,
978 1935 1010 1955 ac
1021 1927 1118 1955 oll‘erre
1135 1926 1183 1954 tibi
1198 1927 1270 1954 dona
1284 1930 1387 1955 sanctae
1402 1931 1455 1953 tuae
1469 1925 1607 1954 Ecclesiae.
1622 1925 1661 1952 Da

880 1975 930 2006 illi,
945 1974 1057 2001 Domine
1077 1973 1263 2008 omnipotens,
1283 1980 1331 2007 per
1346 1971 1488 2000 Christum
1505 1977 1580 1999 tuum
1599 1979 1663 2007 par-.

880 2020 1066 2055 ticipationem
1082 2019 1170 2048 sancti
1187 2018 1325 2056 Spiritus;
1339 2022 1370 2046 ut
1388 2018 1486 2045 habeat
1500 2022 1662 2053 potestatem

880 2066 1036 2095 remittendi
1063 2069 1174 2102 peccata
1200 2065 1350 2093 secundum
1387 2064 1546 2092 mandatum
1574 2069 1663 2099 tuum,

880 2113 963 2142 dandi
984 2113 1072 2141 cleros
1096 2120 1144 2141 seu
1158 2112 1268 2140 ordines
1278 2110 1481 2139 ecclesiasticos
1503 2110 1580 2145 juxta
1596 2118 1665 2146 pra:-

881 2163 989 2195 ceptum
1014 2163 1101 2191 tuum,
1124 2163 1152 2186 et
1174 2157 1296 2186 solvendi
1320 2165 1400 2185 omne
1414 2156 1553 2184 vinculum
1566 2165 1665 2192 secun-

883 2207 949 2236 dum
963 2210 1126 2242 potestatem
1144 2212 1225 2240 quam
1241 2203 1358 2231 tribuisti
1378 2203 1508 2238 apostolis
1516 2203 1565 2236 ”';
1581 2208 1665 2239 utque

44 2251 91 2287 τὴν
99 2251 226 2285 ἑξουσίαν
236 2252 269 2288 ἧν
279 2251 383 2284 ἔδωκας
393 2253 450 2284 τοῖζ
460 2253 628 2285 ἀποστόλοις·
640 2254 794 2290 εὐαρεστεῖν
804 2254 829 2281 δέ

885 2253 934 2281 tibi
960 2254 1065 2288 placeat
1095 2253 1123 2279 in
1149 2245 1370 2282 mansuetudine,
1397 2253 1424 2277 et
1445 2250 1546 2277 mundo
1570 2250 1664 2281 corde.

47 2305 86 2323 σοι
93 2297 122 2324 ὲν
134 2297 282 2333 πραότητι,
295 2298 342 2324 καὶ
348 2298 457 2334 καθαρᾷ
464 2299 574 2335 καρδίᾳ,
583 2299 734 2336 ἀτρέπτως,
745 2300 832 2335 ἀμέμ-

45 2352 129 2375 πτως,
135 2343 322 2378 ἀνεγκλήτως,
330 2344 435 2379 προσφὲ
438 2345 519 2380 ροντά
524 2353 564 2371 σοι
573 2345 695 2380 καθαρὰν
701 2346 748 2373 καὶ
754 2347 804 2373 ἀνα
808 2346 831 2374 L-

47 2398 149 2423 μακτον
165 2390 276 2422 θυσίαν,
289 2390 322 2426 ἥν
337 2389 382 2418 διὰ
392 2390 511 2426 Χριστοῦ
520 2390 634 2424 διετάξω
643 2391 673 2418 τὸ
684 2392 832 2428 μυστήριον

43 2435 90 2470 τῆς
95 2435 202 2472 Καινῆς
208 2435 352 2472 Διαϐἠκης,
364 2445 376 2463 ε
381 2437 404 2468 ίς
410 2436 497 2472 ὀσμὴν
507 2445 518 2463 ε
524 2437 632 2469 ὒωδίας,
638 2436 682 2464 διὰ
690 2437 738 2464 τοῦ
753 2438 831 2472 ἁγίου

46 2482 146 2515 Παιδός
163 2491 212 2510 σου
235 2482 321 2518 Ἰησοῦ
334 2483 452 2519 Χριστοῦ
475 2483 522 2510 τοῦ
544 2483 612 2510 Θεοῦ
637 2484 684 2510 καὶ
707 2484 832 2520 ἃντῆρος

80 2575 103 2590 ³⁸
124 2574 145 2601 I'.
163 2573 263 2608 πάντη.

45 2610 77 2626 ⁸³·
97 2609 200 2637 Matth.
216 2607 292 2641 xvm,
307 2607 350 2635 18.

883 2303 1051 2331 constanter,
1078 2298 1216 2334 inculpate
1240 2303 1272 2324 ac
1296 2295 1572 2331 irrcprehensibiliter
1598 2295 1665 2323 oile-

884 2345 968 2373 rendo
979 2345 1028 2372 tibi
1043 2351 1141 2380 purum
1158 2348 1185 2371 et
1208 2344 1379 2370 incruentum
1395 2341 1574 2375 sacriﬁcium,
1592 2342 1664 2377 quod

884 2399 932 2427 per
946 2391 1087 2419 Christum
1103 2389 1273 2417 constituisti
1297 2388 1457 2424 mysterium
1477 2387 1546 2415 Novi
1568 2387 1665 2415 Testa-

884 2437 979 2470 menti,
994 2437 1022 2464 in
1043 2435 1155 2464 odorem
1170 2434 1330 2468 suavitatis;
1346 2441 1394 2469 per
1415 2437 1541 2462 sanctum
1567 2432 1666 2460 Filium

885 2487 962 2511 tuum
976 2482 1070 2511 Iesum
1101 2481 1251 2513 Christum,
1275 2480 1358 2508 Deum
1381 2486 1413 2507 ac
1436 2478 1667 2507 Salvatoremno-

311 2572 336 2609 ff
354 2572 420 2603 Dan.
436 2580 498 2604 xm,
509 2572 553 2600 42.
599 2572 622 2588 ⁴¹
640 2571 661 2599 11
674 2572 737 2602 Cor.
753 2581 773 2605 1,
785 2573 811 2600 5.

891 2571 962 2600 Psal.
979 2572 1086 2609 cxu,‘5.
1134 2571 1156 2589 ’⁸³
1174 2569 1192 2596 1⁵.
1210 2569 1240 2596 τὸ
1254 2569 1385 2604 ἁγίασμα.
1402 2567 1447 2596 Sic
1462 2573 1489 2597 et
1502 2569 1570 2597 alter
1582 2567 1663 2595 Vind.

685 2692 869 2722 vsmonuu
886 2692 1001 2729 nom.

78 2786 142 2829 ιοδ)
163 2783 761 2829 Mrasemiermes?
773 2789 830 2829 52::

44 2817 147 2850 titione
160 2824 293 2856 usurpata
308 2817 360 2848 voi
376 2819 490 2856 κλῆρος,
502 2824 597 2856 postea
615 2818 649 2846 ad
673 2817 756 2844 multa
770 2824 832 2856 quae

43 2857 148 2885 sortito
159 2852 352 2891 obtingebant,
365 2852 589 2890 signiﬁcationem
600 2861 678 2891 suam
696 2852 830 2885 extendit;

44 2893 80 2921 ad
96 2888 280 2929 dignitatem,
304 2888 413 2921 locum}
434 2897 592 2923 numerum,
613 2888 753 2921 ordinem,
769 2895 832 2923 pos.-

883 2779 1052 2811 sessionem,
1070 2777 1199 2812 'aliaque.
1226 2775 1314 2812 Atque
1334 2773 1495 2812 hiextﬁpot
1521 2774 1594 2812 sunt,
1623 2772 1676 2798 vel,

885 2807 1027 2851 speciatim
1039 2807 1154 2851 ordines
1163 2816 1192 2851 et
1205 2807 1307 2847 gradus
1322 2807 1506 2851 'clericoruru;
1523 2807 1665 2851 veligenef

885 2841 965 2878 Etim
981 2841 1053 2885 loica
1067 2841 1298 2885 Christianorum,
1308 2844 1392 2885 _i_nter
1410 2842 1537 2885 clericos,
1560 2841 1667 2876 laicus;

885 2877 999 2917 stantes,
1016 2884 1126 2918 lapsos;
1144 2881 1273 2917 virgines,
1289 2877 1396 2908 viduas.
1413 2883 1465 2908 etc.
1483 2877 1558 2907 Cor.
