1900 3108
232 156 304 186 1087

666 153 696 182 s.
716 152 912 182 CLEMENTIS
929 153 940 181 1
958 151 1042 180 non.
1063 151 1164 182 PONT.
1183 146 1297 182 orm
1312 152 1426 182 eum.

229 212 332 242 Evodio
354 215 382 241 et
404 210 532 247 parmciis
556 209 616 247 ejus
639 217 750 239 oremus
770 220 776 238 :
797 214 826 238 ut
854 211 1012 239 misericors

1063 211 1134 253 ὑπὲρ
1148 211 1195 238 τοῦ
1210 212 1360 240 ἐπισκόπου
1374 212 1453 249 ἡμῶν
1462 212 1620 249 Κλήμεντος
1630 211 1681 240 καὶ
1690 212 1748 240 τῶν
1759 221 1851 249 super

229 259 302 288 Deus
315 258 378 286 illos
392 257 524 286 Ecclesiis
536 257 640 285 sanctis
654 257 713 285 suis
724 261 834 292 praestet
846 258 1011 292 incolumes,

228 305 393 338 honoratos,
414 304 566 339 longaevos,
589 307 616 332 et
639 304 758 339 praebeat
783 304 824 338 eis
850 304 1011 341 honoratam

228 354 397 379 senectutem
412 350 440 377 in
458 351 559 385 pietate
574 357 606 378 ac
619 350 737 385 justitia.
765 350 853 378 Etiam
877 359 927 389 pro
950 359 1012 391 pre-

227 397 346 432 sbyteris
360 397 463 426 nostris
477 404 588 428 oremus
600 416 609 429 ,
632 400 662 429 ut
688 397 820 425 Dominus
835 397 932 426 liberet
948 397 1010 426 illos

226 444 262 471 ab
277 443 350 470 omni
365 443 437 479 turpi
459 451 493 472 ac
513 450 597 478 prava
614 450 658 476 re,
674 447 701 471 et
718 443 850 471 concedat
865 443 919 471 illis
937 444 1009 472 inte-

226 498 305 525 grum
331 494 359 518 et
383 493 548 523 honoratum
573 491 784 529 presbyterium.
809 490 862 518 Pro
883 491 1011 523 universo

226 538 329 565 Christi
347 537 473 565 diaconio
502 545 535 565 ac
558 538 713 565 ministerio
738 545 868 570 oremus,
901 540 931 565 ut
959 537 1012 570 DQ-

226 583 317 611 minus
337 583 504 619 inculpatam
522 584 590 619 ipsis
612 585 745 620 largiatur
767 583 1009 618 ministrationum.

224 628 279 656 Pro
312 629 480 663 lectoribus,
510 622 689 662 cantoribus,
718 630 891 666 virginibus,
920 630 1010 659 viduis

225 680 252 703 et
265 676 374 711 pupillis
390 683 501 704 oremus
523 684 530 704 :
550 684 600 712 pro
614 677 647 704 iis
662 677 709 712 qui
732 668 771 705 in.
785 676 960 710 matrimonio
983 681 1010 705 et

225 722 375 751 liberorum
395 722 585 759 procreatione
599 723 705 756 vivunt,
718 730 840 755 oremus,
865 726 896 752 ut
916 722 1009 750 Domi-

224 779 278 798 nus
292 771 454 799 miscreatur
477 778 571 799 eorum
598 770 730 799 omnium.
758 768 812 797 Pro
826 769 960 797 eunuchis
981 769 1010 797 in

224 818 367 845 sanctitate
382 817 583 845 ambulantibus
610 823 729 844 oremus.
755 814 810 843 Pro
826 815 860 844 iis
881 815 929 851 qui
943 822 997 848 con

1065 258 1134 286 κιῶν
1152 258 1235 294 αρτοῦ
1261 259 1411 295 δεηθῶμεν·
1435 259 1505 294 ὑπὲρ
1529 259 1577 286 τοῦ
1598 258 1754 286 ἐπισκόπου
1776 257 1851 295 ἡμῶν

1064 304 1173 338 Εὐοδίαν
1192 305 1248 341 (26)
1272 305 1319 332 καὶ
1341 305 1395 332 τῶν
1419 305 1569 341 παροικιῶν
1592 304 1677 332 αὐτοῦ
1701 304 1848 341 δεηθῶμεν·

1063 351 1138 383 ὅπως
1150 352 1164 380 6
1176 345 1325 387 οἰκτίρμων
1338 351 1405 385 Θεδς
1415 351 1562 387 χαρίσηται
1575 351 1676 383 αὐτοὺς
1685 352 1750 383 ταῖς
1764 351 1850 385 ἁγίαις

1062 396 1144 429 αὑτοῦ
1171 397 1345 434 Ἐκκλησιαις
1375 396 1481 430 σώους,
1509 397 1657 433 ἐντίμους,
1692 406 1848 434 μακρσημε-

1063 442 1200 479 ρεύοντας·
1219 443 1265 470 καὶ
1283 443 1374 483 τίμιον
1398 443 1490 475 αὐτοῖς
1511 443 1543 470 τὸ
1563 443 1653 479 γῆρας
1673 443 1848 479 παράσχηται

1062 489 1091 520 ἐν
1109 488 1234 525 εὐσεϐείᾳ
1256 489 1303 515 καὶ
1325 489 1490 525 δικαιοσύνῃ·
1506 489 1553 516 καὶ
1570 489 1642 526 ὑπὲρ
1657 489 1714 516 τῶν
1732 489 1848 526 πρεσϐυ-

1061 533 1148 570 τέρων
1162 534 1240 570 ἡμῶν
1256 534 1404 573 δεηθῷμεν·
1421 535 1495 567 ὅπως
1507 536 1522 563 ό
1536 535 1638 571 Κύριος
1659 536 1780 572 ρύαηται
1802 536 1847 562 αύ-

1061 580 1125 612 τοὺς
1142 580 1196 607 ἀπὸ
1216 580 1316 613 παντὸς
1337 581 1437 610 ἀτόπου
1457 581 1505 608 καὶ
1524 579 1644 618 πονηρόῦ
1665 582 1847 617 πράγματος,

1061 626 1108 652 καὶ
1123 626 1192 653 σῶον
1206 626 1252 653 καὶ¹
1275 626 1382 662 ἔντιμον
1405 626 1436 653 τὸ
1457 626 1652 662 πρεσϐυτέρων
1678 628 1775 660 αὐτοῖς
1798 636 1847 654 πα-

1062 671 1166 712 ράσχοι.
1188 672 1273 708 Ὑπὲρ
1295 673 1386 708 πᾴσης
1406 673 1456 708 τῆς
1473 673 1502 700 ἐν
1517 673 1627 709 Χριστῷ
1644 673 1789 706 διακονίας
1803 674 1848 700 καὶ

1061 718 1212 754 ὑπηρεσίας
1226 718 1376 755 δεηθῶμεν·
1392 719 1467 751 ὅπως
1482 720 1497 746 6
1511 719 1613 755 Κύριος
1636 720 1785 755 ἄμεμπτον
1801 720 1847 756 τὴν

1060 764 1196 792 διακονίαν
1212 765 1303 797 αὐτοῖς
1319 765 1503 801 παράσχηται.
1533 765 1619 801 ’Υπὲρ
1641 766 1828 800 ἀναγ-δωστῶν
1838 787 1845 797 ,

1059 810 1344 847 ψαλτῶνίπαρθένωνχ
1358 811 1449 848 χηρῶν
1461 820 1491 838 τε
1499 811 1546 838 καὶ
1555 811 1680 848 ὀρφανῶν
1693 812 1845 848 δεηθῶμεν-

222 863 356 890 tinentem
370 866 397 890 et
412 863 566 898 religiosam
591 866 674 897 agunt
693 862 787 894 vitam,
805 869 926 891 oremus.
955 860 1009 889 Pro

1060 857 1131 893 ὑπὲρ
1144 857 1198 884 τῶν
1212 858 1241 884 ἐν
1266 857 1406 893 συζυγίαις
1426 858 1474 885 καὶ
1485 858 1667 893 τεκνογονίαις
1686 858 1827 895 δεηθῦψεν
1838 869 1844 876 ·

222 908 258 937 iis
269 908 316 943 qui
339 908 367 935 in
391 913 485 935 sancta
512 907 635 935 Ecclesia
652 907 805 936 oblationes
832 907 947 939 faciunt,
975 914 1008 934 ac

221 955 409 990 eleemosynas
423 954 589 989 pauperibus
603 953 680 986 dant,
701 961 831 982 oremus:
863 957 890 981 et
906 961 956 989 pro
973 953 1008 987 iis

221 1000 268 1036 qui
292 999 407 1029 Domino
420 999 474 1028 Deo
487 1004 581 1027 nostro
600 999 707 1027 hostias
726 1003 754 1028 et
781 999 916 1036 primitias
940 999 1008 1032 oile-

221 1049 296 1078 runt,
312 1053 421 1075 oremus
434 1065 442 1077 ,
469 1048 500 1072 ut
524 1045 596 1074 Deus
612 1045 732 1080 optimus
758 1049 948 1073 remuneretur
959 1052 1007 1076 eos

221 1092 379 1124 cwlestibus
394 1091 452 1119 suis
466 1091 564 1126 gratiis
575 1111 583 1124 ,
599 1090 698 1126 detque
714 1091 749 1119 iis
764 1090 792 1118 in
806 1091 932 1127 praesenti
945 1099 1008 1121 cen-

223 1137 340 1173 tuplum,
358 1142 386 1165 et
398 1138 425 1164 in
440 1137 532 1165 futuro
545 1137 628 1164 vitam
650 1141 798 1170 aeternam;
824 1141 906 1172 atque
926 1136 1008 1171 donet

223 1184 293 1220 ipsis
307 1191 358 1219 pro
377 1183 550 1219 temporariis
565 1188 682 1217 aeterna,
706 1191 756 1219 pro
780 1184 897 1211 terrenis
923 1184 1006 1212 coele-

222 1230 277 1258 stia
292 1230 327 1258 ⁷⁷.
343 1228 459 1258 Oremus
472 1237 522 1265 pro
535 1237 631 1258 recens
646 1230 792 1265 haptizatis
812 1230 943 1258 fratribus
958 1238 1008 1257 no-

220 1277 286 1308 stris
296 1297 303 1310 ,
316 1280 347 1304 ut
360 1275 491 1304 DominUs
502 1283 550 1304 eos
565 1276 685 1304 stabiliat
695 1283 727 1303 ac
739 1276 838 1303 ﬁrmet.
849 1275 902 1303 Pro
915 1276 1007 1303 fratri-

221 1321 274 1349 bus
286 1321 388 1349 nostris
397 1321 468 1348 mala
482 1321 637 1349 valetudine
647 1321 753 1349 allictis
767 1329 894 1356 oremus;
910 1325 939 1349 ut
954 1321 1006 1351 Do-

221 1367 312 1394 minus
326 1366 424 1394 liberet
437 1366 500 1394 illos
525 1365 599 1394 omni
614 1366 710 1394 morbo
733 1371 759 1394 et
775 1367 849 1394 omni
865 1367 1004 1402 languore,

220 1419 358 1447 sanesque
373 1411 501 1439 restituat
515 1415 617 1440 sancta
629 1419 686 1440 suae
705 1411 844 1440 Ecclesiae.
859 1411 912 1440 Pro
928 1412 1005 1440 navi-

218 1458 346 1499 gantibus
361 1465 393 1484 ac
407 1458 459 1485 iter
481 1457 646 1487 habentibus
661 1465 781 1486 oremus.
797 1457 851 1486 Pro
865 1458 900 1487 iis
914 1459 961 1494 qui
976 1459 1004 1487 in

218 1504 346 1536 metallis,
362 1503 479 1537 exsiliis,
496 1503 631 1531 custodiis
644 1507 672 1532 et
685 1504 816 1537 vinculis,
828 1509 940 1540 propter
953 1514 1004 1534 no-

1060 904 1134 936 ὅπως
1145 904 1159 930 6
1175 903 1276 940 Κύριος
1300 905 1362 936 τοὺς
1379 904 1483 936 πάντας
1506 904 1603 936 αὐτοὺς
1618 903 1731 940 ἐλεήσῃ.
1761 905 1846 943 Ὑπὲρ

1059 951 1193 987 εὐνούχων
1205 950 1287 983 ὁσίως
1313 951 1501 987 πορευομένων
1514 950 1665 987 δεηθῶμεν.
1689 951 1776 987 ’Υπὲρ
1791 952 1846 978 τῶν

1057 997 1086 1023 ἐν
1100 996 1261 1033 ἐγκρατείᾳ,
1277 996 1331 1031 καὶ,
1351 995 1476 1032 εὐλαϐείᾳ
1501 995 1651 1032 δεηθῶμεν.
1689 997 1778 1032 Ύήρ
1792 998 1846 1024 τῶν

1057 1042 1302 1078 καρποφορούντων
1312 1042 1342 1069 ἐν
1364 1043 1397 1080 τῇ
1412 1041 1477 1078 ἁγίᾳ
1493 1041 1649 1078 Ἐκκλησία,
1666 1043 1716 1069 καὶ
1737 1043 1845 1070 ποιούν-

1056 1097 1110 1116 των
1128 1089 1185 1120 τοῖς
1210 1088 1307 1124 πένησι
1327 1087 1377 1120 τὰς
1399 1087 1593 1124 ἐλεημοσύνας,
1607 1087 1771 1124 δεηθῶμεν·
1799 1090 1844 1115 καὶ

1057 1134 1128 1170 ὑπὲρ
1139 1134 1194 1161 τῶν
1209 1134 1258 1166 τὰς
1270 1134 1363 1166 θυσίας
1373 1133 1420 1167 καὶ
1435 1133 1485 1165 τὰς
1495 1133 1622 1170 ἀπαρχὰς
1635 1135 1844 1171 προσφερόντων

1056 1180 1151 1216 Κυρίῳ
1164 1179 1203 1215 τῷ
1218 1179 1278 1215 Θεῷ
1293 1179 1371 1215 ἡμῶν
1384 1179 1524 1215 δεηθῶμεν
1535 1188 1543 1196 υ
1570 1180 1643 1211 ὅπως
1658 1180 1674 1206 6
1688 1181 1844 1215 πανάγαθος

1055 1224 1123 1258 Θεὸς
1136 1218 1289 1262 ἀμείψηται
1304 1226 1403 1258 αὐτοὺς
1423 1227 1485 1258 ταῖς
1505 1225 1679 1262 ἐπουρανίαις
1693 1227 1778 1253 αὑτοῦ
1792 1227 1843 1254 δω-

1056 1274 1143 1309 ρεαῖς,
1159 1273 1207 1300 καὶ
1232 1273 1269 1311 δῷ
1297 1272 1389 1304 αὐτοῖς
1406 1273 1435 1301 ἐν
1457 1272 1497 1308 τῷ
1515 1273 1628 1309 παρόντι
1645 1273 1843 1300 ἑκατονταπλα-

1057 1319 1141 1352 σίονα,
1156 1319 1203 1347 καὶ
1217 1320 1245 1346 ἐν
1254 1319 1294 1355 τῷ
1307 1319 1431 1355 μέλλοντι
1446 1318 1518 1354 ζωὴν
1532 1318 1649 1352 αἰώνιον,
1665 1320 1713 1346 καὶ
1729 1321 1843 1356 χαρίση-

1054 1373 1099 1392 ται
1116 1366 1208 1398 αὐτοτς
1230 1365 1291 1393 ἀντὶ
1319 1364 1372 1392 τῶν
1398 1364 1572 1401 προσκαίρων
1596 1365 1630 1392 τὰ
1656 1365 1768 1398 αἰώνια,
1785 1367 1842 1394 ἀντὶ

1053 1411 1108 1438 τῶν
1124 1411 1251 1446 ἐπιγείων
1262 1410 1297 1438 τὰ
1305 1410 1463 1447 ἐπουράνια.
1483 1411 1570 1447 Ὑπὲρ
1584 1411 1640 1438 τῶν
1653 1413 1843 1446 νεοφοηίστων

1053 1456 1175 1492 ἀδελφῶν
1189 1456 1267 1493 ἡμῶν
1290 1456 1449 1493 δεηθῶμεν·
1471 1456 1546 1489 ὅπως
1570 1457 1585 1484 6
1607 1457 1712 1493 Κύριος
1726 1459 1843 1494 στηρίξῃ

1054 1503 1153 1536 αὐτοὺς
1180 1503 1228 1530 καὶ
1260 1495 1407 1538 βεὸαἶώσῃ.
1443 1502 1530 1538 Ὑπὲρ
1557 1502 1612 1530 τῶν
1640 1503 1670 1530 ἐν
1698 1504 1844 1540 ἀρρωστίᾳ

218 1556 282 1581 men
299 1548 418 1580 Domini,
432 1553 588 1580 versantur,
602 1555 722 1575 oremus.
751 1547 805 1575 Pro
820 1549 918 1576 acerba
943 1556 1001 1576 ser-

1058 1548 1251 1586 ὲξεταζομὲνων
1275 1548 1396 1584 ἀδελφῶν
1411 1548 1488 1584 ἡμῶν
1496 1548 1649 1585 δεηθῶμεν·
1665 1549 1743 1581 ὅπως
1759 1551 1774 1576 6
1786 1551 1842 1577 Κύ-

218 1593 305 1624 vitute
323 1592 462 1627 oppressis
474 1599 595 1620 oremus.
625 1591 679 1619 Pro
697 1592 815 1620 inimicis
830 1596 857 1620 et
876 1593 939 1621 odio
953 1593 1004 1620 ha-

217 1638 345 1666 bentibus
367 1645 429 1673 nos,
453 1644 562 1666 oremus
589 1647 597 1666 :
627 1645 678 1673 pro
704 1639 932 1673 persequentibus
951 1647 1003 1668 nos

217 1687 327 1724 propter
342 1691 442 1711 nomen
454 1683 572 1716 Domini,
587 1691 697 1712 oremus
710 1694 716 1712 :
731 1687 762 1711 ut
781 1684 923 1719 Dominus,
949 1686 1002 1714 mi-

218 1732 302 1770 tigato
316 1738 410 1758 eorum
437 1730 539 1763 furore,
565 1730 679 1766 dissipet
703 1731 771 1759 iram
800 1732 933 1760 adversus
950 1740 1002 1761 nos

215 1778 392 1806 concitatam.
408 1776 462 1804 Pro
488 1776 523 1804 iis
547 1777 594 1812 qui
609 1776 677 1805 foris
691 1781 766 1810 sunt,
784 1785 816 1805 ac
830 1785 924 1807 errore
950 1778 1002 1806 du-

216 1829 325 1856 cuntur,
342 1831 466 1857 oremus;
481 1827 511 1850 ut
522 1822 655 1851 Dominus
666 1824 728 1852 illos
740 1829 891 1853 convertat.
908 1825 1001 1854 Infan-

215 1872 282 1898 tium
295 1869 423 1897 Ecclesiae
452 1868 643 1903 recordemur;
669 1869 709 1897 uti
737 1869 879 1902 Dominus,
896 1877 944 1899 eos
972 1871 1000 1899 in

213 1917 312 1943 timore
325 1922 376 1942 suo
387 1913 484 1941 reddat
499 1913 645 1949 perfectos,
656 1918 684 1942 et
698 1913 732 1942 ad
752 1922 909 1942 mensuram
934 1918 1000 1942 aela—

217 1961 252 1988 tis
267 1961 407 1996 perducat.
425 1959 478 1988 Pro
495 1960 575 1988 nobis
586 1959 703 1987 invicem
718 1967 843 1995 oremus;
861 1966 892 1989 ut
905 1960 999 1989 Domi.

216 2014 270 2034 nus
288 2006 375 2041 gratia
397 2014 446 2033 sua
461 2011 552 2034 servet
575 2013 625 2034 nos
644 2014 676 2035 ac
699 2007 836 2035 custodiat
855 2015 942 2043 usque
963 2008 996 2036 ad

215 2051 308 2083 ﬁnem,
327 2056 354 2078 et
370 2050 467 2078 liberet
491 2059 542 2079 nos
556 2059 571 2079 a
592 2053 673 2085 malo,
687 2057 714 2081 et
727 2053 761 2081 ab
776 2054 904 2081 omnibus
918 2061 998 2082 scan-

215 2096 285 2124 dalis
297 2097 469 2131 operantium
491 2097 662 2132 iniquitatem
680 2099 714 2132 ",
729 2104 757 2127 et
772 2101 862 2128 salvos
879 2107 930 2128 nos
947 2101 999 2128 du-

216 2145 261 2167 cat
283 2141 309 2167 in
341 2149 453 2176 regnum
482 2149 561 2169 suum
588 2144 707 2172 caeleste.
729 2145 782 2172 Pro
805 2145 880 2173 omni
906 2145 997 2173 anima

215 2184 370 2213 Christiana
385 2193 505 2215 oremus.
529 2188 609 2216 Salva
625 2195 651 2217 et
666 2191 740 2225 erige
761 2198 822 2223 nos,
845 2191 927 2224 Deus,
945 2192 998 2219 mi-

1055 1602 1113 1631 ριος
1129 1595 1243 1631 ρύσηται
1256 1594 1355 1626 αὐτοὺς
1369 1594 1461 1630 πάσης
1489 1594 1567 1621 νόσου
1582 1595 1629 1622 καὶ
1646 1595 1739 1631 πάσης
1758 1597 1843 1632 μαλα-

1053 1640 1126 1673 κίας,
1151 1642 1198 1667 καὶ
1224 1640 1311 1672 σώους
1337 1640 1550 1676 ἀποκαταστήσῃ
1563 1641 1597 1676 τῇ
1612 1640 1678 1677 ἁγίᾳ
1694 1641 1842 1668 αὑτοῦἙιυ

1052 1686 1162 1723 κλησίᾳ.
1186 1687 1273 1722 Ὑπέρ
1288 1686 1426 1713 πλεόντων
1447 1686 1495 1713 καὶ
1510 1686 1724 1722 ὁδοιπορούντων
1740 1688 1843 1724 δεηθῶ-

1054 1741 1102 1768 μεν
1113 1741 1121 1748 ·
1140 1732 1210 1768 ὑπὲρ
1225 1732 1278 1760 τῶν
1294 1733 1323 1759 ἐν
1338 1731 1479 1768 μετάλλοις
1494 1731 1541 1759 καὶ
1558 1732 1677 1769 ἐξορίαις
1692 1734 1741 1760 καὶ
1758 1734 1843 1768 φυλα-

1051 1779 1113 1810 καῖς
1128 1779 1175 1805 καὶ
1202 1778 1311 1813 δεσμοῖς
1332 1778 1416 1805 ὄντων
1430 1777 1475 1804 διὰ
1496 1777 1528 1804 τδ
1549 1777 1635 1814 ὄνομα
1650 1778 1699 1805 τοῦ
1723 1780 1841 1816 Κυρίου,

1050 1823 1188 1860 δεηθιῖψιεν
1199 1831 1208 1840 ο
1235 1824 1305 1860 ὑπὲρ
1327 1823 1382 1850 τῶν
1397 1824 1427 1850 ἐν
1441 1824 1528 1860 πικρᾷ
1545 1823 1653 1861 δουλείᾳ
1667 1833 1841 1852 καταπονω-

1053 1870 1139 1905 μένων
1154 1870 1293 1906 δεηϐῶμεν
1304 1878 1312 1886 ·
1328 1870 1400 1906 ὑπὲρ
1413 1869 1519 1905 ἐχθρῶν
1536 1869 1585 1897 καὶ
1601 1870 1754 1904 μισούντων
1769 1873 1841 1908 ἡμᾶς

1050 1915 1188 1952 δεηθῶμεν
1200 1925 1207 1932 ·
1225 1916 1295 1955 ὑπὲρ
1308 1916 1364 1942 τῶν
1393 1915 1546 1943 διωκόντων
1561 1916 1635 1955 ἡμᾶς
1649 1916 1696 1944 διὰ
1710 1917 1742 1944 τὸ
1756 1919 1841 1954 ὄνομα

1049 1961 1096 1988 τοῦ
1112 1961 1224 1999 Κυρίου,
1245 1961 1384 1997 δεηθῶμεν
1396 1970 1404 1977 ·
1421 1961 1494 1993 ὅπως
1506 1962 1521 1988 6
1537 1961 1639 1997 Κύριος
1654 1963 1784 1998 πραΰνας
1796 1965 1840 1991 τὸν

1049 2006 1132 2042 θυμδν
1144 2007 1232 2034 αὐτῶν
1255 2006 1417 2042 διασχεδάσῃ
1427 2007 1477 2042 τὴν
1492 2006 1552 2034 καθ’
1563 2007 1643 2043 ἡμῶν
1656 2008 1745 2044 ὀργήν
1763 2010 1821 2045 (27)
1830 2019 1837 2025 '

1048 2052 1119 2088 ὑπὲρ
1133 2052 1188 2079 τῶν
1210 2052 1264 2089 ἔξω
1283 2052 1367 2080 όντων
1385 2052 1432 2080 καὶ
1449 2052 1662 2089 πεπλανημένων
1675 2054 1837 2091 δεηθιῖῳενο

1047 2097 1122 2130 ὅπως
1135 2099 1150 2124 6
1165 2098 1267 2135 Κύριος
1282 2099 1383 2130 αὐτοὺς
1407 2098 1568 2134 ἐπιστρέψῃ.
1584 2099 1646 2127 Τῶν
1668 2101 1778 2136 νηπίων
1790 2103 1837 2138 τῆς

1053 2143 1214 2180 Ἐκκλησίας
1245 2143 1494 2181 μνημονεύσωμενυ
1524 2145 1597 2177 ὅπως
1627 2146 1643 2172 6
1662 2146 1770 2182 Κύριος
1793 2157 1835 2174 τε-

1048 2189 1163 2223 λειώσας
1177 2190 1248 2218 αὐτὰ
1263 2191 1291 2217 ἐν
1307 2191 1346 2227 τῷ
1356 2190 1431 2227 φόϐῳ
1443 2190 1541 2223 αὐτοῦ,
1557 2192 1598 2223 είς
1614 2191 1716 2228 μέτρον
1729 2189 1836 2228 ἡλικίας

213 2231 362 2259 serieordia
389 2235 445 2259 tua.
474 2232 634 2268 Surgamus.
661 2234 776 2263 Orantes
810 2236 922 2269 intente,
945 2233 1014 2265 ιτοεῖ

1058 2236 1150 2272 ιγάγῃ·
1180 2236 1251 2272 ὑπὲρ
1274 2236 1393 2272 ἀλλήλων
1411 2236 1564 2272 δεηθῶμεν·
1592 2238 1668 2270 ὅπως
1691 2239 1707 2265 6
1734 2239 1835 2276 Κύριος

214 2276 289 2312 ipsos
315 2281 397 2312 atque
427 2283 533 2313 mutuo,
558 2280 659 2309 viventi
685 2281 752 2313 Deo.
779 2288 828 2316 per
855 2281 996 2310 Christum

1058 2283 1150 2319 ηρήσῑι
1165 2281 1221 2318 (28)
1235 2283 1308 2317 ἡμᾶς
1335 2283 1383 2313 καὶ
1410 2283 1515 2321 φυλάξῃ
1531 2284 1565 2319 τῇ
1578 2283 1661 2311 αὐτοῦ
1683 2285 1779 2320 χάριτι
1796 2287 1834 2318 είς

212 2323 274 2356 ejus
300 2324 533 2353 commendemus.
559 2325 688 2355 Precetur
706 2330 797 2354 autem
823 2326 997 2362 pontifex,et

1058 2327 1128 2359 9.0;,
1141 2328 1189 2354 καὶ
1210 2327 1325 2364 ρύστιται
1353 2329 1427 2364 ἡμᾶς
1450 2329 1497 2355 τοῦ
1524 2329 1643 2365 πονηροῦ
1659 2331 1710 2357 καὶ
1726 2331 1833 2358 πάντων

210 2367 284 2395 dicat
297 2376 305 2395 :

1017 2393 1020 2397 .
1043 2373 1099 2400 τῶν
1116 2373 1269 2401 σκανδάλων
1295 2373 1349 2401 τῶν
1365 2374 1555 2410 ἐργαζομένων
1578 2375 1628 2411 τὴν
1644 2376 1773 2412 ἀνομίαν,
1787 2377 1834 2404 καὶ

211 2412 285 2448 σώσῃ
299 2413 339 2445 εἰς
353 2413 402 2449 τὴν
418 2413 554 2450 βασιλείαν
575 2415 658 2442 αὐτοῦ
669 2416 719 2452 τὴν
734 2416 905 2452 ἐπουράνιον.
933 2419 1022 2457 ’Υπὶρ
1043 2420 1134 2456 πάσης
1151 2421 1240 2457 ψυχῆς
1254 2422 1412 2457 χριστιανῆς
1427 2421 1576 2457 δεηθῶμεν.
1596 2421 1690 2449 Σῶσον
1706 2423 1754 2450 καὶ
1767 2424 1830 2450 ἀνά-

212 2467 308 2494 στησον
332 2461 404 2496 ἡμᾶς
428 2461 442 2488 6
468 2462 534 2494 Θεὸς
547 2462 588 2498 τῷ
616 2462 686 2490 ἐλέει
712 2471 769 2489 σου.
801 2464 995 2502 Ἑγειρώμεθα.
1019 2466 1166 2504 Δεηθέντες
1180 2468 1297 2500 ἐκτενῶς
1321 2468 1434 2499 ἑαυτοὺς
1457 2468 1505 2495 καὶ
1528 2468 1660 2504 ἀλλήλους
1682 2470 1724 2496 τῶ
1750 2470 1830 2503 ζῶντι

209 2504 320 2540 egesta.
333 2506 379 2533 τοῦ
393 2507 510 2543 Χριστοῦ
520 2507 601 2534 αὑτοῦ
614 2507 809 2543 παραϐώμεοα.
828 2510 1000 2547 Ἐπευχέσθω
1015 2513 1043 2539 δὲ
1059 2512 1113 2549 (29)
1130 2514 1144 2540 ό
1156 2513 1311 2549 ἀρχιερεὺς,
1328 2514 1376 2540 καὶ
1391 2513 1504 2547 λεγέτω·

502 2565 616 2593 CAPUT
639 2565 684 2593 XI.

431 2610 565 2639 Invocatio
574 2619 621 2646 pro
633 2611 763 2646 ﬁdelibus.

244 2654 357 2684 Domine
369 2658 552 2692 omnipotens.
572 2657 734 2690 celsissime,
751 2659 798 2694 qui
814 2659 841 2687 in
858 2660 921 2689 altis
940 2661 988 2689 ha-

243 2713 265 2729 ""
284 2712 379 2741 Matth.
394 2722 452 2748 xtx,
468 2714 513 2742 29.
550 2714 574 2731 "'
593 2714 667 2743 Psal.
683 2722 745 2751 cn,
762 2716 790 2744 9.

1303 2571 1500 2601 ΚΕΦΑΛΑΙΟΝ
1515 2571 1568 2600 IA'.

1240 2617 1416 2650 Ἐπικλησις
1432 2616 1492 2643 τῶν
1506 2616 1632 2644 πιστῶν.

1075 2663 1160 2701 Κύριε
1189 2663 1386 2699 παντπὸκρατορ,
1403 2662 1515 2698 ὖψιστε,
1537 2662 1552 2690 6
1575 2663 1606 2691 ὲν
1629 2663 1745 2701 ὑψηλοῖς
1763 2673 1826 2692 ur-

862 2783 1044 2813 VARIORUM
1056 2784 1173 2814 NOTAE.

240 2846 300 2923 ἔξω
320 2849 456 2877 Εῠοόίου.
472 2850 522 2879 Ms.
535 2851 615 2881 Vind.
637 2853 782 2881 Ἀννιανοῦ.
797 2854 881 2882 Cum.

251 2882 297 2917 Ἦ)
322 2883 434 2919 Ὀρτήν.
451 2885 531 2916 Addit
545 2888 606 2917 cod.
624 2887 704 2918 Vind.
717 2889 863 2923 δεηθῶμεν.

251 2882 297 2923 βῖ)
322 2883 434 2919 Ὀργήν.
451 2885 531 2916 Addit
545 2888 606 2917 cod.
624 2887 704 2918 Vind.
717 2889 863 2926 δεηθῶμεν.
880 2890 917 2919 In.

1148 2855 1281 2921 Zzwggu.
1299 2857 1465 2918 ΔιαξΡρήσῃ.
1478 2857 1546 2899 God.
1562 2858 1645 2890 Vind.
1661 2859 1700 2890 ιο.

1187 2912 1193 2919 .
1233 2900 1262 2920 av
1276 2891 1336 2920 cod.
1378 2893 1434 2921 md.
1454 2893 1608 2922 rectius!»

1087 2891 1131 2933 29)
1148 2891 1193 2921 Δέ.
1209 2891 1262 2920 Οὗν
1276 2891 1336 2920 cod.
1354 2891 1564 2922 Vind."rectius.
1575 2893 1608 2922 in
