1900 3108
53 131 123 160 1089

489 131 788 162 CONSTITUTIONES
806 131 1142 160 APOSTOLlC/E.-—LIB.
1162 131 1228 161 Vlll.

1601 134 1672 163 £090

49 190 146 223 οικῶν,
155 189 218 225 am
232 190 261 217 ὲν
276 190 363 225 ἁγίοις
376 190 694 226 ἀναπαυόμενε,ᾰναρχε,
707 190 836 226 μόναρχε·
854 191 875 219 Α

891 188 972 220 bitas.
988 191 1098 221 sanae,
1115 189 1160 223 qui
1191 189 1218 216 in
1242 189 1346 217 sanctis
1370 189 1530 224 requiescis.
1558 191 1673 227 originis

48 242 63 264 ο
89 236 137 263 διὰ
160 236 280 273 Χριστοῦ
310 238 440 272 κήρυγμα
473 236 601 271 γνώσεως
621 237 681 268 δοὺς
708 237 773 272 ἡμῖν
798 236 839 267 είς

48 283 202 317 ἐπίγνωσιν
214 283 263 319 τῆς
278 282 328 318 σῆς
347 283 427 319 δόξης
443 283 492 310 καὶ
513 282 560 310 τοῦ
581 282 712 318 ὀνόματός
734 290 791 314 σου,
807 279 838 308 οῦ

49 329 226 364 ἐφανέρωσεν
254 331 321 366 ἡμῖν
352 330 393 362 είς
421 329 592 366 κατάληψιν
625 328 705 360 αὐτὸς
720 329 767 355 καὶ
791 328 838 355 νῦν

47 375 126 402 ἔπιδε
141 375 177 402 δι’
192 375 274 402 αὐτοῦ
298 376 346 403 ἐπὶ
359 376 390 403 τὸ
411 375 536 411 ποίμνιόν
557 383 603 402 σου
619 374 713 401 τοῦτο·
732 375 778 401 καὶ
790 374 837 400 λύ-

46 429 155 457 τρωσαι
172 421 239 448 αὐτὸ
255 422 345 457 πάσης
357 421 478 456 ἀγνοίας,
499 421 546 448 καὶ
560 421 681 457 πονηρᾶς
693 419 818 457 πράξεως
829 428 836 436 °

47 469 96 494 καὶ
109 467 156 498 δὸς
171 467 246 503 φόὸῳ
260 467 401 503 φοϐεῖσθαί
415 476 455 501 σε,
472 467 530 495 καὶ·
544 467 638 502 ἀγάπῃ
653 466 763 502 ἀγαπᾷν
791 474 836 498 σε,

46 514 96 539 καὶ
112 512 273 540 στέλλεσθαι
295 513 350 540 ἀπὸ
363 512 510 550 προσώπου
532 513 610 549 δόξης
626 520 672 539 σου
684 520 691 529 ·
720 511 838 547 εὐμενὴς

46 559 143 592 αὐτοῖς
157 559 250 594 γενοῦ,
264 560 313 587 καὶ
328 560 417 593 ἵλεως,
434 560 482 587 καὶ
495 559 612 595 ἐπήκοος
633 559 663 585 ὲν
677 558 737 590 ταῖς
752 566 837 594 προσ-

45 606 146 639 ευχαῖς
172 606 282 633 αὐτῶν·
311 607 358 633 καὶ
390 605 506 640 φύλαξον
543 604 641 636 αὐτοὺς
666 604 836 641 ἀτρέπτους,

45 651 228 687 ἀμέμπτους,
253 652 437 689 ἀνεγκλήτους
450 661 456 667 ·
480 652 523 679 ἵνα
543 648 609 678 ὦσιν
636 650 708 685 ἅγιοι
732 649 837 685 σώματι

46 697 97 724 καὶ
113 697 199 734 ψυχῇ,
225 698 262 734 μὴ
282 698 390 734 ἔχοντες
420 698 513 725 σπῖλον
539 697 556 733 ἢ
580 696 674 733 ῥυτίδα
697 696 714 732 ή
735 704 762 722 τι
783 695 837 722 τῶν

44 743 179 770 τοιούτων
191 753 198 759 ι
210 743 268 770 ἀλλ’
283 744 326 771 ἶνα
342 741 409 771 ὦσιν
424 744 523 780 ἄρτιοι,
538 743 585 770 καὶ
596 742 689 778 μηδεὶς
702 743 732 768 ὲν
747 741 838 773 αὐτοῖς

45 787 64 826 ᾖ
84 789 197 822 κολοϐὸς
205 789 222 825 ἢ
231 790 338 827 ἀτελής.
351 790 463 826 ’Δρωγὲ,
474 789 580 821 δυνατὲ,
589 787 836 824 ἀπροσωπόληπτε,

44 835 130 870 γενοῦ
146 836 319 873 άντιλήπτωρ
332 836 380 863 τοῦ
394 835 458 864 λαοῦ
479 845 525 863 σου
540 835 646 867 τούτου,
661 835 690 862 ὃν
707 834 837 870 ἐξηγόρα-

45 890 99 914 σας
110 882 168 918 (30)
180 881 219 918 τῷ
234 882 316 918 τιμίῳ
330 882 377 910 τοῦ
387 882 505 919 Χριστοῦ
522 891 568 908 σου
589 882 694 917 αἵματι.
711 880 834 916 Προστά-

43 937 108 964 της,
124 928 278 965 ἐπίκουρος,
290 929 400 965 ταμίας,
420 928 517 964 φύλαξ,
544 930 632 964 τεῖχος
645 927 835 964 ἐρυμνότατον,

42 975 190 1010 φραγμὺς,
219 975 353 1010 ἀσφάλεια
379 975 456 1011 (51),
481 975 522 1001 ὅτι
547 974 579 1001 ὲκ
599 974 648 1009 τῆς
671 973 721 1008 σῆς
746 973 836 1008 χειρὸς

40 1022 137 1053 οὐδεὶς
153 1021 276 1057 ἁρπάσαι
300 1021 411 1048 δύναται
421 1029 429 1037 ο
451 1020 512 1047 οὐδὲ
526 1020 580 1057 γάρ
593 1021 650 1047 ὲστι
663 1020 728 1052 Θεὸς
741 1020 836 1056 ὥσπερ

43 1069 82 1095 σὺ
96 1068 192 1104 ἕτερος
203 1076 211 1084 ”
227 1068 268 1094 ὅτι
283 1067 312 1094 ἐν
329 1068 372 1094 σοὶ
398 1068 415 1103 ή
431 1067 554 1103 ὑπομονὴ
569 1066 658 1102 ἡμῶν.
675 1075 685 1092 ι
710 1065 835 1100 Ἀγίασον

42 1115 148 1146 αὐτοὺς
162 1115 191 1140 ἐν
206 1115 240 1150 τῇ
256 1113 368 1150 ἀληθείᾳ
383 1121 441 1146 σου,
458 1113 498 1140 ὅτι
510 1113 524 1139 ὸ
539 1112 616 1147 λόγος
629 1113 644 1139 ό
660 1111 705 1144 σὸς
723 1111 837 1148 ἀλήθειά

41 1161 150 1187 ἐστιν.»
175 1159 610 1197 ’Δπροσχάριστε,ἀπαραλόγιστε
620 1167 628 1175 ο
645 1158 724 1194 ῥῦσαι
738 1158 836 1191 αὐτοὺς

42 1207 141 1242 πάσης
154 1206 233 1233 νόσου
250 1206 296 1233 καὶ
310 1206 401 1241 πάσης
416 1205 560 1241 μαλακίας,
571 1205 671 1237 παντὸς
686 1205 836 1242 παραπτώ-

42 1261 146 1288 ματος,
178 1252 268 1288 πάσης
298 1252 431 1288 ἐπηρείας
458 1252 504 1279 καὶ
534 1251 651 1288 ἀπάτης,
676 1252 731 1278 ἀπὸ
753 1252 834 1287 φόϐου

41 1298 159 1334 ἐχθροῦ,
171 1298 226 1325 ἀπὸ
241 1298 335 1334 βέλους
349 1296 498 1334 πετομένου
511 1298 626 1334 ἡμέρας,
642 1297 696 1325 ἀπὸ
707 1298 837 1334 πράγμα-

40 1353 93 1377 τος
123 1345 152 1372 ὲν
185 1344 276 1372 σκὰιει
303 1344 531 1380 διαπορευομένου
553 1353 560 1360 ·
596 1345 643 1371 καὶ
668 1345 835 1378 καταξίωσον

40 1391 148 1423 αὐτοὺς
161 1391 212 1427 τῆς
231 1390 341 1418 αιωνιου
356 1391 439 1426 ζῳῆς,
457 1391 508 1426 τῆς
535 1391 564 1417 έν
587 1390 696 1427 Χριστῷ
722 1391 762 1426 τῷ
777 1390 835 1427 Υἱῷ

42 1446 96 1465 σου
111 1437 152 1472 τῷ
170 1438 317 1473 pavo-(avet,
338 1436 377 1472 τῷ
392 1436 451 1472 Θεῷ
466 1436 513 1463 καὶ
527 1437 632 1472 Σωτῆρι
646 1436 723 1472 ἡμῶν
733 1445 740 1452 ·
757 1436 790 1463 δι’
804 1434 835 1463 οῦ

42 1493 90 1511 σοι
102 1483 168 1518 δόξα
182 1483 229 1510 καὶ
247 1483 337 1516 σέϐας,
354 1483 383 1510 ὲν
399 1483 469 1518 ἁγίῳ
485 1483 634 1518 Πνεύματι,
648 1483 705 1515 νῦν,
720 1483 767 1510 καὶ
779 1483 833 1516 ἀεὶ,

43 1531 94 1557 καὶ
108 1530 150 1562 εἰς
163 1529 227 1562 τοὺς
241 1529 343 1561 αἰῶνας
352 1529 407 1556 τῶν
427 1529 541 1556 αιώνων.
575 1529 669 1565 Ἀμήν.
687 1529 743 1556 Καὶ
765 1528 834 1565 μετὰ
846 1543 870 1574 c

41 1576 128 1603 τοῦτο
141 1576 243 1610 λεγέτω
257 1576 272 1602 ὁ
286 1575 408 1607 διάκονος
420 1584 427 1590 ·
454 1575 629 1611 Πρόσχωμεν.
661 1575 716 1602 Καὶ
743 1575 833 1603 ἀσπα-

43 1623 137 1656 ζέσθω
150 1624 165 1649 ό
181 1623 327 1655 ἐπίσκοπος
354 1622 403 1658 τὴν
420 1621 578 1657 ἐκκλησίαν,
598 1622 644 1649 καὶ
658 1622 760 1656 λεγέτω
771 1631 777 1638 ”
802 1623 834 1650 'H

42 1670 144 1705 εἰρήνη
158 1669 206 1696 τοῦ
233 1668 301 1696 Θεοῦ
331 1669 399 1704 μετὰ
426 1668 533 1696 πάντων
559 1668 654 1704 ὑμῶν·
672 1669 719 1696 καὶ
734 1670 748 1696 ό
771 1669 835 1703 λαὸς

40 1715 256 1751 ἀποκρινάσθω·
283 1716 338 1743 Καὶ
356 1716 424 1752 μετὰ
437 1715 484 1743 τοῦ
510 1715 663 1752 πνεύματός
678 1725 734 1743 σου.
751 1717 807 1743 Καὶ
820 1717 835 1744 ὁ

42 1761 170 1793 διάκονος
197 1762 302 1789 εἰπάτω
328 1762 426 1789 πᾶσιν·
462 1762 632 1789 Ἀσπάσασθε
659 1762 789 1798 ἀλλήλους
805 1763 834 1790 ὲν

42 1807 181 1843 φιλήματι
209 1807 289 1843 ἁγίῳ.
313 1808 368 1835 Καὶ
394 1807 607 1840 ἁσπαζέσθωσαν
629 1809 653 1835 of
667 1808 713 1835 τοῦ
734 1809 833 1845 κλήρου

41 1853 92 1879 τὸν
107 1853 258 1880 ἐπίσκοπον
271 1852 338 1889 (52),
353 1854 377 1880 οί
402 1853 491 1880 λαῖκοὶ
517 1853 612 1890 ἄνδρες
635 1854 698 1886 τοὺς
713 1854 833 1887 λαῖκοὺς,

43 1900 76 1926 αἱ
95 1901 224 1933 γυναῖκες
237 1899 286 1931 τὰς
299 1900 440 1935 γυναῖκας.
463 1899 503 1926 Τὰ
518 1900 608 1927 παιδία
621 1900 650 1926 δὲ
662 1901 834 1936 στηκέτωσαν

43 1945 117 1981 πρὸς
131 1946 171 1981 τῷ
185 1945 295 1982 βήματι,
328 1946 376 1973 καὶ
400 1945 520 1978 διάκονος,
536 1946 628 1978 αὺτοῖς
648 1947 741 1982 ἕτερος
764 1946 834 1974 ἔστω

40 1991 180 2026 ἐφεστὼς,
191 1992 265 2023 ὅπως
280 1992 317 2028 μὴ
330 1992 478 2019 ἀταχτῶσι.
493 1993 549 2020 Καὶ
560 1992 634 2019 ἄλλοι
649 1992 767 2020 διάκονοι
783 2002 834 2020 πε-

42 2037 259 2074 ριπατείτωσαν,
270 2039 317 2065 καὶ
330 2038 515 2065 σκοπείτωσαν
538 2039 601 2070 τοὺς
614 2039 711 2074 ἄνδρας
723 2039 770 2066 καὶ
785 2039 835 2071 τὰς

42 2084 190 2118 γυναῖκας,
205 2083 278 2115 ὅπως
297 2083 334 2120 μὴ
363 2082 476 2119 θόρυϐός
503 2093 546 2116 τις
575 2084 631 2121 (35)
648 2083 770 2121 γένηται,
787 2086 835 2113 καὶ

42 2129 86 2165 μή
96 2137 140 2160 τις
154 2128 247 2165 νεύσῃ,
260 2128 278 2165 ἦ
293 2128 433 2165 ψιθυρίσῃ,
450 2128 466 2165 ἢ
484 2130 613 2166 νυστάξῃ.
631 2131 662 2157 Οί
673 2131 701 2158 δὲ
716 2132 834 2159 διάκονοι

43 2175 219 2202 ἱστάσθωσαν
242 2176 283 2207 είς
307 2175 356 2208 τὰς
371 2175 426 2202 τῶν
451 2175 554 2212 ἀνδρῶν
570 2175 664 2213 θύρας,
675 2178 722 2205 καὶ
736 2179 760 2205 οἱ
773 2179 835 2206 ὐπο-

887 242 996 269 expers.
1012 235 1177 266 monarcha;
1193 235 1238 270 qui
1255 243 1303 270 per
1314 235 1453 264 Christum
1467 236 1566 263 dedisti
1593 237 1673 265 nobis

888 280 1053 316 cognitionis
1077 281 1296 316 praedicationem
1327 282 1353 309 in
1384 282 1549 317 agnitionem
1580 283 1674 317 gloria

888 330 940 354 tua:
961 334 993 354 ac
1017 327 1136 355 nominis
1165 327 1216 360 tui,
1241 327 1314 362 quod
1341 328 1525 356 manifestavit
1540 329 1618 356 nobis
1639 329 1673 357 ad

887 373 1158 408 comprehensionem
1182 383 1188 400 :
1210 373 1268 408 ipse
1283 382 1355 401 nunc
1374 383 1482 410 quoque
1501 375 1606 409 respice
1625 383 1674 410 per

887 418 977 454 ipsum
989 419 1016 446 in
1027 419 1079 446 hoc
1089 420 1160 447 ovile
1177 423 1310 453 tuum;et
1326 421 1411 447 libera
1428 420 1493 447 illud
1510 421 1581 448 omni
1598 421 1674 456 igno-

887 465 987 497 rantia.
1000 470 1026 494 et
1046 474 1128 501 prava
1148 467 1269 499 actione;
1281 470 1309 494 et
1320 466 1354 494 da
1370 471 1399 494 ut
1414 472 1440 494 te
1456 467 1551 495 timore
1567 469 1672 500 timeat,

887 519 920 539 ac
934 512 1082 540 dilectione
1093 516 1119 540 te
1134 512 1240 548 diligat,
1253 517 1280 540 et
1290 513 1485 541 contremiscat
1502 521 1516 540 ο
1531 513 1600 541 facie
1615 513 1674 549 glo-

887 559 936 586 rite
950 563 1023 586 tua):
1041 559 1080 586 sis
1096 559 1136 586 eis
1152 559 1282 592 clemens,
1311 560 1457 595 propitius,
1476 568 1507 586 ac
1530 560 1674 588 exauditor

888 604 916 631 in
933 604 1061 640 precibus
1074 613 1168 632 eorum
1182 613 1189 639 ;
1213 609 1240 632 et
1257 605 1364 633 custodi
1390 606 1452 634 illos
1477 606 1672 638 immutabiles,

887 650 1104 686 irreprchensos,
1119 651 1273 686 inculpatos
1287 661 1293 679 :
1322 657 1352 679 ut
1371 652 1427 680 sint
1443 653 1531 680 sancti
1557 660 1674 688 corpore

887 703 966 733 atque
984 699 1084 730 anima,
1100 705 1154 725 non
1172 698 1303 726 habentes
1318 699 1464 731 maculam,
1491 703 1537 726 aut
1565 707 1671 735 rugam,

886 750 932 771 aut
947 744 1047 779 aliquid
1063 743 1235 779 hujusmodi;
1248 745 1295 772 sed
1310 749 1339 772 ut
1363 745 1417 773 sint
1438 745 1547 781 integri,
1567 747 1673 774 nullus-

886 798 939 826 que
953 790 1024 818 inter
1037 797 1084 817 eos
1103 795 1138 818 su
1153 791 1267 818 mutilus
1277 810 1285 824 ,
1300 791 1342 818 vel
1365 791 1552 826 imperfectus.
1574 791 1673 820 Defen-

888 845 943 869 sor,
958 840 1065 871 potens,
1081 843 1259 871 personarum
1276 844 1330 864 non
1345 842 1487 872 acceptor;
1502 838 1541 865 sis
1557 838 1674 867 auxilia-

888 886 932 910 tor
946 882 1040 918 populi
1055 883 1095 911 tui
1111 883 1204 918 hujus,
1217 891 1297 918 quem
1308 883 1447 910 redemisti
1463 884 1585 918 pretioso
1593 883 1674 911 Chri-

887 929 921 956 sti
934 929 973 955 tui
988 929 1121 964 sanguine
1135 939 1140 956 :
1169 933 1312 964 patronus,
1334 929 1460 963 adjutor,
1476 928 1672 965 propugnator,

886 978 992 1007 custos,
1008 982 1104 1002 murus
1119 975 1286 1007 tutissimus,
1309 975 1421 1006 vallum,
1451 974 1557 1002 firmqu
1579 975 1674 1009 prtcsi-

885 1020 971 1053 dium,
985 1021 1112 1056 quoniam
1123 1029 1156 1048 ex
1170 1028 1251 1048 manu
1267 1024 1312 1047 tua
1327 1026 1408 1048 nemo
1422 1025 1510 1055 potest
1524 1028 1619 1056 rapere
1630 1016 1670 1048 ’δε

887 1075 942 1095 non
955 1068 1028 1096 enim
1044 1072 1086 1096 est
1111 1068 1193 1101 alius,
1206 1067 1278 1095 Deus
1303 1067 1374 1095 sicut
1390 1072 1429 1100 tu,
1443 1067 1506 1102 quia
1527 1067 1555 1094 in
1580 1071 1607 1095 te
1630 1071 1673 1094 cst

886 1117 982 1142 nostra
992 1115 1171 1150 exspectatio.
1188 1122 1197 1139 ι
1214 1112 1359 1141 Sanctifica
1370 1122 1418 1141 eos
1431 1114 1459 1140 in
1479 1113 1591 1141 veritate
1607 1117 1672 1146 tua;

886 1161 1015 1196 quoniam
1031 1168 1122 1188 sermo
1146 1164 1212 1188 tuus
1237 1160 1338 1187 veritas
1367 1163 1409 1186 est
1423 1159 1473 1186 ⁸ο.»
1499 1158 1550 1192 Qui
1578 1159 1673 1194 gratias

886 1218 969 1238 causa
991 1210 1059 1237 nihil
1083 1210 1151 1245 agis,
1172 1209 1218 1245 qui
1233 1209 1321 1244 decipi
1336 1216 1390 1236 non
1405 1212 1501 1242 potes;
1527 1207 1611 1234 libera
1623 1215 1673 1235 eos

886 1257 960 1284 omni
975 1257 1070 1284 morbo
1081 1260 1108 1283 et
1116 1256 1189 1283 omni
1203 1255 1373 1287 infirmitate,
1384 1254 1458 1281 omni
1470 1253 1581 1285 delicto,
1597 1253 1671 1280 omni

886 1303 986 1338 injuria
1015 1306 1043 1330 et
1073 1302 1180 1334 fraude,
1207 1309 1222 1329 a
1241 1302 1340 1328 timore
1365 1300 1468 1327 inimici
1490 1299 1524 1332 ⁸⁸,
1541 1306 1556 1326 a
1573 1299 1672 1334 sagitta

885 1350 995 1377 volante
1008 1357 1056 1385 per
1071 1349 1152 1381 diem,
1167 1357 1182 1376 a
1197 1348 1307 1384 negotio
1331 1348 1359 1375 in
1382 1347 1502 1374 tenebris
1526 1346 1672 1382 perambu-

886 1393 960 1421 lante
974 1393 1015 1426 ⁸²;
1031 1397 1059 1421 et
1073 1393 1186 1429 dignare
1204 1393 1266 1420 illos
1278 1398 1379 1420 αξιοι-ιω
1395 1393 1459 1424 vita,
1475 1400 1535 1427 qua;
1550 1391 1578 1419 in
1591 1391 1673 1419 Chri-

886 1444 929 1468 sto
942 1439 1012 1467 Filio
1027 1444 1074 1467 tuo
1099 1440 1251 1475 unigenito,
1266 1439 1322 1467 Deo
1347 1447 1378 1466 ac
1403 1438 1545 1466 Salvatorc
1560 1442 1672 1473 nostro;

886 1495 934 1522 per
945 1494 1025 1522 quem
1041 1487 1089 1514 tibi
1107 1487 1194 1522 gloria
1221 1490 1248 1514 et
1263 1486 1366 1517 cultus,
1385 1485 1413 1512 in
1441 1489 1536 1513 sancto
1556 1482 1671 1520 Spiritu,

887 1539 970 1564 nunc,
983 1536 1010 1560 et
1024 1540 1143 1567 semper,
1160 1537 1187 1560 et
1208 1540 1238 1559 tn
1253 1531 1353 1560 saecula
1378 1531 1550 1558 saeculorum.
1574 1530 1671 1558 Amen.

885 1578 984 1606 Postea
1011 1578 1144 1606 diaconus
1168 1577 1242 1605 dicat
1264 1586 1271 1604 :
1290 1577 1479 1604 Attendamus.
1512 1575 1546 1602 Et
1573 1575 1673 1603 salutet

884 1626 1031 1660 episcopus
1047 1625 1192 1652 ecclesiam
1205 1643 1213 1655 ,
1226 1631 1258 1651 ac
1273 1623 1364 1651 dicat:
1395 1623 1449 1650 Pax
1465 1622 1522 1654 Dei,
1535 1630 1596 1650 cum
1613 1630 1672 1649 om-

885 1673 967 1700 nibus
989 1671 1076 1699 vobis.
1098 1670 1131 1697 Et
1157 1670 1275 1705 populus
1291 1670 1474 1705 respondeat:
1491 1669 1524 1695 Et
1539 1676 1601 1696 cum
1615 1668 1673 1706 spi-

886 1717 939 1744 ritu
955 1721 1012 1744 tuo.
1030 1715 1168 1743 Diaconus
1184 1722 1250 1742 vero
1278 1715 1352 1742 dicat
1377 1714 1528 1742 omnibus:
1549 1712 1672 1740 Salutate

885 1770 935 1790 vos
949 1763 1065 1790 invicem
1080 1762 1107 1788 in
1122 1761 1218 1788 osculo
1230 1764 1327 1788 sancto
1340 1770 1346 1788 :
1362 1764 1389 1788 et
1403 1760 1495 1787 clerici
1512 1758 1672 1786 osculentur

885 1810 1054 1845 episcopum,
1070 1808 1132 1836 laici
1149 1807 1199 1835 viri
1215 1807 1311 1839 laicos,
1331 1806 1437 1833 feminae
1453 1806 1578 1833 feminas.
1589 1804 1671 1832 Pueri

886 1859 977 1882 autem
994 1859 1067 1882 stent
1085 1854 1119 1880 ad
1133 1858 1301 1888 suggestum.
1314 1853 1353 1879 Ac
1369 1852 1502 1879 diaconus
1514 1851 1584 1878 alius
1603 1850 1670 1885 ipsis

885 1901 988 1935 pressit,
1004 1907 1038 1927 ne
1050 1899 1204 1926 inordinate
1217 1905 1246 1925 se
1267 1902 1371 1932 gerant.
1384 1897 1418 1923 At
1433 1896 1479 1923 alii
1496 1896 1604 1923 diaconi
1623 1896 1670 1923 dc-

885 1945 1240 1981 ambulent,inspiciantque
1246 1944 1319 1971 viros
1331 1951 1364 1970 ac
1376 1943 1515 1974 mulieres,
1524 1950 1557 1970 ne
1571 1943 1670 1977 strepi-

886 1998 930 2021 tus
949 1993 1048 2028 aliquis
1063 1993 1178 2024 oriatur,
1204 1995 1232 2017 et
1253 1997 1288 2017 ne
1310 1989 1372 2024 quis
1399 1993 1496 2016 nutum
1519 1988 1612 2020 faciat,
1628 1989 1670 2016 vel

885 2041 1022 2070 susurret,
1038 2037 1080 2065 vel
1091 2036 1229 2064 dormitet.
1246 2035 1358 2062 Diaconi
1369 2042 1433 2062 vero
1444 2038 1516 2062 stent
1527 2034 1560 2061 ad
1571 2034 1671 2069 januas

885 2086 1017 2114 virorum.
1034 2087 1062 2112 et
1091 2082 1252 2111 subdiaconi
1268 2080 1302 2108 ad
1329 2081 1429 2116 januas
1451 2080 1615 2113 mulierum;
1641 2083 1671 2107 ut

885 2138 966 2158 nemo
992 2129 1158 2165 egrediatur,
1183 2134 1251 2155 neve
1277 2126 1414 2161 aperiatur
1437 2125 1521 2160 janua
1550 2131 1672 2160 tempore

886 2176 1044 2208 oblationis,
1060 2175 1124 2202 licet
1151 2173 1278 2201 adveniat
1302 2172 1438 2208 quispiam
1465 2171 1562 2199 fidelis.
1594 2169 1671 2199 Unus

41 2222 167 2250 διάκονοι
183 2222 221 2254 είς
237 2222 286 2254 τὰς
298 2221 352 2249 τῶν
367 2211 512 2257 γυναικῶν’
530 2211 610 2255 ὅπως.
620 2224 701 2260 μήτις
721 2224 833 2258 ἐξέλθοι,
849 2211 874 2241 D

887 2228 976 2251 autem
992 2221 1177 2249 subdiaconus
1193 2219 1238 2247 det
1251 2218 1440 2246 sacerdotibus
1455 2224 1564 2252 aquam,
1582 2216 1615 2243 ad
1633 2216 1671 2242 lu-

43 2268 118 2305 μήτε
141 2268 251 2304 ἀνοιχθῇ
266 2269 283 2303 ὴ
297 2268 377 2304 θύρα,
392 2268 444 2295 κᾶν
468 2269 562 2301 πιστός
577 2278 620 2301 τις
640 2268 669 2306 ᾖ,
696 2271 768 2297 κατὰ
787 2271 834 2299 τὸν

42 2313 143 2350 καιρὸν
168 2313 217 2350 τῆς
246 2314 394 2350 ἀναφορᾶς.
416 2312 463 2346 Εἷς
493 2314 521 2341 δὲ
550 2315 724 2348 ὕποδιάκονος
742 2317 834 2344 διδότω

888 2269 1006 2297 vandum
1017 2276 1115 2295 manus
1127 2275 1135 2300 ;
1153 2274 1214 2301 quae
1235 2273 1279 2293 res
1292 2265 1401 2300 signum
1412 2269 1455 2292 est
1469 2263 1597 2299 puritatis
1609 2262 1670 2290 ani-

888 2322 994 2343 marum
1011 2313 1065 2341 Deo
1083 2316 1314 2349 consecratarum.

42 2360 176 2396 ἀπόνιψιν
197 2361 295 2398 χειρῶν
314 2363 370 2394 τοῖς
395 2360 497 2397 ἱερεῦσι
516 2362 583 2398 (54),
604 2362 736 2398 σύμϐολον
752 2362 934 2400 καθαρότητος
950 2360 1043 2397 ψυχῶν
1057 2359 1116 2395 Θεῷ
1131 2358 1326 2394 ἀνακειμένων.

84 2443 109 2459 ⁷⁸
129 2443 209 2471 Joau.
225 2451 254 2476 ι,
267 2443 313 2470 29.
364 2443 386 2459 ⁸⁸
407 2442 488 2471 Joan.
505 2452 572 2476 xvu,
589 2444 632 2471 f7.

670 2445 692 2460 πί
711 2445 784 2473 Psal.
800 2454 878 2475 um.
893 2445 922 2473 2,
959 2444 980 2459 ⁸¹
999 2443 1072 2470 Psal.
1091 2449 1134 2472 xc,
1150 2441 1176 2468 5.

702 2525 883 2555 VARIORUM
903 2524 1021 2553 NOTAE.

83 2594 141 2631 (30)
166 2594 376 2631 Ἐξηγᾴρασιις.
392 2592 472 2622 Vind.
497 2594 626 2622 codices:
658 2594 706 2621 ’ον
719 2594 832 2628 ἐξελέξω

43 2633 79 2658 ὲκ
88 2629 243 2665 μυριάδων.
260 2629 343 2657 CLI-1R.

118 2639 243 2665 υριαοων.
260 2639 343 2657 υιεκ.

82 2639 141 2706 (ξι)
161 2664 304 2706 Φραγμός,
321 2664 479 2706 defigam.
495 2663 568 2693 Ideni
584 2674 591 2692 :
608 2664 734 2700 φραγμδς
745 2666 833 2701 ἀσφα-

41 2699 136 2732 λείας,
142 2700 228 2735 paries
243 2700 401 2735 securitatis.
416 2699 451 2727 Ib.

83 2732 148 2772 (52f
168 2734 422 2772 'Aqnaféoﬂago'atf_
439 2735 466 2761 οἱ
490 2734 551 2772 τοῦ
564 2733 678 2772 κλήρου
693 2732 755 2772 τὸν
767 2733 832 2772 ἐπιί-

43 2768 175 2799 σκὸπὸν.
202 2770 314 2797 Canone
341 2769 496 2797 Laodiceno
521 2769 580 2798 19:
605 2769 655 2797 εἷθ’
676 2768 830 2804 οὓτως-τὴν

41 2806 160 2867 είρήέην
173 2805 300 2835 δίδοσθαι,
317 2806 363 2831 καὶ
381 2805 448 2840 μετὰ
473 2805 503 2833 τὸ
523 2804 723 2865 πρεσδυτέρους
738 2803 829 2847 δοῦναι

43 2850 86 2867 τω
119 2840 245 2867 πισκόπω
274 2840 322 2867 τὴν
350 2841 471 2867 εἰρήνην.
495 2840 555 2866 τότε
571 2848 633 2867 τους
674 2848 767 2867 αικους
780 2847 829 2867 την

43 2840 86 2876 τῷ
102 2840 245 2875 ἔπιε-κόπῳ
274 2840 322 2875 τὴν
350 2841 471 2902 εἰρήνην,
495 2840 555 2866 τότε
571 2840 633 2871 τοὴς
659 2840 767 2879 λαῖκοίξς
780 2840 830 2874 τὴν

44 2876 161 2911 εἰρήνην
176 2874 285 2915 διδόναι,
312 2883 366 2915 quo
408 2880 575 2915 postremum
606 2874 829 2915 zonarasnutter-

45 2909 174 2948 pretatur
187 2910 225 2937 De
239 2910 398 2937 salutatione
410 2909 584 2937 sacerdotum
600 2919 616 2936 a
633 2911 718 2944 luteis,
731 2909 828 2945 Diony-

885 2595 945 2623 sius
975 2593 1096 2629 Exiguus
1128 2591 1167 2620 De
1187 2592 1504 2629 salutationﬁerlafcarnnt
1532 2592 1599 2619 inter
1623 2598 1668 2623 se;

886 2628 1036 2665 utrumque
1065 2632 1155 2656 autem
1193 2628 1295 2655 factum
1329 2628 1413 2655 fuisse
1448 2628 1515 2655 satis
1549 2631 1667 2655 constat.

884 2665 952 2693 Cor.

931 2700 976 2732 55)
998 2700 1056 2732 Τίς.
1071 2699 1151 2726 Deest
1166 2699 1194 2725 in
1209 2698 1271 2726 cod.
1286 2697 1366 2726 Vind.
1381 2697 1466 2727 Cum.

931 2701 966 2727 55
998 2701 1056 2732 Τίς.
1071 2701 1151 2726 Deest
1166 2701 1194 2725 in
1209 2701 1271 2726 cod.
1287 2701 1366 2726 Vind.
1381 2701 1466 2727 Cum.

919 2701 976 2771 254;
992 2735 1045 2767 Εἷς
1056 2733 1090 2760 δὲ
1103 2733 1379 2771 ὐποριάφιονος-ιοιο.
1394 2732 1477 2771 Rem,
1488 2730 1668 2771 idemque_r_ei

884 2767 1038 2805 symbolum
1056 2770 1141 2796 tradit
1154 2768 1274 2805 Cyrillus
1300 2767 1576 2805 Hierosolymitanus;
1589 2767 1669 2794 initio

883 2802 986 2832 ultimae
1011 2802 1193 2839 Catecheseos
1221 2802 1432 2839 Mystagogicaei
1451 2802 1668 2839 sedministrum

883 2840 948 2866 facit
962 2841 1118 2867 diaconum.
1134 2838 1167 2865 Ut
1192 2837 1294 2870 autem,
1314 2839 1351 2865 ait
1365 2842 1463 2864 auctor
1486 2837 1668 2870 Quaestionum

887 2875 985 2902 Veteris
997 2879 1022 2902 et
1036 2874 1103 2901 Navi
1119 2874 1286 2905 Textamenti,
1300 2878 1366 2900 tom.
1383 2872 1413 2898 IV
1436 2871 1554 2907 Operum
1570 2872 1598 2899 S.
1618 2872 1668 2898 Aw

884 2911 995 2944 gustini,
1008 2909 1156 2944 qua’stione
1172 2909 1235 2941 101,
1253 2917 1303 2935 non
1319 2909 1408 2935 omnia
1430 2906 1577 2935 ntim’storia
1593 2906 1668 2934 obu-

1701 2949 1739 2972 ί.
