1900 3108
41 109 108 136 1097

472 111 769 140 CONSTITUTIONES
790 110 1028 144 .‘POSTOUCE.
1046 130 1081 136 ——
1097 115 1160 144 LIB.
1180 117 1246 146 Vill.

1601 121 1612 148 1
1619 121 1670 152 098

39 166 101 192 ποτὲ
115 165 147 192 δὲ
163 165 332 202 ατρωννύων
351 167 437 205 αὐτὴν
451 170 491 201 εἰς
507 169 563 206 (51)
578 170 677 202 πεδίον,
705 171 753 197 καὶ
772 169 830 196 ποτὶ

873 195 874 198 η
889 177 949 198 sum
964 171 1129 202 facientibus
1143 175 1179 204 sit
1191 175 1226 203 ad
1240 175 1440 211 navigationem
1453 176 1552 209 facilis,
1578 178 1604 204 in
1630 178 1668 205 le-

40 213 89 248 μὲν
106 214 256 249 ἐκμαίνων
269 214 393 250 χειμῶνι,
411 215 476 242 ποτὲ
487 216 516 242 δὲ
529 217 657 252 πραΰνων
673 217 786 254 γαλήνῃ.
799 219 830 249 ὼς

886 217 998 246 nitatem
1012 221 1169 249 serenitatis
1183 221 1262 250 ducis
1276 232 1283 250 :
1298 223 1344 258 qui
1363 224 1493 251 mundum
1518 228 1638 251 creatum
1654 231 1669 252 a

38 259 222 295 ναυσιπόροις
242 261 398 297 πλωτῆρσιν
417 261 527 289 εὔκολον
543 259 612 288 εἶναι
629 262 697 298 πρὸς
714 263 836 299 πορείαν*

887 267 913 291 te
924 271 972 299 per
985 263 1136 298 Christum,
1153 266 1243 294 ﬂuviis
1261 267 1384 300 cinxisti,
1410 269 1580 297 torrentibus
1605 276 1669 303 pro-

36 304 51 330 ό
69 307 211 340 ποταμοῖς
233 305 366 338 διαζώσας
384 307 430 333 τὸν
454 307 508 334 άπδ
528 307 574 334 σοῦ
592 307 637 334 διὰ
655 308 772 344 Χριστοῦ
791 317 830 343 ye-

886 309 972 342 luisti,
987 312 1154 346 perennibus
1169 312 1290 341 fontibus
1305 313 1460 349 perfudisti,
1474 318 1511 346 et,
1534 313 1567 340 ad
1590 317 1670 340 terra:

36 351 149 386 νόμενον
177 352 305 387 κόσμον,
333 353 380 379 καὶ
407 354 568 390 χειμάρροις
592 354 760 386 ἐπικλύσας.
789 355 830 382 κα]

884 355 1076 385 inconcussam
1089 365 1121 384 ac
1136 358 1320 386 ﬁrmissimam
1336 359 1437 392 sedem,
1454 359 1592 386 montibus
1601 365 1668 385 con—

36 397 140 430 πηγαῖς
155 396 287 428 ἀεννάοις
304 397 432 433 μεθύσας,
445 398 521 434 ὄρεσι
543 399 572 425 δὲ
599 399 780 435 περισφίγξας
793 402 834 432 είς

36 443 116 477 ἕδραν
132 444 249 480 ἀτρεμῆ
277 444 329 480 γῆς
343 446 560 481 ἀσφαλεστάτην.
582 446 757 483 Ἐπλήρωσας
779 449 833 485 γάρ

37 498 81 516 σου
98 491 147 517 τὸν
164 492 285 527 κόσμον,
303 493 350 519 καὶ
362 493 546 531 διεκόσμησας
559 495 640 522 αὐτὸν
655 496 780 531 βοτάναις
790 497 833 523 εὑ.

37 538 129 572 όσμοις
145 540 197 565 καὶ
213 540 343 575 ῖασίμοις·
373 541 452 574 ζώοις
475 543 581 576 πολλοῖς
609 545 656 571 καὶ
683 544 831 580 διαφόροις,

36 584 164 620 ἀλκίμοις
180 584 234 613 καὶ
242 587 457 624 ἀσθενεστέροις,
482 590 624 626 ὲδωδίμοις
637 591 685 617 καί
699 591 830 627 ἐνεργοῖς,

35 632 149 666 ἡμέροις
164 632 217 660 καὶ
231 634 397 666 άτιθάσσοις·
413 637 535 672 ἑρπετῶν
553 639 705 673 συριγμοῖς,
721 639 832 674 πτηνῶν

35 679 165 706 ποικίλων
182 680 330 715 κλαγγαῐςσ
359 682 489 709 ἐνιαυτῶν
518 683 637 715 κύκλοις,
670 684 761 720 μιηνῶν
784 685 831 712 καὶ

35 725 146 761 ἡμερῶν
161 727 305 762 ἀριθμοῖς,
320 728 429 764 τροπῶν
450 729 554 762 τάξεσι*
583 729 672 765 νεφῶν
699 731 831 767 ὀμϐροτό-

35 781 87 799 κων
100 773 280 810 διαδρομαῖς,
295 776 335 807 είς
349 776 462 811 καρπῶν
489 776 580 810 γονὰς,
610 776 657 804 καὶ
679 776 755 809 ζώων
782 777 830 804 σύ-

884 402 1190 438 strinxisti.lmplevisti
1211 405 1342 432 mundutn
1370 409 1445 432 tuum
1471 412 1503 432 ac
1529 403 1668 432 cmrnasti

884 445 978 476 herbis
989 447 1113 476 odoratis
1127 453 1154 476 et
1170 449 1341 483 salubribus;
1354 450 1446 478 audtis
1459 450 1596 485 variisque
1608 450 1668 476 ani-

883 492 1033 526 mantibus,
1050 494 1173 523 robustis
1191 503 1223 522 ac
1245 495 1454 528 inﬁrmioribus,
1471 496 1620 524 esculentis
1636 503 1669 522 ac

882 540 1027 575 operariis,
1039 541 1177 570 cicuribus
1194 550 1226 570 ac
1238 542 1318 576 feris;
1333 547 1359 570 et
1380 546 1539 578 serpentum
1567 543 1666 574 sibilis,

883 591 964 622 atque
976 587 1144 617 diversarum
1157 590 1298 617 volucrum
1322 590 1513 624 clangoribus;
1533 597 1667 616 annorum

882 633 1004 665 circulis.
1026 635 1162 663 mensium
1180 642 1213 662 ac
1232 635 1338 662 dierum
1360 635 1493 667 numeris,
1519 638 1666 669 tempesta—

881 682 938 707 tum
967 680 1055 714 serie;
1078 680 1192 708 nubium
1233 681 1334 709 imbres
1362 681 1564 716 procreantium
1580 680 1668 707 cursi-

882 725 944 760 bus,
963 726 997 754 ad
1012 725 1151 755 fructuum
1171 726 1244 754 fetus
1257 747 1264 759 ,
1287 727 1321 754 ad
1342 727 1501 755 animalium
1518 734 1666 754 conserva-

881 772 994 804 tionem,
1007 772 1198 801 libramentum
1216 777 1359 800 ventorum
1374 773 1495 800 nantium
1517 780 1578 799 Clllll
1601 779 1615 798 a
1640 775 1667 798 te

37 828 128 847 στάσιν
142 840 150 852 ,
181 821 306 856 σταθμὸν
333 822 442 857 ἀνέμων
468 821 649 849 διαπνεόντων
674 824 719 850 ὅτε
743 832 829 860 προσ-

878 817 1010 852 iubentur
1028 819 1062 851 °',
1076 819 1279 848 multitudinem
1302 819 1427 854 stirpium
1452 827 1483 847 ac
1507 819 1664 846 herbarum.

34 867 153 901 ταχθῶσι
170 868 253 904 παρὰ
270 868 326 899 σοῦ,
342 868 396 895 τῶν
411 869 502 904 φυτῶν
517 869 564 896 καὶ
581 869 636 896 τῶν
651 869 771 905 βοτανῶν
797 870 829 897 τὸ

37 913 144 948 πλῆθος.
174 915 236 941 Καὶ
251 915 281 941 οὐ
301 915 380 950 μόνον
407 915 454 942 τὸν
473 916 574 951 κόσμον
598 916 826 952 ἐδημιούργησας·

36 959 98 985 ἀλλὰ
112 960 164 986 καὶ
188 959 239 987 τὸν
266 961 465 996 κοσμοπολίτην
490 961 632 997 ἄνθρωπον
658 963 687 989 ἐν
712 962 787 997 αὐτῷ
801 963 829 989 ὲ-

37 1005 160 1041 ποίησας,
177 1007 285 1042 κόσμου
300 1007 401 1042 κόσμον
416 1007 496 1034 αὑτὸν
512 1007 567 1043 (52)
577 1008 728 1042 ἀναδείξας.
738 1005 828 1041 Εἴπας

36 1051 86 1086 γὰρ
99 1053 133 1087 τῇ
149 1053 185 1087 σῇ
201 1053 299 1088 Σοφίᾳκ
315 1063 324 1078 ι
343 1054 504 1089 Ποιήσωμεν
519 1054 662 1090 ἄνθρωπον
681 1056 740 1082 κατ’
756 1054 828 1082 εικό-

37 1106 68 1123 να
89 1098 246 1133 ἡμετέραν,
266 1099 313 1126 καὶ
340 1099 400 1126 καθ’
428 1099 566 1136 ὁμοίωσιν·
595 1100 642 1127 καὶ
669 1101 827 1136 άρχέτωσαν

36 1143 86 1170 τῶν
102 1144 206 1179 ἰχθύων
224 1146 273 1181 τῆς
299 1145 446 1181 θαλάσσης,
471 1147 518 1173 καὶ
541 1146 595 1173 τῶν
623 1146 753 1173 πετεινῶν
779 1146 826 1174 τοῦ

37 1189 159 1225 οὐρανοῦ.
176 1201 186 1216 ι
205 1191 253 1217 Διὸ
267 1192 312 1218 καὶ
327 1192 481 1228 πεποίηκας
494 1193 576 1219 αὑτὸν
590 1193 622 1219 ἐκ
644 1193 733 1228 ψυχῆς
760 1192 827 1219 ἀθα-

37 1236 113 1263 νάτου
142 1239 192 1264 καὶ
217 1237 341 1274 σώματος
370 1238 526 1266 σκεδαστοῖν
543 1239 592 1274 τῆς
616 1239 665 1274 μὲν
679 1239 710 1266 ἐκ
724 1238 771 1266 τοῦ
788 1239 825 1275 μὴ

38 1282 118 1315 δντος,
135 1283 184 1310 τοῦ
199 1284 230 1310 δέ
244 1285 277 1310 ἐκ
290 1284 344 1311 τῶν
370 1285 510 1320 τεσσάρων
538 1285 686 1320 στοιχείων·
709 1285 757 1312 καὶ
783 1285 826 1312 δέ-

38 1328 123 1360 ὂωκας
149 1329 247 1363 αὐτῷ,
277 1330 345 1356 κατὰ
374 1330 424 1366 μὲν
447 1331 498 1366 τὴν
525 1331 633 1366 ψυχὴν,
670 1331 719 1367 τὴν
750 1331 824 1366 λογι-

38 1374 85 1409 κὴν
99 1375 268 1410 διάγνωσιν,
291 1376 431 1408 εὐσεϐείας
452 1377 500 1403 καὶ
526 1377 652 1409 άσεὸείας
677 1378 822 1413 διάκρισιν,

39 1419 137 1448 δικαίου
152 1423 202 1449 καὶ
216 1423 308 1450 ἀδίκου
335 1424 539 1459 παρατήρησιν·
562 1424 632 1450 κατὰ
645 1424 673 1450 δὲ
690 1424 721 1450 τδ
744 1424 824 1459 σῶμα

39 1467 84 1502 τὴν
110 1468 261 1496 πένταθλον
289 1468 408 1504 ἐχαρίσω
429 1469 564 1504 αἴσθησιν,
590 1469 636 1496 καὶ
663 1469 713 1506 τὴν
741 1478 823 1505 μετα-

879 863 972 899 Neque
987 864 1076 891 solum
1091 864 1239 892 condidisti
1253 864 1396 897 mundum,
1411 864 1458 893 sed
1483 870 1510 891 et
1539 864 1567 890 in
1596 863 1666 898 ipso,

879 910 973 937 mundi
992 910 1080 938 civem
1107 910 1246 938 hominem
1273 910 1398 943 elIecisti,
1426 918 1458 938 ac
1484 917 1546 937 eum
1571 909 1667 936 mundi

878 956 1021 989 mundum,
1049 964 1097 984 seu
1120 960 1235 984 ornatus
1256 960 1383 984 ornatum
1417 955 1596 984 constituisti.
1620 955 1667 981 Di-

877 1001 940 1029 xisti
957 1001 1029 1029 enim
1042 1001 1188 1037 Sapientiae
1203 1006 1256 1029 tua:
1276 1012 1306 1029 ιι
1323 1001 1467 1030 Faciamus
1483 1002 1620 1029 hominem
1633 1000 1667 1026 ad

877 1044 1022 1081 imaginem
1034 1051 1167 1079 nostram,
1185 1051 1213 1074 et
1233 1047 1268 1074 ad
1285 1047 1492 1074 similitudinem
1510 1055 1516 1073 :
1537 1050 1564 1073 et
1580 1045 1667 1073 domi-

877 1097 977 1120 nentur
985 1093 1107 1127 piscibus
1115 1093 1211 1126 maris,
1221 1098 1248 1120 et
1256 1093 1412 1121 volatilibus
1419 1093 1483 1120 caeli
1492 1092 1527 1119 ".
1542 1102 1551 1118 ι
1562 1093 1585 1108 θ’
1592 1091 1667 1119 Ideo-

879 1146 932 1173 que
944 1138 1031 1166 fecisti
1048 1147 1110 1167 eum
1125 1147 1158 1167 ex
1176 1140 1267 1167 anima
1281 1140 1428 1167 immortali
1444 1143 1471 1167 et
1487 1147 1601 1174 corpore
1612 1139 1666 1166 dis-

876 1185 995 1220 sipabili;
1012 1185 1058 1212 illa
1073 1186 1182 1221 quidem
1203 1194 1236 1214 ex
1253 1186 1339 1214 nihilo
1353 1185 1461 1218 eﬂeeta,
1476 1185 1528 1212 hoc
1548 1193 1614 1213 vero
1627 1193 1663 1213 ex

875 1235 993 1266 quatuor
1006 1231 1160 1264 elementis,
1177 1235 1204 1260 et
1217 1231 1317 1260 dedisti
1332 1232 1368 1265 ei,
1384 1232 1411 1259 in
1435 1232 1526 1258 anima
1554 1231 1665 1267 quidem

875 1278 1036 1305 rationalem
1065 1277 1300 1312 dijudicationem,
1325 1278 1436 1313 pietatis
1458 1286 1489 1305 ac
1514 1277 1664 1312 impietatis

874 1323 1079 1355 discretionem,
1093 1323 1160 1358 justi
1172 1331 1205 1351 ac
1220 1323 1315 1358 injusti
1332 1324 1611 1357 animadversionem;
1634 1323 1663 1351 in

873 1377 989 1405 corpore
1002 1373 1094 1397 autem
1107 1370 1215 1397 donasti
1238 1370 1443 1405 quinquenium
1461 1378 1592 1398 sensuum
1622 1375 1665 1397 at-

873 1423 926 1450 que
943 1420 1046 1443 motum
1065 1417 1279 1452 progressivum.
1300 1416 1340 1444 Tu
1362 1424 1490 1452 namque,
1513 1415 1585 1444 Deus
1605 1424 1665 1444 om-

873 1461 1019 1496 nipotens,
1046 1469 1095 1497 per
1119 1462 1279 1495 Christum,
1299 1463 1327 1490 in
1359 1463 1450 1490 Edene
1471 1462 1504 1490 ad
1529 1464 1663 1490 orientem

41 1513 149 1550 σατικὴν
180 1515 298 1550 κίνησιν.
324 1514 361 1543 Σὺ
384 1515 453 1551 γάρ,
477 1515 528 1542 Θεὲ
552 1516 755 1552 παντόκρατορ,
779 1515 823 1542 διὰ

873 1507 1001 1543 plantasti
1020 1508 1176 1544 paradisum
1188 1509 1222 1542 ",
1238 1511 1312 1537 omni
1337 1517 1436 1545 genere
1458 1509 1662 1538 esculentarum

41 1559 152 1595 Χριστοῦ
169 1561 333 1597 παράδεισον
347 1561 376 1588 ἐν
394 1562 471 1597 Ἑδὲμ
486 1562 556 1589 κατὰ
570 1562 699 1594 ἀνατολὰς
714 1562 822 1597 ἐφύτευ-

42 1613 96 1637 σας,
117 1607 253 1634 παντοίων
274 1607 410 1643 ἐδωδίμων
434 1608 539 1643 κόσμῳ,
561 1609 608 1635 καὶ
634 1609 664 1635 ἐν
687 1608 761 1645 αὗτῷ
783 1608 822 1641 ὥς

41 1651 70 1679 ἂν
92 1653 119 1680 ἐν
143 1654 223 1690 ἑστίᾳ
250 1654 389 1681 πολυτελεῖ
416 1655 561 1690 εἰσήγαγες
584 1655 673 1682 αὐτόν·
701 1656 754 1684 κάν
781 1654 822 1691 τῷ

42 1700 120 1725 ποιεῖν
133 1700 217 1736 νόμον
235 1700 353 1732 δέδωκας
373 1700 447 1736 αὐτῷ
470 1700 600 1736 ἔμφυτον,
618 1701 693 1732 ὅπως
716 1700 820 1727 οῖκοθεν

40 1744 81 1770 καὶ
95 1747 157 1781 παρ’
173 1746 269 1773 ἐαυτοῦ
287 1746 343 1782 ἔχοι
357 1746 391 1774 τὰ
413 1746 557 1783 σπέρματα
580 1747 629 1782 τῆς
646 1746 818 1781 θεογνωσίας.

41 1789 193 1826 Εἰσαγαγὼν
208 1792 236 1819 δὲ
251 1793 290 1824 είς
307 1793 353 1819 τὸν
367 1793 417 1828 τῆς
435 1793 539 1829 τρυφῆς
558 1793 733 1828 παράδεισον,
749 1793 819 1820 πάν-

39 1842 87 1862 των
106 1838 153 1872 μὲν
175 1839 280 1874 ἀνῆκας
298 1839 372 1874 αὑτῷ
393 1839 443 1875 τὴν
462 1839 584 1871 ἐξουσίαν
605 1839 674 1875 πρὸς
699 1839 818 1876 μετάλη-

40 1879 90 1913 ψιν,
105 1883 163 1915 ἐνὸς
181 1885 210 1912 δὲ
230 1885 310 1920 μόνου
329 1885 378 1921 τὴν
403 1884 497 1919 γεῦσιν
517 1885 636 1916 ἀπεῖπας
661 1885 704 1912 ἐπ’
731 1885 818 1912 ἐλπίδι

40 1929 211 1962 κρειττόνων,
234 1931 288 1963 ἵνα,
301 1931 348 1958 ὲὰν
374 1931 478 1967 φυλάξῃ
501 1931 550 1967 τὴν
572 1931 696 1966 ἐντολὴν,
720 1931 818 1966 μισθὸν

40 1973 132 2009 ταύτης
155 1977 206 2013 τὴν
225 1976 373 2004 ἀθανασίαν
397 1977 552 2013 κομίσηται.
580 1977 765 2014 Ἀμελήσαντα
789 1977 817 2004 δὲ

40 2017 83 2053 τῆς
99 2020 216 2058 ἐντολῆς,
229 2023 275 2049 καὶ
290 2023 455 2059 γευσάμενον
469 2024 692 2060 ἀπηγορευμένον
708 2023 816 2060 καρποῦ

40 2064 122 2102 ἀπάτη
144 2068 232 2103 ὅψεως
247 2070 293 2096 καὶ
309 2070 457 2106 συμϐουλίᾳ
479 2071 617 2105 γυναικὸς,
633 2070 680 2098 τοῦ
699 2071 749 2106 μὲν
764 2080 816 2098 πα-

41 2111 151 2144 ραδείσου
163 2115 275 2148 δικαίως
288 2115 390 2148 ἐεωσας
405 2116 496 2149 αὑτὸν,
515 2116 662 2153 ἀγαθὸτητι
680 2117 709 2143 δέ
731 2118 772 2149 είς
784 2117 816 2144 τὸ

39 2159 156 2208 παντελὲς
168 2162 352 2198 ἀπολλύμενον
365 2162 414 2198 οὐχ
429 2163 577 2199 ὑπερεῖδες·
595 2163 640 2190 σὺν
653 2163 707 2200 γὰρ
720 2162 754 2200 ἦν
767 2163 813 2200 δη-
828 2179 851 2208 D

41 2203 195 2242 μιοὺργημα·
218 2208 284 2235 ἀλλὰ
303 2208 491 2242 καθυποτάξας
503 2209 576 2244 αὐτῷ
593 2209 643 2246 τὴν
657 2209 755 2241 κτίσιν,
771 2210 813 2237 δέ-

38 2246 116 2283 δωκας
129 2254 201 2290 αὐτῷ
215 2255 324 2287 οἰκείοις
341 2255 434 2292 [δρῶσι
449 2256 496 2283 καὶ
509 2256 600 2288 πόνοις
613 2255 733 2292 πορίζειν
749 2257 812 2284 ἐαυ-

37 2294 72 2329 τῷ
91 2297 137 2334 τὴν
158 2301 270 2337 τροφὴν,
290 2301 337 2328 σοῦ
360 2302 448 2329 πάντα
476 2302 588 2336 φύοντος
614 2303 660 2329 καὶ
685 2302 812 2335 αὔξοντος

38 2340 79 2366 καὶ
97 2347 278 2380 πεπαίνοντος’
294 2348 382 2384 χρόνῳ
401 2348 429 2375 δέ
449 2348 518 2384 πρὸς
536 2349 625 2383 ὀλίγον
648 2349 729 2376 αὐτὸν
754 2357 812 2376 κοι-

41 2386 119 2421 μίσας,
134 2391 206 2428 ὅρκῳ
229 2395 270 2425 εις
287 2394 495 2429 παλιγγενεσίαν
516 2395 657 2427 ἐκάλεσας·
678 2395 740 2430 ὅρον
760 2395 808 2422 θα-

38 2431 106 2461 νάτου
125 2435 216 2471 λύσας,
236 2439 309 2476 ζωὴν
321 2439 352 2473 ἐξ
373 2441 546 2473 ἀναστάσεως
571 2441 738 2477 ἐπηγγείλω·
764 2442 810 2469 καί

40 2477 64 2523 ξύ
76 2481 148 2510 τοῦτο
163 2485 252 2520 μόνον,
267 2486 333 2514 ἀλλά
349 2488 396 2514 καὶ
412 2488 476 2519 τοὺς
494 2487 524 2519 ἐξ
541 2487 623 2513 αὑτοῦ
645 2488 686 2518 εις
709 2487 810 2523 πλῆθος

38 2521 172 2565 ὰνάριθμον
195 2532 252 2568 (55)
273 2533 353 2568 χέας,
374 2533 437 2565 τοὺς
454 2533 636 2568 ὲμμείναντάς
660 2541 700 2559 σοι
719 2521 810 2565 ἐδόξα-

39 2625 56 2641 π
68 2593 149 2641 :11,“
171 2609 266 2635 "Vl":
292 2601 338 2629 35-
388 2602 412 2618 ’³
430 2601 497 2630 Gen.
510 2610 528 2634 ι,
543 2601 589 2629 26.

74 2628 148 2662 Hebr.
167 2628 201 2664 vn

652 2601 676 2618 "
695 2602 898 2639 pseudngnat.
914 2623 922 2637 ,
948 2604 983 2631 ad
1015 2603 1116 2631 Heron.
1130 2604 1157 2631 4.

873 1554 1029 1590 plantarum
1051 1560 1194 1589 ornatum,
1214 1560 1241 1584 et
1257 1557 1284 1584 in
1299 1564 1361 1585 eum
1376 1561 1506 1591 tanquam
1524 1557 1551 1584 in
1567 1556 1663 1591 opipa-

872 1608 932 1629 ram
953 1602 1063 1629 domum
1081 1602 1212 1630 induxisti
1231 1603 1382 1641 hominem;
1404 1611 1499 1639 quem,
1516 1611 1577 1630 cum
1603 1603 1662 1630 elli-

872 1655 960 1680 eeres,
983 1649 1042 1684 lege
1069 1650 1189 1676 naturali
1205 1657 1237 1677 ac
1259 1649 1341 1676 insita
1366 1650 1486 1682 donasti,
1508 1657 1563 1684 quo
1586 1649 1661 1677 intus

871 1702 903 1723 ac
916 1703 948 1723 ex
965 1703 995 1724 se
1017 1696 1129 1724 haberet
1144 1696 1309 1732 cognitionis
1325 1696 1373 1724 Dei
1395 1697 1510 1724 semina.
1527 1696 1659 1724 Introdu-

870 1749 935 1770 cens
952 1746 1041 1770 autem
1056 1751 1118 1770 eum
1134 1743 1161 1770 in
1177 1743 1334 1779 paradisum
1348 1744 1520 1776 deliciarum.
1538 1748 1660 1779 potesta-

869 1795 924 1818 tem
938 1791 1047 1826 quidem
1063 1791 1184 1818 omnium
1198 1790 1232 1818 ad
1250 1790 1470 1826 participandum
1483 1788 1656 1825 concessisti,

870 1837 952 1865 unius
969 1845 1033 1864 vero
1049 1837 1135 1865 solius
1153 1840 1291 1872 gustatum
1307 1836 1337 1864 in
1353 1844 1428 1872 spem
1453 1837 1596 1864 meliorum
1613 1845 1657 1864 re-

868 1891 929 1911 rum
943 1883 1119 1915 iuterdixisti,
1136 1887 1165 1910 ut
1181 1883 1203 1910 si
1221 1882 1380 1910 mandatum
1402 1882 1564 1914 custodiret,
1581 1883 1655 1911 illius

868 1930 968 1958 servati
986 1930 1137 1957 mercedem
1156 1929 1239 1958 ferret
1258 1929 1501 1957 immortalitatem.
1517 1928 1587 1956 Cum
1607 1936 1658 1956 au-

867 1980 921 2004 tem
939 1977 1097 2004 mandatum
1112 1977 1241 2011 neglexit,
1264 1980 1292 2004 et
1311 1975 1409 2004 fraude
1424 1976 1570 2010 serpentis,
1594 1984 1654 2003 mu-

867 2023 996 2058 lierisque
1012 2023 1138 2055 consilio,
1153 2023 1274 2058 gustavit
1289 2022 1456 2058 prohibitum
1471 2021 1604 2055 iructum;
1621 2029 1655 2049 ex

867 2070 994 2105 paradiso
1007 2069 1118 2105 quidem
1140 2070 1215 2104 juste
1240 2069 1317 2096 illum
1332 2068 1462 2104 expulisti
1475 2068 1509 2101 ⁸⁸,
1532 2069 1655 2096 bonitate

865 2124 930 2144 vero
944 2119 1001 2146 tua,
1018 2115 1144 2144 funditus
1159 2119 1318 2150 pereuntem
1333 2123 1389 2142 non
1411 2114 1559 2149 despexisti
1573 2124 1579 2142 :
1595 2118 1654 2142 erat

865 2163 937 2190 enim
950 2161 1090 2197 opificium
1104 2166 1198 2198 tuum;
1211 2161 1259 2189 sed
1274 2162 1320 2196 qui
1335 2160 1360 2188 ei
1375 2160 1532 2196 subjeceras
1544 2165 1654 2188 creato-

864 2215 939 2240 ram,
960 2207 1059 2235 dedisti
1084 2212 1113 2235 ut
1137 2207 1195 2235 suis
1222 2207 1370 2235 sudoribus
1387 2214 1419 2234 ac
1443 2207 1583 2234 laboribus
1598 2207 1652 2234 sibi

863 2257 972 2290 pararet
985 2254 1103 2287 victum,
1126 2258 1153 2282 te
1175 2254 1267 2282 omnia
1283 2253 1462 2290 producente,
1488 2256 1603 2288 augente
1619 2260 1652 2280 ac

863 2303 1036 2328 maturante:
1052 2305 1134 2336 atque
1154 2308 1216 2328 eum
1238 2300 1313 2328 brevi
1331 2307 1428 2327 somno
1444 2300 1582 2331 aﬂ'ectum,
1602 2308 1651 2335 per

859 2347 1052 2382 jusjurandum
1073 2346 1106 2374 ad
1128 2346 1362 2382 regenerationem
1387 2346 1511 2380 vocasti;
1539 2346 1651 2373 decreto

862 2393 960 2421 mortis
974 2393 1076 2425 soluto,
1090 2392 1172 2420 vitam
1185 2401 1218 2420 ex
1235 2393 1437 2420 resurrectione
1452 2392 1602 2428 promisisti
1613 2393 1647 2420 ’⁷.

862 2439 956 2475 Neque
969 2440 1020 2468 hoc
1034 2440 1138 2473 solum;
1156 2447 1252 2467 verum
1267 2440 1349 2467 etiam
1364 2447 1397 2467 ex
1416 2440 1533 2475 posteris
1548 2439 1620 2474 ejus,
1632 2447 1648 2466 a

860 2490 887 2514 te
901 2487 928 2514 in
945 2486 1147 2514 multitudinem
1161 2486 1389 2514 innumerabilem
1413 2486 1517 2518 effusis,
1531 2494 1580 2514 eos
1599 2486 1647 2521 qui

860 2533 911 2561 tibi
925 2533 1109 2566 adlueserunt,
1125 2533 1295 2569 gloriﬁcasti,
1311 2541 1360 2561 eos
1374 2541 1439 2561 vero
1453 2534 1499 2568 qui
1522 2541 1536 2560 a
1556 2537 1583 2560 te
1598 2533 1646 2559 de-

1222 2603 1246 2620 "
1264 2603 1331 2632 Gen.
1359 2611 1390 2632 ll.
1464 2603 1488 2618 ⁸³
1507 2601 1574 2629 Gen.
1601 2609 1642 2628 ιιι.

668 2711 850 2742 VARIORUM
870 2713 986 2744 ΝΟΤᾹΞ.

72 2774 119 2830 (δέ)
131 2791 190 2826 εις.
206 2793 336 2826 Quamvis
350 2795 463 2822 minime
477 2794 568 2830 inepta
583 2794 620 2822 sit
635 2794 801 2830 haecieclio,

163 2819 335 2863 segnitia
352 2819 801 2871 ’έῇἔὲᾔὲςῖιᾱέῐτὲεέῐ’έοὶιῗῖῖίιῖἱιόὖξ

124 2867 166 2894 ως,
183 2867 299 2892 sternens
315 2869 343 2891 ut
357 2866 505 2900 ριαηιιιιηι.
523 2865 606 2894 (ΣΙ-εκ.

121 2905 252 2942 Pareat.
273 2910 329 2943 Gn.
347 2912 372 2944 Ι.

853 2831 859 2837 _
888 2795 944 2837 (52)
964 2797 1071 2837 ᾼτξτόν.
1088 2795 1228 2824 Omittitur
1239 2797 1266 2824 in
1290 2797 1352 2825 rod.
1369 2796 1498 2828 Vindob.,
1513 2795 1561 2823 sed
1581 2798 1642 2826 Per-

852 2831 916 2860 inde
934 2836 987 2858 est.
1002 2830 1041 2859 lo.

888 2866 946 2902 (55)
971 2866 1155 2902 ’Λνὰριθμονο
1173 2866 1253 2896 Vind.
1266 2868 1327 2896 cod.
1339 2867 1534 2902 ἀναρίθμητον.
1550 2868 1589 2897 lo.

1426 2913 1465 2942 35
