1900 3108
224 135 293 166 1099

638 130 667 157 S.
688 125 884 156 CLEMENTIS
902 124 912 152 l
931 122 1015 152 30M.
1035 119 1135 150 PONT.
1157 119 1271 148 OPERA
1290 117 1404 147 DUBIA.

1786 116 1852 143 ΗΜ

221 195 360 224 fecerunt,
379 189 524 226 punivisti;
548 187 668 216 admisso
680 185 790 221 quidem
808 184 900 211 Abelis
921 182 1006 210 sacri-

1067 187 1118 210 ιας,
1134 179 1196 209 τοὺς
1210 177 1238 204 δὲ
1258 176 1429 206 ἀποστάντας
1452 182 1498 201 σου
1517 173 1658 204 ἐκόλασας·
1678 172 1728 198 καὶ⁵
1741 171 1790 198 τοῦ
1806 173 1853 206 μὲν

222 241 295 272 ﬁcio,
313 243 342 266 ut
357 237 512 265 innocentis
522 236 561 269 ";
578 233 726 262 fratricida:
745 236 835 259 autem
852 230 930 258 Caini
945 236 1006 256 mu-

221 295 297 318 nere,
320 289 350 313 ut
372 283 537 314 detestandi,
554 280 686 309 fastidito.
707 279 740 305 Et
765 277 798 305 ad
820 277 877 304 haec
893 276 1006 304 Sethum

221 342 254 361 ac
276 333 396 360 Enosum
413 329 573 364 suscepisti,
597 331 679 362 atque
704 324 862 353 llenochum
884 327 1007 350 transtu-

221 380 278 408 listi
292 379 326 407 ".
342 377 383 405 Tu
401 377 473 404 enim
488 383 518 403 es
534 373 624 409 Opifex
641 371 792 402 hominum,
804 370 866 397 vitae
881 369 1005 403 largitor,

222 425 379 460 indigentia:
397 423 535 458 expletor;
558 420 646 455 legum
669 417 757 449 dator,
779 424 880 452 easque
894 423 1007 442 servan-

221 473 291 499 tium
316 473 517 500 remunerator,
541 466 799 502 transgredientium
827 463 937 491 vindex.
954 461 1007 495 Qui

221 518 355 546 diluvium
379 517 475 552 ingens
497 513 600 542 mundo
630 516 739 548 propter
759 511 841 546 impie
857 509 1007 537 viventium

222 563 426 591 multitudinem
434 560 560 592 intulisti,
572 563 636 587 eteo
648 567 680 586 ex
687 558 790 585 diluvio
801 557 828 583 in
837 563 899 583 arca
909 555 1008 590 eripui-

188 640 191 641 ν
222 610 256 638 sti
272 616 326 636 una
350 615 412 635 cum
425 611 488 635 octo
499 605 642 633 animabus
654 605 758 639 justum
770 602 855 630 Noam
869 601 914 634 ’°°,
926 601 1007 628 ﬁnem

222 656 331 692 quidem
360 662 455 682 eorum
480 653 526 688 qui
551 651 755 687 praeterieram,
782 649 915 684 originem
943 655 1008 674 vero

222 707 459 729 sucressurorum.
482 699 534 732 Qui
556 697 724 725 horrendum
755 696 845 731 ignem
875 693 1007 721 adversus

222 746 428 774 Sodomitanam
453 744 619 779 pentapolim
654 743 831 774 concitasti‘,
852 746 880 769 et
905 745 1008 768 terram

222 792 381 828 frugiferam
396 792 424 818 in
435 790 601 825 salsuginem
613 790 634 821 ¹,
649 792 759 824 propter
774 787 922 823 nequitiam
934 787 1008 814 illius

222 839 386 868 incolarum,
413 836 553 872 redegisti,
576 842 608 863 ac
633 839 756 862 sanctum
783 833 881 861 Lotum
905 841 939 861 ex
965 833 1009 860 in-

221 884 320 912 cendio
341 883 437 911 eruisti
450 883 469 910 '.
486 881 528 910 Tu
550 887 580 910 es
602 881 649 917 qui
676 880 862 908 Abrahamum
885 879 1006 906 liberasti

221 930 293 956 avita
319 929 467 964 impietate,
488 933 515 956 et
540 927 635 956 mundi
661 927 796 954 hatredem
821 925 1005 958 constituisti,

221 976 331 1012 ipsique
344 975 485 1003 Christum
502 979 579 1002 tuum
604 981 736 1009 apparere
751 972 851 1000 fecisti.
867 971 918 1005 Qui
942 971 1010 999 Mel-

220 1022 394 1050 chisedecum
411 1021 563 1057 pontiﬁcem
575 1021 660 1049 divini
675 1020 765 1047 cultus
777 1019 939 1054 designasti.
955 1018 1007 1051 Qui

220 1069 306 1096 multa
334 1076 445 1104 passum
479 1068 608 1095 famulum
633 1071 710 1094 tuum
739 1066 852 1098 Jobum,
876 1065 1007 1092 victorem

221 1116 369 1151 serpentis,
386 1115 501 1151 originis
517 1115 660 1145 malorum,
674 1112 821 1140 declarasti
833 1112 854 1138 ‘.
870 1111 922 1144 Qui
938 1109 1009 1138 Isaa-

221 1169 284 1189 cum
310 1161 424 1188 ell‘ecisti
458 1161 542 1188 lilium
569 1158 772 1195 promissionis.
799 1157 851 1190 Qui
875 1156 1008 1184 Jacobum

221 1208 364 1235 duodecim
389 1207 506 1234 fdiorum
528 1211 643 1242 patrem,
667 1205 782 1240 ejusque
800 1207 954 1239 postremos
980 1202 1009 1228 in

221 1253 424 1281 multitudinem
442 1252 608 1288 propagasti,
634 1255 661 1279 et
683 1251 717 1278 ad
742 1249 890 1286 Egyptum
913 1249 941 1276 in
965 1256 1010 1276 se-

221 1300 364 1335 ptuaginta
386 1300 506 1334 quinque
532 1298 676 1325 animabus
708 1295 916 1324 introduxisti'.
949 1294 1008 1326 Tu,

221 1345 352 1378 Domine,
376 1354 429 1373 non
451 1345 600 1381 despexisti
626 1344 790 1378 Joseplium;
814 1342 861 1371 sed
882 1342 937 1374 illi,
960 1349 1010 1376 pro

222 1392 349 1420 mercede
375 1392 511 1420 castitatis
532 1396 578 1418 tua
598 1398 681 1418 causa
707 1393 835 1421 servatae,
859 1387 957 1415 dedisti
980 1390 1009 1414 ut

223 1438 359 1475 Egyptiis
373 1443 511 1473 praesset.
524 1437 576 1472 Tu,
593 1436 716 1468 Domine,
732 1435 860 1463 Hebmos
877 1434 910 1461 ab
925 1433 1010 1469 Egy-

223 1485 289 1520 ptiis
305 1492 462 1519 oppressos,
474 1484 509 1511 ob
524 1483 660 1519 promissa
675 1482 798 1517 patribus
816 1489 910 1509 eorum
927 1481 1008 1514 facta,

223 1538 278 1558 non
294 1530 452 1566 neglexisti;
468 1537 573 1561 verum,
587 1528 720 1564 Egyptiis
732 1528 847 1563 punitis,
861 1527 1008 1555 liberasti“.
1024 1529 1044 1558 C

1023 862 1044 890 Β

223 1586 346 1621 Cumque
360 1587 484 1614 homines
501 1587 586 1621 legem
603 1585 755 1613 naturalem
771 1584 969 1620 corrupissent.
984 1589 1011 1613 et

219 1626 392 1664 creaturam,
407 1626 617 1667 Inodo'Tluidem
631 1631 771 1660 fortuitam
797 1631 1009 1665 arbitrarentur,

222 1678 306 1706 modo
320 1683 410 1705 autem
432 1678 576 1713 plusquam
591 1681 698 1713 oportet
714 1677 891 1710 honorarent,
907 1685 938 1705 ac
960 1678 1010 1705 tibi

223 1725 346 1751 omnium
362 1723 417 1751 Deo
433 1728 635 1758 compararent;
651 1731 705 1751 non
718 1724 806 1752 sivisti
820 1731 914 1751 errore
928 1723 1008 1758 duci;

223 1771 289 1806 quin
309 1771 399 1805 potius
421 1770 495 1798 edito
518 1775 613 1798 sancto
639 1770 741 1798 famulo
764 1775 811 1798 tuo
836 1770 938 1806 Moyse,
963 1778 1010 1805 per

223 1825 286 1844 eum
309 1817 394 1852 legem
410 1817 539 1852 scriptam
562 1817 589 1844 in
615 1817 749 1845 naturalis
777 1817 942 1851 adjutorium
961 1816 1010 1843 tri-

224 1863 349 1897 buisti';
368 1867 394 1891 et
418 1867 558 1891 creaturas
582 1863 726 1891 ostendisti
748 1871 817 1898 opus
841 1866 919 1889 tuum
937 1869 1009 1894 esse,

225 1916 346 1936 errorem
361 1916 425 1936 vero
438 1909 472 1936 de
488 1909 661 1936 multitudine
676 1909 799 1942 deorum,
811 1908 1009 1935 exterminasti.

225 1955 363 1983 Aaronem
384 1960 411 1983 et
436 1959 562 1990 posteros
579 1955 640 1990 ejus
654 1954 759 1982 honore
778 1953 941 1982 sacerdotali
963 1953 1012 1981 de-

225 2009 327 2036 corasti
341 2018 347 2036 :
364 2007 503 2040 Hebraeos,
518 2015 580 2034 cum
591 2010 736 2042 peccarent
747 2026 754 2038 ,
768 2005 926 2041 castigasti;
948 2013 1011 2032 cum

225 2059 438 2086 reverterentur,
459 2053 624 2088 suscepisti:
649 2052 792 2088 Egyptios
807 2052 900 2080 decem
925 2051 1011 2088 plagis

225 2102 300 2129 ultus
317 2109 347 2129 es
367 2111 373 2128 :
390 2102 459 2128 mari
480 2100 569 2127 diviso
594 2099 727 2133 trajecisti
753 2097 891 2126 lsraelitas
912 2109 918 2125 ι
936 2099 1010 2126 inse-

225 2152 306 2175 cutos
321 2147 464 2183 [Egyptios
479 2146 602 2174 delevisti
619 2145 808 2173 submersione
822 2155 828 2172 :
846 2145 921 2180 ligno
940 2153 1012 2172 ama-

226 2202 285 2220 ram
315 2201 414 2229 aquam
440 2193 599 2220 dulcescere
628 2192 715 2220 fecisti

226 2247 325 2274 aquam
341 2238 485 2274 profudisti
500 2249 505 2265 :
520 2246 536 2266 e
547 2239 616 2266 cutio
636 2245 763 2265 mannam
781 2238 907 2273 depluisti
922 2248 927 2264 :
943 2245 1012 2272 prae-

227 2286 312 2313 buisti
336 2293 368 2312 ex
391 2292 453 2312 aere
467 2292 568 2318 escam,
592 2288 823 2320 ortygometram:
844 2284 1011 2312 constituisti

226 2335 308 2360 nocte
321 2332 476 2358 columnam
494 2331 564 2366 ignis
579 2331 612 2358 ad
628 2331 849 2362 illustrationem,
863 2334 890 2358 et
904 2330 949 2357 die
965 2338 1012 2357 co-

227 2377 349 2404 lumnam
366 2377 446 2404 nubis
460 2377 494 2404 ad
509 2377 696 2404 umbraculum
712 2377 741 2404 in
753 2381 832 2404 aastu.
851 2375 903 2403 Per
918 2375 1011 2403 Jesum

228 2423 325 2449 ducem
352 2423 516 2451 exercitusa
538 2427 565 2450 te
585 2423 764 2456 declaratum,
789 2426 892 2457 septem
918 2426 1012 2457 gentes

227 2468 443 2496 Chananmorum
459 2469 601 2504 evertisti“,
612 2468 757 2496 Jordanem
773 2468 913 2502 dirupisti,
959 2467 1008 2494 ﬂu-

1063 223 1150 255 Ἀὃὲλ,
1166 223 1205 254 ὡς
1228 222 1300 249 ὁσίου
1320 221 1535 257 προσδεξάμενος
1555 220 1605 255 τὴν
1628 218 1738 250 Θυσίαν,
1762 217 1810 244 τοῦ
1827 217 1854 244 δὲ

1056 269 1248 304 ὣελφοκτόνου
1269 268 1340 295 Κάῖν
1363 266 1547 302 ἀποστραφεὶς
1565 265 1596 291 τὸ
1614 264 1714 300 δῶρον,
1734 263 1774 295 ὡς
1793 264 1852 290 ἐνα-

1056 315 1131 351 γοῦς.
1146 315 1200 343 Καὶ
1215 315 1283 350 πρὸς
1295 313 1400 345 τούτοις
1409 312 1454 339 τὸν
1470 311 1592 347 Σὴο,ικαὶ
1605 310 1651 337 τὸν
1673 309 1760 340 Ἐνὼς
1773 317 1853 345 προσ-

1055 361 1171 392 ελάὸου,
1191 361 1239 388 καὶ
1260 360 1307 386 τὸν
1328 359 1416 394 Ἑνὼχ
1439 357 1643 394 μετατέθεικας.
1662 356 1700 382 Σὺ
1724 355 1781 391 γὰρ
1799 353 1823 381 εἷ
1840 357 1853 382 ό

1056 407 1221 443 δημιουργὸς
1241 405 1296 433 τῶν
1315 405 1364 432 ἀνθ
1370 405 1484 441 ρώπων,
1503 403 1549 430 καὶ
1568 403 1618 438 τῆς
1634 401 1710 436 ζωῆς
1725 401 1852 438 χορηγῶ.

1057 453 1104 479 καὶ
1121 453 1171 488 τῆς
1192 451 1295 483 ἐνδείας
1315 451 1472 486 πληρωτής·
1493 449 1539 476 καὶ
1561 448 1616 475 τῶν
1643 448 1739 483 νὸμων
1763 447 1852 483 δοτὴρ,

1057 498 1104 525 καὶ
1118 498 1172 524 τῶν
1188 497 1490 532 φυλαττόντων¹αὑτοὺς
1507 493 1719 531 μισθαποδότης,
1739 493 1790 519 καὶ
1802 492 1853 518 τῶν

1057 543 1281 580 παραϐαινόντων
1302 543 1401 575 αὐτοὺς
1416 542 1531 573 ἔκδικος.
1554 542 1582 567 '0
1599 540 1644 567 τὸν
1666 540 1757 574 μέγαν
1773 547 1854 564 κατα-

1057 590 1176 626 κλυσμὸν
1203 587 1350 623 ἐπαγαγὼν
1368 587 1408 623 τῷ
1432 587 1526 623 κόσμῳ
1548 586 1591 613 διὰ
1613 586 1644 612 τὺ
1671 584 1780 620 πλῆθος
1801 583 1853 609 τῶν

1057 635 1258 671 ἀσεϐησάντων,
1273 635 1321 662 καὶ
1335 634 1382 661 τὸν
1395 634 1498 660 δίκαιον
1514 632 1574 659 Νῶε
1593 630 1751 667 ῥυσάμενος
1764 631 1796 656 ὲκ
1807 629 1852 656 τοῦ

1057 679 1249 717 κατακλυσμοῦ
1265 681 1294 706 ὲν
1306 679 1421 716 λάρνακι
1434 679 1481 706 σὺν
1499 677 1569 705 ὀκτὼ
1583 677 1694 712 ψυχαῖς,
1710 676 1791 706 τέλος
1807 675 1853 710 ph

1057 727 1111 754 τῶν
1133 726 1348 762 παρῳχηκότων,
1365 725 1452 761 ἀρχὴν
1466 724 1494 751 δὲ
1517 724 1570 750 τῶν
1588 722 1743 758 μελλόντων
1766 721 1852 754 ἐπιτέ-

1058 772 1160 799 νεσθαι.
1182 773 1210 798 ὐ
1225 772 1256 798 τὸ
1270 771 1385 806 φοὸερὸν
1400 770 1456 806 πῦρ
1470 769 1539 796 κατὰ
1554 770 1602 805 τῆς
1617 768 1777 804 Σοδομηνῆς
1793 777 1853 794 πεν-

1058 818 1196 850 ταπόλεως
1219 817 1334 852 ἐξάψας,
1355 817 1402 844 καὶ
1424 817 1475 852 γῆν
1501 815 1675 851 καρποφόρον
1700 816 1742 846 εἰς
1766 814 1853 849 ἅλμην

1059 865 1171 900 θέμενος
1191 864 1244 890 ἀπὸ
1259 864 1358 895 κακίας
1370 863 1424 889 τῶν
1449 862 1646 889 κατοικούντων
1665 862 1694 888 ὲν
1710 861 1793 896 αὐτῇ,
1809 861 1853 886 καὶ

1056 911 1102 937 τὸν
1117 911 1189 937 ὅσιον
1207 909 1268 936 Λὼτ
1286 908 1441 944 ἐξαρπάσας
1463 907 1509 934 τοῦ
1535 906 1712 943 ἐμπρησμοῦ.
1733 907 1772 933 Σὺ
1792 903 1819 932 εἷ
1840 907 1854 932 ὁ

1056 956 1101 983 τὸν
1130 955 1255 991 Ἀϐραὰμ
1281 955 1431 990 ῥυσάμενος
1455 954 1620 989 προγονικῆς
1646 953 1789 983 ἀσεϐείας,
1808 952 1854 978 καὶ

1058 1001 1222 1037 κληρονόμον
1236 1000 1283 1028 τοῦ
1300 1001 1402 1036 κόσμου
1417 1000 1602 1035 καταστήσας,
1629 999 1675 1026 καὶ
1700 997 1854 1033 ὲμςρανίσας

1057 1047 1131 1083 αύτῷ
1145 1047 1189 1074 τὸν
1210 1046 1326 1082 Χριστόν
1342 1054 1398 1072 σου.
1417 1045 1449 1072 '0
1463 1045 1508 1072 τὸν
1530 1044 1709 1080 Μελχισεδὲκ,
1725 1044 1854 1079 ἀρχιερέα

1057 1094 1106 1129 τῆς
1125 1093 1252 1129 λατρείας
1263 1088 1554 1128 προχειρισάμενος.’0
1563 1091 1609 1117 τὸν
1626 1089 1798 1116 πολύτλαντα
1813 1089 1854 1116 θε-

1059 1139 1180 1176 ράποντά
1194 1147 1240 1166 σου
1260 1138 1320 1165 Ἰὼϐ
1334 1138 1446 1173 νικητὴν
1457 1136 1504 1163 τοῦ
1519 1136 1675 1172 άρχεκάκου
1690 1136 1782 1169 ὂψεως
1795 1135 1854 1161 ἁνα-

1058 1185 1154 1218 δειξας.
1177 1185 1206 1212 ὐ
1223 1185 1270 1211 τὸν
1291 1183 1384 1210 Ἰσαὰκ
1404 1182 1569 1217 ἐπαγγελίας
1583 1183 1640 1209 υἱὸν
1655 1182 1851 1217 ποιησάμενος·

1058 1233 1073 1258 ό
1084 1232 1130 1258 τὸν
1147 1230 1243 1258 Ἰακὼὸ
1258 1229 1363 1266 πατέρα
1380 1228 1483 1261 δώδεκα
1495 1228 1607 1259 παίδων,
1624 1228 1672 1254 καὶ
1687 1228 1754 1259 τοὺς
1769 1227 1799 1259 ἐξ
1813 1228 1854 1253 αό-

1058 1276 1105 1303 τοῦ
1119 1277 1159 1308 είς
1173 1276 1275 1312 πλῆθος
1289 1275 1364 1311 χέας,
1379 1275 1426 1301 καί
1441 1273 1595 1308 εἰσαγαγὼν
1611 1274 1651 1304 εἰς
1666 1274 1808 1307 Αἴγυπτον
1828 1274 1854 1298 ἐν

1059 1322 1242 1358 ἐϐδομήκοντα
1264 1321 1344 1348 πέντε
1364 1319 1472 1355 ψυχαῖς.
1492 1320 1528 1346 Σὺ
1546 1319 1644 1354 Κύριε,
1671 1318 1777 1353 Ἰωσὴφ
1800 1318 1854 1353 (5,5)

1059 1369 1108 1403 οὐχ
1123 1367 1271 1403 ὑπερεῖδες·
1288 1366 1355 1393 ἀλλὰ
1373 1365 1468 1401 μισθὸν
1483 1365 1533 1400 τῆς
1554 1364 1597 1390 διὰ
1622 1364 1651 1390 σὲ
1677 1364 1855 1399 σωφροσύνης

1060 1413 1160 1445 ἔδωκας
1181 1412 1254 1448 αὑτῷ
1273 1412 1303 1438 τὸ
1316 1411 1369 1438 τῶν
1389 1411 1544 1445 Αἰγυπτίων
1567 1410 1670 1445 ἄρχειν.
1694 1410 1731 1436 Σὺ
1759 1409 1854 1444 Κύριε,

1066 1459 1206 1495 Ἑϐραίους
1227 1458 1280 1485 ὑπὸ
1305 1456 1462 1491 Αἰγυπτίων
1481 1455 1735 1490 καταπονουμένους
1756 1456 1788 1481 ού
1809 1464 1855 1481 πε-

1063 1505 1172 1540 ριεῖδες,
1191 1504 1234 1530 διὰ
1248 1504 1297 1535 τὰς
1317 1502 1385 1538 πρὸς
1403 1502 1467 1534 τοὺς
1487 1502 1608 1537 πατέρας
1626 1501 1717 1528 αὐτῶν
1737 1502 1856 1535 ἐπαγγε-

1061 1551 1128 1582 λίας
1149 1551 1206 1577 ἀλλ’
1221 1550 1340 1586 spe-5m,
1362 1548 1479 1580 κολάσας
1505 1547 1678 1582 Αἰγυπτίους.
1696 1547 1856 1582 Παραφθει-

1062 1598 1167 1634 ράντων
1187 1596 1215 1623 δὲ
1234 1595 1288 1622 τῶν
1311 1594 1461 1630 ἀνθρώπων
1482 1593 1527 1620 τὸν
1549 1592 1661 1627 φυσικὸν
1684 1592 1789 1627 νόμον,
1813 1593 1858 1618 καὶ

1060 1644 1110 1680 τὴν
1132 1642 1230 1674 κτίσιν,
1254 1641 1319 1667 ποτέ
1345 1641 1392 1675 μὲν
1407 1639 1560 1674 αὐτόματον
1584 1637 1774 1673 νομισάντων,
1795 1638 1858 1664 ποτὲ

1060 1690 1088 1716 δέ
1110 1688 1200 1716 πλεῖον
1219 1687 1235 1723 ἢ
1255 1687 1295 1713 δεῖ
1319 1685 1502 1722 τιμησάντων,
1519 1684 1566 1710 καὶ
1592 1683 1636 1709 σοὶ
1653 1683 1696 1718 τῷ
1715 1682 1781 1718 Θεῴ
1804 1683 1857 1709 τῶν

1061 1735 1168 1761 πάντων
1185 1731 1392 1759 συνταττόντων·
1409 1731 1459 1756 οὐκ
1474 1730 1566 1760 εἴασας
1590 1728 1763 1761 πλανᾶσθαιῖ,

1061 1779 1199 1812 ἀναδείξας
1213 1778 1257 1805 τὴν
1273 1777 1348 1811 ἆγιόν
1361 1785 1405 1803 σου
1418 1775 1570 1811 θεράποντα
1584 1774 1716 1809 Μωῦσῆν,
1727 1774 1764 1801 δι’
1778 1774 1857 1800 adt-ci

1062 1826 1130 1862 πρὸς
1147 1824 1271 1860 βοήθειαν
1285 1822 1332 1849 τοῦ
1348 1821 1462 1857 φυσικοῦ
1480 1821 1525 1848 τὸν
1542 1820 1662 1856 γραπτὸν
1679 1819 1766 1855 νόμον
1785 1820 1858 1846 δέδω-

1061 1881 1122 1905 κας,
1139 1872 1186 1898 καὶ
1201 1871 1249 1906 τὴν
1271 1870 1360 1896 κτίσιν
1380 1868 1482 1902 ἔδειξας
1503 1867 1548 1893 σὺν
1564 1866 1643 1902 ἔργον
1666 1863 1753 1897 εἶναι,
1766 1865 1817 1900 τὴν
1833 1865 1857 1890 δὲ

1062 1918 1191 1945 πολύθεον
1205 1916 1308 1950 πλάνην
1331 1914 1474 1950 ἐξώρισας.
1494 1913 1545 1939 Τὸν
1569 1911 1673 1947 Ἀαρὼν
1689 1911 1739 1938 καὶ
1753 1912 1819 1942 cui);
1832 1909 1858 1943 ἐξ

1062 1963 1144 1990 αὑτοῦ
1160 1963 1284 1998 ἱερατικῇ
1306 1962 1373 1996 τιμῇ
1394 1959 1532 1991 ὲδόξασας·
1552 1958 1698 1993 Ἐϐραίους
1723 1957 1857 1992 ἁμαρτόν

1061 2019 1110 2042 τας
1131 2009 1277 2040 ἐκόλασας,
1301 2005 1513 2042 ἐπιστρέφοντας
1544 2003 1639 2036 ἐδέξω·
1666 2004 1731 2034 τοὺς
1754 2004 1854 2036 Αἰγυπ-

1061 2056 1135 2087 τίους
1150 2054 1313 2090 δεκαπλήγῳ
1331 2052 1504 2088 ὲτιμωρήσω·
1523 2050 1659 2077 Θάλασσαν
1677 2048 1791 2081 διελὼν,
1812 2049 1857 2075 Ἰν-

1064 2101 1191 2138 ραηλίτας
1212 2099 1376 2130 διεϐίϐασας·
1394 2096 1557 2132 Αἰγυπτίους
1577 2095 1781 2128 ἐπιδιώξαντας
1796 2096 1856 2121 ὐπο-

1062 2147 1189 2184 δρυχίους
1208 2145 1351 2176 ἀπώλεσας
1373 2143 1441 2179 (55)-
1464 2143 1533 2178 ξύλῳ
1563 2141 1661 2176 πικρὸν
1683 2141 1761 2176 ὕδωρ
1782 2140 1855 2175 ἑγλῦ-

744 2202 749 2219 :
775 2200 807 2219 ex
838 2196 914 2227 petra
943 2192 1010 2219 dura

1067 2201 1156 2225 κανας·
1177 2193 1209 2219 ἐκ
1227 2191 1329 2227 πέτρας
1348 2189 1500 2225 ἁκροτόμου
1523 2187 1596 2224 ὕδωρ
1613 2187 1742 2222 ἁνέχεας·
1764 2186 1855 2218 ὲξ-οὖθ

1065 2238 1143 2275 ρανοῦ
1161 2238 1191 2264 τὸ
1215 2238 1301 2273 μάννα
1317 2234 1396 2268 ὒσας·
1417 2235 1520 2271 τροφὴν
1542 2233 1571 2267 ἐξ
1592 2233 1674 2269 ἀέρος
1703 2232 1855 2268 ὀρτυγομή-

1061 2293 1138 2321 τραν·
1158 2283 1252 2311 στῦλον
1274 2282 1359 2318 πυρὸς
1373 2282 1423 2317 τὴν
1439 2281 1525 2308 νύκτα
1549 2279 1617 2315 πρὸς
1641 2279 1797 2314 φωτισμὸν,
1815 2278 1855 2304 11‘.

1063 2331 1157 2357 στῦλον
1169 2330 1281 2365 νεφέλης
1296 2329 1402 2364 ἡμέραν
1415 2328 1484 2364 πρὸς
1504 2326 1639 2361 σκιασμὸν
1655 2325 1792 2357 eam-4;.
1810 2324 1854 2350 Th

1069 2376 1170 2412 Ἰησοῦν
1191 2375 1341 2412 στρατηγὸν
1362 2373 1512 2406 ἀναδείξας,
1529 2372 1598 2398 ἑπτὰ
1617 2371 1682 2407 ἔθνη
1697 2370 1855 2398 Χαναναὲυν

1062 2423 1094 2450 δι’
1110 2422 1191 2449 αὑτοῦ
1208 2421 1343 2452 καθεῖλες,
1365 2419 1499 2455 Ἰορδάνην
1521 2417 1678 2454 διέῤῥηξας,
1694 2419 1761 2449 τοὺς
1778 2425 1854 2443 ποτι-

1061 2470 1128 2505 μοὺς
1149 2467 1238 2503 Ἡθὰμ
1258 2466 1406 2502 ὲξήρανας,
1429 2464 1507 2499 τείχη
1524 2463 1696 2499 κατέρριψας
1720 2463 1778 2498 (56)
1798 2463 1854 2489 ἄνευ

264 2537 288 2552 ’⁸
307 2536 374 2564 Gen.
390 2545 427 2564 tv.
465 2537 487 2553 ⁹⁹
507 2537 590 2564 Eccli.
603 2545 677 2568 χιιι,
694 2536 738 2570 l9;
749 2536 817 2564 Gen.
841 2545 878 2568 Iv,
898 2545 924 2564 ν.
961 2537 994 2552 ¹⁰⁰
1014 2541 1017 2558 ι

1067 2546 1081 2563 ι.
1097 2544 1135 2568 νι,
1147 2544 1200 2568 νιι;
1216 2534 1226 2560 Ι
1240 2533 1320 2570 I"etrL
1334 2540 1391 2570 nI,_
1404 2532 1450 2570 20:
1472 2531 1497 2570 μ’
1511 2529 1580 2558 Gen.
1597 2538 1681 2570 XIX_‘;_
1695 2530 1767 2570 Sap._
1781 2529 1853 2570 ξιξ.

229 2573 240 2587 ¹
259 2563 402 2605 Ρειιιίενι,
413 2563 457 2600 54.
496 2572 506 2588 ³
517 2563 584 2607 Gen.
600 2580 651 2604 xu,
667 2563 720 2607 etc.
731 2563 738 2570 ’
755 2563 909 2607 ξξιεγιειιξιιε
922 2563 1048 2606 interpol.
1058 2572 1093 2599 ad
1109 2563 1240 2599 Τήιιι.ἰο
1253 2569 1287 2596 ad
1305 2567 1362 2595 Sm.
1376 2567 1402 2594 '7.
1441 2567 1450 2582 '
1469 2566 1538 2593 Gen.
1556 2573 1632 2597 XLVI,
1645 2566 1681 2592 ‘2'1
1693 2563 1769 2602 apud
1780 2563 1852 2591 LXX.

228 2607 240 2622 ⁸
261 2607 345 2634 Exod.
360 2615 378 2640 I,
389 2612 441 2634 etc.
478 2607 488 2623 ⁷
503 2607 521 2633 l.
533 2606 582 2634 Isa.
599 2615 647 2633 νιιι
664 2606 699 2633 20
713 2607 740 2633 in
755 2605 847 2632 LXXI
871 2606 948 2634 ‘Jos.
964 2605 1005 2638 ιιι,
1018 2607 1061 2634 10.

875 2693 1058 2721 νΑιιιοιιυΜ
1079 2693 1198 2722 NOTAE.

230 2764 324 2825 adfini)
350 2762 470 2796 Ἰωσήφ.
487 2761 582 2789 Melius
602 2761 647 2788 τὸν
670 2762 778 2798 Ἰωσήφ,
798 2761 826 2788 ἰιι
854 2760 916 2802 cod.
932 2759 1013 2788 Vind.

255 2806 326 2866 ιῗὲξέ)
351 2831 532 2863 Ἀπώλεσας.
560 2831 714 2863 Ἐκόλασας,
729 2831 760 2859 C.
773 2831 808 2859 V.
829 2831 920 2858 minus
936 2830 1015 2866 bene,

232 2874 297 2902 eum
309 2866 428 2903 Egyptii
444 2874 498 2893 non
512 2874 606 2900 pcenas
620 2871 725 2895 tantum
739 2867 874 2901 dederint,
883 2865 956 2901 quod
971 2873 1017 2894 su-

1068 2759 1228 2796 perstitibus
1251 2757 1341 2792 potuit
1362 2755 1532 2790 contingere,
1553 2755 1602 2783 sed
1628 2755 1755 2783 funditus
1771 2754 1850 2790 pelic-

1065 2795 1377 2865 ,ῃ[ἱὲϋἒηέξατέέὶὸιιζοιςἱ
1385 2825 1467 2853 Recte
1480 2824 1603 2865 quidem,
1615 2825 1665 2854 sed
1679 2833 1730 2855 nec
1744 2825 1812 2853 male
1825 2824 1848 2850 il

1069 2860 1130 2894 eod.
1144 2860 1223 2892 Vind.
1238 2860 1410 2899 κατέρρηξας
1422 2861 1575 2897 ρεννιιρίειὶ.
1590 2860 1628 2888 lo.
