1900 3108
42 142 98 169 IlflI

452 138 750 168 CONSTITUTIONES
768 135 1041 166 APOSTOLlCz’E.-—
1059 136 1122 164 LIB.
1143 136 1211 165 VIII.

1587 136 1654 164 H0!

41 197 230 234 μηχανημάτων
249 197 296 225 καὶ
311 198 400 234 χειρὸς
418 197 599 233 ἀνθρωπίνης.
623 197 706 232 Ὑπὲρ
727 196 813 223 ἀπαν-

871 195 926 221 vios
937 194 1024 221 Etlian
1040 195 1179 227 siccasti',
1193 202 1286 222 muros
1301 194 1472 230 prostravisti
1482 194 1584 230 absque
1600 203 1655 222 ma-

38 253 85 272 των
100 253 138 271 σοι
158 245 174 279 ἡ
193 244 265 277 δόξα,
286 245 408 271 Δέσποτα
430 244 628 279 παντόκρατορ.
645 243 819 279 Σὲλπροσκυ-

38 291 119 318 νοῦσιν
140 290 284 326 ἀνάριθμοι
309 290 435 326 στρατιαὶ
459 290 600 324 ἀγγέλων,
628 289 817 325 ἀρχαγγέλων,

38 337 144 372 θρόνων,
169 337 347 372 κυριοτήτων,
373 335 476 372 ἀρχῶν,
500 335 640 368 ἐξουσιῶν,
665 335 817 370 δυνάμεων,

38 382 169 418 στρατιῶν,
185 381 300 408 αἰώνων·
315 382 351 408 τὰ
366 382 510 418 χερουδὶμ,
527 383 574 408 καὶ
589 381 624 408 τὰ
647 381 819 416 ὲξαπτέρυγα

37 429 157 464 σεραφὶμ,
171 429 229 460 ταῖς
249 428 298 463 μὲν
312 428 372 454 δυσὶ
387 427 629 454 κατακαλύπτοντα
642 427 705 459 τοὺς
723 426 816 460 πόδας,

35 475 87 505 ταῖς
99 474 126 500 δὲ
138 473 197 500 δνσὶ
212 473 261 505 τὰς
276 473 406 508 κεφαλὰς,
416 475 475 505 ταῖς
486 473 515 500 δὲ
528 473 589 500 δυσὶ
605 473 753 508 πετόμενα,
770 472 818 499 καὶ

36 519 147 553 λέγοντα,
164 519 223 555 ἅμα
240 519 340 554 χιλίαις
361 519 479 554 χιλιάσιν
497 518 686 554 ἀρχαγγέλων,
708 518 756 545 καὶ
772 527 819 554 μυ-

36 566 100 601 ρίαις
122 566 251 602 μυριάσιν
269 565 403 599 ἀγγέλων,
418 564 638 596 ἀκαταπαύστως
654 564 700 590 καὶ
718 563 818 599 amm-

36 621 82 644 τως
97 611 223 646 βοώσαις·
239 611 286 638 καὶ
306 612 360 642 πᾶς
375 612 389 637 6
403 611 467 642 λαὸς
483 610 541 646 ἅμα
555 610 669 637 εἰπάτωι
688 620 696 636 ι
713 610 817 644 Ἄγιος,

35 659 112 692 ἅγιος,
125 657 214 692 ἆγιος,
230 657 333 693 Κύριος
351 656 475 684 Σαϐαὼθ·
493 657 599 693 πλήρης
613 658 628 684 6
642 656 757 692 οὐρανὸς
772 657 818 683 καὶ

36 705 92 740 ἡγῆ
108 704 157 740 τῆς
177 703 258 739 δόξης
276 703 370 730 αὑτοῦ·
392 703 538 738 εὐλογητὸς
558 704 598 734 εἰς
620 703 683 734 τοὺς
706 703 816 734 αἰῶνας.

40 750 125 786 Ἀμήν.
138 760 146 776 ι
165 750 222 777 Καὶ
235 751 249 777 6
265 750 408 786 ἀρχιερεὺς
422 749 486 785 ἑξῆς
498 749 609 783 λεγέτω·
624 749 718 783 Ἀγιος
728 749 782 785 γὰρ
794 747 819 776 εἷ

34 797 65 828 ὡς
86 796 209 832 ἀληθῶς,
229 796 275 822 καὶ
297 795 443 829 πανάγιος,
466 795 576 830 ὕψιστος
597 795 643 821 καὶ
664 795 818 830 ὑπερυψού-

35 851 103 877 μενος
117 843 158 874 εἰς
174 843 238 874 τοὺς
247 842 356 873 αἰῶνας.
369 842 462 876 ’Ἄγιος
477 841 505 868 δὲ
519 841 566 868 καὶ
579 841 592 867 6
609 841 755 876 μονογενής
771 849 817 867 σου

30 889 82 920 Υἱὸς
93 890 106 916 6
120 889 223 925 Κύριος
239 889 319 924 ἡμῶν
338 889 385 915 καὶ
404 888 471 920 Θεὸς
491 887 595 924 Ίησοῦς
609 889 624 914 6
640 887 767 924 Χριστός·
787 887 818 920 ὃς

33 936 66 967 εἰς
85 935 173 962 πάντα
199 935 442 971 ὒηρετησὰμενός
465 943 506 961 σοι
531 934 571 969 τῷ
596 934 656 970 Θεῷ
672 934 754 961 αὑτοῦ
769 935 817 961 καὶ

33 982 119 1016 Πατρὶ,
127 981 205 1015 εῑςλτε
215 981 394 1016 δημιουργίαν
407 981 544 1016 διάφορον,
557 981 605 1007 καὶ
617 980 743 1016 πρόνοιαν
757 988 818 1007 κατ-

32 1026 148 1063 άλληλον,
164 1027 195 1053 οὐ
212 1027 329 1062 περιεῖδε
346 1027 377 1053 τὸ
389 1026 467 1061 γένος
489 1026 542 1053 τῶν
563 1027 714 1062 ἀνθρώπων
732 1027 816 1054 ἀπολ-

30 1073 145 1108 λύμενον,
171 1072 238 1099 ἀλλὰ
264 1072 334 1108 μετὰ
357 1072 472 1107 φυσικὸν
493 1072 589 1108 νόμον,
606 1072 676 1108 μετὰ
701 1073 817 1108 νομικὴν

31 1119 195 1155 παραίνεσιν,
219 1117 287 1154 μετὰ
310 1117 502 1154 ’προφητικούς
526 1118 668 1153 ἐλέγχους,
695 1120 743 1145 καὶ
767 1119 817 1152 τὰς

29 1165 76 1191 τῶν
108 1164 234 1199 ἀγγέλων
264 1163 432 1197 ἐπιστασίας,
452 1164 692 1200 παραφθειρόντων
710 1165 758 1191 σὺν
778 1165 817 1200 τῷ

30 1211 92 1246 θετῷ
114 1211 165 1238 καὶ
182 1210 226 1236 τὸν
242 1210 356 1244 φυσικὸν
376 1210 473 1245 νόμον,
497 1210 544 1236 καὶ
563 1210 614 1245 τῆς
640 1211 749 1246 μνήμης
770 1212 816 1237 ὲκ..

30 1257 176 1284 ϐαλλόντων
198 1257 244 1283 τὸν
271 1256 471 1292 κατακλυσμὸν,
491 1257 541 1292 τὴν
569 1257 741 1292 ἐκπύρωσιν,
766 1257 816 1290 τὰς

30 1305 83 1330 κατ’
94 1302 252 1337 Αἰγυπτίων
267 1302 383 1338 πληγὰς,
398 1302 447 1334 τὰς
462 1302 532 1330 κατὰ
547 1302 740 1338 Παλαιστηνῶν
753 1312 817 1338 σφα-

29 1350 88 1383 γὰς,
105 1349 153 1376 καὶ
174 1348 322 1384 μελλόντων
346 1349 408 1375 ὅσον
426 1349 532 1375 οὐδέπω
557 1349 724 1376 ἀπόλλυσθαι
747 1349 815 1376 πάν-

29 1404 86 1426 των,
108 1395 255 1430 εὐδόκησεν
278 1395 358 1426 αὐτὸς
377 1393 472 1430 γνώμῃ
494 1396 528 1430 σῇ
545 1396 559 1422 6
578 1390 744 1431 δημιουργὸς
769 1396 816 1422 ἀν-

29 1441 142 1476 θρώπου,
166 1440 308 1476 ἄνθρωπος
332 1440 472 1474 γενέσθαι,
491 1442 505 1467 6
525 1441 673 1477 νομοθέτης
695 1442 748 1468 ὑπὸ
771 1443 815 1469 νό-

31 1495 101 1520 μους,
121 1488 135 1513 6
150 1487 296 1522 ἀρχιερεὺς
321 1486 427 1522 ἱερεῖον,
445 1487 459 1513 6
478 1487 580 1522 ποιμὴν
602 1487 746 1523 πρόϐατον,
768 1489 816 1515 καὶ

869 241 960 268 chinis
979 244 1006 268 et
1030 241 1134 276 absque
1157 248 1238 268 manu
1265 241 1383 268 humana
1397 241 1428 268 '°.
1446 239 1500 268 Pro
1525 242 1654 269 munibus

867 287 917 314 tibi
932 287 1029 322 gloria,
1044 286 1158 314 Domine
1174 288 1357 322 omnipotens.
1370 287 1389 303 “
1406 286 1445 314 Te
1471 287 1588 314 adorant
1612 288 1655 314 in-

868 333 1050 361 numerabiles
1081 333 1166 368 copia:
1201 333 1376 368 angelorum,
1405 333 1654 368 archangelorum,

868 380 1046 411 thronorum,
1071 379 1306 412 dominationum,
1331 380 1549 415 principatuum,
1577 383 1656 414 pote-

869 429 988 457 statum,
1013 425 1162 458 virtutum,
1190 425 1377 458 exercituum,
1410 426 1572 453 saeculorum
1607 433 1655 452 seu

867 476 1050 504 :eternorum;
1075 476 1103 499 et
1127 471 1292 505 chcrubini;
1320 472 1384 499 item
1415 472 1556 506 scraphini
1581 471 1656 499 senis

869 519 920 546 alis
935 517 1066 553 ,przedili,
1091 518 1164 546 binis
1186 519 1295 553 quidem
1321 518 1442 546 velantes
1468 518 1550 553 pedes
1574 525 1655 550 suos,

868 565 941 593 binis
959 572 1023 592 vero
1045 565 1153 600 capita,
1176 568 1203 592 et
1224 564 1331 591 duabus
1353 565 1414 591 aliis
1436 565 1561 592 volantes
1575 564 1608 596 ¹¹,
1625 572 1657 591 ac

868 611 991 638 dicentes
1006 618 1059 637 una
1075 618 1138 637 cum
1156 611 1229 638 mille
1245 610 1366 637 millibus
1389 610 1615 645 archangelorum
1630 614 1657 637 et

868 656 948 684 denis
964 657 1086 684 millibus
1098 656 1198 684 denum
1217 656 1333 684 millium
1353 657 1513 692 angelorum
1528 657 1560 689 ”,
1582 657 1658 684 indc-

869 703 990 731 sinenter
1008 711 1041 731 ac
1070 703 1130 731 sine
1149 703 1225 731 vocis
1250 702 1454 730 intermissione
1473 703 1658 730 clamantibus

869 750 908 785 (et
922 751 1011 779 omnis
1025 750 1142 785 populus
1154 749 1234 777 simul
1247 749 1330 783 dicat)
1343 759 1349 776 :
1369 759 1378 774 ι
1392 748 1520 780 Sanctus,
1535 754 1657 780 sanctus,

869 800 998 828 sanctus,
1025 795 1158 823 Dominus
1186 794 1330 822 Sabaoth:
1354 795 1425 830 pleni
1452 799 1517 822 sunt
1542 795 1605 822 coeli
1631 798 1659 822 et

870 846 943 869 terra
957 841 1044 878 gloria
1061 841 1121 876 ejus
1134 850 1141 868 ι
1158 840 1321 868 Benedictus
1337 839 1365 867 in
1381 841 1491 867 srecula.
1503 840 1589 867 Amen
1603 841 1634 868 ιδ.
1646 850 1655 866 ν

834 876 854 904 Β
869 888 902 915 Et
916 876 1038 923 pontifex
1052 892 1147 922 postea
1162 887 1237 915 dicat
1250 896 1256 915 :
1276 886 1394 914 Sanctus
1405 887 1478 914 enim
1492 894 1554 914 vere
1569 894 1610 919 es,
1626 894 1660 914 ac

869 935 1071 966 sanctissimus,
1092 934 1242 962 altissimus
1265 937 1292 961 et
1309 933 1529 968 superexaltalus
1555 932 1582 959 in
1607 940 1659 959 sav-

868 982 939 1009 cula.
957 981 1076 1008 Sanctus
1099 988 1208 1016 quoque
1235 979 1393 1015 unigenitus
1409 983 1472 1006 tuus
1489 978 1586 1010 Filius,
1605 978 1659 1006 Do—

867 1027 958 1055 minus
976 1032 1069 1056 noster
1082 1031 1109 1054 et
1125 1026 1206 1058 Deus,
1222 1025 1303 1053 Iesus
1322 1024 1470 1058 Christus;
1486 1025 1533 1060 qui
1551 1025 1584 1051 ad
1599 1032 1658 1052 om-

867 1073 914 1100 nia
933 1073 982 1100 tibi
997 1072 1052 1100 Deo
1069 1079 1119 1100 suo
1135 1076 1162 1100 et
1180 1071 1273 1104 Patri,
1294 1075 1351 1098 tum
1374 1071 1402 1098 in
1417 1070 1493 1098 varia
1508 1070 1656 1103 creatione,

867 1122 925 1146 tum
949 1119 978 1146 in
1002 1118 1175 1154 providentia
1200 1117 1393 1149 convenienti,
1413 1116 1586 1148 ministrans,
1603 1124 1657 1143 non

866 1165 991 1200 despexit
1007 1172 1094 1200 genus
1116 1164 1266 1191 humanum
1287 1163 1359 1199 quod
1384 1163 1510 1198 peribat:
1527 1162 1576 1190 sed
1598 1166 1659 1197 post

867 1212 1021 1239 naturalem
1035 1211 1133 1246 legem,
1148 1215 1210 1246 post
1222 1211 1335 1246 legalem
1352 1210 1579 1243 admonitionem,
1593 1213 1657 1244 post

867 1258 1040 1293 propheticas
1067 1257 1310 1292 reprehensiones,
1330 1260 1357 1284 et
1380 1256 1539 1292 angelorum
1563 1255 1660 1290 pracfe-

867 1310 977 1338 cturas;
993 1312 1056 1331 cum
1073 1304 1159 1339 legem
1174 1304 1326 1331 naturalem
1344 1310 1397 1330 una
1411 1310 1474 1330 cum
1489 1302 1547 1337 lege
1558 1302 1661 1337 scripta

867 1358 916 1378 seu
940 1352 1029 1386 posita
1053 1351 1206 1382 violarent,
1229 1353 1312 1384 atque
1326 1357 1342 1377 e
1357 1349 1489 1376 memoria
1507 1348 1658 1391 abjicerent

867 1398 1018 1430 diluvium,
1041 1397 1282 1432 conflagrationem
1319 1395 1533 1426 Sodomiticam,
1564 1394 1660 1429 plagas

867 1444 1012 1479 Egyptiis.
1030 1446 1061 1481 [et
1075 1443 1164 1471 caedes
1180 1442 1333 1470 Palaestinis
1351 1442 1450 1473 illatas,
1479 1447 1597 1475 cumque
1622 1439 1657 1465 ῆι·-

867 1490 921 1518 lico
945 1490 1060 1525 perituri
1076 1493 1168 1518 essent
1191 1497 1302 1522 omnes;
1326 1496 1358 1516 ex
1383 1488 1517 1516 sententia
1533 1491 1579 1513 tua
1603 1486 1662 1521 ipse

29 1532 215 1568 ἐξευμενισατό
226 1541 254 1559 σε
269 1532 313 1558 τὸν
327 1532 425 1559 ἑαυτοῦ
438 1532 504 1559 Θεὸν
518 1533 565 1560 καὶ
577 1533 698 1570 Πατέρα,
714 1534 762 1562 καὶ
775 1534 814 1570 τῷ

871 1536 958 1571 elegit,
973 1540 1082 1563 creator
1098 1535 1230 1568 hominis,
1248 1535 1330 1563 homo
1345 1534 1420 1568 fieri;
1443 1534 1593 1570 legislator,
1610 1534 1661 1561 sub

30 1579 118 1614 κόσμῳ
139 1578 300 1614 κατήλλαξε,
324 1579 371 1606 καὶ
389 1579 438 1614 τῆς
457 1579 633 1615 ἐπικειμένης
652 1580 736 1616 ὀργῆς
753 1581 816 1611 τοὺς

30 1625 128 1657 πάντας
146 1625 327 1661 ἠλευθέρωσε,
352 1626 497 1661 γενόμενος
519 1625 552 1652 ὲκ
568 1625 718 1662 παρθένου,
742 1626 818 1660 γενό-

32 1680 104 1706 μενος
124 1672 153 1698 ὲν
178 1672 268 1707 σαρκὶ,
284 1672 299 1698 ό
315 1671 381 1703 Θεὸς
397 1672 491 1706 Λόγος,
514 1673 528 1699 6
544 1672 685 1708 ἀγαπητὸς
705 1673 779 1706 Υἱὸς,
803 1673 818 1699 6

30 1717 198 1752 πρωτότοκος
221 1717 311 1752 πάσης
335 1717 460 1749 κτίσεως,
483 1717 554 1744 κατὰ
572 1717 622 1750 τὰς
645 1719 710 1754 περὶ
735 1718 817 1745 αὐτοῦ

30 1764 71 1789 ὑπ’
91 1762 176 1790 αὐτοῦ
196 1762 396 1799 προρρηθείσας
417 1763 586 1799 προφητείας
609 1764 642 1791 ὲκ
661 1764 818 1800 σπέρματος

28 1809 113 1843 Δαϐὶδ,
129 1809 178 1836 καὶ
198 1809 331 1844 ’Λσραὲιμ,
356 1809 441 1844 φυλῆς
472 1810 565 1836 Ἰούδα’
591 1811 639 1837 καὶ
654 1811 765 1845 γέγονεν
789 1811 817 1837 ἐν

31 1857 116 1892 μήτρᾳ
136 1855 270 1891 παρθένου
291 1856 305 1882 ὁ
325 1855 498 1883 διαπλάσσων
517 1857 620 1888 πάντας
639 1858 702 1889 τοὺς
716 1865 817 1891 γεννω-

30 1902 132 1937 μένους,
146 1902 193 1928 xui.
206 1901 401 1937 ὲνεσαρκώθηό
412 1902 542 1938 ἄσαρκος,
557 1904 571 1930 6
586 1903 709 1939 ἀχρόνως
723 1912 819 1939 γεννη-

29 1948 82 1980 θεὶς
99 1949 129 1975 ὲν
149 1947 237 1984 χρόνῳ
252 1947 407 1982 γεγένηται·
431 1948 656 1985 πολιτευσάμενος
675 1950 756 1982 ὁσίως
771 1951 818 1977 καὶ

30 1994 177 2026 παιδεύσας
198 1993 344 2029 ὲνθέσμως,
361 1995 451 2021 πᾶσαν
467 1995 544 2022 νόσον
564 1996 612 2022 καὶ
627 1997 717 2023 πᾶσαν
733 1996 819 2032 μαλα-

30 2041 87 2066 κίαν
101 2040 133 2073 ὲξ
147 2040 298 2076 ἀνθρώπων
322 2040 470 2075 ἀπελάσας,
490 2043 592 2077 σημεῖά
607 2050 636 2069 τε
656 2043 702 2069 καὶ
718 2043 819 2079 τέρατα

29 2088 55 2113 ἐν
68 2087 107 2123 τῷ
121 2087 180 2122 λαῷ
195 2088 320 2123 ποιήσας·
337 2088 440 2124 τροφῆς
455 2089 502 2115 καὶ
516 2088 598 2115 ποτοῦ
615 2090 661 2116 καὶ
674 2089 759 2116 ὕπνου
776 2099 819 2125 με-

27 2133 162 2166 ταλαϐὼν,
179 2135 193 2160 6
209 2134 316 2170 τρέφων
336 2134 440 2167 πάντας
459 2136 522 2167 τοὺς
537 2135 686 2171 χρῄζοντας
704 2137 818 2173 τροφῆς,

28 2181 74 2211 καὶ
84 2180 255 2216 ὲμπιμπλῶν
270 2181 324 2207 πᾶν
347 2180 417 2213 ζῶον
438 2181 571 2213 εὐδοκίας·
591 2182 746 2218 ὲφανέρωσέ
771 2191 818 2209 σου

28 2226 56 2252 τὸ
77 2227 167 2262 ὄνομα
187 2227 243 2258 τοῖς
264 2226 405 2261 ἀγνοοῦσιν
421 2228 496 2261 αὐτὸ,
513 2228 563 2264 τὴν
584 2215 694 2263 ἄγνοιαν
718 2229 820 2264 ὲφυγά-
835 2215 858 2245 D

28 2273 115 2307 δευσε,
130 2273 182 2308 τὴν
202 2272 341 2300 εὐσέϐειαν
364 2274 577 2311 ἀνεζωπύρωσε,
593 2276 624 2302 τὸ
643 2275 749 2312 θέλημά
772 2285 819 2303 σου

28 2319 183 2355 ἐπλήρωσε,
202 2319 233 2346 τὸ
249 2319 328 2355 ἔργον
343 2320 358 2346 ὃ
379 2320 482 2352 ἔδωκας
497 2321 571 2357 αὐτῷ
593 2321 744 2349 ἐτελείωσε.
765 2323 820 2350 Καὶ

29 2365 114 2392 ταῦτα
128 2366 219 2392 πάντα
232 2365 417 2402 κατορθώσας,
440 2368 534 2403 χερσὶν
555 2368 663 2403 ἀνόμων
685 2377 820 2404 κατασχε-

29 2411 96 2444 θεὶς,
123 2412 220 2447 ἱερέων
240 2413 287 2439 καὶ
307 2413 458 2450 ἀρχιερέων
476 2413 661 2450 ψευδωνύμων
683 2414 731 2441 καὶ
755 2414 820 2441 λαοῦ

30 2457 202 2493 παρανόμου,
214 2458 344 2494 προδοσία
355 2458 403 2486 τοῦ
418 2459 468 2495 τὴν
478 2459 577 2486 καχιαν
591 2460 763 2496 νοσήσαντος,
774 2461 822 2487 καὶ

31 2504 118 2531 πολλὰ
135 2504 231 2531 παθὼν
248 2506 294 2531 ὐπ’
303 2505 402 2537 αὐτῶν,
415 2506 463 2533 καὶ
476 2506 566 2533 πᾶσαν
582 2506 692 2542 ἀτιμίαν
704 2506 823 2539 ὑποστὰς

32 2553 62 2586 σῇ
75 2552 261 2587 συγχωρήσει,
275 2551 437 2587 παραδοθεὶς
451 2552 560 2588 Πιλάτῳ
573 2552 612 2588 τῷ
633 2552 762 2588 ἡγεμόνι,
776 2553 823 2580 καὶ

31 2598 137 2633 κριθεὶς
150 2598 164 2624 6
175 2599 282 2634 κριτὴς,
300 2599 347 2626 καὶ
363 2598 541 2634 κατακριθεὶς
552 2599 566 2625 6
583 2599 694 2635 Σωτὴρ,
714 2599 824 2636 σταυρῷ

30 2643 196 2680 προσηλώοη
205 2645 220 2671 ὁ
229 2645 346 2681 ἀπαθὴς,
359 2646 405 2672 καὶ
416 2645 550 2672 ἀπέθανεν
564 2645 578 2671 6
592 2646 625 2681 τῇ
639 2645 825 2680 φύσειάθάνα-

59 2773 71 2788 '
86 2772 284 2805 Psalctxxm,
308 2775 352 2802 15.
409 2775 431 2791 ί⁶
453 2775 511 2804 Jos.
535 2784 572 2803 vr.

630 2776 755 2814 'frlgnat.
778 2777 905 2814 interpol.
921 2779 956 2807 ad
971 2779 1054 2809 Trall.
1077 2780 1104 2808 5.

868 1582 992 1617 legibus;
1007 1581 1142 1616 pontifex,
1157 1582 1265 1615 hostia;
1281 1585 1385 1616 pastor,
1401 1581 1480 1614 ovis;
1496 1585 1523 1608 et
1537 1583 1565 1608 te
1581 1587 1661 1608 suum

868 1627 953 1656 Deum
978 1635 1011 1655 ac
1034 1627 1144 1656 Patrem
1173 1628 1292 1664 placavit
1319 1631 1402 1662 atque
1418 1627 1521 1654 mundo
1537 1627 1662 1654 reconci-

868 1674 954 1707 liavit,
971 1679 1140 1710 cunctosque
1158 1675 1192 1702 ab
1212 1675 1372 1702 imminente
1393 1674 1433 1701 ira
1459 1672 1597 1704 liberavit,
1621 1672 1662 1699 fa-

868 1724 929 1748 ctus
953 1727 986 1748 ex
1004 1721 1119 1756 virgine,
1144 1719 1233 1748 factus
1258 1720 1287 1748 in
1309 1727 1404 1753 carne,
1433 1719 1504 1747 Deus
1524 1718 1660 1748 Verbum,

868 1767 985 1794 dilectus
1010 1766 1114 1798 Filius,
1134 1767 1334 1802 primogenitus
1357 1766 1448 1792 omnis
1468 1768 1613 1795 creaturae,
1634 1767 1662 1790 et

869 1813 1020 1841 secundum
1038 1812 1195 1848 prophetias
1217 1813 1251 1840 ab
1275 1813 1335 1847 ipso
1357 1811 1391 1839 de
1407 1819 1436 1839 se
1452 1810 1596 1847 praedictas
1616 1816 1662 1835 0r-

869 1863 913 1886 tus
935 1867 967 1886 ex
990 1858 1094 1887 semine
1120 1858 1230 1886 Davidis
1251 1862 1279 1885 ct
1302 1857 1450 1885 Abrahami
1476 1864 1508 1884 ac
1532 1856 1566 1884 de
1588 1855 1662 1882 tribu

868 1904 944 1934 Iuda:
958 1915 964 1932 :
981 1905 1002 1920 "
1018 1909 1045 1932 et
1061 1905 1149 1933 factus
1169 1909 1211 1932 cst
1234 1905 1260 1932 in
1282 1908 1362 1932 utero
1378 1903 1509 1938 Virginis,
1529 1903 1663 1930 formator

869 1953 992 1986 omnium
1011 1952 1058 1988 qui
1073 1951 1238 1988 gignuntur;
1253 1951 1412 1978 incarnatus
1426 1953 1479 1982 est,
1501 1949 1548 1984 qui
1570 1948 1662 1982 carnis

868 2006 982 2035 expers;
1009 1999 1057 2035 qui
1086 1999 1147 2027 sine
1175 2004 1297 2034 tempore
1327 1998 1454 2035 genitus,
1482 1997 1511 2023 in
1541 2001 1664 2029 tempore

869 2049 950 2073 natus
962 2050 1024 2074 est:
1040 2050 1134 2073 sancte
1151 2046 1229 2077 vixit,
1251 2050 1278 2073 et
1293 2045 1412 2080 legitime
1429 2043 1537 2077 docuit;
1553 2048 1662 2068 onlnem

870 2091 995 2119 morbum
1025 2095 1053 2120 et
1087 2099 1195 2119 omnem
1225 2091 1412 2119 infirmitatem
1441 2091 1475 2118 ab
1504 2087 1663 2117 hominibus

869 2138 991 2172 expulit;
1026 2138 1105 2174 signa
1137 2142 1164 2166 et
1196 2138 1320 2181 prodigia
1354 2138 1382 2164 in
1417 2137 1517 2172 populo
1549 2135 1660 2163 edidit:

870 2183 976 2217 cibum,
1005 2188 1113 2219 potum,
1141 2191 1268 2212 somnum
1306 2184 1379 2219 cepit
1405 2183 1444 2215 is,
1472 2183 1518 2218 qui
1546 2184 1662 2209 cunctos

871 2231 1000 2259 alimento
1026 2230 1179 2266 indigentes
1205 2230 1308 2262 nutrit,
1329 2237 1464 2264 omneque
1489 2228 1590 2255 animal
1609 2227 1662 2254 im-

872 2276 928 2312 plet
951 2277 1121 2310 beneplacito
1136 2277 1180 2303 ηε
1202 2276 1387 2304 manifestavit
1406 2283 1505 2303 nomen
1527 2280 1602 2301 tuum
1629 2273 1662 2300 iis

872 2323 920 2358 qui
946 2322 1013 2350 illud
1043 2324 1223 2358 ignorabant;
1254 2322 1359 2358 fugavit
1386 2321 1586 2357 ignorantiam;
1604 2319 1663 2354 pie-

873 2373 957 2397 tatem
990 2369 1186 2403 exsuscitavit;
1215 2369 1384 2396 voluntatem
1416 2372 1489 2395 tuam
1521 2366 1661 2401 implevit;

874 2423 943 2452 opus
963 2416 1036 2451 quod
1055 2416 1080 2444 ei
1099 2415 1215 2448 dedisti,
1236 2415 1437 2444 consummavit
1456 2414 1476 2430 "
1492 2424 1498 2442 :
1520 2418 1602 2448 atque
1619 2412 1664 2440 IIIS

875 2462 1004 2490 omnibus
1021 2462 1137 2490 feliciter
1153 2462 1249 2497 gestis,
1265 2469 1313 2497 per
1325 2461 1508 2497 proditionem
1531 2460 1606 2486 IIIIlls
1617 2459 1663 2493 qui

876 2508 987 2535 malitia:
1001 2509 1097 2535 morbo
1113 2508 1268 2543 languebat,
1283 2507 1498 2543 comprehensus
1519 2511 1561 2533 est
1577 2504 1664 2532 mani-

875 2554 928 2582 bus
942 2553 1151 2589 ﬂagitiOSOrum,
1165 2562 1262 2589 nempe
1278 2553 1348 2581 falso
1363 2554 1474 2581 nomine
1487 2552 1662 2588 gaudentium

877 2600 1049 2628 sacerdotum
1065 2607 1097 2628 ac
1112 2600 1282 2634 pontiﬁcum,
1297 2604 1324 2628 et
1338 2600 1432 2635 populi
1450 2599 1536 2634 iniqui
1549 2606 1558 2629 ι
1578 2605 1593 2624 a
1603 2597 1661 2631 qui-

876 2647 927 2675 bus
939 2647 1024 2674 multa
1038 2654 1137 2682 passus
1155 2650 1206 2679 cst,
1221 2650 1248 2674 et
1261 2654 1370 2675 omnem
1381 2647 1402 2663 ¹⁸
1417 2645 1593 2683 ignominiam
1602 2651 1661 2670 sus—

1161 2781 1183 2797 ¹²
1200 2779 1240 2808 Isa
1271 2789 1309 2812 vr,
1330 2780 1358 2808 2.
1414 2779 1435 2796 ¹³
1452 2778 1520 2806 Dan.
1536 2786 1591 2811 vu,
1615 2777 1661 2805 10-

28 2807 50 2852 I:
65 2808 283 2852 I‘iéz.‘”gﬂ5_;"
300 2808 526 2852 ISELat'HIDEEI'POI-
543 2812 577 2840 ad
590 2807 739 2847 Τι’ἃῙΙ-Ἷθὶ
756 2814 790 2842 ad
809 2807 867 2842 Smi-
883 2814 896 2841 1
909 2823 917 2848 ;
931 2815 964 2844 ad
976 2807 1066 2852 Magn.
1079 2807 1122 2844 Il.
1162 2817 1184 2833 "
1197 2815 1270 2844 Psal.
1282 2807 1371 2849 cSLiv,
1386 2815 1428 2843 I6.
1468 2815 1488 2830 ¹⁷
1503 2807 1662 2842 ιιυθυξινιι.

28 2842 49 2857 ⁸⁸
66 2844 157 2879 Ignat.
173 2843 270 2879 interp.
285 2842 415 2873 ad'TraIl.
428 2846 471 2874 10.
