1900 3108
230 158 300 186 “03

646 156 676 184 S.
696 152 920 184 CLEMENTlSl
939 155 1024 186 ROM.
1042 154 1143 184 PONT.
1163 153 1279 184 OPEBA
1296 155 1411 185 DUBlA.

1792 158 1852 186 “0‘

225 215 320 248 tinuit,
336 214 474 249 permissu
502 219 567 247 tuo;
584 214 703 243 traditus
717 218 760 243 est
782 213 871 242 Pilato
884 214 993 250 prasidi
1009 223 1017 248 ;
1034 218 1048 248 Α

1069 223 1125 247 τος,
1139 214 1187 241 καὶ
1199 214 1285 251 ἐτάφη
1300 215 1315 241 ὁ
1334 213 1475 247 ζωοποιὸς,
1492 214 1536 240 ἴνα
1550 213 1656 246 πάθους
1670 213 1740 250 λύσῃ
1754 216 1798 242 καὶ
1810 216 1853 242 θα-

223 261 364 296 judicatus
386 264 439 294 est,
459 261 561 296 judex;
576 261 775 288 condemnatus
790 264 843 293 est,
866 260 991 288 Salvator
1007 269 1014 294 ;

225 307 301 334 cruci
317 306 413 334 allixus
423 310 477 340 est,
493 307 539 342 qui
555 307 610 342 pati
630 315 685 334 non
701 311 807 342 potest;
824 313 948 334 mortuus
963 311 1015 339 est,

225 356 328 380 natura
345 353 523 386 immortalis;
547 353 671 388 sepultus
686 357 739 385 est,
760 353 824 380 vitae
838 353 970 387 ell'ector;
987 357 1016 380 ut

226 398 290 426 illos
305 404 416 434 propter
435 407 506 434 quos
532 399 691 430 advenerat.
707 406 722 426 a
742 399 873 434 passione
888 399 1015 432 solveret,

226 447 254 470 et
266 450 280 470 a
293 447 381 471 morte
392 443 518 479 eriperet,
534 449 564 472 ut
576 444 677 472 diaboli
693 444 802 472 vincula
818 449 965 478 rumperet,
980 443 1015 469 il-

227 488 335 523 liusque
350 496 384 516 ex
403 488 509 517 fallacia
525 490 653 518 liberaret
668 490 792 518 homines
806 499 813 517 :
836 489 986 517 resurrexit
1000 496 1016 517 ο

226 536 343 563 mortuis
354 535 435 563 tertia
449 534 494 564 die
509 546 516 563 :
530 536 710 572 quadraginta
720 536 817 564 diebus
827 541 1016 564 commoratus

225 589 289 609 cum
301 581 455 617 discipulis,
466 586 624 617 assumptus
637 587 678 610 est
689 583 717 609 in
726 583 812 610 cmlos
822 591 829 616 ;
841 587 868 611 et
881 582 915 610 ad
923 583 1017 611 dexte-

226 636 286 656 ram
303 629 406 657 assidet
418 629 477 662 tibi,
495 628 550 656 Deo
565 636 597 656 ac
620 627 693 655 Patri
708 636 768 656 suo.
782 629 804 644 “
817 628 950 656 Memores
966 629 1017 663 igi-

228 679 273 702 tur
289 682 383 703 eorum
400 683 461 711 quae
473 679 583 710 propter
597 682 648 702 nos
662 675 784 710 pertulit,
796 675 898 710 gratias
910 675 1016 709 agimus

227 721 289 753 tibi,
308 720 380 749 Deus
397 721 584 755 omnipotens,
601 728 655 749 non
681 725 814 756 quantum
830 721 971 753 debemus,
989 725 1016 748 at

227 770 360 802 quantum
374 774 539 802 possumus;
558 771 585 795 et
599 767 825 795 constitutionem
841 767 901 802 ejus
921 767 1017 802 imple-

227 819 300 841 mus.
313 812 342 840 ln
354 820 407 848 qua
423 813 495 841 enim
508 818 590 841 nocte
602 814 772 845 tradebatur,
789 821 860 849 pane
870 814 975 842 sanctis
984 821 1016 841 ac

227 859 411 888 immaculatis
428 860 556 888 manibus
571 860 628 887 suis
639 864 762 895 accepto,
780 863 807 888 et
824 860 936 888 elevatis
950 868 1016 887 ocu-

227 904 262 932 lis
277 905 310 932 ad
323 909 350 933 te
361 904 446 933 Deum
463 913 543 934 suum
560 913 591 933 ac
604 893 725 938 Patrem,
743 906 833 941 fregit,
847 911 873 934 et
885 906 960 934 dedit
973 906 1016 934 di-
1032 893 1052 921 Β

228 951 353 985 scipulis,
365 951 479 980 dicens:
495 961 504 977 ι
529 951 587 979 Hoc
601 956 644 980 est
660 953 821 987 mysterium
835 952 904 980 Novi
919 951 1016 980 Testa-

227 997 325 1030 menti,
346 998 462 1033 accipite
475 1006 507 1026 ex
520 1005 564 1030 eo,
589 998 755 1026 manducate
769 1008 776 1026 :
791 999 843 1026 hoc
854 1002 896 1027 est
914 1006 1015 1034 corpus

225 1050 329 1076 meum,
344 1044 417 1079 quod
436 1051 486 1079 pro
507 1045 602 1072 multis
622 1044 768 1080 frangitur,
782 1044 809 1071 in
825 1044 1016 1072 remissionem

225 1091 412 1124 peccatorum.
430 1090 564 1118 Similiter
581 1090 697 1118 calicem
713 1090 825 1118 miscuit
843 1098 876 1118 ex
900 1090 965 1117 vino
989 1093 1016 1118 et

225 1140 307 1169 aqua,
325 1135 517 1167 sanctilleavit,
532 1143 564 1163 ac
576 1135 652 1163 dedit
668 1136 776 1170 iisdem,
798 1136 912 1164 dicens:
928 1135 1016 1164 Bibite

224 1187 258 1208 ex
273 1188 305 1208 eo
320 1189 416 1210 omnes
430 1191 435 1209 :
453 1182 498 1209 hic
513 1186 555 1209 est
572 1183 684 1218 sanguis
698 1190 788 1215 meus,
800 1183 846 1218 qui
860 1189 910 1217 pro
923 1182 1016 1210 multis

225 1227 375 1256 ell‘unditur
384 1228 412 1255 in
421 1228 612 1256 remissionem
625 1232 810 1264 peccatorum.
825 1228 882 1256 Hoc
893 1228 974 1256 facite
987 1228 1016 1256 in

225 1282 314 1301 meam
351 1275 649 1303 commemorationem.
680 1275 906 1310 Quotiescunque
941 1275 1015 1303 enim

225 1321 429 1349 manducabitis
446 1328 541 1357 panem
556 1321 640 1354 hunc,
650 1325 677 1349 et
689 1322 788 1350 bibetis
801 1321 875 1349 hunc
888 1321 1014 1354 calicem,

224 1371 341 1395 mortem
358 1374 447 1395 meam
475 1368 685 1400 annuntiabitis,
710 1368 799 1395 donec
825 1367 932 1394 veniam
951 1367 985 1395 ‘°.
1003 1376 1013 1393 ι

224 1413 247 1429 ⁹¹
263 1412 358 1448 Itaque
374 1422 510 1442 memores
536 1415 673 1450 passionis
692 1415 764 1450 ejus,
787 1419 815 1442 et
835 1414 942 1447 mortis,
958 1417 986 1442 et
998 1421 1014 1441 a

224 1460 342 1487 mortuis
364 1461 587 1493 resurrectionis,
612 1466 694 1496 atque
712 1461 740 1488 in
756 1461 857 1488 coelum
881 1461 1013 1496 reditus;

225 1513 333 1533 necnon
347 1506 461 1534 secundi
476 1507 620 1540 adventus,
637 1515 718 1543 quem
732 1507 804 1535 idem
819 1507 943 1535 facturus
957 1511 1014 1539 est,

225 1551 254 1578 in
263 1559 318 1587 quo
328 1559 390 1580 eum
402 1553 486 1588 gloria
502 1557 529 1581 et
541 1557 677 1590 potestate
694 1553 786 1580 veniet
797 1553 922 1588 judicare
938 1553 1015 1580 vivos
1029 1563 1050 1592 ο

226 1602 254 1626 et
269 1603 394 1627 mortuos
407 1599 441 1631 “.
457 1603 484 1627 et
506 1599 620 1627 reddere
637 1599 753 1634 singulis
765 1600 845 1635 juxta
867 1607 951 1634 opera
965 1606 1013 1626 eo-

225 1651 288 1671 rum
301 1644 341 1678 ¹³ς
366 1645 416 1672 tibi
441 1643 546 1682 rcgi'ac
569 1645 625 1673 Deo
640 1653 737 1681 panem
753 1645 828 1673 hunc
853 1649 881 1673 et
901 1645 1014 1673 calicem

225 1691 300 1718 hunc
328 1691 482 1724 oderimus,
508 1691 659 1720 secundum
689 1691 915 1719 constitutionem
943 1691 1014 1726 ejus,

225 1739 328 1774 gratias
344 1739 392 1766 tibi
415 1746 464 1774 per
477 1746 539 1766 eum
563 1742 686 1774 agentes,
709 1738 773 1773 quia
788 1745 839 1765 nos
855 1737 952 1773 dignos
967 1739 1016 1764 ha-

226 1784 323 1817 buisti,
341 1785 388 1820 qui
407 1789 545 1813 staremus
559 1792 652 1812 coram
669 1788 707 1818 te,
726 1791 758 1812 ae
774 1784 929 1812 sacerdotio
953 1783 1017 1810 fun-

225 1838 353 1866 geremur
363 1831 411 1858 tibi
424 1840 431 1865 ;
443 1836 469 1858 et
481 1832 621 1866 poscimus
637 1835 674 1863 te,
687 1834 718 1858 ut
734 1838 818 1866 super
831 1830 889 1857 haec
903 1830 976 1857 dona
987 1830 1015 1856 in

225 1882 377 1913 conspectu
399 1883 447 1905 tuo
471 1878 611 1913 proposita
627 1877 734 1912 placate
749 1877 894 1912 respicias,
916 1879 949 1903 tu
968 1875 1016 1911 qui

225 1924 329 1952 nullius
345 1923 452 1960 indiges
470 1924 553 1957 Deus,
573 1927 600 1951 et
616 1924 796 1959 beneplaceas
813 1923 842 1950 in
864 1923 906 1950 eis
917 1921 952 1949 ad
966 1921 1018 1949 ho-

225 1977 321 1997 norem
339 1969 443 1998 Christi
468 1969 520 2002 tui,
547 1974 629 2005 atque
653 1977 738 2004 supra
766 1969 819 1996 hoc
846 1967 1015 1996 sacriﬁcium

227 2016 320 2044 mittas
342 2020 467 2043 sanctum
483 2020 560 2043 tuum
576 2015 720 2051 Spiritum,
744 2018 840 2042 testem
856 2014 1017 2049 passionum

226 2061 335 2089 Domini
349 2061 425 2093 Jesu,
445 2065 474 2089 ut
487 2062 612 2090 exhibeat
629 2068 728 2097 panem
743 2061 816 2088 hunc
827 2067 927 2095 corpus
937 2060 1017 2088 Chri-

228 2108 264 2135 sti
274 2108 325 2139 tui,
341 2111 368 2135 et
383 2107 498 2136 calicem
512 2107 586 2136 hunc
601 2107 763 2143 sanguinem
779 2105 882 2133 Christi
899 2105 951 2138 tui,
962 2113 1017 2141 quo

227 2154 376 2190 participes
391 2155 478 2187 illius,
496 2155 530 2183 ad
552 2155 680 2190 pietatem
694 2152 904 2184 conﬁrmentur,
916 2152 1015 2180 remis-

228 2200 334 2227 sionem
356 2205 532 2235 peccatorum
548 2203 767 2235 consequantur,
781 2198 890 2226 diabolo
902 2198 1016 2233 ejusque

1068 263 1149 290 νάτου
1164 262 1288 297 ἐξέληται
1302 262 1413 294 τούτους
1424 261 1488 293 τοὺς
1504 261 1560 297 (57)
1575 261 1609 288 δι’
1619 262 1668 293 οὓς
1680 263 1852 297 παρεγένετο,

1068 308 1115 335 καὶ
1129 307 1198 344 ρήξῃ
1212 308 1247 335 τά
1268 308 1357 343 δεσμὰ
1378 308 1426 334 τοῦ
1447 307 1582 339 sumo»,
1603 308 1652 334 καὶ
1665 308 1783 344 ρύσητιιι
1799 310 1854 341 τοὺς

1068 354 1228 391 ἀνθρώπους
1249 356 1281 381 ὲκ
1303 355 1353 390 τῆς
1376 355 1484 390 ἀπάτης
1503 354 1605 382 αὐτοῦ·
1633 355 1683 381 καὶ
1707 355 1805 391 ἀνέστη
1826 357 1853 382 ὲκ

1067 401 1172 438 νεκρῶν
1190 402 1224 437 τῇ
1246 401 1325 437 τρίτῃ
1343 400 1453 436 ἡμέρᾳ·
1471 401 1518 427 καὶ
1529 401 1738 436 τεσσαράκοντα
1756 401 1854 437 ἡμέρας

1068 447 1241 483 ὲνδιατρίψας
1261 446 1318 482 (58)
1332 448 1389 478 τοῖς
1409 446 1556 482 μαθηταῖς,
1573 446 1714 482 ἀνελήφθη
1738 448 1780 478 εἰς
1798 448 1854 479 τοὺς

1067 493 1207 529 οὐρανοὺς,
1224 492 1272 519 καὶ
1293 492 1427 527 ὲκαθέσθη
1439 493 1471 519 ἐκ
1491 492 1588 525 δεξιῶν
1606 501 1653 518 σου
1668 493 1718 519 τοῦ
1733 492 1800 519 Θεοῦ
1814 494 1855 520 καὶ

1067 539 1173 574 Πατρὸς
1183 538 1276 565 αὑτοῦ.
1288 538 1466 573 Μεμνημένοι
1476 536 1522 565 οὖν
1531 535 1569 564 ὦν
1579 538 1612 564 δι’
1622 539 1698 574 ἡμᾶς
1716 539 1841 574 ὑπέμεινε
1848 559 1854 570 ,

1067 583 1282 619 εὐχαριστοῦμέν
1297 591 1348 615 σοι,
1362 583 1414 610 Θεὲ
1431 585 1633 620 παντόχρατορ,
1647 585 1698 619 οὐχ
1711 585 1774 612 ὅσον
1789 586 1856 620 ὑφεί-

1066 629 1159 665 λομεν,
1182 629 1239 656 ἀλλ’
1250 630 1312 656 ὅσον
1334 629 1484 665 δυνάμεθα,
1507 630 1554 656 καὶ
1571 630 1622 666 τὴν
1639 630 1764 664 διάταξιν
1780 632 1855 658 αὺτώ

1066 674 1232 711 πληροῦμεν,
1254 675 1298 702 Ἑν
1342 675 1397 711 γὰρ
1409 676 1486 702 νυκτὶ
1496 675 1662 711 παρεδίδοτο,
1678 676 1771 703 λαϐὼν
1781 679 1855 713 ipim

1065 721 1126 752 ταῖς
1143 721 1234 755 ἁγίαις
1245 722 1293 748 καὶ
1303 720 1429 757 ἀμώμοις
1440 721 1522 748 αὐτοῦ
1533 722 1622 758 χερσὶ,
1642 722 1691 748 καὶ
1705 722 1856 758 ἀναϐλέψας

1066 766 1135 802 πρὸς
1152 766 1182 793 σὲ
1198 767 1245 793 τὸν
1266 766 1334 794 Θεὸν
1354 766 1438 794 αὐτοῦ
1463 768 1510 794 καὶ
1532 767 1654 803 Πατέρα,
1678 769 1726 795 χαὶ
1747 769 1853 801 κλάσας,

1066 812 1150 839 ἔδωκε
1168 813 1224 845 τοῖς
1243 812 1378 849 μαθηταῖς
1397 812 1483 840 εἰπών
1495 822 1501 828 ·
1518 822 1528 839 ι
1547 813 1633 840 Τοῦτο
1654 814 1687 840 τὸ
1710 817 1855 850 μυστήριον

1065 858 1363 895 τῆςΚαινῆςΔιαθήκης
1372 867 1378 874 ·
1390 859 1486 886 λάὸετε
1497 858 1526 892 ἐξ
1535 859 1630 891 αὑτοῦ,
1643 860 1747 894 φάγετε
1758 869 1766 876 ·
1780 862 1856 888 τοῦτο

1066 905 1123 930 ὲστι
1138 903 1169 930 τὸ
1182 904 1262 940 σῶμά
1279 913 1341 940 μου,
1357 905 1388 932 τὸ
1402 905 1467 941 περὶ
1485 905 1591 932 πολλῶν
1614 905 1801 942 θρυπτόμενον
1819 909 1856 939 εἰς

1064 950 1162 985 ἄφεσιν
1176 951 1318 986 ἁμαρτιῶν
1328 960 1334 966 ·
1350 951 1481 983 ὡσαύτως
1491 951 1577 978 καὶτὸ
1593 953 1724 987 ποτήριον
1739 953 1858 988 κεράσας

1065 995 1094 1030 ἐξ
1106 996 1179 1023 οῐνου
1199 997 1246 1023 καὶ
1265 996 1362 1029 ὕδατος
1383 996 1450 1032 (59),
1470 997 1518 1024 καὶ
1532 997 1661 1032 ἁγιάσας,
1677 998 1815 1024 ἐπέδωκεν
1824 1000 1856 1014 ἐ’

1065 1042 1167 1075 αὐτοῖς,
1183 1042 1284 1078 λέγων·
1293 1043 1374 1069 Πίετε
1387 1043 1416 1077 ἐξ
1430 1043 1512 1070 αὑτοῦ
1529 1044 1630 1075 πάντες
1641 1052 1648 1058 ·
1663 1044 1746 1070 τοῦτό
1759 1045 1816 1071 ἐστι
1830 1046 1857 1071 τὸ

1065 1085 1136 1124 αἷμά
1157 1097 1223 1124 μου,
1243 1089 1273 1116 τὸ
1290 1089 1355 1125 περὶ
1371 1089 1477 1116 πολλῶν
1495 1090 1676 1126 ὲκχυνόμενον
1700 1092 1742 1123 εὶς
1764 1092 1857 1126 ἄφεσιν

1066 1134 1217 1170 ἁμαρτιῶν.
1239 1135 1325 1162 Τοῦτο
1345 1136 1448 1162 ποιεῖτε
1469 1136 1508 1167 εῑς
1529 1136 1579 1171 τὴν
1603 1137 1675 1172 ἐμὴν
1693 1137 1856 1174 ἀνάμνηειν.

1072 1180 1181 1212 Ὁσάκις
1196 1180 1251 1217 γὰρ
1272 1180 1319 1208 ἐὰν
1331 1180 1443 1217 ἐσθίητε
1461 1181 1507 1208 τὸν
1529 1182 1610 1217 ἄρτον
1619 1182 1731 1214 τοῦτον,
1751 1184 1800 1210 καὶ
1816 1185 1859 1210 πέ-

1066 1235 1130 1263 νητε
1156 1227 1187 1254 τὺ
1215 1228 1344 1263 ποτήριον
1371 1227 1469 1259 τοῦτο,
1501 1227 1546 1254 τὸν
1569 1227 1685 1255 θάνατον
1712 1229 1763 1256 τὸν
1795 1230 1857 1265 etet

1066 1272 1282 1307 καταγγέλλετε,
1306 1273 1386 1309 ἄχρις
1408 1273 1442 1300 ἂν
1465 1273 1545 1300 ἔλθω.
1564 1283 1573 1299 ι
1598 1275 1783 1310 Μεμνημένοι
1805 1277 1858 1302 τοί-

1065 1327 1113 1346 νυν
1131 1319 1179 1346 τοῦ
1203 1319 1306 1351 πάθους
1327 1320 1421 1352 αὑτοῦ,
1443 1319 1547 1347 καὶτοῦ
1562 1320 1689 1353 θανάτου,
1704 1322 1755 1348 καὶ
1765 1321 1816 1357 τῆς
1829 1324 1858 1349 ix

1065 1364 1170 1401 νεκρῶν
1189 1365 1379 1398 ἀναστάσεως,
1400 1366 1447 1394 καὶ
1471 1367 1521 1402 τῆς
1543 1368 1583 1399 εἰς
1607 1367 1743 1404 οὐρανοὺς
1763 1370 1860 1396 ἐπε.νό-

1064 1409 1121 1443 δου,
1141 1411 1188 1438 καὶ
1202 1411 1253 1447 τῆς
1267 1411 1416 1447 μελλούσης
1433 1412 1517 1439 αὑτοῦ
1533 1413 1665 1449 δευτέρας
1687 1416 1857 1450 παρουσίας,

1066 1454 1122 1494 ένῇ
1137 1457 1246 1493 ἔρχεται
1265 1457 1334 1494 μετὰ
1346 1458 1426 1494 δόξης
1439 1459 1638 1495 καὶδυνάμεως
1648 1462 1744 1496 κρῖναι
1760 1462 1860 1495 ζῶντας

1066 1504 1113 1530 καὶ
1134 1504 1259 1540 νεκροὺς,
1287 1504 1334 1531 καὶ
1354 1504 1501 1532 ἀποδοῦναι
1519 1505 1627 1541 ἑκάστῳ
1647 1506 1721 1533 κατὰ
1741 1507 1779 1534 τὰ
1794 1509 1861 1544 ἔργα

1067 1550 1160 1583 αὑτοῦ,
1186 1550 1377 1586 προσφέρομέν
1393 1559 1433 1577 σοι
1448 1551 1488 1587 τῷ
1499 1551 1603 1587 βασιλεῖ
1627 1553 1674 1578 καὶ
1694 1552 1776 1589 Θεῷ,
1794 1555 1862 1580 κατὰ

1066 1597 1116 1632 τὴν
1123 1596 1205 1623 αὑτοῦ
1218 1596 1349 1630 διάταξιν,
1362 1597 1504 1634 mem
1514 1597 1618 1629 τοῦτον,
1629 1598 1678 1625 καὶ
1688 1599 1720 1625 τὸ
1732 1601 1862 1636 ποτήριον

1065 1643 1154 1675 τοῦτο,
1166 1642 1393 1678 εὐχαριποῦντές
1406 1652 1447 1670 σοι
1457 1644 1491 1671 δι’
1502 1644 1596 1677 αὑτοῦ,
1611 1646 1655 1679 ἐφ’
1665 1643 1709 1677 οἶς
1722 1647 1862 1682 κατηξίω-

1067 1697 1117 1721 σας
1135 1690 1211 1724 ἡμᾶς
1230 1689 1340 1716 ἑστάναι
1355 1689 1470 1717 ἐνώπιόν
1483 1699 1542 1722 σου,
1559 1692 1607 1718 καὶ
1631 1691 1789 1727 ἱερατεύειν
1814 1703 1861 1725 τοι,

1066 1736 1114 1762 καὶ
1133 1735 1261 1771 ἀξιοῦμέν
1281 1744 1323 1768 σε,
1345 1736 1420 1768 ὅπως
1440 1737 1563 1773 εὐμενῶς
1587 1738 1741 1775 ὲπιϐλέψῃς
1766 1741 1816 1768 ἐπὶ
1832 1742 1863 1768 τὰ

1065 1782 1234 1818 προκείμενα
1250 1782 1324 1818 δῶρα
1337 1782 1423 1809 ταῦτα
1438 1782 1553 1810 ἐνώπιόν
1569 1792 1628 1816 σου,
1644 1785 1677 1812 σὺ
1697 1786 1713 1812 ὁ
1733 1786 1863 1822 basiet};

1065 1827 1142 1859 Θεὸς,
1157 1827 1204 1854 καὶ
1215 1827 1365 1864 meum;
1379 1829 1421 1855 ἐπ’
1432 1829 1523 1861 αὐτοῖς
1533 1830 1572 1861 εἰς
1586 1830 1670 1866 τιμὴν
1684 1831 1735 1858 τοῦ
1743 1833 1862 1868 Χριστοῦ

1067 1881 1124 1905 σου,
1148 1873 1196 1901 καὶ
1214 1873 1397 1910 καταπέμψῃς
1411 1874 1442 1901 τὸ
1454 1874 1531 1909 ἅγιόν
1547 1884 1594 1902 σου
1617 1876 1737 1913 Πνεῦμα
1753 1879 1803 1905 ἐπὶ
1817 1880 1862 1914 τὴν

1065 1919 1159 1947 θυσίαν
1173 1920 1285 1956 ταύτην,
1299 1920 1345 1947 τὸν
1357 1921 1483 1957 μάρτυρα
1495 1921 1549 1948 τῶν
1560 1922 1734 1958 παθημάτων
1749 1925 1800 1951 τοῦ
1811 1926 1863 1952 Κυ-

1064 1966 1125 2001 ρίου
1148 1966 1246 2002 Ἰησοῦ,
1257 1967 1331 1999 ὅπως
1339 1967 1464 2003 ἀποφήνῃ
1474 1967 1520 1995 τδν
1527 1968 1609 2004 ἄρτον
1618 1968 1716 1997 τοῦτον
1727 1971 1812 2005 σῶμα.
1819 1971 1861 1997 τοῦ

1065 2012 1184 2048 Χριστοῦ
1207 2021 1266 2043 σου,
1280 2012 1328 2039 καὶ
1342 2012 1373 2039 τὸ
1394 2014 1522 2049 ποτήριον
1545 2013 1625 2041 τοῦτο
1639 2011 1712 2052 αἷμα
1726 2017 1780 2043 τοῦ
1797 2017 1860 2052 Χριο

1064 2058 1130 2086 ατοῦ
1156 2067 1215 2091 σου,
1239 2059 1283 2086 ἶνα
1303 2060 1329 2085 οἱ
1353 2058 1550 2095 μεταλαϐόντες
1575 2060 1671 2092 αὐτοί,
1690 2061 1860 2097 pem

1066 2105 1136 2141 πρὸς
1149 2105 1301 2137 εὐσέϐειαν,
1322 2106 1447 2140 ἀφέσεως
1460 2106 1669 2142 ἁμαρτημάτων
1682 2107 1804 2143 τύχωπι,
1818 2109 1860 2135 τοῦ

1064 2151 1188 2178 διαϐόλου
1207 2152 1255 2178 καὶ
1267 2152 1319 2187 τῆς
1333 2152 1437 2188 πλάνης
1450 2152 1533 2179 αὐτοῦ
1550 2152 1682 2189 ῥυσθῶσι,
1700 2154 1860 2189 Πνεύματος

1068 2197 1145 2232 ἁγίου
1164 2197 1354 2233 πληρωθῶσιν,
1367 2198 1437 2231 ἄξιοι
1449 2198 1495 2225 τοῦ
1508 2198 1627 2234 Χριστοῦ
1640 2207 1690 2226 σου
1706 2201 1841 2234 γένωνται
1852 2219 1858 2230 .

227 2253 321 2274 errore
346 2247 507 2281 liberentur,
523 2247 626 2283 Spiritu
644 2249 740 2274 sancto
755 2245 922 2282 repleantur,
939 2245 1016 2281 digni
1033 2240 1048 2271 Ε

1068 2243 1142 2279 ζωῆς
1167 2244 1275 2270 αἰωνίου
1301 2244 1415 2279 τύχωσι,
1443 2243 1490 2270 σοῦ
1513 2244 1733 2280 καταλλαγέντες
1761 2247 1857 2277 αὐτοῖς.

227 2292 338 2321 Christo
349 2298 396 2321 tuo
408 2294 485 2326 llant,
496 2294 581 2321 vitam
596 2293 789 2328 sempiternam
808 2291 966 2327 impetrent,
989 2296 1016 2319 te

227 2340 283 2368 illis
295 2341 484 2374 reconciliato,
505 2340 620 2368 Domine
638 2339 822 2374 omnipotens.
838 2337 934 2365 Adhuc
952 2344 1016 2365 ora-

1068 2289 1191 2316 Δέσποτα
1206 2289 1406 2326 παντόκρατορζ
1422 2290 1483 2316 Ἔτι
1495 2290 1613 2326 δεόμεθά
1626 2299 1687 2323 σου,
1698 2292 1801 2328 Κύριε,
1815 2293 1858 2318 χιι

1068 2335 1139 2372 ὑπὲρ
1156 2334 1208 2370 τῆς
1226 2336 1305 2370 ἁγίας
1326 2344 1374 2363 σου
1402 2336 1564 2372 Ἐκκλησίας
1586 2337 1637 2372 τῆς
1653 2338 1712 2365 ἀπὸ
1730 2339 1858 2375 περάτων

264 2410 394 2450 ’[βίοοξ.
411 2410 586 2450 Methon._De
596 2419 705 2450 corpore
719 2419 744 2440 et
759 2414 885 2450 sanguine
901 2413 1010 2450 Christi.
1049 2413 1071 2428 ²⁰
1087 2411 1249 2450 γΙ-(Σοτηιιιξ-
1261 2411 1356 2439 Matth.
1384 2419 1447 2450 xxvi
1461 2410 1585 2450 ;__h1:_trc.
1613 2419 1671 2450 xlv;
1695 2412 1767 2450 Luc.
1783 2420 1856 2450 _xxu.

229 2445 342 2508 "'6Nic.
361 2446 481 2475 Methon.
496 2447 573 2481 ἡμῖν.

229 2489 256 2508 ιι.
289 2502 297 2508 .

226 2489 256 2514 ιι,
270 2489 297 2510 υ.

644 2448 667 2463 "
687 2447 772 2484 lgnat.
789 2447 917 2485 interpoi.
929 2449 963 2476 ad
979 2449 1068 2484 Magn.
1083 2448 1126 2475 ll.

1183 2447 1206 2463 ¹¹
1225 2446 1309 2474 Marc.
1326 2454 1385 2480 xm,
1411 2446 1457 2480 ‘26;
1474 2445 1495 2473 ll
1511 2445 1581 2473 Tim.
1598 2454 1636 2478 ιν,
1653 2448 1680 2475 ί.
1734 2449 1762 2464 ’³
1782 2448 1856 2475 nom.

902 2540 1081 2570 VARIORUM
1097 2539 1213 2568 NOTAE.

263 2607 321 2678 (57;
342 2609 425 2642 Τούς.
440 2607 521 2636 Deest
535 2609 638 2638 rectius
649 2609 677 2637 in
690 2609 753 2637 eod.
769 2609 850 2638 Vind.
860 2610 945 2639 Cum.

263 2643 309 2678 (58
346 2644 560 2678 Ἠν-διατρίψας.
582 2645 778 2678 Συνδιατριψας
792 2646 891 2674 melius
905 2646 934 2673 in

229 2643 560 2706 “ﬁgmdgdmtpl‘wag.
582 2645 778 2682 Συνδιατριψας
792 2646 891 2674 melius
905 2646 934 2673 in
953 2645 1016 2674 cod.

253 2686 346 2707 ιιιαοι).
358 2686 396 2707 ID.

263 2713 317 2749 (59)
341 2714 374 2741 Τὸ
390 2714 532 2748 ποτήριον
545 2716 675 2749 κεράσας
685 2715 720 2748 ἐξ
736 2716 820 2743 οἴνου
835 2716 884 2742 καὶ
897 2715 1016 2748 ὕδατος.

227 2748 329 2786 contra
343 2750 413 2778 duas
423 2750 543 2786 haereses
558 2748 591 2778 ex
607 2752 724 2778 adverso
739 2755 910 2786 pugnantes;
924 2750 1018 2777 Mono-

229 2784 403 2821 physltarum
418 2788 446 2812 et
461 2785 651 2813 Armeniorum
679 2784 818 2814 solo—vivito
833 2786 860 2812 in
876 2787 1016 2821 mysteriis

229 2820 377 2857 utentium,
394 2824 474 2854 atque
490 2821 668 2857 aquariorum
693 2822 751 2849 sive
776 2820 1018 2857 hydroparastata-

232 2860 300 2889 runt
309 2855 367 2882 sola
388 2862 469 2889 aqua.
490 2854 528 2884 De
546 2856 588 2883 his
602 2857 781 2885 observabilis
796 2854 826 2883 'et
847 2854 922 2883 varia
938 2857 1018 2884 lectio

234 2889 269 2915 ad
284 2887 347 2925 Leg.
362 2887 465 2919 Nare”.
481 2889 627 2921 Theodosii
639 2893 681 2919 tit.
699 2892 715 2920 5
728 2888 766 2920 De
778 2891 891 2925 Judwis,
911 2891 1016 2927 Hydro-

1066 2614 1232 2646 parastatgs,
1240 2613 1265 2636 et
1274 2608 1481 2646 Hydrophobos:
1490 2609 1577 2646 prima
1587 2610 1615 2637 in
1625 2609 1764 2646 Novella};
1776 2610 1858 2646 altera

1067 2644 1171 2673 citante
1184 2644 1353 2673 Rabano'vel
1366 2646 1420 2672 alio
1432 2644 1551 2680 capi“,
1564 2645 1612 2673 lib.
1628 2650 1721 2672 contra
1728 2645 1856 2672 Iuda-os:

1068 2689 1129 2705 nim
1143 2680 1275 2705 exnlicnri
1289 2684 1381 2705 potest
1394 2688 1443 2705 per
1458 2681 1640 2705 Eninhanium
1664 2682 1712 2705 ubi
1728 2681 1767 2705 de
1780 2680 1857 2705 Εὶ-ἰῡ-

1068 2689 1129 2721 quae
1143 2680 1275 2743 etaplicari
1289 2684 1381 2721 potest
1394 2688 1443 2716 per
1458 2681 1640 2721 Epiphanium
1664 2682 1713 2707 ubi
1728 2681 1767 2707 de
1780 2680 1857 2706 Etia-

1068 2723 1153 2757 nans:
1185 2719 1245 2757 ocet
1259 2723 1332 2742 enim
1344 2723 1391 2743 eos
1405 2717 1547 2756 haereticos
1558 2723 1657 2757 aquam
1672 2715 1803 2757 pro-Deo
1813 2715 1857 2753 ha-

1069 2751 1172 2780 buisse.
1186 2751 1316 2786 illamque
1330 2758 1433 2777 meram
1446 2751 1473 2777 in
1490 2755 1615 2778 sanctum
1636 2751 1753 2778 calicem
1769 2751 1856 2787 immi-~

1069 2787 1150 2813 sisse.
1163 2785 1248 2812 Erunt
1262 2787 1354 2826 itaque
1363 2786 1549 2826 hydrophobas
1559 2786 1600 2826 v_el
1608 2785 1803 2826 hydrophohi.
1814 2791 1856 2818 qm

1068 2828 1174 2856 aquam,
1181 2825 1351 2856 reverentur.
1363 2820 1557 2855 Hydrotheitas
1570 2820 1655 2848 habes
1666 2821 1739 2856 apud
1757 2827 1856 2852 anony-

1067 2855 1142 2896 muni
1157 2855 1196 2882 De
1209 2855 1523 2896 heresilruiuscriptorem
1535 2863 1550 2884 a
1568 2855 1716 2885 Sirmoudo
1726 2856 1759 2884 in
1770 2856 1855 2882 luo:-

1067 2891 1211 2925 emissum,
1225 2891 1321 2919 haeresi
1338 2889 1457 2919 75.061.
