1900 3108
59 146 121 174 H05

486 142 785 172 CONSTITL'TlONES
799 141 1072 172 ΑΡοδτοιιεΑεμ-
1083 143 1148 172 LIB.
1165 144 1234 173 VIII.

1609 148 1677 177 1106

55 205 103 236 Im;
116 202 296 240 περάτων,ἢν
314 202 499 239 περιεποιήσω
519 201 560 237 τῷ
574 202 657 238 τιμίῳ
677 201 774 237 αίματι
786 200 834 228 τοῦ

865 209 948 232 imus
962 205 999 235 te.
1015 200 1142 235 Domine.
1166 211 1216 238 pro
1241 208 1338 232 sancta
1359 203 1482 232 Ecclesia
1497 208 1555 237 tua,
1575 213 1635 240 qua:
1662 216 1676 232 ιι

53 249 164 286 Χριστοῦ
181 257 242 281 σου,
264 250 337 280 ὅπως
358 248 443 285 αὐτὴν
461 248 628 284 διαφυλάξῃς
644 248 768 276 ἄσειστον
787 248 835 275 καὶ

53 296 255 327 ἀκλυδιίινιστον,
270 295 334 331 ἄχρι
346 294 398 331 τῆς
420 294 574 326 συντελείας
589 293 637 322 τοῦ
657 294 753 326 αἰῶνος
765 300 771 310 ⁸
786 295 834 322 καὶ

53 344 117 379 ὑπὲρ
131 343 222 378 πάσης
241 341 392 376 ἐπισκοπῆς
405 341 456 376 τῆς
479 340 678 377 ὸρθοτομούσης
695 340 741 367 τὸν
755 340 834 374 λόγον

51 392 95 426 τῆς
113 389 250 425 ἀληθείας.
275 389 335 414 Ἔτι
352 386 564 423 παρακαλοῦμέν
580 395 609 413 σε
632 387 679 413 καὶ
698 385 767 422 ὑπὲρ
781 386 833 422 τῆς

51 437 113 472 ἐμῆς
131 435 176 463 τοῦ
193 433 393 471 προσερέροντός
405 442 446 460 σοι
459 432 590 464 οὐδενίας,
608 432 655 459 καὶ
677 432 747 468 ὑπὲρ
762 440 831 460 παν-

50 483 90 515 τὸς
101 482 146 509 τοῦ
162 480 371 518 πρεσϐυτερίου,
387 480 458 519 ἦπὲρ
476 479 530 506 τῶν
549 479 680 506 διακόνων
695 479 741 505 καὶ
762 486 831 506 παν-

49 530 89 561 τὸς
102 528 146 556 τοῦ
157 528 271 564 κλήρου,
286 526 439 557 ἴναπάντας
450 525 573 559 σοφίσας,
587 525 743 560 Πνεὺματος
752 524 830 559 ἁγίου

50 574 197 610 τ’.)ηρώσῃς.
217 574 278 600 Ἔτι
291 571 504 609 παρακαλοῦμεν
525 580 569 603 σε,
580 571 678 606 Κύριε,
698 571 768 606 ὑπὲρ
782 571 830 598 τοῦ

49 621 180 656 βασιλέως,
197 620 244 646 καὶ
261 619 315 646 τῶν
329 619 359 645 ἐν
371 619 491 654 ὑπεροχῇ
507 618 555 644 καὶ
574 617 676 648 παντὸς
686 616 734 644 τοῦ
746 625 828 652 στρα-

48 667 162 697 τοπέδου,
179 666 224 692 ἵνα
241 664 435 701 είρηνεύωνται
449 664 483 691 τὰ
504 664 574 700 πρὸς
594 665 680 699 ἡμᾶς,
704 664 778 695 ὅπως
801 665 830 690 ὲν

48 713 138 749 ἠσυχίᾳ
154 712 203 739 καὶ
217 712 330 747 ὁμονοίᾳ
343 711 481 746 διάγοντες
499 710 545 737 τὸν
566 710 655 737 πάντα
673 710 766 746 χρόνον
779 710 830 746 τῆς

49 759 112 794 ζωῆς
129 758 220 794 ἡμῶν.
238 757 393 793 δοξάζωμεν
414 765 444 783 σε
465 756 509 784 διὰ
532 756 619 794 Ἰησοῦ
638 756 757 793 Χριστοῦ
779 757 829 794 τῆς

48 804 143 836 ἐλπίδος
160 804 253 840 ἡμῶν.
270 804 331 830 Ἔτι
346 803 536 838 προσφέρομεν
554 811 594 830 σοι
609 803 656 830 καὶ
671 803 742 839 ὑπὲρ
758 803 828 830 πάν-

47 860 93 878 των
105 851 158 877 τῶν
172 851 221 878 ἀπ’
234 850 331 881 αἰῶνος
344 849 588 885 εὑαρεοτησάντων
602 857 642 876 σοι
662 849 758 884 ἁγίων,
775 858 828 876 πα-

46 897 183 934 τριαρχῶν,
207 896 370 933 προφητῶν,
387 896 510 928 δικαίων,
527 896 698 928 ἀποστόλων,
725 895 828 932 μαρτύ-

48 952 103 979 ρων,
118 943 304 979 όμολογητῶν,
324 943 496 974 ἐπισκόπων,
512 942 719 978 πρεσϐυτέρων,
735 942 827 969 διακόο

47 1000 100 1021 νων,
113 990 308 1021 ὑποδιακόνων,
327 988 518 1024 ἀναγνωοτῶν,
530 988 651 1024 ψαλτῶν,
666 988 808 1024 παρθένων
818 1009 826 1021 ,

47 1025 138 1071 χηρῶν,
153 1036 272 1067 λαῖκῶν,
290 1036 337 1062 καὶ
357 1035 467 1062 πάντων
480 1032 517 1061 ὦν
535 1034 615 1066 αὐτὸς
631 1035 774 1062 ἐπίστασαι
792 1034 828 1062 τὰ

46 1082 162 1117 ὀνόματα.
175 1083 237 1108 Ἔτι
251 1081 440 1118 προσφέρομεν
451 1089 492 1108 σοι
507 1081 577 1117 ὑπὲρ
588 1080 634 1108 τοῦ
646 1081 710 1108 λαοῦ
720 1081 825 1114 τούτου,

47 1128 83 1154 ἶνα
93 1128 231 1165 ἀναδείξῃς
246 1129 326 1155 αὑτὸν
335 1129 375 1160 είς
385 1128 496 1154 ἔπαινον
506 1127 552 1154 τοῦ
563 1127 681 1163 Χριστοῦ
690 1136 736 1154 σου
749 1127 826 1162 βασί-

50 1172 113 1199 λειον
128 1174 290 1209 ἱεράτευμα,
306 1173 381 1206 ἔθνος
397 1174 483 1209 ἅγιον·
497 1175 567 1210 ὑπὲρ
582 1175 638 1202 τῶν
657 1176 686 1203 ὲν
698 1174 832 1211 παρθενίᾳ

51 1219 92 1244 καὶ
107 1219 210 1255 ἁγνείᾳ,
225 1219 297 1255 ὑπὲρ
317 1220 372 1246 τῶν
386 1219 478 1255 χηρῶν
496 1221 546 1256 τῆς
569 1221 743 1257 Ἑκκλησίας,
759 1221 830 1258 ὑπὲρ

49 1264 96 1290 τῶν
108 1266 134 1291 ὲν
146 1267 256 1301 σεμνοῖς
268 1266 365 1300 γάμοις
376 1267 423 1293 καὶ
435 1267 630 1301 τεκνογονίαις,
644 1267 714 1304 ὑπὲρ
723 1267 776 1293 τῶν
787 1275 831 1303 νη-

50 1310 111 1337 πίων
117 1311 162 1338 τοῦ
173 1312 240 1339 λαοῦ
253 1308 310 1344 σου,
319 1313 392 1345 ὅπως
401 1313 503 1349 μηδένα
512 1315 528 1348 ἡ
533 1313 590 1349 μῶν
598 1314 750 1349 ἀπόϐλητον
757 1321 830 1349 ποιη-

50 1357 164 1391 σῃς.”Ετι
174 1357 304 1393 ἀξιοῦμέν
318 1366 347 1384 σε
360 1359 408 1385 καὶ
422 1358 492 1395 ὑπὲρ
503 1359 552 1394 τῆς
563 1358 666 1390 πόλεως
673 1358 773 1394 ταύτης
782 1358 830 1385 καὶ

45 1403 92 1429 τῶν
102 1404 285 1434 ἐνοικούντων,
299 1404 370 1439 ὑπὲρ
383 1403 439 1430 τῶν
453 1404 482 1430 ὲν
491 1403 667 1440 ἀρρωστίαις,
679 1404 750 1441 ὑπὲρ
768 1405 824 1432 τῶν

46 1450 70 1474 ἐν
84 1451 164 1485 πικρᾷ
176 1449 293 1485 δουλείᾳ,
309 1449 381 1485 ὑπὲρ
394 1449 448 1476 τῶν
462 1450 490 1476 ὲν
504 1449 630 1486 ὲξορίαις,
647 1450 717 1486 ὑπὲρ
729 1451 783 1477 τῶν
793 1452 823 1478 ὲν

45 1495 172 1531 δημεύσει,
187 1496 260 1532 ὑπὲρ
279 1495 414 1522 πλεόντων
436 1496 483 1522 καὶ
502 1496 713 1532 ὁδοιπορούντων
725 1506 731 1512 ·
748 1497 822 1530 ὅπως

886 246 987 277 ﬁnibus
1000 248 1034 276 ad
1044 248 1111 276 lines
1122 249 1289 281 extenditur,
1301 257 1384 285 quam
1397 250 1540 285 acquisisti
1555 251 1677 286 pretioso

885 294 1019 329 sanguine
1033 294 1139 322 Christi
1161 295 1218 328 tui;
1235 300 1264 322 ut
1282 303 1344 323 eam
1364 296 1560 324 inconcussam
1577 304 1610 324 ac
1623 297 1677 324 mi—

884 340 958 368 nime
981 340 1159 369 ﬂuctuantem
1181 348 1329 369 conserves
1343 349 1431 377 usque
1445 342 1472 369 in
1493 343 1587 370 saeculi
1611 350 1677 370 con-

883 386 1092 415 summationem
1111 387 1192 414 :item
1208 395 1258 423 pro
1271 387 1401 415 universo
1412 388 1585 423 episcopatu,
1603 394 1678 416 recte

882 432 997 460 verbum
1011 432 1137 461 veritatis
1152 437 1288 461 tractante
1307 441 1339 461 ac
1361 433 1556 462 distribuenle.
1578 434 1676 462 Adhuc

882 484 1011 512 rogamus
1025 482 1052 506 te
1076 486 1126 514 pro
1139 486 1181 506 me
1192 479 1296 507 nullius
1312 480 1394 515 pretii
1417 480 1540 512 homine,
1558 481 1606 516 qui
1623 481 1673 509 tibi

881 523 985 557 oﬂ'ero;
1006 528 1035 552 et
1050 533 1100 560 pro
1122 525 1197 552 omni
1209 526 1390 561 presbyterio.
1404 534 1456 562 pro
1477 527 1614 560 diaconis,
1641 535 1674 555 ac

881 569 1010 598 universo
1031 570 1124 604 clero;
1149 575 1178 598 ut
1192 579 1288 600 omnes
1303 572 1465 607 sapientiam
1481 580 1496 600 a
1509 577 1535 600 te
1549 573 1672 608 edoctos,

882 615 984 652 Spiritu
998 621 1095 644 sancto
1107 617 1231 652 impleas.
1243 618 1340 645 Adhuc
1350 625 1480 653 rogamus
1491 622 1530 652 te,
1546 618 1671 652 Domine.

881 669 931 697 pro
951 670 1024 698 rege,
1041 667 1069 690 et
1083 663 1116 690 iis
1137 663 1184 698 qui
1209 664 1237 690 in
1261 664 1432 692 sublimitate
1447 669 1511 693 sunt
1530 666 1563 697 “,
1580 669 1607 693 et
1623 674 1673 701 pro

880 713 980 737 cuncto
993 710 1132 743 exercitu;
1148 714 1179 737 ut
1193 718 1238 738 res
1256 714 1358 738 nostrae
1374 711 1401 738 in
1417 718 1484 746 pace
1501 716 1646 740 versentur
1663 722 1672 747 ;

879 763 934 791 quo
949 759 1037 783 totum
1048 757 1112 784 vita:
1127 760 1230 784 nostra
1247 761 1354 792 tempus
1370 758 1396 785 in
1411 758 1503 793 quiete
1518 762 1545 786 et
1559 766 1675 787 concor-

879 801 924 829 dia
939 801 1119 836 trajicientes,
1140 806 1167 830 te
1180 811 1228 838 per
1243 802 1336 831 Iesum
1352 803 1493 832 Christum
1518 812 1593 840 spem
1619 812 1671 832 no-

880 851 965 875 stram
979 847 1066 882 gloria
1081 847 1242 876 afﬁciamus.
1269 848 1366 877 Adhuc
1385 849 1526 878 oil‘erimus
1552 850 1602 878 tibi
1621 858 1672 886 pro

879 894 1007 922 omnibus
1022 895 1138 924 sanctis.
1155 896 1202 930 qui
1220 902 1235 922 a
1251 895 1353 923 saeculo
1368 895 1531 931 placuerunt
1547 897 1608 928 tibi,
1621 904 1671 932 pa-

879 941 1018 973 triarchis,
1035 941 1188 977 prophetis,
1209 941 1304 976 justis,
1329 942 1475 976 apostolis,
1489 943 1669 978 martyribus,

878 987 1093 1020 confessoribus,
1119 988 1269 1024 episcopis,
1302 988 1494 1024 presbyteris,
1522 989 1669 1022 diaconis,

878 1034 1064 1067 subdiaconis,
1082 1034 1240 1066 lectoribus.
1263 1035 1434 1067 cantoribus,
1447 1035 1611 1070 virginibus,
1627 1036 1671 1062 vi-

877 1080 950 1112 duis.
974 1080 1053 1108 laicis
1066 1084 1094 1108 et
1117 1081 1246 1108 omnibus
1262 1087 1379 1116 quorum
1404 1084 1433 1108 tu
1459 1081 1531 1109 nosti
1545 1082 1668 1110 nomina.

876 1126 973 1155 Adhuc
995 1126 1136 1154 oll'erimus
1155 1126 1205 1154 tibi
1231 1135 1281 1162 pro
1304 1127 1406 1162 populo
1421 1127 1492 1160 hoc;
1518 1132 1548 1154 ut
1563 1135 1625 1155 eum
1641 1128 1670 1156 in

876 1173 985 1201 laudem
1004 1173 1106 1201 Christi
1122 1173 1162 1200 tui
1188 1173 1318 1201 exhibeas
1345 1173 1436 1208 regale
1464 1173 1668 1208 sacerdotium,

875 1223 981 1255 gentem
993 1223 1118 1247 sanctam
1135 1229 1141 1247 :
1158 1227 1208 1255 pro
1226 1219 1261 1247 iis
1276 1220 1323 1254 qui
1337 1220 1364 1247 in
1379 1219 1537 1256 virginitate
1547 1223 1574 1247 et
1584 1221 1670 1249 casti-

875 1269 931 1294 tate
954 1265 1068 1299 vivunt;
1091 1273 1142 1301 pro
1163 1265 1254 1294 viduis
1279 1265 1425 1299 Ecclesiae;
1442 1273 1492 1301 pro
1508 1266 1542 1293 iis
1564 1266 1611 1301 qui
1639 1267 1667 1294 in

874 1312 978 1347 nuptiis
997 1312 1131 1342 honestis.
1156 1319 1188 1339 ac
1213 1312 1240 1339 in
1264 1312 1492 1347 progeneratione
1517 1311 1667 1340 liberorum

874 1357 993 1393 degunt;
1010 1365 1060 1392 pro
1075 1357 1227 1385 infantibus
1243 1357 1331 1393 plebis
1347 1362 1410 1389 tuae,
1427 1358 1467 1385 uti
1480 1360 1604 1385 nostrum
1620 1366 1669 1385 ne-

874 1404 974 1431 minem
990 1403 1168 1438 rejiciendum
1181 1403 1294 1431 habeas.
1308 1404 1404 1431 Adhuc
1420 1404 1560 1440 poscimus
1580 1408 1607 1432 te
1619 1413 1668 1440 pro

873 1449 941 1477 urbe
963 1449 1025 1482 hac,
1042 1454 1069 1478 et
1091 1450 1280 1478 habitantibus
1294 1450 1322 1477 in
1341 1457 1391 1484 ea;
1414 1457 1463 1485 pro
1480 1451 1600 1486 aegrotis.
1617 1458 1668 1486 pro

874 1494 944 1523 dura
955 1495 1087 1524 servitute
1099 1495 1224 1529 atllictis;
1238 1503 1288 1531 pro
1303 1497 1460 1530 exsulibus;
1477 1504 1528 1532 pro
1543 1498 1667 1532 proscri-

46 1541 176 1577 ἐπίκουρος
191 1542 248 1577 (60)
261 1542 327 1578 γένῃ
349 1541 458 1569 πάντων
472 1541 569 1578 βοηθὸς
578 1543 624 1569 καὶ
634 1543 819 1581 ἀντιλήπτωρ.

874 1541 946 1576 ptis;
964 1549 1014 1576 pro
1027 1542 1231 1577 navigantibus.
1247 1546 1275 1570 et
1295 1543 1347 1570 iter
1368 1543 1555 1578 facientibus;
1580 1548 1610 1572 ut
1626 1545 1666 1573 sis

47 1587 98 1613 Ἔτι
111 1587 322 1623 παρακαλοῦμεν
337 1596 366 1614 σε
383 1587 430 1614 καὶ
439 1587 509 1623 ὑπὲρ
518 1589 572 1615 τῶν
589 1590 737 1624 μισούντων
749 1591 822 1626 ἡμᾶς

45 1633 85 1658 καὶ
97 1633 244 1660 διωκόντων
259 1634 333 1669 ἡμᾶς
343 1633 387 1661 διὰ
400 1634 430 1660 τὸ
441 1634 527 1670 ὄνομά
543 1643 601 1666 σου,
617 1627 687 1671 ὑπὲρ
696 1636 750 1663 τῶν
770 1637 822 1670 ἔξω

44 1677 117 1705 ὄντων
134 1681 180 1706 καὶ
197 1679 428 1715 πεπλανημένων,
447 1680 521 1713 ὅπως
541 1672 707 1717 ὲπιᾶτρέψῃς
725 1682 822 1715 αὐτοὺς

44 1725 78 1756 εἷς
93 1726 199 1760 ἀγαθον,
220 1727 267 1753 καὶ
281 1726 326 1753 τὸν
338 1726 424 1762 θυμδν
441 1727 531 1753 αὐτῶν
542 1727 676 1763 πραῦνῃς.
693 1728 754 1754 Ἔτι
767 1737 821 1755 πα-

45 1772 201 1808 ρακαλοῦμεν
220 1781 249 1799 σε
260 1773 306 1799 καὶ
321 1772 392 1808 ὑπὲρ
406 1771 461 1799 τῶν
473 1773 683 1809 κατηχουμένων
694 1774 744 1809 τῆς
764 1774 822 1801 Ἐκ-

43 1817 153 1852 κλησίας,
173 1819 223 1845 καὶ
236 1819 308 1855 ὑπὲρ
322 1818 377 1845 τῶν
391 1818 597 1855 χειμαζομένων
611 1819 663 1846 ὑπὸ
678 1819 727 1846 τοῦ
741 1820 819 1847 ἀλλο-

43 1864 107 1899 τρίου
120 1865 184 1902 (61),
198 1866 247 1892 καὶ
258 1865 328 1902 ὑπὲρ
337 1865 391 1892 τῶν
406 1866 435 1892 ὲν
452 1865 579 1901 μετανοίᾳ
589 1865 711 1900 ἀδελφῶν
724 1866 818 1902 ἡμῶν·

42 1910 106 1942 ὅπως
115 1912 174 1944 τοὺς
191 1911 241 1948 μὲν
250 1911 397 1947 τελειώσῃς
409 1910 438 1938 ὲν
450 1912 484 1947 τῇ
499 1911 599 1943 πίστει,
615 1912 678 1943 τοὺς
692 1911 720 1938 δὲ
736 1911 820 1938 καθα-

873 1587 1029 1619 auxiliator.
1047 1588 1170 1616 omnium
1185 1588 1296 1623 adjutor
1308 1596 1340 1616 ac
1352 1588 1491 1617 defensor.
1505 1590 1603 1618 Adhuc
1619 1598 1666 1618 ro-

872 1642 969 1670 gamus
979 1638 1006 1662 te
1021 1642 1071 1670 pro
1081 1635 1115 1662 iis
1138 1635 1184 1670 qui
1199 1635 1316 1662 oderunt
1327 1643 1389 1667 nos,
1401 1641 1428 1663 et
1442 1639 1553 1671 ιιι-ορεστ
1564 1643 1666 1665 nomen

872 1684 948 1707 tuum
964 1688 1014 1708 nos
1026 1685 1245 1716 persequuntur;
1260 1688 1310 1716 pro
1327 1681 1362 1708 iis
1385 1682 1432 1717 qui
1455 1681 1522 1710 foris
1537 1687 1614 1716 sunt.
1632 1691 1666 1712 ac

871 1730 965 1754 errant
979 1736 985 1753 :
997 1731 1026 1753 ut
1040 1726 1162 1754 adducas
1172 1734 1219 1754 eos
1231 1727 1264 1754 ad
1276 1727 1389 1759 bonum.
1401 1732 1428 1755 et
1437 1727 1555 1755 furorem
1568 1736 1664 1756 eorum

872 1773 989 1807 mitiges.
1005 1772 1105 1800 lterum
1127 1780 1256 1808 rogamus
1272 1777 1299 1801 te
1319 1781 1368 1808 pro
1387 1773 1517 1802 Ecclesiae
1532 1775 1665 1803 catechu-

871 1819 959 1846 menis
971 1827 978 1852 ;
991 1823 1020 1846 et
1034 1826 1084 1854 pro
1099 1818 1133 1846 iis
1156 1819 1203 1854 qui
1217 1819 1253 1846 ab
1279 1819 1438 1847 adversario
1459 1820 1617 1856 jactantur;
1635 1826 1664 1850 et

871 1872 921 1900 pro
943 1865 1132 1900 pcenitentiam
1151 1865 1294 1900 agentibus
1322 1865 1456 1894 fratribus
1484 1867 1589 1894 nostris
1607 1877 1613 1894 :
1633 1872 1663 1895 ut

871 1911 975 1946 primos
988 1911 1098 1946 quidem
1111 1911 1236 1947 perﬁcias
1256 1912 1285 1939 in
1300 1911 1371 1944 iide;
1386 1912 1488 1940 alteros
1504 1919 1569 1940 vero
1581 1920 1663 1941 mun-

44 1956 109 1991 ρίτης
126 1957 156 1984 ὲκ
166 1957 218 1992 τῆς
228 1957 368 1993 ἐνεργείας
384 1956 431 1983 τοῦ
443 1957 573 1992 πονηροῦ,
586 1957 641 1983 τῶν
656 1957 686 1983 δὲ
705 1957 756 1993 τὴν
769 1966 817 1993 με-

870 1956 942 1985 desa
954 1957 1098 1985 vexatione
1111 1958 1193 1991 mali;
1209 1958 1353 1986 tertiorum
1365 1962 1456 1986 autem
1472 1959 1662 1994 paenitentiam

41 2001 139 2028 τάνέοιαν
152 2001 301 2039 προσ-δέξῃ.
330 2004 377 2030 καὶ
395 2004 575 2039 συγχωρήσῃς
594 2002 642 2030 καὶ
661 2003 752 2035 αὐτοῖς
772 2005 820 2031 καὶ

870 2003 1017 2039 suseipias,
1031 2004 1224 2040 contionesque
1237 2011 1299 2031 cum
1313 2004 1358 2036 iis,
1376 2009 1433 2031 tum
1449 2005 1528 2032 nobis
1539 2012 1599 2040 quae
1613 2005 1662 2034 de—

40 2047 97 2081 ήμίν
107 2048 140 2075 τὰ
154 2049 366 2086 παραπτώματα
383 2049 473 2085 ἡμῶν.
497 2050 557 2076 Ἔτι
571 2050 762 2085 προσφέρομέν
777 2059 819 2077 σοι

870 2050 1011 2086 liquimus.
1023 2050 1170 2078 Oﬂ'erimus
1184 2057 1293 2085 quoque
1307 2049 1357 2077 tibi
1377 2058 1427 2086 pro
1443 2051 1514 2078 aeris
1529 2054 1662 2086 tempera-

41 2094 80 2120 ul.
93 2094 160 2130 ὑπὲρ
173 2096 225 2130 τῆς
243 2095 390 2131 εὐκρασίας
404 2095 451 2122 τοῦ
467 2095 549 2132 ἀέρος
564 2095 611 2122 καὶ
624 2095 675 2131 τῆς
689 2095 819 2132 εὺφορίας

869 2100 943 2129 tura.
959 2102 985 2125 et
997 2097 1105 2132 frugum
1118 2097 1258 2131 ubertate;
1277 2100 1306 2124 ut
1317 2096 1503 2125 indesinenter
1519 2097 1592 2125 bona
1608 2105 1623 2124 a
1634 2101 1662 2126 te

40 2139 87 2165 τῶν
99 2141 212 2177 καρπῶν
222 2150 229 2156 ⁸
245 2142 318 2173 ὅπως
332 2141 480 2174 ἀνελλιπιῖις
505 2141 757 2177 μεταλαμϐάνοντες
763 2141 818 2169 τῶν

869 2143 968 2170 collata
979 2143 1173 2178 percipientes,
1188 2142 1299 2170 assidue
1313 2142 1457 2170 laudemus
1473 2147 1512 2175 te,
1535 2143 1582 2178 qui
1610 2143 1661 2172 das

40 2186 104 2221 παρά
119 2187 164 2214 σοῦ
177 2187 297 2222 ἀγαθῶν,
311 2188 429 2223 αινῶμέν
443 2196 472 2214 σε
488 2187 642 2219 ἀπαύστως,
654 2187 700 2214 τὸν
713 2187 818 2215 διδόντα
833 2215 835 2219 ,

869 2196 961 2217 escam
972 2189 1046 2216 omni
1057 2189 1144 2216 carni.
1161 2188 1249 2215 Etiam
1261 2196 1389 2224 rogamus
1403 2192 1430 2216 te
1441 2196 1490 2224 pro
1504 2189 1548 2221 iis,
1567 2189 1614 2224 qui
1625 2190 1661 2217 ob

39 2233 130 2268 τροφὴν
142 2234 217 2270 πάσῃ
233 2234 324 2270 σαρκί.
342 2235 401 2260 Ἔτι
414 2233 627 2270 παρακαλοῦμεν
643 2242 672 2260 σε
688 2235 735 2261 καὶ
745 2234 816 2270 ὑπὲρ
832 2239 835 2243 ‘

869 2243 980 2263 causam
997 2235 1166 2270 probabilem
1181 2235 1309 2262 absentes
1323 2239 1387 2262 sunt
1399 2244 1406 2262 :
1420 2238 1449 2261 ut
1461 2242 1558 2263 omnes
1569 2243 1619 2263 nos
1632 2235 1661 2263 in

39 2278 85 2305 τῶν
98 2280 129 2307 δι’
138 2280 248 2316 εὗλογον
259 2281 348 2308 αἰτίαν
362 2281 486 2307 ἀπόντων
497 2288 505 2296 ·
520 2281 594 2312 ὅπως
608 2280 733 2312 ἅπαντας
743 2281 817 2316 ἡμᾶς

867 2282 968 2316 pietate
981 2285 1158 2309 conservatos
1173 2288 1188 2308 a
1202 2284 1239 2312 te,
1249 2281 1276 2308 in
1291 2280 1393 2308 Christi
1407 2281 1457 2313 tui,
1469 2280 1516 2308 Dei
1526 2281 1661 2309 universa:

39 2323 192 2364 διατηρήσας
211 2329 240 2354 ἐν
255 2329 287 2364 τῇ
304 2327 439 2364 εὐσεϐείᾳ,
456 2327 659 2362 ὲπισυναγάγῃς
673 2328 702 2353 ὲν
716 2329 749 2362 τῇ
766 2327 816 2362 βα-

867 2332 972 2355 natura:
983 2328 1035 2355 sub
1053 2335 1164 2355 sensum
1177 2333 1204 2355 et
1225 2327 1434 2362 intelligentiam
1460 2327 1596 2359 cadentis.
1613 2335 1659 2355 re-

41 2372 117 2410 σιλεία
129 2374 175 2401 τοῦ
190 2374 308 2410 Χριστοῦ
327 2383 389 2405 σου,
411 2373 458 2400 τοῦ
482 2373 549 2400 Θεοῦ
572 2373 663 2410 πάσης
685 2373 816 2409 αἰσθητῆς

866 2374 963 2409 gisque
977 2374 1064 2402 nostri
1079 2381 1165 2409 regno
1180 2380 1342 2408 congreges.
1359 2373 1556 2405 itnmutabiles,
1573 2373 1660 2400 incul-

39 2418 80 2444 ul.
89 2421 182 2456 νοητῆς
197 2421 314 2455 φύσεως,
333 2420 380 2447 τοῦ
400 2420 531 2456 βασιλέως
542 2421 557 2456 ἡ
563 2420 631 2456 μῶν,
647 2421 814 2457 ἀτρέπτους,

866 2423 956 2456 patos.
972 2420 1178 2454 irreprehensos
1202 2427 1209 2445 :
1235 2419 1364 2454 quoniam
1380 2418 1430 2446 tibi
1449 2419 1539 2446 omnis
1553 2419 1657 2454 gloria,

39 2463 198 2500 ἀμέμπτους,
222 2466 404 2500 ἀνεγκλήτους
414 2475 422 2482 ·
438 2467 479 2493 ὅτι
496 2475 537 2493 σοι
556 2467 630 2493 πᾶσα
643 2466 715 2500 δόξα,
731 2467 814 2498 σέϐας

870 2466 1022 2498 veneratio,
1040 2465 1189 2501 gratiarum
1205 2465 1290 2497 actio,
1306 2465 1406 2498 honor,
1418 2464 1554 2496 adoratio,
1570 2463 1656 2497 Patri,

41 2509 81 2534 ml.
104 2511 260 2546 εὐχαριστία
270 2531 278 2542 ,
305 2511 372 2548 τιμὴ
385 2512 432 2538 καὶ
447 2511 642 2548 προσκύνησις,
657 2511 697 2548 τῷ
711 2512 811 2548 Πατρι,

867 2518 894 2540 et
909 2511 989 2545 Filio,
1011 2515 1038 2539 et
1055 2511 1168 2547 Spiritui
1184 2516 1293 2544 sancto,
1308 2519 1392 2544 nunc,
1413 2515 1440 2539 et
1451 2519 1570 2547 semper,
1585 2515 1613 2539 et
1627 2511 1657 2538 in

135 2590 158 2606 “
176 2591 187 2618 Ι
202 2589 274 2618 Tim.
288 2599 319 2624 ιι,
334 2590 363 2618 2.

694 2680 874 2710 VARIORUM
892 2681 1005 2709 ΝΟΤίΕ.

866 2766 982 2792 εἰηιιὶσιε
993 2765 1157 2793 hierarcln'a'.
1186 2765 1397 2801 Xstpa§6ttevotr
1413 2763 1466 2801 ὑπὸ
1491 2764 1653 2801 πνευμάτων

865 2801 1038 2836 ἀκαθάρτων,
1049 2805 1095 2828 aut
1109 2801 1161 2828 ὑπὸ
1169 2800 1322 2835 πνεύματος
1332 2800 1497 2836 ἀκαθάρτου,
1512 2801 1537 2827 in
1550 2800 1655 2836 Euclio-

865 2834 964 2871 logiisﬁ
973 2836 1018 2863 Sic
1029 2836 1139 2864 eosdem
1156 2834 1356 2870 energilmeuos
1371 2834 1492 2871 invenies
1503 2834 1653 2871 appellatos

862 2868 1070 2932 ἐνοχλουμένους
1081 2872 1107 2899 c't
1117 2870 1170 2897 ὑπὸ
1183 2868 1344 2906 πνέωμὰτων
1358 2868 1654 2906 ἀκαθάρτων’ἑνοχλου-

863 2915 967 2932 μενους.
997 2914 1053 2932 Λυτ-

862 2915 967 2940 μενους.
984 2914 1053 2933 hor.

43 2761 123 2824 θέω)
144 2764 324 2807 Ἐπίκουρος.
341 2766 452 2807 Πάντων
476 2766 631 2802 ἐπίκουρος,
650 2766 676 2792 in
691 2764 810 2793 Vindob.

88 2817 96 2824 .
108 2803 136 2824 ιιι
145 2800 171 2824 in
192 2809 318 2824 versunum,
333 2801 437 2824 Imlma.
453 2801 536 2824 CLIII.

88 2817 96 2825 .
108 2803 136 2827 ut
145 2800 171 2829 in
192 2802 318 2830 versiorie
333 2801 438 2829 Latina.
453 2801 537 2829 Cum.

71 2831 807 2886 .‘ff’tf‘dé'ff’tfﬁf.'ii‘ﬂiiiﬁf'ﬂfﬂfﬁf.z.9‘f§.°§l’-

43 2863 150 2907 ὃτὶἐιῗῇ
162 2863 358 2907 Χειμαξόμενοι
370 2863 535 2907 simplicitch
559 2863 707 2904 dicuntur:
719 2874 748 2907 ut
763 2863 808 2907 ei-

44 2906 106 2930 "me
119 2904 260 2942 Myrino
274 2904 318 2939 Π,
335 2911 361 2935 et
374 2915 388 2934 a
404 2904 520 2936 Maximo
532 2909 564 2935 ad
577 2911 658 2942 caput
672 2915 697 2936 vt
717 2905 808 2933 Eccle-
