1900 3108
61 147 110 176 ΗΞῘί

58 201 285 238 ὑποόεὴκάιας,ὲὰν
291 199 356 229 ὦσιν
371 202 556 238 ὑπεύθυνοιτῇ
564 201 809 237 τοιαύτῃτιμωρίᾳ.
826 205 848 233 Α

55 251 155 281 Διάχονος
163 249 206 276 οὐκ
215 249 327 283 εὐλογεί,
338 249 369 275 οὺ
379 249 487 276 δίδωσιν
497 248 632 283 εὐλογίαν,
640 247 771 283 λαμϐάνει
781 247 809 273 δὲ

54 295 111 331 παρὰ
124 295 256 321 ἐπισκόπου
273 295 320 321 καὶ
337 294 534 330 πρεσϐυτέρου·
563 294 594 320 οὐ
615 293 739 329 βαπτίζει
755 293 807 329 (7)-

52 342 76 368 οὺ
88 340 223 376 προσφέρει,
249 340 297 367 τοῦ
324 339 354 366 δὲ
379 340 528 366 ἐπισκόπου
550 338 809 375 προσενεγκόντοςῆ

51 387 87 415 τοῦ
108 385 286 422 πρεσϐυτέρου,
303 385 385 417 αὐτὸς
407 385 545 412 ἐπιδίδωσι
563 385 602 420 τῷ
619 384 686 420 λαῷ,
708 384 756 419 οὐχ
771 383 811 415 ὡς

53 433 131 466 lapso;
143 431 192 458 ἀλλ’
205 431 240 463 ὡς
255 431 463 466 διακονούμενος
481 430 594 466 ἱερεῦσι.
610 430 669 457 Τῶν
684 431 711 456 δὲ
724 430 810 457 ἄλλων

51 477 165 512 χληρικῶν
177 477 204 503 τὸ
216 477 262 503 τοῦ
279 477 403 504 διακόνου
419 477 500 512 ἔργον
514 478 625 512 ποιῆσαι
640 477 727 504 οὐδενὶ
740 477 808 509 ὲξόν.

51 523 184 549 Διακόνισσα
196 523 243 550 οὐκ
259 522 372 557 εὐλογεῖ·
399 523 456 550 ἀλλ’
472 523 533 550 οὐδέ
549 531 576 549 τι
590 520 627 550 ὧν
647 523 768 550 ποιοῦσιν
785 523 811 549 οἱ

49 569 211 604 πρεσϐύτεροι,
230 569 246 604 ἢ
260 570 285 596 οἱ
299 569 431 601 διάκονοι,
448 569 578 600 ἐπιτελεῖ,
595 569 650 596 ἀλλ’
665 569 681 604 ἢ
698 569 744 595 τοῦ
760 578 812 603 φυ-

49 615 133 641 λάττειν
154 615 200 647 τὰς
218 615 320 650 Θύρας,
347 617 394 642 καὶ
416 615 642 651 ὲξυπηρετεῖσοαι
664 617 721 647 τοῖς
744 623 812 650 πρε-

48 661 166 697 σϐυτέροις
189 663 216 689 ὲν
237 661 276 697 τῷ
298 661 476 697 βαπτίζεσθαι
501 662 550 694 τὰς
566 663 710 696 γυναῖκας,
725 661 769 689 διὰ
783 661 814 687 τὸ

48 707 170 743 εὐπρεπές.
191 707 316 739 Διάκονος
338 707 462 743 ἀφορίζει
487 708 674 741 ὑποδιάκονον,
691 706 813 742 ἀναγνώ-

47 753 404 789 στην,ψάλτην,διακόνισσαν,
423 754 470 780 ὲὰν
516 762 542 780 τι
556 754 676 780 τοιοῦτον
692 755 729 790 μὴ
744 762 814 789 παρα

47 800 107 831 όντος
125 800 315 836 πρεσϐυτέρου.
341 800 523 835 Ὑποδιακόνῳ
536 799 586 826 οὐκ
601 799 704 831 ἔξεστιν
721 799 815 834 ἀφορί-

47 852 88 875 σει,
104 844 159 871 οὔτε
182 846 233 881 μὴν
255 844 292 881 (8)
317 845 504 881 ἀναγνώστην,
528 845 589 871 οὕτε
615 845 730 880 ψάλτην,
752 844 814 870 οὗτε

45 890 190 917 διακόνισσαν
204 891 253 927 (9),
272 892 303 918 οὐ
323 891 462 928 κληρικὸν,
487 891 517 918 οὺ
538 891 640 918 λαῖκόν.
662 891 812 927 ’Υπηρέται
827 884 848 912 Β

46 936 86 971 γάρ
99 938 146 963 εἱσι
162 937 300 964 διακόνων.

281 984 477 1010 ΚΕΦΛΛΑΙΟΝ
494 984 559 1010 KG'.

81 1029 144 1062 Περὶ
157 1030 295 1064 εὐλογίας
314 1030 368 1065 (10)
384 1030 492 1062 ὕδατος
508 1030 690 1061 καὶ-ἐλαίου,
706 1029 758 1057 τοῦ

251 1066 402 1092 Ματθαίου
430 1065 574 1098 διάταξις.

68 1108 126 1144 Περὶ
138 1109 164 1136 δὲ
177 1109 275 1142 ὕδατος
292 1111 339 1137 καὶ
355 1101 460 1143 ἐλαίου,
480 1110 535 1145 ἐγὼ
550 1111 690 1144 Ματθαῖος
703 1111 814 1139 διατάσ-

41 1161 115 1188 σομαι.
130 1156 281 1191 Εὑλογείτω
297 1157 310 1184 ὁ
325 1156 474 1189 ἐπίσκοπος
488 1157 518 1184 τὸ
534 1157 617 1194 ὕδωρ,
632 1158 648 1194 ἢ
663 1158 693 1185 τὸ
715 1158 812 1185 ἔλαιον·

41 1199 77 1225 ἐὰν
97 1201 122 1227 δὲ
145 1202 181 1238 μὴ
206 1204 294 1238 παρῇ.
318 1203 464 1238 εὐλογείτω
487 1205 501 1230 ὁ
521 1204 714 1240 πρεσϐύτερος,
729 1214 816 1241 παρε-

41 1245 124 1278 στῶτος
143 1248 189 1274 τοῦ
205 1248 340 1275 διακόνου.
362 1248 446 1276 Ἐπὰν
465 1249 493 1276 δὲ
515 1251 529 1276 ὁ
553 1250 702 1282 ἐπίσκοπος
725 1252 815 1287 παρῇ,

41 1293 198 1326 παριστάσθω
213 1295 228 1321 ὁ
247 1294 432 1331 πρεσϐύτερος
454 1295 501 1322 καὶ
519 1297 533 1322 ὁ
556 1295 688 1328 διάκονος·
714 1296 816 1331 λεγέτω

41 1336 57 1362 i‘t
74 1337 163 1371 οὕτως’
200 1340 289 1376 Κύριε
314 1340 439 1373 Σαϐαὼθ,
465 1343 479 1368 ὁ
502 1341 567 1373 Θεὸς
589 1341 642 1368 τῶν
664 1342 815 1377 δυνάμεων,

41 1383 118 1410 ιτίστα
131 1385 184 1411 τῶν
199 1385 305 1412 ὑδάτων
319 1387 365 1413 καὶ
379 1388 481 1422 χορηγὲ
496 1387 543 1414 τοῦ
559 1388 660 1420 ἐλαίου,
675 1390 816 1425 οἷκτιρμον

41 1430 72 1455 καὶ
87 1430 272 1467 φιλάνθρωπε,
287 1433 302 1458 ὀ
316 1432 378 1464 δοὺς
393 1433 423 1459 τὸ
439 1433 511 1469 ὕδωρ
526 1433 594 1469 πρὸς
610 1435 688 1462 πόσιν
704 1436 750 1462 καὶ
765 1436 816 1462 κά-

41 1475 127 1510 )αρσιν,
143 1478 190 1502 καὶ
208 1477 300 1504 ἔλαιον
315 1478 362 1505 τοῦ
381 1479 504 1515 ἰλαρῦναι
521 1480 665 1515 πρόσωπον
679 1481 719 1512 εἰς
731 1482 816 1516 ἀγαλ-

41 1520 105 1556 λίαμα
122 1522 305 1560 εὐφροσύνης·
331 1524 412 1557 αὐτὸς
437 1525 484 1552 καὶ
498 1526 546 1552 νῦν
560 1526 604 1553 διὰ
622 1527 739 1562 Χριστοῦ
754 1528 816 1562 ἁγί-

41 1575 89 1593 ισον
111 1568 140 1595 τὺ
167 1568 243 1607 ὕδωρ
269 1571 347 1597 τοῦτο
370 1572 416 1598 καὶ
443 1572 541 1606 ἔλαιον,
563 1573 607 1599 ἐπ’
632 1574 742 1609 ὀνόματι
770 1562 851 1600 τοῦθ

41 1615 270 1650 τροπομῑσαντος,
286 1617 302 1652 ἢ
317 1618 366 1653 τῆς
379 1619 612 1654 προσκομισάσης,
628 1620 674 1646 καὶ
685 1620 728 1651 δὸς
741 1620 819 1647 δύνα-

41 1666 73 1684 ιιν
91 1660 195 1694 ὑγιείας
204 1663 403 1699 ὲμποιητικὴν,
418 1664 503 1691 νόσων
517 1665 711 1701 ἀπελαστικὴν,
726 1666 819 1701 δαιμό-

41 1713 78 1730 νων
95 1707 309 1744 φυγαδευτικὴν,
330 1709 420 1744 πάσης
436 1709 582 1745 ἐπιϐουλῆς
601 1711 758 1747 διωκτικὴν,
775 1711 819 1738 διὰ

41 1750 149 1785 ἱριστοῦ,
175 1755 228 1790 τῆς
250 1754 357 1786 ἐλπίδος
370 1755 461 1791 ὴμῶν·
484 1757 542 1792 μεθ’
556 1753 587 1783 οὗ
606 1765 647 1783 σοι
661 1757 734 1789 δόξα,
751 1759 817 1794 τιμὴ

41 1797 69 1822 ui
86 1799 176 1831 σέϐας,
193 1801 243 1828 καὶ
258 1801 297 1836 τῷ
311 1801 380 1837 ἁγίῳ
395 1802 544 1837 ΙΙνεὺματι,
568 1804 607 1835 είς
627 1805 690 1835 τοὺς
706 1803 816 1836 αἰῶνας.

41 1844 118 1880 Αμήν·

297 1894 496 1921 ΚΕΦΛΛΑΙΟΝ
512 1895 551 1922 A’.

98 1938 154 1966 Τοῦ
168 1938 269 1966 αὐτοῦ
286 1940 354 1974 περὶ
368 1940 513 1974 ἀπαρχῶν
527 1940 576 1967 καὶ
591 1940 733 1968 δεκατῶν.

55 1984 107 2020 (li)
130 1986 162 2012 '0
181 1987 282 2019 αὐτὸς,
302 1988 366 2023 περὶ
384 1988 516 2024 ἀπαρχῶν
535 1991 581 2016 καὶ
602 1991 730 2017 δεκατῶν.
750 1991 811 2018 Ἔτι

42 2031 190 2064 pendeam,
205 2033 300 2059 πᾶσαν
315 2033 440 2069 ἀπαρχὴν
457 2034 687 2070 προσκομίζεσθαι
702 2035 741 2071 τῷ
753 2037 810 2064 ἑπι-

41 2073 111 2109 κόπῳ
126 2077 175 2102 καὶ
191 2078 254 2108 τοῖς
268 2077 465 2113 πρεσὸυτέροις
479 2079 526 2105 καὶ
541 2080 597 2110 τοῖς
612 2078 760 2112 διακόνοις,
780 2081 820 2112 εἰς

41 2121 162 2157 ατροφὴν
180 2122 287 2148 αὐτῶν·
318 2124 408 2150 πᾶσαν
425 2124 454 2150 δὲ
469 2124 585 2161 δεκάτην
601 2125 818 2162 προσφέρεσθαι,

44 2173 55 2195 ς
67 2165 224 2203 διατροφὴν
240 2167 295 2194 τῶν
309 2167 409 2195 λοιπῶν
425 2170 572 2206 κληρικῶν,
588 2172 635 2198 καὶ
648 2171 702 2197 τῶν
718 2171 820 2208 παρθέ-

41 2220 76 2244 υν,
92 2213 142 2239 καὶ
155 2213 216 2240 τῶν
233 2214 337 2249 χηρῶν,
351 2215 397 2242 καὶ
411 2214 465 2242 τῶν
476 2217 504 2242 ὲν
515 2217 596 2252 πενίᾳ
607 2216 818 2252 ἐξεταζομένων.

41 2257 48 2282 ί
69 2258 125 2294 γὰρ
149 2260 284 2295 ἀπαρχαὶ
303 2260 357 2287 τῶν
378 2261 473 2297 ἱερέων
495 2262 556 2292 εἰσὶ,
580 2264 627 2289 καὶ
648 2263 702 2290 τῶν
728 2264 819 2296 αὐτοῖς

41 2303 96 2340 ξυπη
101 2314 187 2340 ρετου
192 2306 286 2341 μένων
300 2306 439 2334 διακόνων.

837 2241 858 2267 D

43 2379 66 2396 ³³
81 2382 160 2412 Citat
183 2381 424 2417 Harmenopulus,
443 2381 471 2410 in
490 2381 562 2416 Epit.
578 2389 639 2409 can.
654 2386 722 2410 sect.
735 2382 762 2414 ‘2,
779 2383 821 2410 tit.
836 2382 853 2413 4

443 142 744 172 CONSTH‘UTIONES
760 142 995 172 APOSTOLICAE.
1013 158 1049 164 ——
1066 142 1128 169 LIB.
1147 141 1214 169 Vili.

1574 142 1646 171 “9.6

862 210 917 228 non
932 201 1053 236 deponit,
1068 203 1192 235 segregat
1206 203 1295 226 autem
1313 205 1345 225 ac
1363 189 1581 226 excommunicat
1603 201 1646 228 in-

861 247 974 274 feriores
986 267 993 279 ,
1015 247 1038 274 si
1054 254 1112 274 eam
1134 253 1241 280 poenam
1256 249 1421 272 mereantur.
1440 244 1575 274 Diaconus
1593 255 1648 274 non

861 293 1012 324 benedicit,
1034 299 1087 319 non
1108 292 1155 318 dat
1171 291 1386 318 benedictionem
1399 311 1406 323 ,
1423 292 1521 326 accipit
1535 300 1600 319 vero
1615 294 1650 321 ab

860 340 990 375 episcopo
1005 344 1031 367 et
1046 339 1218 374 presbytero;
1245 346 1298 364 non
1315 338 1434 371 baptizat
1450 347 1457 371 ;
1479 347 1533 365 non
1550 339 1648 372 oil‘ert;

861 385 920 421 ipse
936 393 1011 419 vero,
1027 394 1090 412 cum
1106 385 1252 420 episcopus
1267 388 1314 411 aut
1329 384 1468 419 presbyter
1481 385 1589 416 obtulit,
1603 385 1651 412 dat

862 433 977 467 populo,
999 440 1053 459 non
1075 436 1203 466 tanquam
1225 431 1370 462 saecrdos,
1389 431 1437 458 sed
1453 435 1582 466 tanquam
1599 432 1651 458 mi-

862 479 983 506 nistrans
999 477 1199 505 sacerdotibus.
1217 477 1290 504 Nulli
1310 481 1399 503 autem
1416 484 1448 504 ex
1464 477 1577 512 reliquis
1596 477 1651 504 cle-

862 524 927 552 ricis
945 524 1007 552 licet
1027 532 1095 558 opus
1119 523 1227 550 diaconi
1249 522 1382 550 lacere".
1410 522 1570 550 Diaconissa
1596 530 1650 550 non

862 570 1018 604 benedicit;
1045 571 1091 598 sed
1107 578 1158 598 nec
1186 571 1290 605 peragit
1306 570 1455 605 quidquam
1472 577 1566 596 eorum
1591 577 1652 604 quae

863 617 1015 652 presbyteri
1039 621 1086 644 aut
1111 617 1219 644 diaconi
1247 617 1368 650 faciunt;
1397 617 1528 643 duntaxat
1551 616 1652 650 januas

864 662 1002 695 custodit;
1028 667 1055 689 et
1080 663 1258 698 presbyteris,
1277 662 1386 698 quando
1403 662 1576 696 baptilantur
1592 670 1652 688 mu-

864 707 955 740 lieres,
980 708 1132 740 ministrat,
1155 712 1268 744 propter
1284 708 1425 735 decorum.
1442 707 1579 734 Diaconus
1604 715 1653 734 ex-

864 755 1049 782 communicat
1073 755 1271 782 subdiaconum
1285 774 1292 786 ,
1318 755 1446 781 lectorem
1459 773 1466 785 ,
1489 757 1629 780 cantorem
1644 774 1652 786 ,

865 800 1065 834 diaconissam;
1086 801 1108 828 si
1123 801 1235 829 absente
1251 800 1409 835 presbytero
1423 807 1467 827 res
1482 799 1508 826 id
1523 800 1652 833 postulet.

867 847 1041 874 Subdiacono
1059 855 1114 874 non
1139 847 1202 874 licet
1222 854 1380 882 segregare,
1404 853 1492 880 neque
1513 846 1652 876 lectorem,

863 901 951 928 neque
962 898 1112 926 cantorem,
1125 901 1214 928 neque
1225 893 1425 925 diaconissam;
1444 899 1497 918 non
1511 891 1652 923 clericum,

862 947 918 967 non
931 939 1031 968 laicum
1049 949 1056 967 :
1075 939 1193 967 ministri
1208 939 1281 967 enim
1298 942 1363 965 sunt
1376 938 1567 966 diaconorum.

1139 985 1255 1013 CAPUT
1278 984 1372 1012 XXIX.

880 1031 918 1059 De
935 1031 1111 1059 benedictione
1129 1040 1204 1067 aqua:
1219 1036 1244 1059 et
1257 1031 1317 1063 olei,
1334 1030 1456 1057 Matt/uri
1471 1017 1635 1057 constitutio-

900 1121 938 1148 De
955 1129 1026 1156 aqua
1040 1125 1129 1149 autem
1146 1125 1173 1148 et
1188 1121 1263 1152 oleo,
1282 1120 1421 1147 constituo
1435 1126 1484 1155 ego
1501 1118 1653 1145 Matthmus.

865 1166 1011 1194 Benedicat
1027 1168 1172 1202 episcopus
1188 1175 1286 1202 aquam
1300 1170 1327 1194 et
1341 1167 1441 1193 oleum.
1460 1165 1508 1192 Sin
1521 1172 1586 1192 vero
1600 1172 1656 1191 non

866 1213 954 1244 adsit,
994 1213 1138 1241 benedicat
1170 1214 1333 1249 presbyter,
1364 1216 1499 1248 praesente
1528 1211 1655 1238 diacono.

867 1259 981 1292 Quando
989 1264 1080 1287 autem
1089 1260 1175 1287 aderit
1186 1260 1332 1295 episcopus
1339 1279 1346 1290 ,
1361 1259 1492 1286 assistant
1503 1257 1655 1292 presbyter,

866 1309 894 1333 et
909 1305 1058 1339 diaconus;
1082 1306 1156 1333 hunc
1179 1313 1242 1333 vero
1257 1306 1284 1332 in
1304 1305 1413 1332 modum
1430 1304 1503 1331 dicat
1520 1313 1527 1331 :
1544 1303 1658 1330 Domine

868 1351 1000 1383 Sabaoth,
1015 1351 1086 1379 Deus
1102 1352 1253 1385 virtutum;
1271 1355 1378 1378 creator
1396 1357 1543 1385 aquarum,
1561 1353 1588 1375 et
1603 1349 1658 1375 lar-

867 1399 938 1434 gitor
952 1399 1020 1432 olei;
1037 1399 1195 1426 misericors
1207 1418 1214 1431 ,
1240 1403 1266 1425 et
1284 1397 1424 1424 hominum
1447 1395 1588 1428 studiose;
1611 1395 1658 1429 qui

868 1444 968 1472 dedisti
981 1451 1079 1479 aquam
1093 1444 1126 1471 ad
1137 1448 1229 1479 potum
1241 1451 1272 1470 ac
1282 1444 1517 1478 cxpurgationem,
1530 1446 1556 1470 et
1568 1443 1658 1469 oleum

868 1491 901 1518 ad
917 1491 1124 1518 cxhilarandum
1141 1491 1245 1518 vultum
1262 1491 1289 1517 in
1304 1490 1515 1517 exsultationem
1539 1487 1637 1515 hetitiaa
1651 1497 1657 1514 :

869 1537 927 1572 ipse
946 1541 973 1564 et
992 1544 1065 1564 nunc
1082 1544 1130 1571 per
1145 1535 1282 1563 Christum
1307 1536 1448 1562 sanctiliea
1470 1535 1540 1561 hanc
1561 1541 1658 1568 aquam

869 1589 949 1618 atque
973 1583 1024 1610 hoc
1048 1583 1148 1613 oleum,
1173 1582 1284 1609 nomine
1311 1581 1384 1608 illius
1405 1581 1451 1616 qui
1477 1580 1589 1612 obtulit,
1612 1582 1660 1606 aut

869 1630 942 1657 illius
957 1637 1018 1664 quae
1034 1629 1149 1662 obtulit;
1171 1633 1198 1656 et
1217 1628 1250 1655 da
1267 1629 1320 1654 vim
1337 1627 1501 1655 etfectricem
1519 1625 1658 1657 sanitatis,

870 1675 1026 1702 morborum
1042 1675 1232 1710 expullriccm,
1248 1675 1400 1701 tlminonum
1417 1673 1585 1708 fugatricem,
1601 1680 1661 1699 om—

868 1721 944 1748 nium
961 1721 1120 1749 insidiarum
1133 1720 1354 1756 proﬂigatricem.
1373 1727 1421 1754 per
1431 1719 1570 1746 Christum
1582 1726 1660 1753 spem

870 1772 990 1795 nostram
1002 1776 1009 1801 ;
1025 1775 1086 1795 cum
1099 1776 1154 1802 quo
1166 1768 1214 1794 tibi
1228 1767 1325 1802 gloria,
1347 1767 1446 1798 honor,
1463 1773 1495 1793 ac
1507 1766 1659 1797 veneratio,

869 1819 896 1841 et
911 1818 1007 1841 sancto
1022 1813 1146 1849 Spiritui,
1163 1814 1190 1841 in
1207 1813 1317 1840 saecula.
1331 1812 1427 1839 Amen.

1151 1892 1266 1920 CAPUT
1291 1891 1375 1920 XXX.

1013 1938 1155 1974 Ejusdem,
1171 1939 1203 1966 de
1217 1939 1342 1973 primitiis
1360 1943 1384 1965 et
1400 1937 1519 1964 decimis.

905 1986 990 2020 Idem,
1007 1987 1041 2013 de
1055 1986 1185 2021 primitiis
1200 1990 1227 2013 et
1243 1985 1368 2013 decimis.
1383 1985 1480 2011 Adhuc
1495 1983 1618 2019 iniungo,
1631 1987 1661 2011 ut

870 2039 966 2060 omnes
981 2033 1106 2067 primitiae
1117 2031 1270 2059 afferentur
1289 2031 1428 2066 episcopo,
1442 2034 1468 2057 et
1482 2030 1661 2065 presbyteris,

871 2081 898 2105 et
921 2078 1065 2112 ᾱὶιιίιοηὶε,
1092 2077 1127 2104 ad
1144 2086 1239 2105 eorum
1265 2077 1440 2109 alimentum;
1461 2081 1545 2111 utque
1565 2083 1663 2104 omnes

862 2125 984 2152 decimae
997 2124 1158 2156 otl'eranlur,
1178 2124 1211 2150 ad
1230 2123 1342 2150 alendos
1361 2122 1481 2157 reliquos
1496 2121 1622 2153 clericos,
1636 2126 1664 2148 et

871 2171 1002 2206 virgines,
1021 2179 1052 2198 ac
1062 2171 1170 2202 viduas,
1184 2174 1210 2197 et
1226 2173 1384 2204 paupertate
1398 2168 1664 2195 aﬂlictos.Primiti:e

872 2217 961 2249 enim,
987 2217 1160 2245 sacerdotum
1188 2220 1263 2248 sunt,
1287 2219 1368 2250 atque
1392 2215 1426 2242 iis
1448 2215 1662 2243 ministrantium

873 2263 1062 2291 diaconorum.

863 2390 871 2415 ;
886 2381 905 2408 l.
919 2381 1124 2418 pseudo-lgnat.
1143 2382 1176 2410 ad
1190 2382 1317 2409 Autiorh.
1334 2380 1377 2408 12.

679 2449 861 2478 VABEORUM
890 2450 1007 2479 ΝΟΤᾸΞ.

42 2526 81 2560 (7)
97 2528 142 2554 οὐ
156 2525 316 2562 βαῖξτίζει,
326 2531 393 2560 etc.,
404 2534 492 2562 usque
507 2527 540 2554 ad
555 2526 656 2554 οὐδενὶ
669 2527 750 2558 ἐξόν.
771 2527 817 2554 Ci-

41 2566 81 2588 Lur
93 2562 124 2589 in
139 2561 202 2589 ﬁne
222 2561 563 2590 Resoonsionum’lVicetae
580 2562 765 2589 Heracleensis
781 2563 813 2590 ad

41 2598 260 2633 lerrogationes
272 2597 443 2633 Constantini
458 2598 591 2633 episcopi,
612 2602 690 2632 prout
705 2602 815 2624 exstant

50 2632 127 2661 mss;
133 2633 240 2660 tribus
257 2632 290 2659 ad
305 2633 407 2660 calcem
416 2632 534 2660 Matthaei
551 2632 692 2664 Blastaris,
708 2633 816 2660 duobus

41 2667 223 2703 giis,—tertio
238 2666 359 2703 Juliano.
373 2669 441 2703 Cor.

43 2701 84 2737 (8)
100 2701 186 2730 οὔτε
202 2701 292 2737 μὴν,
305 2701 352 2728 καὶ
366 2701 400 2728 τὰ
424 2701 497 2736 ἑξῆς.
519 2702 587 2729 Cod.
601 2701 718 2729 Vindoh.
737 2701 818 2728 habet

51 2735 153 2776 dativo
181 2735 350 2776 ἀναγνώστῃ
361 2757 374 2776 ._
390 2735 477 2776 ψάλτῃ
494 2742 521 2764 et
540 2737 708 2776 διακονρσσῃ,
728 2742 757 2764 ut
775 2745 817 2765 res

41 2776 118 2801 tetur
133 2771 257 2802 lectOri,
271 2771 375 2798 cantori
392 2776 419 2799 et
434 2771 604 2800 diaconissae.
621 2772 705 2799 Casa.

41 2808 83 2842 (9)
111 2806 354 2842 Ἆνμττιῦητην,
375 2807 444 2834 οὔτε
470 2807 606 2841 ψάλτην,
627 2807 695 2834 οὔτε
719 2807 816 2834 διακό-

41 2840 139 2871 σοναν.
157 2840 287 2869 Silentio
302 2841 353 2876 tegi
367 2849 419 2868 non
431 2842 511 2869 debet
529 2843 601 2869 varia
620 2842 699 2869 lectio
714 2843 817 2869 codicis

41 2878 83 2914 rgii
104 2877 160 2914 qui
188 2879 309 2906 notatur
334 2884 448 2904 numero
465 2876 536 2904 2592
558 2888 563 2905 :
590 2877 778 2915 ’Λναγνώστῃ,
799 2878 823 2913 ἢ.

866 2528 956 2559 ψάλτῃ
965 2548 971 2558 ,

903 2528 971 2564 Tun.
987 2528 1003 2564 ἢ
1018 2528 1186 2565 διακονῐσσῃ.
1203 2528 1271 2556 σοι.

903 2564 958 2598 (-10)
972 2564 1197 2598 Περὶεὺλογίας,
1217 2573 1244 2591 κ.
1257 2563 1318 2590 τ.λ.
1333 2563 1400 2590 Tota
1417 2563 1559 2598 inscriptio
1573 2563 1661 2595 deest,

865 2599 980 2633 ejusque
995 2601 1054 2626 loco
1070 2599 1168 2634 legitur
1183 2609 1188 2626 :
1207 2599 1345 2631 Ματοαίος
1357 2600 1386 2625 ὲν
1403 2599 1517 2634 Ἰουδαίᾳ
1530 2599 1664 2634 διδάσκῳν

863 2634 912 2670 τὸν
918 2635 939 2660 Χ
945 2634 1036 2669 ριστοῦ
1043 2633 1132 2668 λόγον,
1141 2635 1195 2661 τῶν
1201 2635 1261 2660 ἐϐδο
1265 2635 1385 2670 μήκοντα
1396 2633 1514 2668 γεγονὼς
1525 2633 1662 2670 μαθητῷν,

865 2669 878 2705 ᾧ
893 2667 961 2704 μετᾶ
975 2670 1023 2705 τὴν
1039 2667 1157 2705 Χριστοῦ
1173 2667 1271 2705 ἅνοδονί
1281 2667 1530 2705 συγκατηρῐῦμητο
1540 2667 1595 2699 τοῖς
1609 2667 1662 2705 δρ-

865 2702 932 2730 δεὶια
955 2702 1126 2736 Ἀποστόλοις
1142 2705 1202 2731 ἀντὶ
1223 2704 1307 2731 Ἰούδα
1321 2702 1377 2730 ’τοῦ
1397 2702 1542 2738 γενομένου
1567 2702 1663 2738 προδό-

870 2747 927 2776 του·
946 2741 1081 2776 κεῖταιηὲν
1102 2740 1287 2776 Ἰερουσαλήμ.
1305 2739 1356 2766 Sed
1370 2737 1420 2776 pro
1432 2737 1560 2776 Alton/two
1571 2737 1662 2772 legen-

871 2775 936 2802 dum
952 2780 1010 2802 erat
1027 2773 1179 2802 Maulu'zim.
1194 2773 1329 2802 Vide'Act.
1347 2773 1431 2806 1,95.
1447 2773 1532 2800 Cum.

902 2810 963 2845 '(ll)
989 2811 1020 2836 '0
1034 2811 1134 2843 αὐτός,
1152 2814 1205 2837 etc.
1223 2810 1302 2838 Deest
1322 2808 1483 2844 inscriptio,
1505 2807 1586 2843 cujus
1600 2805 1659 2836 loco

873 2850 937 2872 sunt
955 2853 1002 2873 sex
1018 2846 1101 2873 verba
1117 2846 1271 2880 sequentia.

1018 2528 1186 2564 διακονία-σῃ.
1203 2528 1271 2556 σοι.
