1900 3108
85 85 150 113 (ΞΗ

505 82 804 112 CONSTITUTIONES
822 83 1059 113 APOSTOLICE.
1078 101 1113 106 —
1136 85 1200 114 LIB.
1218 85 1285 114 VIII.

1643 90 1712 119 ΗΒ

81 146 141 176 τοὺς
154 143 202 170 καὶ
217 142 346 179 ἀλλήλους
361 141 400 178 τῷ
412 141 494 174 ζῶντι
504 142 562 178 Θεῷ
578 142 622 169 διὰ
638 142 684 169 τοῦ
703 141 862 176 Μονογενοῦέ

923 142 1081 171 mcndemus
1113 151 1161 178 per
1195 143 1370 180 Unigcnitum
1403 146 1473 182 ejus.
1499 146 1539 175 Ac
1565 148 1710 185 episcopus

79 190 158 218 αὐτοῦ
174 188 371 224 πασαθώμεθα.
398 188 453 215 Kal.
472 189 486 215 6
505 188 652 220 ἐπίσκοπος
676 188 867 223 ἐπευχόμενος,

78 236 188 271 λεγέτω·

195 285 198 287 ‘
330 280 529 307 ΚΕΦᾹΛΛιΟΝ
549 281 615 307 AH'.

307 326 492 360 Εὐχαριστία
510 326 642 360 ὀρθρινή.

116 372 144 399 '0
172 371 243 404 Θεδς
262 372 276 398 6
294 372 348 398 τῶν
364 372 526 407 πνευμάτων
543 373 590 399 καὶ
614 372 704 408 πάσης
727 374 837 409 σαρκὸς,
853 376 868 402 6

76 416 239 453 ἀσύγκριτος
249 418 295 444 καὶ
308 418 468 454 ἀπροσδεὴς,
484 420 498 445 6
514 418 576 450 δοὺς
589 419 634 445 τὸν
647 419 722 455 ἥλιον
738 421 778 452 εἰς
793 420 869 452 ἐξου-

76 463 133 489 σίαν
146 463 197 497 τῆς
213 463 329 498 ἡμέρας,
344 463 394 496 τὴν
409 463 439 490 δὲ
464 463 578 500 σελήνην
601 464 648 490 καὶ
667 464 702 492 τὰ
721 465 809 501 ἄστρα
827 467 867 498 εἰς

76 507 196 540 ἐξουσίαν
210 509 260 543 τῆς
280 508 385 540 νυκτός·
413 508 493 541 αὐτὸς
506 510 552 536 καὶ
569 509 617 536 νῦν
633 510 706 537 ἔπιδε
728 511 773 545 ἐφ’
794 511 866 547 ἡμᾶς

74 554 215 589 εὐμενέσιν
246 554 403 591 ὀφθαλμοῖς,
431 556 478 582 καὶ
511 556 654 592 πρόσδεξαι
676 557 725 589 τὰς
753 558 866 591 ἑωθινὰς

75 599 148 634 ἡμῶν
162 600 347 636 εὐχαριστίας,
368 601 414 628 καὶ
431 601 540 637 ὲλέησον
556 602 638 638 ἡμᾶς’
662 603 693 630 οὺ
708 602 762 638 γὰρ
774 603 864 631 διεπε-

73 645 193 681 τάσαμεν
209 646 259 678 τὰς
274 648 367 682 χεῖρας
388 647 467 683 ἡμῶν
487 648 554 684 πρὸς
577 648 636 676 θεὸν
659 649 807 685 ἁλλότριον“
833 651 864 678 οὐ

73 692 124 727 γάρ
135 693 210 719 ἐστιν
226 692 256 719 ὲν
269 693 335 728 ἡμῖν
359 692 419 725 οεὸς
437 693 602 730 πρόσφατος,
626 694 693 721 ἀλλὰ
715 696 746 722 σὺ
766 696 780 722 6
799 695 864 723 αίώ-

73 746 124 769 νιος
143 738 190 764 καὶ
205 738 392 774 ἀτελεύτητος.
423 739 452 766 Ὁ
467 739 498 766 τὸ
514 737 585 767 εἶναι
600 741 666 776 ἡμῖν
687 741 732 768 διὰ
745 741 863 778 Χριστοῦ

73 784 286 820 παρασχόμενος,
304 785 351 812 καὶ
366 785 397 812 τὺ
411 783 441 812 εὖ
463 784 531 813 εἶναι
548 787 582 813 δι’
599 787 682 814 αὐτοῦ
702 787 863 825 δωρησάμε-

922 197 1016 221 orans,
1032 189 1105 217 dicat
1119 199 1126 217 :

1173 282 1287 311 CAPUT
1307 283 1450 312 XXXVili.

1121 328 1275 356 Gratiarum
1288 331 1356 357 actio
1371 331 1512 360 matutina.

954 372 1104 408 Spirituum
1122 379 1149 402 et
1163 375 1253 403 omnis
1271 375 1363 403 carnis
1379 376 1461 410 Deus,
1484 376 1707 414 incomparabilis

917 425 950 445 ac
967 419 1069 447 nullius
1084 420 1123 447 rei
1137 420 1260 457 indigus;
1273 422 1320 457 qui
1335 421 1434 450 dedisti
1454 423 1549 456 solem,
1563 427 1593 450 ut
1611 432 1707 460 praees-

916 469 958 493 set
969 465 1042 499 diei;
1065 467 1157 494 lunam
1172 475 1236 495 vero
1256 472 1284 496 et
1299 468 1404 501 stellas,
1419 472 1449 496 ut
1460 474 1608 504 praeessent
1620 471 1705 505 nocti,

916 510 974 546 ipse
988 515 1015 539 et
1030 520 1103 540 nunc
1116 513 1222 548 respice
1238 521 1321 548 super
1333 522 1384 543 nos
1398 515 1486 542 oculis
1500 515 1657 550 benevolis;
1673 524 1705 544 ac

915 557 1024 592 suscipe
1039 558 1186 586 matutinas
1207 563 1318 587 nostras
1340 560 1490 594 gratiarum
1513 560 1653 595 actiones;
1677 565 1706 589 et

914 603 1044 632 miserere
1055 605 1142 633 nostri
1158 615 1165 633 :
1187 613 1243 634 non
1256 606 1328 634 enim
1343 607 1523 642 expandimus
1540 615 1637 636 manus
1651 616 1703 637 no-

916 650 987 675 stras
1001 650 1035 674 ad
1047 647 1127 675 deum
1140 649 1278 683 alienum;
1297 650 1432 686 siquidem
1447 659 1500 678 non
1521 656 1562 680 est
1579 653 1605 679 in
1623 653 1701 680 nobis

915 694 984 722 deus
996 702 1091 722 recens
1104 695 1136 729 “,
1153 695 1199 723 sed
1217 700 1246 723 tu
1268 701 1387 724 aeternus
1401 705 1433 725 ac
1456 698 1630 727 immortalis.
1649 697 1700 732 Qui

916 740 996 768 nobis
1018 748 1065 775 per
1079 741 1216 769 Christum
1236 743 1376 777 praebuisti
1397 747 1428 770 ut
1449 751 1585 777 essemus,
1602 744 1702 780 quippe

916 793 965 821 per
989 787 1113 815 eumdem
1140 789 1246 815 donasti
1269 794 1298 817 ut
1320 790 1387 817 bene
1411 798 1555 827 essemus;
1575 791 1634 826 ipse
1651 797 1702 819 nos

73 838 121 861 νος·
149 831 233 863 αὐτὸς
246 831 319 866 ἡμᾶς
333 831 367 858 δι’
382 832 464 859 αὑτοῦ
481 832 646 866 καταξίωσον
664 834 710 860 καὶ
731 834 780 870 τῆς
801 836 861 862 αίω-

917 839 964 867 per
979 840 1042 860 eum
1055 833 1168 868 dignare
1183 838 1284 861 πίει-[ιιι
1302 836 1368 868 vita,
1383 843 1445 862 cum
1458 843 1512 870 quo
1536 835 1584 863 tibi
1604 835 1701 870 gloria,

72 877 123 903 νῑου
145 875 229 914 ζωῆςο
253 877 316 913 μεθ]
333 874 364 904 οὗ
389 886 430 905 σοι
449 878 522 912 δόξα,
548 880 595 906 καὶ
609 880 686 915 τιμὴ,
702 880 749 907 καὶ
767 880 859 915 σέϐας,

73 924 114 950 καὶ
123 923 161 959 τῷ
178 924 250 959 ἁγίῳ
267 924 415 960 Πνεύματι,
431 924 470 957 είς
487 926 550 958 τοὺς
563 926 673 958 αἰῶνας.
697 927 791 962 Ἀμήν.
806 928 860 955 Ka‘t

71 971 84 994 6
106 970 230 1002 διάκονος
252 970 363 1005 λεγέτω*
389 971 506 999 Κλίνατε
528 974 563 1008 τῇ
584 972 748 1008 χειροθεσίᾳ.
776 974 831 1001 Kal
846 975 860 1001 6

72 1016 216 1049 ἐπίσκοπος
235 1017 402 1053 ἑπευχέσθω,
417 1018 515 1053 λέγων⁵

323 1064 521 1092 ΚΕΦΔΛΑΙΟΝ
541 1065 602 1092 ΛΘ’.

298 1110 472 1145 Χειροθεσία
490 1111 620 1145 όρθρινή.

107 1154 136 1182 '0
145 1155 213 1188 Θεὸς
225 1156 240 1183 6
257 1156 352 1189 πιστὸς
366 1157 413 1184 καὶ
432 1157 569 1193 ἀληθινὸς,
587 1159 601 1185 6
626 1158 710 1185 ποιῶν
729 1159 802 1191 ἔλεος
819 1159 859 1192 είς

71 1200 185 1235 χιλιάδας
199 1202 248 1229 καὶ
263 1202 395 1239 μυριάδας
407 1204 464 1235 τοῖς
482 1203 609 1238 ἀγαπῶσι
624 1214 663 1239 σε,
686 1207 700 1233 6
721 1206 795 1241 φίλος
810 1216 858 1234 τα-

70 1247 173 1281 πεινῶν,
189 1248 238 1275 καὶ
255 1249 378 1284 πενήτων
396 1249 562 1286 προστάτης,
582 1249 613 1278 οὗ
630 1252 718 1279 πάντα
734 1253 762 1279 ἐν
778 1253 857 1289 χρείᾳ

71 1292 243 1330 καθέστηκεν,
261 1295 302 1321 ὅτι
316 1294 351 1321 τὰ
365 1295 511 1331 σύμπαντα
534 1296 615 1324 δοῦλα
638 1306 694 1324 σου·
718 1298 792 1325 ἔπιδε
811 1299 857 1326 τὸν

70 1337 126 1365 λαόν
151 1348 196 1366 σου
223 1339 328 1374 τοῦτον,
350 1342 414 1374 τοὺς
432 1343 592 1376 κεκλικότας
614 1353 655 1371 σοι
679 1345 728 1378 τὰς
752 1347 856 1374 ἑαυτῶν

71 1385 193 1419 κεφαλὰς,
214 1386 262 1413 καὶ
280 1387 426 1423 εὑλόγησον
443 1388 543 1421 αὐτοὺς
563 1389 687 1425 εὐλογίαν
705 1400 855 1428 πνευματι-

70 1430 126 1464 κὴν,
138 1431 255 1466 φύλαξον
266 1433 365 1466 αὐτοὺς
379 1434 417 1465 ὡς
430 1434 516 1471 κόρην
529 1436 678 1472 ὀφθαλμοῦ,
692 1437 854 1475 διατήρησον

70 1476 160 1509 αὐτοὺς
179 1479 208 1505 ὲν
224 1478 350 1515 εὐσεϐείᾳ
372 1481 418 1507 καὶ
430 1480 597 1518 δικαιοσύνῃ,
620 1483 666 1509 καὶ
687 1483 853 1517 χαταξῑωσον

70 1523 160 1556 αὐτοὺς
172 1524 222 1561 τῆς
236 1525 344 1552 αἰωνίου
359 1525 440 1562 ζωῆς,
458 1527 487 1554 ὲν
503 1527 613 1564 Χριστῷ
636 1529 723 1565 Ἰησοῦ
739 1530 778 1566 τῷ
791 1531 856 1566 ἠγα-

69 1571 175 1607 πημένῳ
191 1581 240 1598 σου
259 1573 345 1599 παιδί·
376 1573 441 1609 μεθ’
456 1571 486 1601 οὗ
502 1583 544 1601 σοι
558 1574 631 1609 δόξα,
655 1576 722 1612 τιμὴ
745 1577 792 1604 καὶ
811 1577 855 1604 σέ-

70 1614 124 1649 ϐας,
142 1618 188 1644 καὶ
217 1618 256 1654 τῷ
276 1618 345 1655 ἁγίῳ
361 1619 511 1655 Πνεύματι,
534 1620 593 1655 νῦν,
612 1622 659 1649 καὶ
680 1623 733 1657 ἀεὶ,
750 1623 798 1650 καὶ
815 1624 855 1656 εις

868 1509 890 1540 C

70 1662 124 1694 τοὺς
139 1663 240 1696 αἰῶνας
254 1664 308 1692 τῶν
329 1664 443 1692 αἰώνων.
468 1666 562 1703 Ἀμήν.
580 1668 636 1695 Καὶ
649 1669 663 1695 6
676 1667 797 1701 διάκονος
811 1669 854 1696 λε-

70 1707 141 1740 γέτω·
166 1709 314 1745 Προέλθετε
335 1712 363 1738 ὲν
378 1712 482 1748 εἰρήνῃ.
508 1713 568 1740 Ἐπὶ
582 1713 611 1740 δὲ
627 1716 687 1746 ταῖς
702 1723 854 1751 προσφερο-

72 1754 155 1787 μέναις
168 1756 315 1792 ἀπαρχαῖς,
328 1757 413 1789 οὕτως
429 1759 585 1795 εὐχαριστεῖ
597 1761 611 1787 6
625 1760 784 1793 ἐπίσκοπος.

326 1804 522 1832 ΚΕΦΑΛΑῙΟΝ
538 1806 582 1832 Μ’.

254 1849 426 1884 Ἑπίκλησις
438 1851 487 1878 ἐπὶ
501 1852 656 1886 ἀπαρχῶν.

100 1893 315 1931 Εὐχαριστοῦμέν
326 1905 378 1928 σοι,
391 1897 477 1932 Κύριε
488 1898 687 1934 παντόκρατορ,
702 1900 851 1936 δημιουργὲ

69 1939 116 1966 τῶν
126 1940 190 1968 ὅλων
206 1942 251 1968 καὶ
264 1942 410 1978 προνοητὰ,
425 1942 469 1970 διὰ
482 1943 530 1970 τοῦ
547 1944 709 1979 μονογενοῦς
724 1954 770 1972 σου
788 1947 851 1974 Παι-

69 1984 107 2016 δὸς
124 1986 208 2022 Ἰησοῦ
219 1988 336 2023 Χριστοῦ
351 1988 397 2014 τοῦ
409 1989 512 2024 Κυρίου
523 1990 612 2025 ἡμῶν,
623 1991 669 2017 ἐπὶ
680 1993 741 2023 ταῖς
752 2001 850 2028 προσε-

70 2031 211 2066 νεχθείσαις
223 2042 262 2060 σοι
285 2034 433 2070 ἀπαρχαῖς,
457 2036 506 2070 οὐχ
527 2036 589 2063 ὅσον
614 2037 768 2073 ὀφείλομεν,
792 2038 849 2064 ἀλλ’

70 2076 123 2104 ὅσον
136 2079 280 2114 δυνάμεθα.
296 2080 344 2112 Τίς
357 2080 411 2115 γὰρ
429 2081 579 2117 ἀνθρώπων
597 2083 717 2115 ἐπαξίως
736 2084 847 2120 εὐχαρι-

71 2123 156 2158 στῆσαί
169 2134 210 2151 σοι
221 2125 341 2158 δύναται,
354 2126 424 2162 ὑπὲρ
433 2123 470 2154 ὧν
480 2127 599 2160 δέδωκας
615 2129 705 2161 αὐτοῖς
716 2130 756 2161 είς
767 2130 849 2165 μετά-

69 2166 156 2203 ληψινς
175 2172 189 2197 6
213 2171 278 2204 θεὸς
309 2171 445 2208 Ἀϐραὰμ,
471 2174 519 2200 καὶ
540 2174 642 2206 Ἰσαὰκ,
661 2175 708 2201 καὶ
730 2174 827 2203 Ἰακὼΰ
840 2197 846 2209 ,
864 2181 886 2208 Ῑ)

71 2215 111 2241 καὶ
120 2216 225 2244 πάντων
242 2218 296 2245 τῶν
320 2219 414 2253 ἁγίων·
429 2220 444 2246 6
469 2220 557 2247 πάντα
580 2220 789 2257 τελεσφορήσας,
805 2222 849 2249 διὰ

70 2260 111 2286 τοῦ
122 2261 205 2297 Λόγου
222 2272 279 2297 σου,
294 2266 341 2292 καὶ
355 2265 486 2298 κελεύσας
500 2268 534 2302 τῇ
546 2268 579 2302 γῇ
596 2267 785 2299 παντοδαποὺς
800 2269 847 2295 tx-

71 2306 271 2346 φῦσαικαρποὺς
280 2313 321 2343 εἰς
329 2312 500 2348 εὐφροσύνην
511 2313 557 2339 καὶ
566 2313 822 2351 τροφὴνήμετὲραν·
834 2316 848 2342 6

70 2350 124 2384 δοὺς
136 2357 189 2387 τοῖς
202 2356 378 2394 νωθεστέροις
391 2358 437 2385 καὶ
453 2358 601 2395 βληχώδεσι
621 2359 711 2394 χειλὺν
721 2380 729 2393 ,
764 2350 847 2396 χλοη-

72 2398 156 2432 ςάγοις
169 2401 259 2437 χλόην,
274 2403 320 2430 καὶ
334 2405 390 2436 τοῖς
408 2403 458 2440 μὲν
474 2404 542 2440 κρέα
555 2425 562 2437 ,
579 2406 635 2436 τοῖς
649 2405 677 2432 δὲ
692 2405 846 2442 σπέρματα,

71 2442 127 2478 ἡμῖν
137 2446 164 2472 δὲ
180 2449 251 2474 σῖτον
262 2449 330 2484 πρὸς
344 2451 447 2486 τροφὴν
462 2451 616 2487 πρόσφορον
639 2451 687 2478 καὶ
711 2451 847 2487 κατάλλη-

72 2487 118 2521 λον,
132 2493 176 2519 καὶ
189 2493 268 2529 ἕτερα
281 2494 406 2532 διάφορα,
426 2496 461 2523 τὰ
480 2497 529 2532 μὲν
549 2496 617 2532 πρὸς
642 2498 749 2533 χρῆσιν,
766 2497 800 2524 τὰ
818 2497 846 2524 δὲ

72 2535 131 2569 πρὸς
143 2538 254 2572 ὑγίειαν,
274 2540 309 2566 τὰ
323 2541 350 2568 δὲ
368 2542 436 2578 πρὸς
458 2542 563 2578 τέρψιν.
589 2543 650 2569 Ἐπὶ
678 2543 782 2575 τούτοις
799 2541 846 2570 οὖν

73 2579 159 2610 itam
174 2586 362 2624 ὑπερύμνητσς
377 2589 433 2625 (57)
445 2588 595 2625 ὑπάρχεις,
616 2589 665 2625 τῆς
686 2590 726 2622 είς
742 2590 846 2622 πάντας

104 2663 125 2680 ⁸⁸
139 2664 208 2694 Psal.
225 2673 306 2700 Lux,
323 2668 366 2696 10.

417 2668 440 2684 ³⁷
460 2668 546 2697 Exod.
567 2677 660 2702 xxxtv,
677 2670 703 2698 6.
741 2671 801 2692 ’π’-³³
818 2669 890 2698 Psal.

913 877 1011 910 honor,
1033 878 1184 910 veneratio,
1211 882 1237 905 et
1258 882 1354 906 sancto
1386 878 1508 914 Spiritui,
1535 879 1564 906 in
1588 880 1698 908 saacula.

911 923 1007 951 Amen.
1026 923 1094 950 Tum
1109 923 1241 952 diaconus
1258 924 1332 952 dicat
1349 934 1356 952 :
1382 925 1514 954 Inclinate
1538 925 1572 953 ad
1599 933 1700 954 manus

911 970 1123 1005 impositionem.
1137 970 1177 998 Ac
1187 970 1334 1007 episcopus
1350 976 1420 1005 oret,
1433 971 1479 1000 his
1495 971 1585 1001 verbis
1603 982 1609 1000 :

1175 1059 1290 1089 CAPUT
1309 1060 1429 1088 XXXIX.

1096 1107 1234 1142 Impositio
1250 1116 1344 1134 manus
1361 1108 1501 1136 matutina.

944 1151 1017 1180 Deus
1029 1152 1115 1180 fidelis
1130 1157 1156 1180 et
1171 1160 1253 1180 verax
1267 1153 1289 1168 ⁸⁷
1301 1172 1309 1185 ,
1329 1153 1375 1188 qui
1391 1153 1460 1181 facis
1477 1152 1698 1181 misericordiam

909 1199 937 1226 in
953 1199 1047 1232 millia,
1066 1202 1092 1226 et
1112 1199 1182 1226 dena
1204 1199 1300 1231 millia,
1326 1199 1504 1234 diligentibus
1524 1203 1568 1232 te;
1590 1198 1696 1227 amicus

908 1244 1063 1277 humilium,
1092 1248 1120 1273 ct
1143 1252 1294 1280 pauperum
1312 1244 1457 1278 defensor;
1483 1252 1538 1280 quo
1567 1245 1696 1273 universa

907 1298 977 1326 opus
989 1290 1098 1323 habent,
1114 1299 1178 1327 quia
1187 1295 1287 1319 cuncta
1299 1291 1347 1318 tibi
1360 1299 1439 1319 serva
1455 1295 1520 1318 sunt
1532 1301 1537 1318 :
1550 1291 1656 1326 respice
1667 1291 1697 1318 in

908 1339 1038 1373 populum
1054 1342 1131 1365 tuum
1147 1337 1232 1370 hunc,
1256 1338 1284 1366 in
1307 1338 1358 1366 llos
1378 1338 1425 1373 qui
1448 1337 1617 1364 inclinarunt
1646 1336 1696 1364 tibi

909 1384 999 1416 capita
1022 1389 1083 1416 sua,
1092 1386 1119 1410 et
1133 1383 1247 1412 benedic
1270 1385 1311 1412 eis
1332 1385 1520 1413 benedictione
1539 1384 1694 1420 spirituali;

909 1426 1016 1455 custodi
1029 1434 1086 1462 eos,
1103 1433 1134 1456 ut
1144 1430 1274 1464 pupillam
1288 1431 1361 1459 oculi
1371 1431 1448 1464 "-39;
1464 1438 1594 1459 conserva
1609 1438 1656 1458 eos
1669 1430 1699 1458 in

906 1475 1006 1510 pietate
1028 1483 1061 1503 ac
1082 1475 1205 1510 justitia;
1223 1479 1250 1502 et
1269 1483 1318 1503 eos
1336 1475 1391 1502 vita
1406 1478 1507 1503 aeterna
1523 1474 1651 1510 dignare;
1667 1473 1699 1501 in.

906 1521 1017 1549 Christo
1031 1521 1097 1550 Jesu
1119 1521 1219 1549 dilecto
1228 1520 1296 1548 Filio
1308 1524 1371 1554 tuo;
1386 1528 1448 1548 cum
1465 1527 1520 1556 quo
1531 1519 1581 1548 tibi
1596 1519 1694 1555 gloria,

905 1568 1004 1600 honor,
1025 1571 1107 1603 atque
1129 1567 1229 1598 cultus,
1258 1570 1285 1594 et
1304 1569 1402 1594 sancto
1428 1565 1553 1601 Spiritui,
1569 1571 1654 1597 nunc,
1668 1567 1700 1592 et

906 1621 1023 1648 semper,
1048 1617 1075 1641 et
1095 1613 1124 1640 in
1140 1613 1240 1641 saecula
1254 1612 1429 1640 seculorum.
1446 1611 1544 1639 Amen.
1556 1610 1589 1638 Et
1602 1610 1698 1638 diaco-

905 1668 958 1688 nus
969 1659 1066 1686 dicat:
1087 1658 1166 1687 Exite
1187 1659 1216 1686 in
1235 1666 1313 1694 pace.
1337 1658 1473 1686 Ceterum
1490 1665 1540 1692 pro
1563 1655 1694 1691 primitiis

904 1714 965 1742 qua:
990 1705 1152 1738 offeruntur,
1178 1705 1325 1741 episcopus
1353 1704 1460 1739 gratias
1481 1703 1536 1738 agit
1563 1703 1638 1730 hunc
1664 1702 1697 1730 in

903 1753 1013 1782 modum
1027 1762 1034 1780 :

1198 1796 1312 1825 CAPUT
1340 1795 1396 1823 XL.

1167 1843 1303 1872 Iuvacatio
1315 1851 1362 1878 pro
1374 1843 1512 1878 primitiis.

937 1893 1044 1921 Gratias
1062 1892 1167 1928 agimus
1183 1891 1242 1924 tibi,
1276 1890 1390 1919 Domine
1415 1889 1602 1924 omnipotens,
1629 1895 1692 1916 om--

901 1940 977 1968 nium
997 1939 1088 1975 opifex
1101 1946 1133 1966 ac
1155 1937 1290 1973 provisor,
1319 1944 1367 1972 per
1395 1936 1565 1971 unigenitum
1591 1935 1694 1964 Filium

901 1987 988 2013 tuum‘
1007 1985 1101 2013 Jesum
1127 1983 1268 2012 Christum
1293 1982 1439 2010 Dominum
1467 1986 1611 2015 nostrum,
1641 1989 1692 2017 pro

901 2032 1001 2060 oblatis
1018 2032 1066 2059 tibi
1088 2031 1234 2067 primitiis;
1255 2037 1309 2057 non
1329 2033 1460 2065 quantum
1483 2029 1625 2062 debemus,
1642 2029 1692 2056 sed

900 2084 1032 2116 quantum
1050 2085 1206 2114 possumus.
1221 2077 1289 2110 Quis
1305 2069 1378 2104 enim
1401 2075 1542 2103 hominum
1556 2075 1693 2110 condigne

901 2131 990 2163 potest
1003 2126 1105 2162 gratias
1114 2125 1163 2152 tibi
1179 2132 1269 2160 agere,
1286 2131 1335 2159 pro
1350 2123 1384 2150 iis
1397 2130 1457 2160 quae
1467 2122 1565 2150 dedisti
1579 2122 1646 2157 ipsis
1656 2121 1692 2150 ad

901 2172 1138 2210 participandum?
1159 2171 1230 2199 Deus
1242 2170 1389 2198 Abrahami
1403 2173 1429 2197 et
1444 2169 1529 2197 Isaaci
1542 2172 1570 2196 et
1582 2168 1698 2202 Jacobi,

900 2220 1078 2254 omniumque
1099 2222 1258 2246 sanctorum
1276 2227 1283 2244 :
1299 2217 1345 2252 qui
1365 2221 1464 2244 cuncta
1487 2216 1521 2244 ad
1542 2215 1692 2251 perfectio-

900 2273 962 2293 nem
977 2273 1008 2293 ac
1021 2265 1204 2293 maturitatem
1220 2263 1384 2299 perduxisti,
1401 2271 1450 2298 per
1463 2261 1585 2291 Verbum
1598 2266 1687 2295 tuum,

898 2317 925 2341 et
941 2317 1020 2340 terra:
1033 2312 1140 2347 jussisti
1161 2311 1322 2347 progignere
1345 2309 1436 2337 omnis
1451 2309 1560 2344 generis
1581 2308 1689 2336 fructus

899 2360 932 2387 ad
946 2360 1067 2387 lzetitiam
1081 2363 1109 2387 et
1122 2359 1280 2386 alimoniam
1294 2360 1417 2385 nostram
1436 2366 1441 2383 :
1459 2355 1506 2392 qui
1519 2355 1617 2383 dedisti
1639 2355 1689 2383 he-

898 2405 1051 2434 betioribus
1070 2412 1102 2432 ac
1121 2404 1322 2440 stupidioribus
1339 2403 1471 2438 pabulum
1497 2401 1573 2436 feni,
1595 2401 1687 2430 herbi-

898 2452 972 2480 voris
984 2451 1096 2479 herbam
1114 2455 1160 2479 :et
1180 2451 1241 2478 aliis
1264 2449 1373 2485 quidem
1398 2456 1506 2481 carnes,
1530 2447 1592 2476 aliis
1620 2455 1688 2475 vero

899 2498 1014 2530 semina,
1031 2498 1112 2526 nobis
1134 2501 1224 2525 autem
1247 2497 1416 2524 frumentum
1434 2496 1468 2522 ad
1480 2495 1571 2524 cibum
1591 2499 1685 2530 aptum

898 2552 930 2571 ac
951 2544 1181 2572 convenientem:
1205 2543 1270 2570 item
1298 2542 1405 2570 diversa
1429 2541 1494 2574 alia,
1529 2540 1628 2576 partim
1650 2539 1685 2567 ad

898 2598 988 2624 usum,
1007 2590 1107 2626 partim
1123 2589 1158 2617 ad
1174 2589 1330 2623 sanitatem,
1351 2588 1450 2625 partim
1470 2587 1505 2615 ad
1522 2586 1683 2615 oblectatio-

907 2679 962 2704 xvr,
978 2671 1004 2699 8.

706 2750 886 2781 VARIORUM
913 2751 1030 2781 NOTE.

105 2814 153 2852 (ετ)
176 2817 397 2854 Ὑπερύμνητος.
416 2820 445 2848 In
459 2820 545 2848 altero
560 2820 620 2848 cod.
636 2819 763 2855 ὑμνητὸς.
781 2819 819 2848 lo.
