  <div class='ocr_page' id='page_1' title='image "/cluster/home/n/w/nwhite01/storage/ocr_20150623/1/njp.32101077772331/705.png"; bbox 0 0 1892 3105; ppageno 0'>
   <div class='ocr_carea' id='block_1_1' title="bbox 237 126 1861 166">
    <p class='ocr_par' dir='ltr' id='par_1_1' title="bbox 237 126 1861 166">
     <span class='ocr_line' id='line_1_1' title="bbox 237 126 1861 166; baseline 0.004 -12"><span class='ocrx_word' id='word_1_1' title='bbox 237 126 303 155; x_wconf 80' lang='lat'><strong>“5|</strong></span> <span class='ocrx_word' id='word_1_2' title='bbox 657 126 685 155; x_wconf 84' lang='lat' dir='ltr'><strong>S.</strong></span> <span class='ocrx_word' id='word_1_3' title='bbox 703 127 899 155; x_wconf 81' lang='lat' dir='ltr'><strong>CLEMENTIS</strong></span> <span class='ocrx_word' id='word_1_4' title='bbox 915 128 924 154; x_wconf 93' lang='lat' dir='ltr'><strong>l</strong></span> <span class='ocrx_word' id='word_1_5' title='bbox 940 126 1023 155; x_wconf 71' lang='lat' dir='ltr'><strong>ROM.</strong></span> <span class='ocrx_word' id='word_1_6' title='bbox 1042 126 1143 156; x_wconf 82' lang='grc' dir='ltr'><strong>ΡΟΝΤ.</strong></span> <span class='ocrx_word' id='word_1_7' title='bbox 1162 127 1278 156; x_wconf 77' lang='lat' dir='ltr'><strong>OPERA</strong></span> <span class='ocrx_word' id='word_1_8' title='bbox 1295 126 1410 159; x_wconf 79' lang='lat' dir='ltr'><strong>DUBIA.</strong></span> <span class='ocrx_word' id='word_1_9' title='bbox 1798 137 1861 166; x_wconf 72' lang='lat'><strong>“52</strong></span> 
     </span>
    </p>
   </div>
   <div class='ocr_carea' id='block_1_2' title="bbox 234 183 981 233">
    <p class='ocr_par' dir='ltr' id='par_1_2' title="bbox 234 183 981 220">
     <span class='ocr_line' id='line_1_2' title="bbox 234 183 981 220; baseline -0.001 -8"><span class='ocrx_word' id='word_1_10' title='bbox 234 184 385 220; x_wconf 84' lang='lat' dir='ltr'><strong>quidquam</strong></span> <span class='ocrx_word' id='word_1_11' title='bbox 400 191 494 212; x_wconf 91' lang='lat' dir='ltr'><strong>eorum</strong></span> <span class='ocrx_word' id='word_1_12' title='bbox 519 183 674 217; x_wconf 84' lang='lat' dir='ltr'><strong>dimovere,</strong></span> <span class='ocrx_word' id='word_1_13' title='bbox 692 193 752 220; x_wconf 71' lang='lat' dir='ltr'><strong>qua:</strong></span> <span class='ocrx_word' id='word_1_14' title='bbox 768 185 846 213; x_wconf 77' lang='lat' dir='ltr'><strong>vobis</strong></span> <span class='ocrx_word' id='word_1_15' title='bbox 865 185 981 213; x_wconf 77' lang='lat' dir='ltr'><strong>secundi</strong></span> 
     </span>
    </p>
   </div>
   <div class='ocr_carea' id='block_1_3' title="bbox 1113 183 1860 233">
    <p class='ocr_par' dir='ltr' id='par_1_3' title="bbox 1113 184 1860 233">
     <span class='ocr_line' id='line_1_3' title="bbox 1113 184 1860 233; baseline 0.017 -23"><span class='ocrx_word' id='word_1_16' title='bbox 1113 184 1182 220; x_wconf 72' lang='grc' dir='ltr'>ὑμήν</span> <span class='ocrx_word' id='word_1_17' title='bbox 1201 185 1269 233; x_wconf 87' lang='grc' dir='ltr'>Θεοῦ</span> <span class='ocrx_word' id='word_1_18' title='bbox 1290 188 1355 223; x_wconf 89' lang='grc' dir='ltr'>παρ’</span> <span class='ocrx_word' id='word_1_19' title='bbox 1379 188 1458 224; x_wconf 83' lang='grc' dir='ltr'>ἡμῶν</span> <span class='ocrx_word' id='word_1_20' title='bbox 1480 189 1666 225; x_wconf 74' lang='grc' dir='ltr'>ὀρισθέντωνς</span> <span class='ocrx_word' id='word_1_21' title='bbox 1688 192 1748 220; x_wconf 78' lang='grc' dir='ltr'>ἀλλ’</span> <span class='ocrx_word' id='word_1_22' title='bbox 1768 195 1860 233; x_wconf 68' lang='grc' dir='ltr'>ἐπειδὴ</span> 
     </span>
    </p>
   </div>
   <div class='ocr_carea' id='block_1_4' title="bbox 234 230 981 277">
    <p class='ocr_par' dir='ltr' id='par_1_4' title="bbox 234 230 981 268">
     <span class='ocr_line' id='line_1_4' title="bbox 234 230 981 268; baseline 0.001 -9"><span class='ocrx_word' id='word_1_23' title='bbox 234 232 400 260; x_wconf 72' lang='lat' dir='ltr'><strong>voluntatem</strong></span> <span class='ocrx_word' id='word_1_24' title='bbox 419 230 465 258; x_wconf 87' lang='lat' dir='ltr'><strong>Dei</strong></span> <span class='ocrx_word' id='word_1_25' title='bbox 485 239 532 266; x_wconf 88' lang='lat' dir='ltr'><strong>per</strong></span> <span class='ocrx_word' id='word_1_26' title='bbox 543 239 592 259; x_wconf 91' lang='lat' dir='ltr'><strong>nos</strong></span> <span class='ocrx_word' id='word_1_27' title='bbox 610 231 722 259; x_wconf 86' lang='lat' dir='ltr'><strong>deﬁnita</strong></span> <span class='ocrx_word' id='word_1_28' title='bbox 738 232 823 260; x_wconf 75' lang='lat' dir='ltr'><strong>sunt?</strong></span> <span class='ocrx_word' id='word_1_29' title='bbox 836 231 937 260; x_wconf 80' lang='lat' dir='ltr'><strong>Verum</strong></span> <span class='ocrx_word' id='word_1_30' title='bbox 952 240 981 268; x_wconf 80' lang='grc' dir='ltr'><strong>ιιι</strong></span> 
     </span>
    </p>
   </div>
   <div class='ocr_carea' id='block_1_5' title="bbox 1144 230 1891 277">
    <p class='ocr_par' dir='ltr' id='par_1_5' title="bbox 1144 230 1861 277">
     <span class='ocr_line' id='line_1_5' title="bbox 1144 230 1861 277; baseline 0.017 -20"><span class='ocrx_word' id='word_1_31' title='bbox 1144 239 1207 266; x_wconf 85' lang='grc' dir='ltr'>ργον</span> <span class='ocrx_word' id='word_1_32' title='bbox 1229 232 1254 258; x_wconf 77' lang='lat' dir='ltr'><strong>oi</strong></span> <span class='ocrx_word' id='word_1_33' title='bbox 1279 233 1370 260; x_wconf 77' lang='grc' dir='ltr'>πολλοὶ</span> <span class='ocrx_word' id='word_1_34' title='bbox 1388 234 1434 261; x_wconf 84' lang='grc' dir='ltr'>καὶ</span> <span class='ocrx_word' id='word_1_35' title='bbox 1444 234 1523 262; x_wconf 84' lang='grc' dir='ltr'>τοῦτο</span> <span class='ocrx_word' id='word_1_36' title='bbox 1543 237 1682 272; x_wconf 73' lang='grc' dir='ltr'><strong>ἡγήσαντο</strong></span> <span class='ocrx_word' id='word_1_37' title='bbox 1699 237 1782 274; x_wconf 82' lang='grc' dir='ltr'>εἶναι,</span> <span class='ocrx_word' id='word_1_38' title='bbox 1796 230 1861 277; x_wconf 45' lang='lat' dir='ltr'><strong>cur;</strong></span> 
     </span>
    </p>
   </div>
   <div class='ocr_carea' id='block_1_6' title="bbox 233 277 980 323">
    <p class='ocr_par' dir='ltr' id='par_1_6' title="bbox 233 277 980 313">
     <span class='ocr_line' id='line_1_6' title="bbox 233 277 980 313; baseline 0 -9"><span class='ocrx_word' id='word_1_39' title='bbox 233 277 313 305; x_wconf 89' lang='lat' dir='ltr'><strong>multi</strong></span> <span class='ocrx_word' id='word_1_40' title='bbox 328 279 380 304; x_wconf 86' lang='lat' dir='ltr'><strong>hoc</strong></span> <span class='ocrx_word' id='word_1_41' title='bbox 394 285 448 304; x_wconf 91' lang='lat' dir='ltr'><strong>non</strong></span> <span class='ocrx_word' id='word_1_42' title='bbox 471 285 533 305; x_wconf 81' lang='lat' dir='ltr'><strong>esse</strong></span> <span class='ocrx_word' id='word_1_43' title='bbox 556 278 740 305; x_wconf 89' lang='lat' dir='ltr'><strong>necessarium</strong></span> <span class='ocrx_word' id='word_1_44' title='bbox 765 281 946 313; x_wconf 85' lang='lat' dir='ltr'><strong>putaverunt;</strong></span> <span class='ocrx_word' id='word_1_45' title='bbox 964 278 980 304; x_wconf 86' lang='lat' dir='ltr'><strong>il</strong></span> 
     </span>
    </p>
   </div>
   <div class='ocr_carea' id='block_1_7' title="bbox 1112 277 1859 323">
    <p class='ocr_par' dir='ltr' id='par_1_7' title="bbox 1117 278 1859 323">
     <span class='ocr_line' id='line_1_7' title="bbox 1117 278 1859 323; baseline 0.018 -20"><span class='ocrx_word' id='word_1_46' title='bbox 1117 286 1140 303; x_wconf 89' lang='grc' dir='ltr'><strong>ιν</strong></span> <span class='ocrx_word' id='word_1_47' title='bbox 1155 278 1183 304; x_wconf 80' lang='grc' dir='ltr'><strong>δὲ</strong></span> <span class='ocrx_word' id='word_1_48' title='bbox 1201 278 1250 310; x_wconf 79' lang='grc' dir='ltr'><strong>τὰς</strong></span> <span class='ocrx_word' id='word_1_49' title='bbox 1268 279 1359 312; x_wconf 82' lang='grc' dir='ltr'>τάξεις</span> <span class='ocrx_word' id='word_1_50' title='bbox 1380 281 1426 308; x_wconf 80' lang='grc' dir='ltr'>καὶ</span> <span class='ocrx_word' id='word_1_51' title='bbox 1436 281 1485 318; x_wconf 81' lang='grc' dir='ltr'><strong>τὴν</strong></span> <span class='ocrx_word' id='word_1_52' title='bbox 1500 283 1544 317; x_wconf 81' lang='grc' dir='ltr'><strong>ἐφ’</strong></span> <span class='ocrx_word' id='word_1_53' title='bbox 1560 284 1679 312; x_wconf 78' lang='grc' dir='ltr'><strong>ἑκάστου</strong></span> <span class='ocrx_word' id='word_1_54' title='bbox 1695 289 1859 323; x_wconf 68' lang='grc' dir='ltr'><strong>χειροτονίαν</strong></span> 
     </span>
    </p>
   </div>
   <div class='ocr_carea' id='block_1_8' title="bbox 234 323 1017 359">
    <p class='ocr_par' dir='ltr' id='par_1_8' title="bbox 234 323 1017 359">
     <span class='ocr_line' id='line_1_8' title="bbox 234 323 1017 359; baseline -0.001 -7"><span class='ocrx_word' id='word_1_55' title='bbox 234 324 402 352; x_wconf 84' lang='lat' dir='ltr'><strong>confundere</strong></span> <span class='ocrx_word' id='word_1_56' title='bbox 416 323 542 355; x_wconf 82' lang='lat' dir='ltr'><strong>ordines,</strong></span> <span class='ocrx_word' id='word_1_57' title='bbox 557 331 589 351; x_wconf 89' lang='lat' dir='ltr'><strong>ac</strong></span> <span class='ocrx_word' id='word_1_58' title='bbox 603 323 752 359; x_wconf 82' lang='lat' dir='ltr'><strong>unicuique</strong></span> <span class='ocrx_word' id='word_1_59' title='bbox 767 324 897 352; x_wconf 88' lang='lat' dir='ltr'><strong>tributam</strong></span> <span class='ocrx_word' id='word_1_60' title='bbox 907 324 1017 351; x_wconf 89' lang='lat' dir='ltr'><strong>ordina-</strong></span> 
     </span>
    </p>
   </div>
   <div class='ocr_carea' id='block_1_9' title="bbox 233 369 1017 406">
    <p class='ocr_par' dir='ltr' id='par_1_9' title="bbox 233 369 1017 406">
     <span class='ocr_line' id='line_1_9' title="bbox 233 369 1017 406; baseline -0.001 -8"><span class='ocrx_word' id='word_1_61' title='bbox 233 371 334 398; x_wconf 91' lang='lat' dir='ltr'><strong>tionem</strong></span> <span class='ocrx_word' id='word_1_62' title='bbox 349 369 513 398; x_wconf 76' lang='lat' dir='ltr'><strong>labefactare</strong></span> <span class='ocrx_word' id='word_1_63' title='bbox 526 369 636 402; x_wconf 81' lang='lat' dir='ltr'><strong>audent,</strong></span> <span class='ocrx_word' id='word_1_64' title='bbox 649 369 701 397; x_wconf 93' lang='lat' dir='ltr'><strong>sibi</strong></span> <span class='ocrx_word' id='word_1_65' title='bbox 716 370 879 406; x_wconf 74' lang='lat' dir='ltr'><strong>arripientes</strong></span> <span class='ocrx_word' id='word_1_66' title='bbox 890 378 945 398; x_wconf 93' lang='lat' dir='ltr'><strong>non</strong></span> <span class='ocrx_word' id='word_1_67' title='bbox 959 374 1017 397; x_wconf 82' lang='lat' dir='ltr'><strong>tra-</strong></span> 
     </span>
    </p>
   </div>
   <div class='ocr_carea' id='block_1_10' title="bbox 232 416 1014 452">
    <p class='ocr_par' dir='ltr' id='par_1_10' title="bbox 232 416 1014 452">
     <span class='ocr_line' id='line_1_10' title="bbox 232 416 1014 452; baseline -0.001 -8"><span class='ocrx_word' id='word_1_68' title='bbox 232 416 303 444; x_wconf 86' lang='lat' dir='ltr'><strong>ditas</strong></span> <span class='ocrx_word' id='word_1_69' title='bbox 318 417 476 452; x_wconf 78' lang='lat' dir='ltr'><strong>dignitates,</strong></span> <span class='ocrx_word' id='word_1_70' title='bbox 489 424 521 443; x_wconf 89' lang='lat' dir='ltr'><strong>ac</strong></span> <span class='ocrx_word' id='word_1_71' title='bbox 532 416 674 452; x_wconf 82' lang='lat' dir='ltr'><strong>tyrannice</strong></span> <span class='ocrx_word' id='word_1_72' title='bbox 692 417 880 451; x_wconf 81' lang='lat' dir='ltr'><strong>permittentes</strong></span> <span class='ocrx_word' id='word_1_73' title='bbox 896 417 949 444; x_wconf 85' lang='lat' dir='ltr'><strong>sibi</strong></span> <span class='ocrx_word' id='word_1_74' title='bbox 964 424 997 444; x_wconf 87' lang='lat' dir='ltr'><strong>ea</strong></span> <span class='ocrx_word' id='word_1_75' title='bbox 1007 436 1014 448; x_wconf 88' lang='lat'><strong>,</strong></span> 
     </span>
    </p>
   </div>
   <div class='ocr_carea' id='block_1_11' title="bbox 230 462 1016 499">
    <p class='ocr_par' dir='ltr' id='par_1_11' title="bbox 230 462 1016 499">
     <span class='ocr_line' id='line_1_11' title="bbox 230 462 1016 499; baseline -0.001 -9"><span class='ocrx_word' id='word_1_76' title='bbox 230 471 347 499; x_wconf 90' lang='lat' dir='ltr'><strong>quorum</strong></span> <span class='ocrx_word' id='word_1_77' title='bbox 362 463 514 490; x_wconf 91' lang='lat' dir='ltr'><strong>dandorum</strong></span> <span class='ocrx_word' id='word_1_78' title='bbox 529 466 691 497; x_wconf 86' lang='lat' dir='ltr'><strong>potestatem</strong></span> <span class='ocrx_word' id='word_1_79' title='bbox 704 470 757 490; x_wconf 92' lang='lat' dir='ltr'><strong>non</strong></span> <span class='ocrx_word' id='word_1_80' title='bbox 776 462 893 496; x_wconf 81' lang='lat' dir='ltr'><strong>habent;</strong></span> <span class='ocrx_word' id='word_1_81' title='bbox 907 470 939 490; x_wconf 88' lang='lat' dir='ltr'><strong>ac</strong></span> <span class='ocrx_word' id='word_1_82' title='bbox 952 470 1016 498; x_wconf 89' lang='lat' dir='ltr'><strong>pro-</strong></span> 
     </span>
    </p>
   </div>
   <div class='ocr_carea' id='block_1_12' title="bbox 230 508 1016 544">
    <p class='ocr_par' dir='ltr' id='par_1_12' title="bbox 230 508 1016 544">
     <span class='ocr_line' id='line_1_12' title="bbox 230 508 1016 544; baseline -0.001 -8"><span class='ocrx_word' id='word_1_83' title='bbox 230 513 333 544; x_wconf 88' lang='lat' dir='ltr'><strong>pterea,</strong></span> <span class='ocrx_word' id='word_1_84' title='bbox 357 513 416 535; x_wconf 89' lang='lat' dir='ltr'><strong>tum</strong></span> <span class='ocrx_word' id='word_1_85' title='bbox 441 508 525 536; x_wconf 87' lang='lat' dir='ltr'><strong>Deum</strong></span> <span class='ocrx_word' id='word_1_86' title='bbox 549 508 672 540; x_wconf 88' lang='lat' dir='ltr'><strong>irritant,</strong></span> <span class='ocrx_word' id='word_1_87' title='bbox 689 508 917 543; x_wconf 85' lang='lat' dir='ltr'><strong>quemadmodum</strong></span> <span class='ocrx_word' id='word_1_88' title='bbox 936 508 1016 535; x_wconf 87' lang='lat' dir='ltr'><strong>Cori-</strong></span> 
     </span>
    </p>
   </div>
   <div class='ocr_carea' id='block_1_13' title="bbox 229 553 1014 590">
    <p class='ocr_par' dir='ltr' id='par_1_13' title="bbox 229 553 1014 590">
     <span class='ocr_line' id='line_1_13' title="bbox 229 553 1014 590; baseline 0.001 -8"><span class='ocrx_word' id='word_1_89' title='bbox 229 555 302 587; x_wconf 66' lang='lat' dir='ltr'><strong>taa&quot;,</strong></span> <span class='ocrx_word' id='word_1_90' title='bbox 314 558 341 582; x_wconf 89' lang='lat' dir='ltr'><strong>et</strong></span> <span class='ocrx_word' id='word_1_91' title='bbox 355 562 401 581; x_wconf 82' lang='lat' dir='ltr'><strong>rex</strong></span> <span class='ocrx_word' id='word_1_92' title='bbox 416 553 538 587; x_wconf 82' lang='lat' dir='ltr'><strong>Ozias&quot;,</strong></span> <span class='ocrx_word' id='word_1_93' title='bbox 549 554 596 589; x_wconf 85' lang='lat' dir='ltr'><strong>qui</strong></span> <span class='ocrx_word' id='word_1_94' title='bbox 607 558 706 588; x_wconf 66' lang='lat' dir='ltr'><strong>praeter</strong></span> <span class='ocrx_word' id='word_1_95' title='bbox 715 554 874 590; x_wconf 83' lang='lat' dir='ltr'><strong>dignitatem</strong></span> <span class='ocrx_word' id='word_1_96' title='bbox 886 574 893 587; x_wconf 94' lang='lat'><strong>,</strong></span> <span class='ocrx_word' id='word_1_97' title='bbox 909 562 940 582; x_wconf 90' lang='lat' dir='ltr'><strong>ac</strong></span> <span class='ocrx_word' id='word_1_98' title='bbox 954 554 1014 583; x_wconf 87' lang='lat' dir='ltr'><strong>sine</strong></span> 
     </span>
    </p>
   </div>
   <div class='ocr_carea' id='block_1_14' title="bbox 228 599 1013 635">
    <p class='ocr_par' dir='ltr' id='par_1_14' title="bbox 228 599 1013 635">
     <span class='ocr_line' id='line_1_14' title="bbox 228 599 1013 635; baseline 0 -8"><span class='ocrx_word' id='word_1_99' title='bbox 228 599 283 628; x_wconf 86' lang='lat' dir='ltr'><strong>Deo</strong></span> <span class='ocrx_word' id='word_1_100' title='bbox 312 603 481 635; x_wconf 81' lang='lat' dir='ltr'><strong>usurparunt</strong></span> <span class='ocrx_word' id='word_1_101' title='bbox 505 599 710 635; x_wconf 87' lang='lat' dir='ltr'><strong>pontiﬁcatum,</strong></span> <span class='ocrx_word' id='word_1_102' title='bbox 740 603 822 635; x_wconf 88' lang='lat' dir='ltr'><strong>atque</strong></span> <span class='ocrx_word' id='word_1_103' title='bbox 841 600 880 627; x_wconf 89' lang='lat' dir='ltr'><strong>illi</strong></span> <span class='ocrx_word' id='word_1_104' title='bbox 903 600 1013 635; x_wconf 89' lang='lat' dir='ltr'><strong>quidem</strong></span> 
     </span>
    </p>
   </div>
   <div class='ocr_carea' id='block_1_15' title="bbox 227 645 1013 681">
    <p class='ocr_par' dir='ltr' id='par_1_15' title="bbox 227 645 1013 681">
     <span class='ocr_line' id='line_1_15' title="bbox 227 645 1013 681; baseline 0.001 -9"><span class='ocrx_word' id='word_1_105' title='bbox 227 645 292 673; x_wconf 79' lang='lat' dir='ltr'><strong>facti</strong></span> <span class='ocrx_word' id='word_1_106' title='bbox 316 649 380 673; x_wconf 91' lang='lat' dir='ltr'><strong>sunt</strong></span> <span class='ocrx_word' id='word_1_107' title='bbox 395 646 466 681; x_wconf 84' lang='lat' dir='ltr'><strong>ignis</strong></span> <span class='ocrx_word' id='word_1_108' title='bbox 482 645 622 680; x_wconf 84' lang='lat' dir='ltr'><strong>pabulum,</strong></span> <span class='ocrx_word' id='word_1_109' title='bbox 635 646 680 673; x_wconf 90' lang='lat' dir='ltr'><strong>hic</strong></span> <span class='ocrx_word' id='word_1_110' title='bbox 694 654 757 673; x_wconf 90' lang='lat' dir='ltr'><strong>vero</strong></span> <span class='ocrx_word' id='word_1_111' title='bbox 774 645 802 673; x_wconf 91' lang='lat' dir='ltr'><strong>in</strong></span> <span class='ocrx_word' id='word_1_112' title='bbox 818 645 908 673; x_wconf 79' lang='lat' dir='ltr'><strong>fronte</strong></span> <span class='ocrx_word' id='word_1_113' title='bbox 923 646 1013 681; x_wconf 86' lang='lat' dir='ltr'><strong>lepro-</strong></span> 
     </span>
    </p>
   </div>
   <div class='ocr_carea' id='block_1_16' title="bbox 227 691 1013 727">
    <p class='ocr_par' dir='ltr' id='par_1_16' title="bbox 227 691 1013 727">
     <span class='ocr_line' id='line_1_16' title="bbox 227 691 1013 727; baseline 0.001 -8"><span class='ocrx_word' id='word_1_114' title='bbox 227 700 292 725; x_wconf 85' lang='lat' dir='ltr'><strong>sus;</strong></span> <span class='ocrx_word' id='word_1_115' title='bbox 309 695 365 719; x_wconf 90' lang='lat' dir='ltr'><strong>tum</strong></span> <span class='ocrx_word' id='word_1_116' title='bbox 381 695 544 727; x_wconf 83' lang='lat' dir='ltr'><strong>exasperant</strong></span> <span class='ocrx_word' id='word_1_117' title='bbox 558 691 698 719; x_wconf 85' lang='lat' dir='ltr'><strong>Christum</strong></span> <span class='ocrx_word' id='word_1_118' title='bbox 713 691 818 724; x_wconf 86' lang='lat' dir='ltr'><strong>Jesum,</strong></span> <span class='ocrx_word' id='word_1_119' title='bbox 833 692 881 727; x_wconf 89' lang='lat' dir='ltr'><strong>qui</strong></span> <span class='ocrx_word' id='word_1_120' title='bbox 895 692 931 719; x_wconf 89' lang='lat' dir='ltr'><strong>ita</strong></span> <span class='ocrx_word' id='word_1_121' title='bbox 946 700 1013 720; x_wconf 88' lang='lat' dir='ltr'><strong>con-</strong></span> 
     </span>
    </p>
   </div>
   <div class='ocr_carea' id='block_1_17' title="bbox 1068 369 1854 411">
    <p class='ocr_par' dir='ltr' id='par_1_17' title="bbox 1068 369 1854 411">
     <span class='ocr_line' id='line_1_17' title="bbox 1068 369 1854 411; baseline 0.017 -17"><span class='ocrx_word' id='word_1_122' title='bbox 1068 376 1141 403; x_wconf 85' lang='grc' dir='ltr'>ματα</span> <span class='ocrx_word' id='word_1_123' title='bbox 1155 369 1188 396; x_wconf 82' lang='grc' dir='ltr'>τὰ</span> <span class='ocrx_word' id='word_1_124' title='bbox 1206 371 1242 406; x_wconf 85' lang='grc' dir='ltr'>μὴ</span> <span class='ocrx_word' id='word_1_125' title='bbox 1258 371 1391 407; x_wconf 79' lang='grc' dir='ltr'>διδόμενα,</span> <span class='ocrx_word' id='word_1_126' title='bbox 1403 374 1450 400; x_wconf 80' lang='grc' dir='ltr'><strong>καὶ</strong></span> <span class='ocrx_word' id='word_1_127' title='bbox 1470 374 1662 410; x_wconf 77' lang='grc' dir='ltr'>ἐπιτρέποντες</span> <span class='ocrx_word' id='word_1_128' title='bbox 1685 379 1797 411; x_wconf 78' lang='grc' dir='ltr'>ἑαυτοῖς</span> <span class='ocrx_word' id='word_1_129' title='bbox 1814 389 1854 407; x_wconf 56' lang='grc' dir='ltr'>τυ.</span> 
     </span>
    </p>
   </div>
   <div class='ocr_carea' id='block_1_18' title="bbox 1067 415 1860 455">
    <p class='ocr_par' dir='ltr' id='par_1_18' title="bbox 1067 415 1860 455">
     <span class='ocr_line' id='line_1_18' title="bbox 1067 415 1860 455; baseline 0.016 -15"><span class='ocrx_word' id='word_1_130' title='bbox 1067 415 1199 449; x_wconf 84' lang='grc' dir='ltr'>ραννικῶς</span> <span class='ocrx_word' id='word_1_131' title='bbox 1211 415 1229 443; x_wconf 78' lang='grc' dir='ltr'><strong>ἃ</strong></span> <span class='ocrx_word' id='word_1_132' title='bbox 1246 417 1284 452; x_wconf 85' lang='grc' dir='ltr'>μὴ</span> <span class='ocrx_word' id='word_1_133' title='bbox 1302 417 1410 453; x_wconf 74' lang='grc' dir='ltr'>ἔχουσιν</span> <span class='ocrx_word' id='word_1_134' title='bbox 1425 418 1548 452; x_wconf 79' lang='grc' dir='ltr'><strong>ἐξουσίαν</strong></span> <span class='ocrx_word' id='word_1_135' title='bbox 1558 422 1670 455; x_wconf 81' lang='grc' dir='ltr'>διδόναι,</span> <span class='ocrx_word' id='word_1_136' title='bbox 1683 425 1733 451; x_wconf 80' lang='grc' dir='ltr'>καὶ</span> <span class='ocrx_word' id='word_1_137' title='bbox 1746 425 1792 452; x_wconf 80' lang='grc' dir='ltr'>διὰ</span> <span class='ocrx_word' id='word_1_138' title='bbox 1802 426 1860 452; x_wconf 81' lang='grc' dir='ltr'>τοῦ-</span> 
     </span>
    </p>
   </div>
   <div class='ocr_carea' id='block_1_19' title="bbox 1064 461 1858 505">
    <p class='ocr_par' dir='ltr' id='par_1_19' title="bbox 1064 461 1858 505">
     <span class='ocr_line' id='line_1_19' title="bbox 1064 461 1858 505; baseline 0.016 -19"><span class='ocrx_word' id='word_1_139' title='bbox 1064 469 1095 487; x_wconf 86' lang='grc' dir='ltr'><strong>το</strong></span> <span class='ocrx_word' id='word_1_140' title='bbox 1107 461 1302 497; x_wconf 85' lang='grc' dir='ltr'>παροργίζουσι</span> <span class='ocrx_word' id='word_1_141' title='bbox 1316 465 1364 500; x_wconf 76' lang='grc' dir='ltr'>μὲν</span> <span class='ocrx_word' id='word_1_142' title='bbox 1377 465 1453 500; x_wconf 85' lang='grc' dir='ltr'>Θεὺν,</span> <span class='ocrx_word' id='word_1_143' title='bbox 1468 467 1563 504; x_wconf 82' lang='grc' dir='ltr'>ὥσπερ</span> <span class='ocrx_word' id='word_1_144' title='bbox 1578 469 1604 495; x_wconf 76' lang='lat' dir='ltr'><strong>ot</strong></span> <span class='ocrx_word' id='word_1_145' title='bbox 1618 469 1753 505; x_wconf 81' lang='grc' dir='ltr'>Κορείται</span> <span class='ocrx_word' id='word_1_146' title='bbox 1762 492 1770 504; x_wconf 82' lang='grc'><strong>,</strong></span> <span class='ocrx_word' id='word_1_147' title='bbox 1783 472 1831 498; x_wconf 77' lang='grc' dir='ltr'>καὶ</span> <span class='ocrx_word' id='word_1_148' title='bbox 1843 472 1858 498; x_wconf 85' lang='grc' dir='ltr'>ὁ</span> 
     </span>
    </p>
   </div>
   <div class='ocr_carea' id='block_1_20' title="bbox 1065 506 1857 553">
    <p class='ocr_par' dir='ltr' id='par_1_20' title="bbox 1065 506 1857 553">
     <span class='ocr_line' id='line_1_20' title="bbox 1065 506 1857 553; baseline 0.018 -22"><span class='ocrx_word' id='word_1_149' title='bbox 1065 506 1191 553; x_wconf 68' lang='grc' dir='ltr'>βασιλεὺς</span> <span class='ocrx_word' id='word_1_150' title='bbox 1206 508 1295 541; x_wconf 76' lang='grc' dir='ltr'>Ὀζίας</span> <span class='ocrx_word' id='word_1_151' title='bbox 1307 531 1313 543; x_wconf 86' lang='grc'><strong>,</strong></span> <span class='ocrx_word' id='word_1_152' title='bbox 1328 512 1394 548; x_wconf 91' lang='grc' dir='ltr'>παρ’</span> <span class='ocrx_word' id='word_1_153' title='bbox 1405 512 1483 546; x_wconf 79' lang='grc' dir='ltr'>ἀξίαν</span> <span class='ocrx_word' id='word_1_154' title='bbox 1493 514 1648 550; x_wconf 76' lang='grc' dir='ltr'><strong>ἐπιθέμενοι</strong></span> <span class='ocrx_word' id='word_1_155' title='bbox 1663 516 1732 543; x_wconf 82' lang='grc' dir='ltr'>ἄνευ</span> <span class='ocrx_word' id='word_1_156' title='bbox 1745 517 1813 544; x_wconf 72' lang='grc' dir='ltr'>Θεοῦ</span> <span class='ocrx_word' id='word_1_157' title='bbox 1825 519 1857 553; x_wconf 75' lang='grc' dir='ltr'>τῇ</span> 
     </span>
    </p>
   </div>
   <div class='ocr_carea' id='block_1_21' title="bbox 1064 599 1856 644">
    <p class='ocr_par' dir='ltr' id='par_1_21' title="bbox 1064 599 1856 644">
     <span class='ocr_line' id='line_1_21' title="bbox 1064 599 1856 644; baseline 0.015 -20"><span class='ocrx_word' id='word_1_158' title='bbox 1064 599 1135 644; x_wconf 80' lang='grc' dir='ltr'>κατὰ</span> <span class='ocrx_word' id='word_1_159' title='bbox 1152 600 1198 627; x_wconf 85' lang='grc' dir='ltr'><strong>τοῦ</strong></span> <span class='ocrx_word' id='word_1_160' title='bbox 1219 601 1345 636; x_wconf 87' lang='grc' dir='ltr'>μετώπου</span> <span class='ocrx_word' id='word_1_161' title='bbox 1359 603 1467 639; x_wconf 83' lang='grc' dir='ltr'>λεπρός·</span> <span class='ocrx_word' id='word_1_162' title='bbox 1484 605 1665 641; x_wconf 76' lang='grc' dir='ltr'><strong>παροξύνουσι</strong></span> <span class='ocrx_word' id='word_1_163' title='bbox 1693 608 1725 634; x_wconf 78' lang='grc' dir='ltr'><strong>δὲ</strong></span> <span class='ocrx_word' id='word_1_164' title='bbox 1740 609 1856 644; x_wconf 76' lang='grc' dir='ltr'>Χριστὸν</span> 
     </span>
    </p>
   </div>
   <div class='ocr_carea' id='block_1_22' title="bbox 1064 643 1857 686">
    <p class='ocr_par' dir='ltr' id='par_1_22' title="bbox 1064 643 1857 686">
     <span class='ocr_line' id='line_1_22' title="bbox 1064 643 1857 686; baseline 0.016 -16"><span class='ocrx_word' id='word_1_165' title='bbox 1064 643 1119 680; x_wconf 83' lang='grc'>(88)</span> <span class='ocrx_word' id='word_1_166' title='bbox 1147 646 1250 682; x_wconf 82' lang='grc' dir='ltr'><strong>Ἰησοῦν</strong></span> <span class='ocrx_word' id='word_1_167' title='bbox 1274 648 1320 675; x_wconf 84' lang='grc' dir='ltr'>τὸν</span> <span class='ocrx_word' id='word_1_168' title='bbox 1347 649 1559 686; x_wconf 77' lang='grc' dir='ltr'>διαταξάμενον,</span> <span class='ocrx_word' id='word_1_169' title='bbox 1573 653 1690 681; x_wconf 82' lang='grc' dir='ltr'><strong>λυποῦσι</strong></span> <span class='ocrx_word' id='word_1_170' title='bbox 1705 655 1737 681; x_wconf 81' lang='grc' dir='ltr'><strong>δὲ</strong></span> <span class='ocrx_word' id='word_1_171' title='bbox 1762 643 1810 682; x_wconf 70' lang='grc' dir='ltr'>καὶ</span> <span class='ocrx_word' id='word_1_172' title='bbox 1829 657 1857 683; x_wconf 83' lang='grc' dir='ltr'>τὸ</span> 
     </span>
    </p>
   </div>
   <div class='ocr_carea' id='block_1_23' title="bbox 1062 691 1855 736">
    <p class='ocr_par' dir='ltr' id='par_1_23' title="bbox 1062 691 1855 736">
     <span class='ocr_line' id='line_1_23' title="bbox 1062 691 1855 736; baseline 0.014 -19"><span class='ocrx_word' id='word_1_173' title='bbox 1062 691 1174 728; x_wconf 84' lang='grc' dir='ltr'>Πνεῦμα</span> <span class='ocrx_word' id='word_1_174' title='bbox 1187 693 1218 720; x_wconf 84' lang='grc' dir='ltr'>τὸ</span> <span class='ocrx_word' id='word_1_175' title='bbox 1233 693 1320 729; x_wconf 78' lang='grc' dir='ltr'>ἅγιον,</span> <span class='ocrx_word' id='word_1_176' title='bbox 1337 695 1501 731; x_wconf 76' lang='grc' dir='ltr'><strong>ἀκυροῦντες</strong></span> <span class='ocrx_word' id='word_1_177' title='bbox 1517 697 1599 724; x_wconf 83' lang='grc' dir='ltr'>αὑτοῦ</span> <span class='ocrx_word' id='word_1_178' title='bbox 1613 699 1664 734; x_wconf 81' lang='grc' dir='ltr'>τὴν</span> <span class='ocrx_word' id='word_1_179' title='bbox 1680 698 1838 736; x_wconf 76' lang='grc' dir='ltr'>μαρτυρίαν</span> <span class='ocrx_word' id='word_1_180' title='bbox 1848 711 1855 717; x_wconf 89' lang='grc'><strong>·</strong></span> 
     </span>
    </p>
   </div>
   <div class='ocr_carea' id='block_1_24' title="bbox 1061 736 1857 778">
    <p class='ocr_par' dir='ltr' id='par_1_24' title="bbox 1061 736 1857 778">
     <span class='ocr_line' id='line_1_24' title="bbox 1061 736 1857 778; baseline 0.016 -16"><span class='ocrx_word' id='word_1_181' title='bbox 1061 736 1183 771; x_wconf 76' lang='grc' dir='ltr'>εἰκότως,</span> <span class='ocrx_word' id='word_1_182' title='bbox 1193 740 1239 765; x_wconf 83' lang='grc' dir='ltr'>τὸν</span> <span class='ocrx_word' id='word_1_183' title='bbox 1247 740 1436 776; x_wconf 72' lang='grc' dir='ltr'>ἐπηρτημένον</span> <span class='ocrx_word' id='word_1_184' title='bbox 1443 742 1498 778; x_wconf 84' lang='grc'><strong>(89)</strong></span> <span class='ocrx_word' id='word_1_185' title='bbox 1505 743 1627 771; x_wconf 84' lang='grc' dir='ltr'>κίνδυνον</span> <span class='ocrx_word' id='word_1_186' title='bbox 1634 747 1692 777; x_wconf 81' lang='grc' dir='ltr'>τοῖς</span> <span class='ocrx_word' id='word_1_187' title='bbox 1698 746 1736 773; x_wconf 84' lang='grc' dir='ltr'><strong>τὰ</strong></span> <span class='ocrx_word' id='word_1_188' title='bbox 1745 747 1857 775; x_wconf 78' lang='grc' dir='ltr'>τοιαῦτα</span> 
     </span>
    </p>
   </div>
   <div class='ocr_carea' id='block_1_25' title="bbox 1061 782 1857 825">
    <p class='ocr_par' dir='ltr' id='par_1_25' title="bbox 1061 782 1857 825">
     <span class='ocr_line' id='line_1_25' title="bbox 1061 782 1857 825; baseline 0.015 -17"><span class='ocrx_word' id='word_1_189' title='bbox 1061 782 1210 818; x_wconf 85' lang='grc' dir='ltr'>πράττουσι</span> <span class='ocrx_word' id='word_1_190' title='bbox 1226 786 1420 822; x_wconf 82' lang='grc' dir='ltr'>προειδόμενοι,</span> <span class='ocrx_word' id='word_1_191' title='bbox 1440 789 1487 815; x_wconf 79' lang='grc' dir='ltr'>καὶ</span> <span class='ocrx_word' id='word_1_192' title='bbox 1499 789 1549 825; x_wconf 85' lang='grc' dir='ltr'>τὴν</span> <span class='ocrx_word' id='word_1_193' title='bbox 1564 790 1605 822; x_wconf 85' lang='grc' dir='ltr'><strong>είς</strong></span> <span class='ocrx_word' id='word_1_194' title='bbox 1623 790 1674 823; x_wconf 81' lang='grc' dir='ltr'><strong>τὰς</strong></span> <span class='ocrx_word' id='word_1_195' title='bbox 1695 792 1796 825; x_wconf 81' lang='grc' dir='ltr'>θυσίας</span> <span class='ocrx_word' id='word_1_196' title='bbox 1812 794 1857 820; x_wconf 71' lang='grc' dir='ltr'>καὶ</span> 
     </span>
    </p>
   </div>
   <div class='ocr_carea' id='block_1_26' title="bbox 1061 828 1853 874">
    <p class='ocr_par' dir='ltr' id='par_1_26' title="bbox 1061 828 1853 874">
     <span class='ocr_line' id='line_1_26' title="bbox 1061 828 1853 874; baseline 0.014 -20"><span class='ocrx_word' id='word_1_197' title='bbox 1061 828 1233 865; x_wconf 79' lang='grc' dir='ltr'>εὐχαριστίας</span> <span class='ocrx_word' id='word_1_198' title='bbox 1248 831 1388 866; x_wconf 80' lang='grc' dir='ltr'>ἀμέλειαν,</span> <span class='ocrx_word' id='word_1_199' title='bbox 1412 834 1444 861; x_wconf 80' lang='grc' dir='ltr'>ἐκ</span> <span class='ocrx_word' id='word_1_200' title='bbox 1456 834 1503 861; x_wconf 84' lang='grc' dir='ltr'><strong>τοῦ</strong></span> <span class='ocrx_word' id='word_1_201' title='bbox 1520 835 1565 870; x_wconf 81' lang='grc' dir='ltr'><strong>ὑφ’</strong></span> <span class='ocrx_word' id='word_1_202' title='bbox 1577 832 1614 863; x_wconf 82' lang='grc' dir='ltr'>ὧν</span> <span class='ocrx_word' id='word_1_203' title='bbox 1639 837 1678 872; x_wconf 81' lang='grc' dir='ltr'><strong>μὴ</strong></span> <span class='ocrx_word' id='word_1_204' title='bbox 1694 838 1751 873; x_wconf 79' lang='grc' dir='ltr'>χρὴ</span> <span class='ocrx_word' id='word_1_205' title='bbox 1769 847 1853 874; x_wconf 79' lang='grc' dir='ltr'>προσ-</span> 
     </span>
    </p>
   </div>
   <div class='ocr_carea' id='block_1_27' title="bbox 1060 875 1856 920">
    <p class='ocr_par' dir='ltr' id='par_1_27' title="bbox 1060 875 1856 920">
     <span class='ocr_line' id='line_1_27' title="bbox 1060 875 1856 920; baseline 0.014 -19"><span class='ocrx_word' id='word_1_206' title='bbox 1060 875 1195 911; x_wconf 85' lang='grc' dir='ltr'>αγομένας</span> <span class='ocrx_word' id='word_1_207' title='bbox 1209 877 1323 911; x_wconf 79' lang='grc' dir='ltr'>ἀσεϐῶς,</span> <span class='ocrx_word' id='word_1_208' title='bbox 1338 879 1446 907; x_wconf 78' lang='grc' dir='ltr'>παιδιὰν</span> <span class='ocrx_word' id='word_1_209' title='bbox 1458 881 1614 917; x_wconf 84' lang='grc' dir='ltr'>ἡγουμένων</span> <span class='ocrx_word' id='word_1_210' title='bbox 1628 883 1680 918; x_wconf 81' lang='grc' dir='ltr'>τὴν</span> <span class='ocrx_word' id='word_1_211' title='bbox 1695 884 1856 920; x_wconf 78' lang='grc' dir='ltr'>ἀρχιερατι-</span> 
     </span>
    </p>
   </div>
   <div class='ocr_carea' id='block_1_28' title="bbox 227 737 1012 773">
    <p class='ocr_par' dir='ltr' id='par_1_28' title="bbox 227 737 1012 773">
     <span class='ocr_line' id='line_1_28' title="bbox 227 737 1012 773; baseline 0.003 -9"><span class='ocrx_word' id='word_1_212' title='bbox 227 738 337 771; x_wconf 84' lang='lat' dir='ltr'><strong>stituit;</strong></span> <span class='ocrx_word' id='word_1_213' title='bbox 355 741 413 765; x_wconf 89' lang='lat' dir='ltr'><strong>tum</strong></span> <span class='ocrx_word' id='word_1_214' title='bbox 435 738 614 765; x_wconf 87' lang='lat' dir='ltr'><strong>constristant</strong></span> <span class='ocrx_word' id='word_1_215' title='bbox 637 737 769 773; x_wconf 86' lang='lat' dir='ltr'><strong>Spiritum</strong></span> <span class='ocrx_word' id='word_1_216' title='bbox 784 743 919 772; x_wconf 88' lang='lat' dir='ltr'><strong>sanctum,</strong></span> <span class='ocrx_word' id='word_1_217' title='bbox 935 739 1012 766; x_wconf 86' lang='lat' dir='ltr'><strong>inﬁr—</strong></span> 
     </span>
    </p>
   </div>
   <div class='ocr_carea' id='block_1_29' title="bbox 226 784 1011 819">
    <p class='ocr_par' dir='ltr' id='par_1_29' title="bbox 226 784 1011 819">
     <span class='ocr_line' id='line_1_29' title="bbox 226 784 1011 819; baseline 0.001 -8"><span class='ocrx_word' id='word_1_218' title='bbox 226 788 332 812; x_wconf 89' lang='lat' dir='ltr'><strong>mantes</strong></span> <span class='ocrx_word' id='word_1_219' title='bbox 355 784 428 812; x_wconf 86' lang='lat' dir='ltr'><strong>illius</strong></span> <span class='ocrx_word' id='word_1_220' title='bbox 450 784 635 812; x_wconf 90' lang='lat' dir='ltr'><strong>testimonium</strong></span> <span class='ocrx_word' id='word_1_221' title='bbox 656 784 784 812; x_wconf 89' lang='lat' dir='ltr'><strong>:idcirco</strong></span> <span class='ocrx_word' id='word_1_222' title='bbox 800 784 880 819; x_wconf 89' lang='lat' dir='ltr'><strong>jure,</strong></span> <span class='ocrx_word' id='word_1_223' title='bbox 902 785 1011 819; x_wconf 86' lang='lat' dir='ltr'><strong>pericu-</strong></span> 
     </span>
    </p>
   </div>
   <div class='ocr_carea' id='block_1_30' title="bbox 225 830 1048 886">
    <p class='ocr_par' dir='ltr' id='par_1_30' title="bbox 225 830 1048 886">
     <span class='ocr_line' id='line_1_30' title="bbox 225 830 1048 886; baseline 0.005 -29"><span class='ocrx_word' id='word_1_224' title='bbox 225 831 280 858; x_wconf 92' lang='lat' dir='ltr'><strong>lum</strong></span> <span class='ocrx_word' id='word_1_225' title='bbox 292 830 326 858; x_wconf 93' lang='lat' dir='ltr'><strong>iis</strong></span> <span class='ocrx_word' id='word_1_226' title='bbox 339 831 385 866; x_wconf 91' lang='lat' dir='ltr'><strong>qui</strong></span> <span class='ocrx_word' id='word_1_227' title='bbox 402 831 459 858; x_wconf 57' lang='lat' dir='ltr'><strong>hac</strong></span> <span class='ocrx_word' id='word_1_228' title='bbox 471 831 615 867; x_wconf 80' lang='lat' dir='ltr'><strong>designant</strong></span> <span class='ocrx_word' id='word_1_229' title='bbox 627 831 788 867; x_wconf 86' lang='lat' dir='ltr'><strong>impendens</strong></span> <span class='ocrx_word' id='word_1_230' title='bbox 798 832 1007 867; x_wconf 73' lang='lat' dir='ltr'><strong>prospicientes,</strong></span> <span class='ocrx_word' id='word_1_231' title='bbox 1025 856 1048 886; x_wconf 72' lang='grc' dir='ltr'><strong><em>Β</em></strong></span> 
     </span>
    </p>
   </div>
   <div class='ocr_carea' id='block_1_31' title="bbox 223 877 1009 913">
    <p class='ocr_par' dir='ltr' id='par_1_31' title="bbox 223 877 1009 913">
     <span class='ocr_line' id='line_1_31' title="bbox 223 877 1009 913; baseline 0 -9"><span class='ocrx_word' id='word_1_232' title='bbox 223 881 250 904; x_wconf 85' lang='lat' dir='ltr'><strong>et</strong></span> <span class='ocrx_word' id='word_1_233' title='bbox 265 877 456 913; x_wconf 78' lang='lat' dir='ltr'><strong>negligentiam</strong></span> <span class='ocrx_word' id='word_1_234' title='bbox 469 877 496 904; x_wconf 93' lang='lat' dir='ltr'><strong>in</strong></span> <span class='ocrx_word' id='word_1_235' title='bbox 517 877 661 905; x_wconf 87' lang='lat' dir='ltr'><strong>sacriﬁciis</strong></span> <span class='ocrx_word' id='word_1_236' title='bbox 678 885 710 904; x_wconf 90' lang='lat' dir='ltr'><strong>ac</strong></span> <span class='ocrx_word' id='word_1_237' title='bbox 726 878 877 913; x_wconf 80' lang='lat' dir='ltr'><strong>gratiarum</strong></span> <span class='ocrx_word' id='word_1_238' title='bbox 893 878 1009 905; x_wconf 88' lang='lat' dir='ltr'><strong>actioni-</strong></span> 
     </span>
    </p>
   </div>
   <div class='ocr_carea' id='block_1_32' title="bbox 223 923 1008 959">
    <p class='ocr_par' dir='ltr' id='par_1_32' title="bbox 223 923 1008 959">
     <span class='ocr_line' id='line_1_32' title="bbox 223 923 1008 959; baseline 0.001 -8"><span class='ocrx_word' id='word_1_239' title='bbox 223 924 285 956; x_wconf 88' lang='lat' dir='ltr'><strong>bus,</strong></span> <span class='ocrx_word' id='word_1_240' title='bbox 302 931 334 951; x_wconf 87' lang='lat' dir='ltr'><strong>eo</strong></span> <span class='ocrx_word' id='word_1_241' title='bbox 348 924 422 959; x_wconf 88' lang='lat' dir='ltr'><strong>quod</strong></span> <span class='ocrx_word' id='word_1_242' title='bbox 442 923 525 959; x_wconf 85' lang='lat' dir='ltr'><strong>impie</strong></span> <span class='ocrx_word' id='word_1_243' title='bbox 539 923 690 951; x_wconf 71' lang='lat' dir='ltr'><strong>oﬁ‘erantur</strong></span> <span class='ocrx_word' id='word_1_244' title='bbox 708 925 742 951; x_wconf 92' lang='lat' dir='ltr'><strong>ab</strong></span> <span class='ocrx_word' id='word_1_245' title='bbox 754 924 787 951; x_wconf 91' lang='lat' dir='ltr'><strong>iis</strong></span> <span class='ocrx_word' id='word_1_246' title='bbox 803 932 818 951; x_wconf 90' lang='lat' dir='ltr'><strong>a</strong></span> <span class='ocrx_word' id='word_1_247' title='bbox 832 924 934 959; x_wconf 84' lang='lat' dir='ltr'><strong>quibus</strong></span> <span class='ocrx_word' id='word_1_248' title='bbox 953 932 1008 952; x_wconf 79' lang='lat' dir='ltr'><strong>non</strong></span> 
     </span>
    </p>
   </div>
   <div class='ocr_carea' id='block_1_33' title="bbox 221 970 1007 1006">
    <p class='ocr_par' dir='ltr' id='par_1_33' title="bbox 221 970 1007 1006">
     <span class='ocr_line' id='line_1_33' title="bbox 221 970 1007 1006; baseline 0 -8"><span class='ocrx_word' id='word_1_249' title='bbox 221 974 338 1006; x_wconf 85' lang='lat' dir='ltr'><strong>oportet,</strong></span> <span class='ocrx_word' id='word_1_250' title='bbox 351 971 452 1006; x_wconf 87' lang='lat' dir='ltr'><strong>quique</strong></span> <span class='ocrx_word' id='word_1_251' title='bbox 467 970 597 998; x_wconf 87' lang='lat' dir='ltr'><strong>honorem</strong></span> <span class='ocrx_word' id='word_1_252' title='bbox 612 970 794 1005; x_wconf 89' lang='lat' dir='ltr'><strong>pontiﬁcalem</strong></span> <span class='ocrx_word' id='word_1_253' title='bbox 806 990 813 1003; x_wconf 90' lang='lat'><strong>,</strong></span> <span class='ocrx_word' id='word_1_254' title='bbox 835 971 1007 1006; x_wconf 84' lang='lat' dir='ltr'><strong>complexum</strong></span> 
     </span>
    </p>
   </div>
   <div class='ocr_carea' id='block_1_34' title="bbox 221 1015 1008 1052">
    <p class='ocr_par' dir='ltr' id='par_1_34' title="bbox 221 1015 1008 1052">
     <span class='ocr_line' id='line_1_34' title="bbox 221 1015 1008 1052; baseline 0.001 -9"><span class='ocrx_word' id='word_1_255' title='bbox 221 1017 313 1052; x_wconf 84' lang='lat' dir='ltr'><strong>magni</strong></span> <span class='ocrx_word' id='word_1_256' title='bbox 329 1016 466 1052; x_wconf 75' lang='lat' dir='ltr'><strong>pontificis</strong></span> <span class='ocrx_word' id='word_1_257' title='bbox 481 1015 546 1044; x_wconf 84' lang='lat' dir='ltr'><strong>Jesu</strong></span> <span class='ocrx_word' id='word_1_258' title='bbox 559 1016 662 1044; x_wconf 88' lang='lat' dir='ltr'><strong>Christi</strong></span> <span class='ocrx_word' id='word_1_259' title='bbox 676 1015 749 1051; x_wconf 82' lang='lat' dir='ltr'><strong>regis</strong></span> <span class='ocrx_word' id='word_1_260' title='bbox 768 1017 856 1044; x_wconf 90' lang='lat' dir='ltr'><strong>nostri</strong></span> <span class='ocrx_word' id='word_1_261' title='bbox 876 1016 1008 1044; x_wconf 72' lang='lat' dir='ltr'><strong>imitatio~</strong></span> 
     </span>
    </p>
   </div>
   <div class='ocr_carea' id='block_1_35' title="bbox 221 1061 1007 1097">
    <p class='ocr_par' dir='ltr' id='par_1_35' title="bbox 221 1061 1007 1097">
     <span class='ocr_line' id='line_1_35' title="bbox 221 1061 1007 1097; baseline 0.003 -8"><span class='ocrx_word' id='word_1_262' title='bbox 221 1070 294 1094; x_wconf 82' lang='lat' dir='ltr'><strong>nem,</strong></span> <span class='ocrx_word' id='word_1_263' title='bbox 309 1070 357 1097; x_wconf 90' lang='lat' dir='ltr'><strong>pro</strong></span> <span class='ocrx_word' id='word_1_264' title='bbox 370 1062 432 1090; x_wconf 94' lang='lat' dir='ltr'><strong>ludo</strong></span> <span class='ocrx_word' id='word_1_265' title='bbox 447 1062 561 1096; x_wconf 84' lang='lat' dir='ltr'><strong>habent;</strong></span> <span class='ocrx_word' id='word_1_266' title='bbox 576 1061 778 1097; x_wconf 76' lang='lat' dir='ltr'><strong>ideo,inquam,</strong></span> <span class='ocrx_word' id='word_1_267' title='bbox 788 1069 900 1090; x_wconf 87' lang='lat' dir='ltr'><strong>necesse</strong></span> <span class='ocrx_word' id='word_1_268' title='bbox 912 1062 961 1089; x_wconf 79' lang='lat' dir='ltr'><strong>fuit</strong></span> <span class='ocrx_word' id='word_1_269' title='bbox 973 1062 1007 1091; x_wconf 87' lang='lat' dir='ltr'><strong>de</strong></span> 
     </span>
    </p>
   </div>
   <div class='ocr_carea' id='block_1_36' title="bbox 220 1107 1006 1144">
    <p class='ocr_par' dir='ltr' id='par_1_36' title="bbox 220 1107 1006 1144">
     <span class='ocr_line' id='line_1_36' title="bbox 220 1107 1006 1144; baseline -0.001 -8"><span class='ocrx_word' id='word_1_270' title='bbox 220 1116 253 1136; x_wconf 86' lang='lat' dir='ltr'><strong>eo</strong></span> <span class='ocrx_word' id='word_1_271' title='bbox 278 1117 387 1144; x_wconf 91' lang='lat' dir='ltr'><strong>quoque</strong></span> <span class='ocrx_word' id='word_1_272' title='bbox 410 1108 555 1136; x_wconf 84' lang='lat' dir='ltr'><strong>admonere</strong></span> <span class='ocrx_word' id='word_1_273' title='bbox 569 1118 576 1135; x_wconf 75' lang='grc' dir='ltr'><strong>ι</strong></span> <span class='ocrx_word' id='word_1_274' title='bbox 594 1108 650 1143; x_wconf 89' lang='lat' dir='ltr'><strong>jam</strong></span> <span class='ocrx_word' id='word_1_275' title='bbox 666 1109 738 1136; x_wconf 92' lang='lat' dir='ltr'><strong>enim</strong></span> <span class='ocrx_word' id='word_1_276' title='bbox 755 1107 865 1144; x_wconf 88' lang='lat' dir='ltr'><strong>quidam</strong></span> <span class='ocrx_word' id='word_1_277' title='bbox 881 1108 1006 1136; x_wconf 86' lang='lat' dir='ltr'><strong>conversi</strong></span> 
     </span>
    </p>
   </div>
   <div class='ocr_carea' id='block_1_37' title="bbox 220 1153 1004 1190">
    <p class='ocr_par' dir='ltr' id='par_1_37' title="bbox 220 1153 1004 1190">
     <span class='ocr_line' id='line_1_37' title="bbox 220 1153 1004 1190; baseline -0.001 -8"><span class='ocrx_word' id='word_1_278' title='bbox 220 1159 285 1183; x_wconf 82' lang='lat' dir='ltr'><strong>sum</strong></span> <span class='ocrx_word' id='word_1_279' title='bbox 298 1159 370 1182; x_wconf 84' lang='lat' dir='ltr'><strong>retro</strong></span> <span class='ocrx_word' id='word_1_280' title='bbox 385 1159 446 1190; x_wconf 91' lang='lat' dir='ltr'><strong>post</strong></span> <span class='ocrx_word' id='word_1_281' title='bbox 459 1155 607 1182; x_wconf 87' lang='lat' dir='ltr'><strong>vanitatem</strong></span> <span class='ocrx_word' id='word_1_282' title='bbox 623 1154 742 1182; x_wconf 81' lang='lat' dir='ltr'><strong>suam&quot;.</strong></span> <span class='ocrx_word' id='word_1_283' title='bbox 760 1153 853 1189; x_wconf 85' lang='lat' dir='ltr'><strong>Itaque</strong></span> <span class='ocrx_word' id='word_1_284' title='bbox 869 1153 986 1182; x_wconf 88' lang='lat' dir='ltr'><strong>dicimus</strong></span> <span class='ocrx_word' id='word_1_285' title='bbox 996 1175 1004 1187; x_wconf 93' lang='lat'><strong>,</strong></span> 
     </span>
    </p>
   </div>
   <div class='ocr_carea' id='block_1_38' title="bbox 220 1199 1005 1237">
    <p class='ocr_par' dir='ltr' id='par_1_38' title="bbox 220 1199 1005 1237">
     <span class='ocr_line' id='line_1_38' title="bbox 220 1199 1005 1237; baseline -0.001 -8"><span class='ocrx_word' id='word_1_286' title='bbox 220 1203 293 1237; x_wconf 92' lang='lat' dir='ltr'><strong>quod</strong></span> <span class='ocrx_word' id='word_1_287' title='bbox 314 1202 414 1234; x_wconf 81' lang='lat' dir='ltr'><strong>Moses,</strong></span> <span class='ocrx_word' id='word_1_288' title='bbox 435 1201 483 1229; x_wconf 88' lang='lat' dir='ltr'><strong>Dei</strong></span> <span class='ocrx_word' id='word_1_289' title='bbox 499 1201 635 1233; x_wconf 82' lang='lat' dir='ltr'><strong>famulus,</strong></span> <span class='ocrx_word' id='word_1_290' title='bbox 657 1208 720 1228; x_wconf 91' lang='lat' dir='ltr'><strong>cum</strong></span> <span class='ocrx_word' id='word_1_291' title='bbox 736 1209 790 1235; x_wconf 88' lang='lat' dir='ltr'><strong>quo</strong></span> <span class='ocrx_word' id='word_1_292' title='bbox 807 1200 878 1228; x_wconf 91' lang='lat' dir='ltr'><strong>Deus</strong></span> <span class='ocrx_word' id='word_1_293' title='bbox 891 1199 959 1228; x_wconf 82' lang='lat' dir='ltr'><strong>facie</strong></span> <span class='ocrx_word' id='word_1_294' title='bbox 971 1200 1005 1228; x_wconf 88' lang='lat' dir='ltr'><strong>ad</strong></span> 
     </span>
    </p>
   </div>
   <div class='ocr_carea' id='block_1_39' title="bbox 220 1246 1005 1283">
    <p class='ocr_par' dir='ltr' id='par_1_39' title="bbox 220 1246 1005 1283">
     <span class='ocr_line' id='line_1_39' title="bbox 220 1246 1005 1283; baseline -0.003 -8"><span class='ocrx_word' id='word_1_295' title='bbox 220 1248 318 1276; x_wconf 78' lang='lat' dir='ltr'><strong>faciem</strong></span> <span class='ocrx_word' id='word_1_296' title='bbox 337 1247 561 1283; x_wconf 89' lang='lat' dir='ltr'><strong>colloquebatur,</strong></span> <span class='ocrx_word' id='word_1_297' title='bbox 582 1250 611 1274; x_wconf 90' lang='lat' dir='ltr'><strong>ut</strong></span> <span class='ocrx_word' id='word_1_298' title='bbox 622 1247 645 1275; x_wconf 91' lang='lat' dir='ltr'><strong>si</strong></span> <span class='ocrx_word' id='word_1_299' title='bbox 659 1247 721 1281; x_wconf 86' lang='lat' dir='ltr'><strong>quis</strong></span> <span class='ocrx_word' id='word_1_300' title='bbox 736 1247 862 1282; x_wconf 84' lang='lat' dir='ltr'><strong>loquatur</strong></span> <span class='ocrx_word' id='word_1_301' title='bbox 881 1246 915 1274; x_wconf 88' lang='lat' dir='ltr'><strong>ad</strong></span> <span class='ocrx_word' id='word_1_302' title='bbox 936 1246 1005 1273; x_wconf 89' lang='lat' dir='ltr'><strong>ami-</strong></span> 
     </span>
    </p>
   </div>
   <div class='ocr_carea' id='block_1_40' title="bbox 220 1293 1003 1330">
    <p class='ocr_par' dir='ltr' id='par_1_40' title="bbox 220 1293 1003 1330">
     <span class='ocr_line' id='line_1_40' title="bbox 220 1293 1003 1330; baseline 0.004 -10"><span class='ocrx_word' id='word_1_303' title='bbox 220 1299 283 1320; x_wconf 92' lang='lat' dir='ltr'><strong>cum</strong></span> <span class='ocrx_word' id='word_1_304' title='bbox 298 1301 378 1320; x_wconf 89' lang='lat' dir='ltr'><strong>suum</strong></span> <span class='ocrx_word' id='word_1_305' title='bbox 390 1294 430 1327; x_wconf 75' lang='lat'><strong>“;</strong></span> <span class='ocrx_word' id='word_1_306' title='bbox 443 1295 487 1322; x_wconf 91' lang='lat' dir='ltr'><strong>cui</strong></span> <span class='ocrx_word' id='word_1_307' title='bbox 502 1295 590 1322; x_wconf 81' lang='lat' dir='ltr'><strong>dixit:</strong></span> <span class='ocrx_word' id='word_1_308' title='bbox 608 1303 618 1320; x_wconf 76' lang='grc' dir='ltr'><strong>ι</strong></span> <span class='ocrx_word' id='word_1_309' title='bbox 638 1293 706 1321; x_wconf 86' lang='lat' dir='ltr'><strong>Novi</strong></span> <span class='ocrx_word' id='word_1_310' title='bbox 721 1299 746 1322; x_wconf 90' lang='lat' dir='ltr'><strong>te</strong></span> <span class='ocrx_word' id='word_1_311' title='bbox 760 1303 814 1330; x_wconf 66' lang='lat' dir='ltr'><strong>pra:</strong></span> <span class='ocrx_word' id='word_1_312' title='bbox 826 1296 972 1329; x_wconf 83' lang='lat' dir='ltr'><strong>omnibus;</strong></span> <span class='ocrx_word' id='word_1_313' title='bbox 992 1305 1003 1323; x_wconf 77' lang='grc' dir='ltr'><strong>ι</strong></span> 
     </span>
    </p>
   </div>
   <div class='ocr_carea' id='block_1_41' title="bbox 220 1340 1006 1376">
    <p class='ocr_par' dir='ltr' id='par_1_41' title="bbox 220 1340 1006 1376">
     <span class='ocr_line' id='line_1_41' title="bbox 220 1340 1006 1376; baseline 0.004 -11"><span class='ocrx_word' id='word_1_314' title='bbox 220 1345 282 1365; x_wconf 89' lang='lat' dir='ltr'><strong>cum</strong></span> <span class='ocrx_word' id='word_1_315' title='bbox 295 1346 350 1374; x_wconf 88' lang='lat' dir='ltr'><strong>quo</strong></span> <span class='ocrx_word' id='word_1_316' title='bbox 362 1340 395 1367; x_wconf 84' lang='lat' dir='ltr'><strong>ad</strong></span> <span class='ocrx_word' id='word_1_317' title='bbox 411 1347 442 1368; x_wconf 87' lang='lat' dir='ltr'><strong>os</strong></span> <span class='ocrx_word' id='word_1_318' title='bbox 461 1340 634 1376; x_wconf 86' lang='lat' dir='ltr'><strong>loquebatur,</strong></span> <span class='ocrx_word' id='word_1_319' title='bbox 649 1345 676 1367; x_wconf 89' lang='lat' dir='ltr'><strong>et</strong></span> <span class='ocrx_word' id='word_1_320' title='bbox 690 1348 742 1367; x_wconf 90' lang='lat' dir='ltr'><strong>non</strong></span> <span class='ocrx_word' id='word_1_321' title='bbox 758 1348 805 1376; x_wconf 90' lang='lat' dir='ltr'><strong>per</strong></span> <span class='ocrx_word' id='word_1_322' title='bbox 820 1341 947 1374; x_wconf 84' lang='lat' dir='ltr'><strong>obscura,</strong></span> <span class='ocrx_word' id='word_1_323' title='bbox 963 1341 1006 1368; x_wconf 89' lang='lat' dir='ltr'><strong>vel</strong></span> 
     </span>
    </p>
   </div>
   <div class='ocr_carea' id='block_1_42' title="bbox 219 1385 1005 1421">
    <p class='ocr_par' dir='ltr' id='par_1_42' title="bbox 219 1385 1005 1421">
     <span class='ocr_line' id='line_1_42' title="bbox 219 1385 1005 1421; baseline 0.004 -11"><span class='ocrx_word' id='word_1_324' title='bbox 219 1385 336 1417; x_wconf 86' lang='lat' dir='ltr'><strong>somnia,</strong></span> <span class='ocrx_word' id='word_1_325' title='bbox 348 1386 389 1413; x_wconf 86' lang='lat' dir='ltr'><strong>vel</strong></span> <span class='ocrx_word' id='word_1_326' title='bbox 400 1386 522 1420; x_wconf 86' lang='lat' dir='ltr'><strong>angelos,</strong></span> <span class='ocrx_word' id='word_1_327' title='bbox 534 1386 576 1413; x_wconf 87' lang='lat' dir='ltr'><strong>vel</strong></span> <span class='ocrx_word' id='word_1_328' title='bbox 586 1386 728 1421; x_wconf 79' lang='lat' dir='ltr'><strong>:enigmata</strong></span> <span class='ocrx_word' id='word_1_329' title='bbox 737 1387 770 1418; x_wconf 82' lang='lat'><strong>&quot;,</strong></span> <span class='ocrx_word' id='word_1_330' title='bbox 781 1386 824 1413; x_wconf 86' lang='lat' dir='ltr'><strong>hic</strong></span> <span class='ocrx_word' id='word_1_331' title='bbox 835 1386 931 1420; x_wconf 84' lang='lat' dir='ltr'><strong>Moses,</strong></span> <span class='ocrx_word' id='word_1_332' title='bbox 943 1394 1005 1414; x_wconf 88' lang='lat' dir='ltr'><strong>cum</strong></span> 
     </span>
    </p>
   </div>
   <div class='ocr_carea' id='block_1_43' title="bbox 1065 967 1855 1012">
    <p class='ocr_par' dir='ltr' id='par_1_43' title="bbox 1065 967 1855 1012">
     <span class='ocr_line' id='line_1_43' title="bbox 1065 967 1855 1012; baseline 0.013 -18"><span class='ocrx_word' id='word_1_333' title='bbox 1065 967 1152 1004; x_wconf 79' lang='grc' dir='ltr'><strong>Ἰησοῦ</strong></span> <span class='ocrx_word' id='word_1_334' title='bbox 1166 969 1284 1005; x_wconf 80' lang='grc' dir='ltr'>Χριστοῦ</span> <span class='ocrx_word' id='word_1_335' title='bbox 1300 970 1431 1006; x_wconf 79' lang='grc' dir='ltr'>βασιλέως</span> <span class='ocrx_word' id='word_1_336' title='bbox 1442 973 1530 1009; x_wconf 80' lang='grc' dir='ltr'>ἡμῶν,</span> <span class='ocrx_word' id='word_1_337' title='bbox 1543 974 1668 1010; x_wconf 82' lang='grc' dir='ltr'>ἀνάγκην</span> <span class='ocrx_word' id='word_1_338' title='bbox 1677 975 1800 1012; x_wconf 76' lang='grc' dir='ltr'>ἔσχομεν</span> <span class='ocrx_word' id='word_1_339' title='bbox 1811 979 1855 1004; x_wconf 79' lang='grc' dir='ltr'>καὶ</span> 
     </span>
    </p>
   </div>
   <div class='ocr_carea' id='block_1_44' title="bbox 1057 1014 1854 1058">
    <p class='ocr_par' dir='ltr' id='par_1_44' title="bbox 1057 1014 1854 1058">
     <span class='ocr_line' id='line_1_44' title="bbox 1057 1014 1854 1058; baseline 0.014 -18"><span class='ocrx_word' id='word_1_340' title='bbox 1057 1014 1136 1041; x_wconf 87' lang='grc' dir='ltr'>τοῦτο</span> <span class='ocrx_word' id='word_1_341' title='bbox 1149 1016 1326 1052; x_wconf 84' lang='grc' dir='ltr'>παραινέσαι·</span> <span class='ocrx_word' id='word_1_342' title='bbox 1343 1018 1394 1054; x_wconf 77' lang='grc' dir='ltr'><strong>ἤδη</strong></span> <span class='ocrx_word' id='word_1_343' title='bbox 1407 1018 1461 1054; x_wconf 87' lang='grc' dir='ltr'>γάρ</span> <span class='ocrx_word' id='word_1_344' title='bbox 1475 1029 1546 1052; x_wconf 82' lang='grc' dir='ltr'>τινες</span> <span class='ocrx_word' id='word_1_345' title='bbox 1562 1020 1757 1058; x_wconf 77' lang='grc' dir='ltr'>ἐξετράπησαν</span> <span class='ocrx_word' id='word_1_346' title='bbox 1770 1024 1854 1052; x_wconf 77' lang='grc' dir='ltr'>ὀπίσω</span> 
     </span>
    </p>
   </div>
   <div class='ocr_carea' id='block_1_45' title="bbox 1056 1061 1852 1106">
    <p class='ocr_par' dir='ltr' id='par_1_45' title="bbox 1056 1061 1852 1106">
     <span class='ocr_line' id='line_1_45' title="bbox 1056 1061 1852 1106; baseline 0.015 -20"><span class='ocrx_word' id='word_1_347' title='bbox 1056 1061 1106 1096; x_wconf 79' lang='grc' dir='ltr'>τῆς</span> <span class='ocrx_word' id='word_1_348' title='bbox 1129 1061 1231 1089; x_wconf 84' lang='grc' dir='ltr'>ἑαυτῶν</span> <span class='ocrx_word' id='word_1_349' title='bbox 1249 1064 1443 1100; x_wconf 84' lang='grc' dir='ltr'>ματαιότητος·</span> <span class='ocrx_word' id='word_1_350' title='bbox 1471 1066 1586 1102; x_wconf 65' lang='grc' dir='ltr'>λέγομεν</span> <span class='ocrx_word' id='word_1_351' title='bbox 1598 1068 1654 1104; x_wconf 84' lang='grc'><strong>(90)</strong></span> <span class='ocrx_word' id='word_1_352' title='bbox 1679 1069 1720 1101; x_wconf 84' lang='grc' dir='ltr'>ὡς</span> <span class='ocrx_word' id='word_1_353' title='bbox 1741 1071 1852 1106; x_wconf 76' lang='grc' dir='ltr'>Μωσῆς,</span> 
     </span>
    </p>
   </div>
   <div class='ocr_carea' id='block_1_46' title="bbox 1057 1107 1852 1152">
    <p class='ocr_par' dir='ltr' id='par_1_46' title="bbox 1057 1107 1852 1152">
     <span class='ocr_line' id='line_1_46' title="bbox 1057 1107 1852 1152; baseline 0.014 -19"><span class='ocrx_word' id='word_1_354' title='bbox 1057 1107 1070 1133; x_wconf 81' lang='grc' dir='ltr'><strong>ό</strong></span> <span class='ocrx_word' id='word_1_355' title='bbox 1084 1107 1131 1134; x_wconf 86' lang='grc' dir='ltr'><strong>τοῦ</strong></span> <span class='ocrx_word' id='word_1_356' title='bbox 1147 1108 1214 1135; x_wconf 83' lang='grc' dir='ltr'>Θεοῦ</span> <span class='ocrx_word' id='word_1_357' title='bbox 1227 1108 1363 1145; x_wconf 81' lang='grc' dir='ltr'><strong>θεράπων,</strong></span> <span class='ocrx_word' id='word_1_358' title='bbox 1381 1108 1403 1147; x_wconf 80' lang='grc' dir='ltr'>ᾦ</span> <span class='ocrx_word' id='word_1_359' title='bbox 1418 1113 1432 1138; x_wconf 84' lang='grc' dir='ltr'><strong><em>ὁ</em></strong></span> <span class='ocrx_word' id='word_1_360' title='bbox 1443 1112 1509 1145; x_wconf 85' lang='grc' dir='ltr'><strong>Θεὸς</strong></span> <span class='ocrx_word' id='word_1_361' title='bbox 1522 1113 1637 1147; x_wconf 78' lang='grc' dir='ltr'>ὲνώπιος</span> <span class='ocrx_word' id='word_1_362' title='bbox 1652 1116 1766 1152; x_wconf 81' lang='grc' dir='ltr'>ὲνωπίῳ</span> <span class='ocrx_word' id='word_1_363' title='bbox 1785 1117 1852 1152; x_wconf 82' lang='grc' dir='ltr'>ὡμί-</span> 
     </span>
    </p>
   </div>
   <div class='ocr_carea' id='block_1_47' title="bbox 1057 1152 1850 1196">
    <p class='ocr_par' dir='ltr' id='par_1_47' title="bbox 1057 1152 1850 1196">
     <span class='ocr_line' id='line_1_47' title="bbox 1057 1152 1850 1196; baseline 0.011 -16"><span class='ocrx_word' id='word_1_364' title='bbox 1057 1152 1107 1186; x_wconf 88' lang='grc' dir='ltr'>λει,</span> <span class='ocrx_word' id='word_1_365' title='bbox 1128 1155 1166 1186; x_wconf 90' lang='grc' dir='ltr'>ὡς</span> <span class='ocrx_word' id='word_1_366' title='bbox 1187 1156 1267 1188; x_wconf 81' lang='grc' dir='ltr'>εἴτις</span> <span class='ocrx_word' id='word_1_367' title='bbox 1286 1156 1389 1193; x_wconf 78' lang='grc' dir='ltr'>λαλήσῃ</span> <span class='ocrx_word' id='word_1_368' title='bbox 1409 1158 1478 1194; x_wconf 82' lang='grc' dir='ltr'>πρὸς</span> <span class='ocrx_word' id='word_1_369' title='bbox 1492 1159 1589 1186; x_wconf 77' lang='grc' dir='ltr'>ἑαυτοῦ</span> <span class='ocrx_word' id='word_1_370' title='bbox 1611 1159 1701 1194; x_wconf 71' lang='grc' dir='ltr'>φίλον,</span> <span class='ocrx_word' id='word_1_371' title='bbox 1720 1158 1744 1196; x_wconf 82' lang='grc' dir='ltr'>ᾧ</span> <span class='ocrx_word' id='word_1_372' title='bbox 1760 1161 1850 1189; x_wconf 72' lang='grc' dir='ltr'>εἷπεν·</span> 
     </span>
    </p>
   </div>
   <div class='ocr_carea' id='block_1_48' title="bbox 1057 1290 1851 1334">
    <p class='ocr_par' dir='ltr' id='par_1_48' title="bbox 1057 1290 1851 1334">
     <span class='ocr_line' id='line_1_48' title="bbox 1057 1290 1851 1334; baseline 0.011 -16"><span class='ocrx_word' id='word_1_373' title='bbox 1057 1293 1149 1327; x_wconf 83' lang='grc' dir='ltr'>μάτων</span> <span class='ocrx_word' id='word_1_374' title='bbox 1161 1301 1167 1308; x_wconf 92' lang='grc'><strong>·</strong></span> <span class='ocrx_word' id='word_1_375' title='bbox 1182 1290 1259 1326; x_wconf 74' lang='grc' dir='ltr'>οὗτος</span> <span class='ocrx_word' id='word_1_376' title='bbox 1271 1295 1351 1331; x_wconf 81' lang='grc' dir='ltr'>ἡνίκα</span> <span class='ocrx_word' id='word_1_377' title='bbox 1364 1296 1414 1332; x_wconf 81' lang='grc' dir='ltr'>τὴν</span> <span class='ocrx_word' id='word_1_378' title='bbox 1425 1296 1499 1324; x_wconf 88' lang='grc' dir='ltr'>θείαν</span> <span class='ocrx_word' id='word_1_379' title='bbox 1510 1297 1673 1333; x_wconf 77' lang='grc' dir='ltr'>νομοθεσίαν</span> <span class='ocrx_word' id='word_1_380' title='bbox 1683 1299 1851 1334; x_wconf 71' lang='grc' dir='ltr'>διετάσσετο,</span> 
     </span>
    </p>
   </div>
   <div class='ocr_carea' id='block_1_49' title="bbox 1054 1338 1850 1380">
    <p class='ocr_par' dir='ltr' id='par_1_49' title="bbox 1054 1338 1850 1380">
     <span class='ocr_line' id='line_1_49' title="bbox 1054 1338 1850 1380; baseline 0.011 -16"><span class='ocrx_word' id='word_1_381' title='bbox 1054 1338 1136 1365; x_wconf 87' lang='grc' dir='ltr'>διεῖλε</span> <span class='ocrx_word' id='word_1_382' title='bbox 1150 1339 1210 1366; x_wconf 81' lang='grc' dir='ltr'>τίνα</span> <span class='ocrx_word' id='word_1_383' title='bbox 1222 1341 1270 1376; x_wconf 76' lang='grc' dir='ltr'>μὲν</span> <span class='ocrx_word' id='word_1_384' title='bbox 1286 1341 1338 1377; x_wconf 84' lang='grc' dir='ltr'>χρὴ</span> <span class='ocrx_word' id='word_1_385' title='bbox 1349 1342 1401 1368; x_wconf 82' lang='grc' dir='ltr'><strong>ὑπὸ</strong></span> <span class='ocrx_word' id='word_1_386' title='bbox 1412 1342 1465 1369; x_wconf 81' lang='grc' dir='ltr'>τῶν</span> <span class='ocrx_word' id='word_1_387' title='bbox 1480 1343 1631 1379; x_wconf 85' lang='grc' dir='ltr'>ἀρχιερέων</span> <span class='ocrx_word' id='word_1_388' title='bbox 1646 1345 1850 1380; x_wconf 72' lang='grc' dir='ltr'>ἐπιτελεῖσθαι,</span> 
     </span>
    </p>
   </div>
   <div class='ocr_carea' id='block_1_50' title="bbox 1053 1380 1850 1426">
    <p class='ocr_par' dir='ltr' id='par_1_50' title="bbox 1053 1380 1850 1426">
     <span class='ocr_line' id='line_1_50' title="bbox 1053 1380 1850 1426; baseline 0.013 -16"><span class='ocrx_word' id='word_1_389' title='bbox 1053 1385 1114 1411; x_wconf 85' lang='grc' dir='ltr'>τίνα</span> <span class='ocrx_word' id='word_1_390' title='bbox 1132 1385 1161 1412; x_wconf 82' lang='grc' dir='ltr'><strong>δὲ</strong></span> <span class='ocrx_word' id='word_1_391' title='bbox 1183 1386 1236 1412; x_wconf 83' lang='grc' dir='ltr'><strong>ὑπὸ</strong></span> <span class='ocrx_word' id='word_1_392' title='bbox 1256 1386 1310 1413; x_wconf 86' lang='grc' dir='ltr'>τῶν</span> <span class='ocrx_word' id='word_1_393' title='bbox 1327 1388 1432 1423; x_wconf 71' lang='grc' dir='ltr'>ἱερέων,</span> <span class='ocrx_word' id='word_1_394' title='bbox 1449 1389 1510 1416; x_wconf 82' lang='grc' dir='ltr'>τίνα</span> <span class='ocrx_word' id='word_1_395' title='bbox 1524 1389 1553 1416; x_wconf 84' lang='grc' dir='ltr'><strong>δὲ</strong></span> <span class='ocrx_word' id='word_1_396' title='bbox 1565 1380 1618 1417; x_wconf 64' lang='grc' dir='ltr'><strong>υπὸ</strong></span> <span class='ocrx_word' id='word_1_397' title='bbox 1638 1391 1695 1418; x_wconf 85' lang='grc' dir='ltr'>τῶν</span> <span class='ocrx_word' id='word_1_398' title='bbox 1718 1392 1850 1426; x_wconf 81' lang='grc' dir='ltr'>λευιτῶν,</span> 
     </span>
    </p>
   </div>
   <div class='ocr_carea' id='block_1_51' title="bbox 219 1430 966 1476">
    <p class='ocr_par' dir='ltr' id='par_1_51' title="bbox 219 1430 964 1465">
     <span class='ocr_line' id='line_1_51' title="bbox 219 1430 964 1465; baseline -0.003 -7"><span class='ocrx_word' id='word_1_399' title='bbox 219 1431 339 1458; x_wconf 85' lang='lat' dir='ltr'><strong>divinam</strong></span> <span class='ocrx_word' id='word_1_400' title='bbox 358 1430 553 1465; x_wconf 81' lang='lat' dir='ltr'><strong>legislationcm</strong></span> <span class='ocrx_word' id='word_1_401' title='bbox 574 1430 770 1462; x_wconf 85' lang='lat' dir='ltr'><strong>constitueret,</strong></span> <span class='ocrx_word' id='word_1_402' title='bbox 786 1430 912 1457; x_wconf 80' lang='lat' dir='ltr'><strong>distinxit</strong></span> <span class='ocrx_word' id='word_1_403' title='bbox 929 1438 964 1465; x_wconf 88' lang='lat' dir='ltr'><strong>qu</strong></span> 
     </span>
    </p>
   </div>
   <div class='ocr_carea' id='block_1_52' title="bbox 1104 1430 1851 1476">
    <p class='ocr_par' dir='ltr' id='par_1_52' title="bbox 1104 1432 1851 1476">
     <span class='ocr_line' id='line_1_52' title="bbox 1104 1432 1851 1476; baseline 0.013 -20"><span class='ocrx_word' id='word_1_404' title='bbox 1104 1439 1161 1467; x_wconf 59' lang='lat' dir='ltr'><strong>acip</strong></span> <span class='ocrx_word' id='word_1_405' title='bbox 1178 1432 1228 1467; x_wconf 85' lang='grc' dir='ltr'>τὴν</span> <span class='ocrx_word' id='word_1_406' title='bbox 1253 1433 1356 1461; x_wconf 77' lang='grc' dir='ltr'>οἰκείαν</span> <span class='ocrx_word' id='word_1_407' title='bbox 1382 1435 1429 1462; x_wconf 75' lang='grc' dir='ltr'>καὶ</span> <span class='ocrx_word' id='word_1_408' title='bbox 1455 1435 1610 1471; x_wconf 83' lang='grc' dir='ltr'>ἀνήκουσαν</span> <span class='ocrx_word' id='word_1_409' title='bbox 1632 1438 1667 1473; x_wconf 75' lang='grc' dir='ltr'><strong>τῇ</strong></span> <span class='ocrx_word' id='word_1_410' title='bbox 1693 1438 1851 1476; x_wconf 69' lang='grc' dir='ltr'>λειτουργίᾳ</span> 
     </span>
    </p>
   </div>
   <div class='ocr_carea' id='block_1_53' title="bbox 219 1475 966 1522">
    <p class='ocr_par' dir='ltr' id='par_1_53' title="bbox 219 1476 966 1511">
     <span class='ocr_line' id='line_1_53' title="bbox 219 1476 966 1511; baseline 0.001 -8"><span class='ocrx_word' id='word_1_411' title='bbox 219 1484 282 1503; x_wconf 89' lang='lat' dir='ltr'><strong>nam</strong></span> <span class='ocrx_word' id='word_1_412' title='bbox 298 1479 436 1511; x_wconf 88' lang='lat' dir='ltr'><strong>oporteret</strong></span> <span class='ocrx_word' id='word_1_413' title='bbox 454 1476 546 1511; x_wconf 85' lang='lat' dir='ltr'><strong>peragi</strong></span> <span class='ocrx_word' id='word_1_414' title='bbox 558 1483 574 1503; x_wconf 91' lang='lat' dir='ltr'><strong>a</strong></span> <span class='ocrx_word' id='word_1_415' title='bbox 591 1476 776 1511; x_wconf 88' lang='lat' dir='ltr'><strong>pontiﬁcibus,</strong></span> <span class='ocrx_word' id='word_1_416' title='bbox 793 1483 917 1510; x_wconf 84' lang='lat' dir='ltr'><strong>quaenam</strong></span> <span class='ocrx_word' id='word_1_417' title='bbox 929 1484 944 1503; x_wconf 87' lang='lat' dir='ltr'><strong>a</strong></span> <span class='ocrx_word' id='word_1_418' title='bbox 958 1484 966 1504; x_wconf 73' lang='grc' dir='ltr'><strong>ε</strong></span> 
     </span>
    </p>
   </div>
   <div class='ocr_carea' id='block_1_54' title="bbox 1103 1475 1850 1522">
    <p class='ocr_par' dir='ltr' id='par_1_54' title="bbox 1103 1479 1850 1522">
     <span class='ocr_line' id='line_1_54' title="bbox 1103 1479 1850 1522; baseline 0.012 -18"><span class='ocrx_word' id='word_1_419' title='bbox 1103 1479 1200 1512; x_wconf 54' lang='grc' dir='ltr'>,σκείαν</span> <span class='ocrx_word' id='word_1_420' title='bbox 1214 1480 1375 1516; x_wconf 84' lang='grc' dir='ltr'>ἀπονείμας,</span> <span class='ocrx_word' id='word_1_421' title='bbox 1391 1482 1438 1508; x_wconf 80' lang='grc' dir='ltr'>καὶ</span> <span class='ocrx_word' id='word_1_422' title='bbox 1461 1481 1533 1518; x_wconf 76' lang='grc' dir='ltr'>ἅπερ</span> <span class='ocrx_word' id='word_1_423' title='bbox 1549 1483 1598 1518; x_wconf 82' lang='grc' dir='ltr'>μὲν</span> <span class='ocrx_word' id='word_1_424' title='bbox 1618 1485 1676 1516; x_wconf 84' lang='grc' dir='ltr'>τοῖς</span> <span class='ocrx_word' id='word_1_425' title='bbox 1689 1485 1850 1522; x_wconf 75' lang='grc' dir='ltr'>ἀρχιερεῦσι</span> 
     </span>
    </p>
   </div>
   <div class='ocr_carea' id='block_1_55' title="bbox 218 1521 965 1567">
    <p class='ocr_par' dir='ltr' id='par_1_55' title="bbox 218 1521 965 1557">
     <span class='ocr_line' id='line_1_55' title="bbox 218 1521 965 1557; baseline -0.003 -7"><span class='ocrx_word' id='word_1_426' title='bbox 218 1522 385 1555; x_wconf 87' lang='lat' dir='ltr'><strong>cerdotibus,</strong></span> <span class='ocrx_word' id='word_1_427' title='bbox 402 1529 526 1557; x_wconf 77' lang='lat' dir='ltr'><strong>quamam</strong></span> <span class='ocrx_word' id='word_1_428' title='bbox 538 1529 553 1548; x_wconf 94' lang='lat' dir='ltr'><strong>a</strong></span> <span class='ocrx_word' id='word_1_429' title='bbox 568 1521 658 1549; x_wconf 86' lang='lat' dir='ltr'><strong>levitis</strong></span> <span class='ocrx_word' id='word_1_430' title='bbox 668 1541 676 1554; x_wconf 94' lang='lat'><strong>,</strong></span> <span class='ocrx_word' id='word_1_431' title='bbox 692 1529 723 1548; x_wconf 92' lang='lat' dir='ltr'><strong>ac</strong></span> <span class='ocrx_word' id='word_1_432' title='bbox 739 1521 879 1549; x_wconf 83' lang='lat' dir='ltr'><strong>distribuit</strong></span> <span class='ocrx_word' id='word_1_433' title='bbox 893 1522 965 1550; x_wconf 75' lang='lat' dir='ltr'><strong>unici</strong></span> 
     </span>
    </p>
   </div>
   <div class='ocr_carea' id='block_1_56' title="bbox 1103 1521 1850 1567">
    <p class='ocr_par' dir='ltr' id='par_1_56' title="bbox 1103 1521 1850 1567">
     <span class='ocr_line' id='line_1_56' title="bbox 1103 1521 1850 1567; baseline 0.013 -17"><span class='ocrx_word' id='word_1_434' title='bbox 1103 1525 1240 1552; x_wconf 74' lang='grc' dir='ltr'>ιστέτακτο</span> <span class='ocrx_word' id='word_1_435' title='bbox 1257 1527 1406 1561; x_wconf 72' lang='grc' dir='ltr'>ἐπιτελεῖν,</span> <span class='ocrx_word' id='word_1_436' title='bbox 1422 1528 1528 1561; x_wconf 79' lang='grc' dir='ltr'>τούτοις</span> <span class='ocrx_word' id='word_1_437' title='bbox 1549 1530 1614 1562; x_wconf 82' lang='grc' dir='ltr'>τοὺς</span> <span class='ocrx_word' id='word_1_438' title='bbox 1634 1531 1730 1567; x_wconf 75' lang='grc' dir='ltr'>ἱερέας</span> <span class='ocrx_word' id='word_1_439' title='bbox 1754 1521 1788 1560; x_wconf 64' lang='grc' dir='ltr'><strong>οῦ</strong></span> <span class='ocrx_word' id='word_1_440' title='bbox 1812 1534 1850 1560; x_wconf 80' lang='grc' dir='ltr'><strong>Θε-</strong></span> 
     </span>
    </p>
   </div>
   <div class='ocr_carea' id='block_1_57' title="bbox 217 1568 964 1614">
    <p class='ocr_par' dir='ltr' id='par_1_57' title="bbox 217 1568 964 1604">
     <span class='ocr_line' id='line_1_57' title="bbox 217 1568 964 1604; baseline 0 -8"><span class='ocrx_word' id='word_1_441' title='bbox 217 1576 271 1604; x_wconf 88' lang='lat' dir='ltr'><strong>que</strong></span> <span class='ocrx_word' id='word_1_442' title='bbox 281 1569 385 1596; x_wconf 88' lang='lat' dir='ltr'><strong>cultum</strong></span> <span class='ocrx_word' id='word_1_443' title='bbox 399 1568 540 1604; x_wconf 87' lang='lat' dir='ltr'><strong>proprium</strong></span> <span class='ocrx_word' id='word_1_444' title='bbox 552 1576 656 1603; x_wconf 87' lang='lat' dir='ltr'><strong>suoque</strong></span> <span class='ocrx_word' id='word_1_445' title='bbox 672 1568 826 1595; x_wconf 81' lang='lat' dir='ltr'><strong>ministerio</strong></span> <span class='ocrx_word' id='word_1_446' title='bbox 840 1569 964 1596; x_wconf 68' lang='lat' dir='ltr'><strong>convenit</strong></span> 
     </span>
    </p>
   </div>
   <div class='ocr_carea' id='block_1_58' title="bbox 1102 1568 1849 1614">
    <p class='ocr_par' dir='ltr' id='par_1_58' title="bbox 1102 1569 1849 1614">
     <span class='ocr_line' id='line_1_58' title="bbox 1102 1569 1849 1614; baseline 0.012 -17"><span class='ocrx_word' id='word_1_447' title='bbox 1102 1570 1130 1597; x_wconf 86' lang='grc' dir='ltr'><strong>ὺν</strong></span> <span class='ocrx_word' id='word_1_448' title='bbox 1146 1569 1180 1606; x_wconf 85' lang='grc' dir='ltr'>ἦν</span> <span class='ocrx_word' id='word_1_449' title='bbox 1195 1572 1353 1607; x_wconf 86' lang='grc' dir='ltr'>προσιέναι·</span> <span class='ocrx_word' id='word_1_450' title='bbox 1374 1573 1447 1610; x_wconf 75' lang='grc' dir='ltr'>ἅπερ</span> <span class='ocrx_word' id='word_1_451' title='bbox 1468 1575 1496 1601; x_wconf 80' lang='grc' dir='ltr'><strong>δὲ</strong></span> <span class='ocrx_word' id='word_1_452' title='bbox 1510 1576 1567 1607; x_wconf 79' lang='grc' dir='ltr'>τοῖς</span> <span class='ocrx_word' id='word_1_453' title='bbox 1592 1577 1714 1612; x_wconf 79' lang='grc' dir='ltr'>ἱερεῦσιν</span> <span class='ocrx_word' id='word_1_454' title='bbox 1729 1578 1849 1614; x_wconf 82' lang='grc' dir='ltr'>ὥριστο,</span> 
     </span>
    </p>
   </div>
   <div class='ocr_carea' id='block_1_59' title="bbox 218 1613 965 1662">
    <p class='ocr_par' dir='ltr' id='par_1_59' title="bbox 218 1613 965 1650">
     <span class='ocr_line' id='line_1_59' title="bbox 218 1613 965 1650; baseline 0 -8"><span class='ocrx_word' id='word_1_455' title='bbox 218 1619 289 1649; x_wconf 89' lang='lat' dir='ltr'><strong>tem;</strong></span> <span class='ocrx_word' id='word_1_456' title='bbox 305 1618 333 1643; x_wconf 89' lang='lat' dir='ltr'><strong>et</strong></span> <span class='ocrx_word' id='word_1_457' title='bbox 359 1614 393 1642; x_wconf 89' lang='lat' dir='ltr'><strong>ad</strong></span> <span class='ocrx_word' id='word_1_458' title='bbox 407 1622 439 1642; x_wconf 88' lang='lat' dir='ltr'><strong>ea</strong></span> <span class='ocrx_word' id='word_1_459' title='bbox 458 1613 569 1649; x_wconf 87' lang='lat' dir='ltr'><strong>quidem</strong></span> <span class='ocrx_word' id='word_1_460' title='bbox 588 1622 649 1649; x_wconf 65' lang='lat' dir='ltr'><strong>qua:</strong></span> <span class='ocrx_word' id='word_1_461' title='bbox 664 1614 747 1648; x_wconf 88' lang='lat' dir='ltr'><strong>jussit</strong></span> <span class='ocrx_word' id='word_1_462' title='bbox 761 1614 903 1649; x_wconf 83' lang='lat' dir='ltr'><strong>pontiﬁces</strong></span> <span class='ocrx_word' id='word_1_463' title='bbox 918 1623 965 1650; x_wconf 89' lang='lat' dir='ltr'><strong>per</strong></span> 
     </span>
    </p>
   </div>
   <div class='ocr_carea' id='block_1_60' title="bbox 1102 1613 1849 1662">
    <p class='ocr_par' dir='ltr' id='par_1_60' title="bbox 1102 1613 1849 1662">
     <span class='ocr_line' id='line_1_60' title="bbox 1102 1613 1849 1662; baseline 0.015 -19"><span class='ocrx_word' id='word_1_464' title='bbox 1102 1625 1158 1648; x_wconf 86' lang='grc' dir='ltr'>τοις</span> <span class='ocrx_word' id='word_1_465' title='bbox 1168 1618 1192 1644; x_wconf 90' lang='grc' dir='ltr'>οἱ</span> <span class='ocrx_word' id='word_1_466' title='bbox 1201 1618 1302 1646; x_wconf 87' lang='grc' dir='ltr'>λευῐται</span> <span class='ocrx_word' id='word_1_467' title='bbox 1310 1620 1340 1646; x_wconf 84' lang='grc' dir='ltr'>οὑ</span> <span class='ocrx_word' id='word_1_468' title='bbox 1351 1621 1496 1656; x_wconf 85' lang='grc' dir='ltr'>προσίεσαν</span> <span class='ocrx_word' id='word_1_469' title='bbox 1504 1630 1510 1636; x_wconf 90' lang='grc'><strong>·</strong></span> <span class='ocrx_word' id='word_1_470' title='bbox 1521 1622 1578 1650; x_wconf 80' lang='grc' dir='ltr'>ἀλλ’</span> <span class='ocrx_word' id='word_1_471' title='bbox 1587 1622 1700 1651; x_wconf 77' lang='grc' dir='ltr'>ἕκαστοι</span> <span class='ocrx_word' id='word_1_472' title='bbox 1711 1613 1789 1661; x_wconf 74' lang='grc' dir='ltr'>ἅπερ</span> <span class='ocrx_word' id='word_1_473' title='bbox 1799 1626 1849 1662; x_wconf 76' lang='grc'>(91)</span> 
     </span>
    </p>
   </div>
   <div class='ocr_carea' id='block_1_61' title="bbox 217 1659 964 1706">
    <p class='ocr_par' dir='ltr' id='par_1_61' title="bbox 217 1659 957 1694">
     <span class='ocr_line' id='line_1_61' title="bbox 217 1659 957 1694; baseline -0.001 -6"><span class='ocrx_word' id='word_1_474' title='bbox 217 1669 289 1693; x_wconf 88' lang='lat' dir='ltr'><strong>cere,</strong></span> <span class='ocrx_word' id='word_1_475' title='bbox 307 1660 348 1688; x_wconf 78' lang='lat' dir='ltr'><strong>fas</strong></span> <span class='ocrx_word' id='word_1_476' title='bbox 360 1667 414 1687; x_wconf 94' lang='lat' dir='ltr'><strong>non</strong></span> <span class='ocrx_word' id='word_1_477' title='bbox 430 1663 488 1688; x_wconf 88' lang='lat' dir='ltr'><strong>erat</strong></span> <span class='ocrx_word' id='word_1_478' title='bbox 508 1663 537 1686; x_wconf 90' lang='lat' dir='ltr'><strong>ut</strong></span> <span class='ocrx_word' id='word_1_479' title='bbox 557 1659 719 1687; x_wconf 87' lang='lat' dir='ltr'><strong>accederent</strong></span> <span class='ocrx_word' id='word_1_480' title='bbox 731 1659 905 1694; x_wconf 85' lang='lat' dir='ltr'><strong>sacerdotes;</strong></span> <span class='ocrx_word' id='word_1_481' title='bbox 923 1660 957 1687; x_wconf 89' lang='lat' dir='ltr'><strong>ad</strong></span> 
     </span>
    </p>
   </div>
   <div class='ocr_carea' id='block_1_62' title="bbox 1103 1659 1850 1706">
    <p class='ocr_par' dir='ltr' id='par_1_62' title="bbox 1103 1659 1850 1706">
     <span class='ocr_line' id='line_1_62' title="bbox 1103 1659 1850 1706; baseline 0.013 -17"><span class='ocrx_word' id='word_1_482' title='bbox 1103 1663 1265 1699; x_wconf 64' lang='grc' dir='ltr'>δειλήφεισαν</span> <span class='ocrx_word' id='word_1_483' title='bbox 1283 1665 1433 1701; x_wconf 80' lang='grc' dir='ltr'>ὑπηρεσίας</span> <span class='ocrx_word' id='word_1_484' title='bbox 1445 1669 1721 1705; x_wconf 85' lang='grc' dir='ltr'>περιγεγραμμένας,</span> <span class='ocrx_word' id='word_1_485' title='bbox 1733 1659 1850 1706; x_wconf 51' lang='grc' dir='ltr'>ὲφῦλατλ</span> 
     </span>
    </p>
   </div>
   <div class='ocr_carea' id='block_1_63' title="bbox 216 1705 963 1752">
    <p class='ocr_par' dir='ltr' id='par_1_63' title="bbox 216 1705 961 1742">
     <span class='ocr_line' id='line_1_63' title="bbox 216 1705 961 1742; baseline 0 -9"><span class='ocrx_word' id='word_1_486' title='bbox 216 1712 281 1734; x_wconf 88' lang='lat' dir='ltr'><strong>vero</strong></span> <span class='ocrx_word' id='word_1_487' title='bbox 296 1714 356 1742; x_wconf 69' lang='lat' dir='ltr'><strong>quae</strong></span> <span class='ocrx_word' id='word_1_488' title='bbox 378 1705 567 1734; x_wconf 86' lang='lat' dir='ltr'><strong>sacerdotibus</strong></span> <span class='ocrx_word' id='word_1_489' title='bbox 588 1705 700 1733; x_wconf 88' lang='lat' dir='ltr'><strong>deﬁnita</strong></span> <span class='ocrx_word' id='word_1_490' title='bbox 722 1710 812 1737; x_wconf 87' lang='lat' dir='ltr'><strong>erant,</strong></span> <span class='ocrx_word' id='word_1_491' title='bbox 836 1706 922 1734; x_wconf 55' lang='lat' dir='ltr'><strong>levita!</strong></span> <span class='ocrx_word' id='word_1_492' title='bbox 944 1714 961 1733; x_wconf 91' lang='lat' dir='ltr'><strong>n</strong></span> 
     </span>
    </p>
   </div>
   <div class='ocr_carea' id='block_1_64' title="bbox 1104 1705 1851 1752">
    <p class='ocr_par' dir='ltr' id='par_1_64' title="bbox 1106 1705 1851 1752">
     <span class='ocr_line' id='line_1_64' title="bbox 1106 1705 1851 1752; baseline 0.015 -17"><span class='ocrx_word' id='word_1_493' title='bbox 1106 1717 1113 1724; x_wconf 86' lang='grc'>·</span> <span class='ocrx_word' id='word_1_494' title='bbox 1136 1710 1162 1736; x_wconf 82' lang='grc' dir='ltr'>εἰ</span> <span class='ocrx_word' id='word_1_495' title='bbox 1179 1709 1206 1737; x_wconf 86' lang='grc' dir='ltr'>δέ</span> <span class='ocrx_word' id='word_1_496' title='bbox 1228 1719 1269 1742; x_wconf 87' lang='grc' dir='ltr'><strong>τις</strong></span> <span class='ocrx_word' id='word_1_497' title='bbox 1296 1711 1368 1748; x_wconf 87' lang='grc' dir='ltr'>πέρα</span> <span class='ocrx_word' id='word_1_498' title='bbox 1391 1713 1442 1748; x_wconf 82' lang='grc' dir='ltr'>τῆς</span> <span class='ocrx_word' id='word_1_499' title='bbox 1456 1714 1633 1749; x_wconf 81' lang='grc' dir='ltr'>παραδόσεως</span> <span class='ocrx_word' id='word_1_500' title='bbox 1658 1705 1810 1752; x_wconf 71' lang='grc' dir='ltr'>προσιέναι</span> <span class='ocrx_word' id='word_1_501' title='bbox 1831 1720 1851 1746; x_wconf 72' lang='grc' dir='ltr'><strong>ἐι</strong></span> 
     </span>
    </p>
   </div>
   <div class='ocr_carea' id='block_1_65' title="bbox 216 1751 963 1801">
    <p class='ocr_par' dir='ltr' id='par_1_65' title="bbox 216 1751 963 1788">
     <span class='ocr_line' id='line_1_65' title="bbox 216 1751 963 1788; baseline -0.001 -9"><span class='ocrx_word' id='word_1_502' title='bbox 216 1752 445 1785; x_wconf 88' lang='lat' dir='ltr'><strong>admittebantur;</strong></span> <span class='ocrx_word' id='word_1_503' title='bbox 468 1752 514 1779; x_wconf 88' lang='lat' dir='ltr'><strong>sed</strong></span> <span class='ocrx_word' id='word_1_504' title='bbox 543 1751 643 1787; x_wconf 86' lang='lat' dir='ltr'><strong>singuli</strong></span> <span class='ocrx_word' id='word_1_505' title='bbox 665 1752 817 1779; x_wconf 88' lang='lat' dir='ltr'><strong>ministeria</strong></span> <span class='ocrx_word' id='word_1_506' title='bbox 838 1752 963 1788; x_wconf 64' lang='lat' dir='ltr'><strong>praescri}</strong></span> 
     </span>
    </p>
   </div>
   <div class='ocr_carea' id='block_1_66' title="bbox 1103 1751 1850 1801">
    <p class='ocr_par' dir='ltr' id='par_1_66' title="bbox 1103 1756 1850 1801">
     <span class='ocr_line' id='line_1_66' title="bbox 1103 1756 1850 1801; baseline 0.013 -19"><span class='ocrx_word' id='word_1_507' title='bbox 1103 1756 1170 1790; x_wconf 78' lang='grc' dir='ltr'>λετο,</span> <span class='ocrx_word' id='word_1_508' title='bbox 1188 1756 1302 1789; x_wconf 83' lang='grc' dir='ltr'>θάνατος</span> <span class='ocrx_word' id='word_1_509' title='bbox 1313 1758 1368 1794; x_wconf 71' lang='grc'>(92)</span> <span class='ocrx_word' id='word_1_510' title='bbox 1382 1756 1416 1795; x_wconf 84' lang='grc' dir='ltr'>ἦν</span> <span class='ocrx_word' id='word_1_511' title='bbox 1428 1760 1458 1786; x_wconf 83' lang='grc' dir='ltr'>τὸ</span> <span class='ocrx_word' id='word_1_512' title='bbox 1479 1760 1628 1796; x_wconf 77' lang='grc' dir='ltr'>ἐπιτίμιον.</span> <span class='ocrx_word' id='word_1_513' title='bbox 1645 1762 1737 1790; x_wconf 85' lang='grc' dir='ltr'>Τοῦτο</span> <span class='ocrx_word' id='word_1_514' title='bbox 1756 1764 1787 1791; x_wconf 83' lang='grc' dir='ltr'><strong>δὲ</strong></span> <span class='ocrx_word' id='word_1_515' title='bbox 1807 1766 1850 1801; x_wconf 83' lang='grc' dir='ltr'>μά-</span> 
     </span>
    </p>
   </div>
   <div class='ocr_carea' id='block_1_67' title="bbox 214 1797 961 1844">
    <p class='ocr_par' dir='ltr' id='par_1_67' title="bbox 214 1797 958 1834">
     <span class='ocr_line' id='line_1_67' title="bbox 214 1797 958 1834; baseline 0.001 -9"><span class='ocrx_word' id='word_1_516' title='bbox 214 1807 275 1834; x_wconf 71' lang='lat' dir='ltr'><strong>quae</strong></span> <span class='ocrx_word' id='word_1_517' title='bbox 287 1802 449 1833; x_wconf 88' lang='lat' dir='ltr'><strong>acceperant</strong></span> <span class='ocrx_word' id='word_1_518' title='bbox 464 1797 626 1831; x_wconf 82' lang='lat' dir='ltr'><strong>servabant;</strong></span> <span class='ocrx_word' id='word_1_519' title='bbox 642 1797 665 1824; x_wconf 91' lang='lat' dir='ltr'><strong>si</strong></span> <span class='ocrx_word' id='word_1_520' title='bbox 680 1797 743 1832; x_wconf 91' lang='lat' dir='ltr'><strong>quis</strong></span> <span class='ocrx_word' id='word_1_521' title='bbox 756 1802 848 1825; x_wconf 89' lang='lat' dir='ltr'><strong>autem</strong></span> <span class='ocrx_word' id='word_1_522' title='bbox 861 1798 932 1825; x_wconf 89' lang='lat' dir='ltr'><strong>ultra</strong></span> <span class='ocrx_word' id='word_1_523' title='bbox 946 1807 958 1826; x_wconf 89' lang='lat' dir='ltr'><strong>s</strong></span> 
     </span>
    </p>
   </div>
   <div class='ocr_carea' id='block_1_68' title="bbox 1102 1797 1849 1844">
    <p class='ocr_par' dir='ltr' id='par_1_68' title="bbox 1102 1797 1849 1844">
     <span class='ocr_line' id='line_1_68' title="bbox 1102 1797 1849 1844; baseline 0.013 -16"><span class='ocrx_word' id='word_1_524' title='bbox 1102 1812 1129 1829; x_wconf 68' lang='grc' dir='ltr'><strong>ια</strong></span> <span class='ocrx_word' id='word_1_525' title='bbox 1140 1803 1251 1835; x_wconf 77' lang='grc' dir='ltr'>διέδειξε</span> <span class='ocrx_word' id='word_1_526' title='bbox 1266 1805 1313 1830; x_wconf 82' lang='grc' dir='ltr'>καὶ</span> <span class='ocrx_word' id='word_1_527' title='bbox 1327 1805 1342 1840; x_wconf 91' lang='grc' dir='ltr'><strong>ή</strong></span> <span class='ocrx_word' id='word_1_528' title='bbox 1361 1805 1432 1832; x_wconf 84' lang='grc' dir='ltr'>κατὰ</span> <span class='ocrx_word' id='word_1_529' title='bbox 1445 1806 1490 1832; x_wconf 82' lang='grc' dir='ltr'>τὸν</span> <span class='ocrx_word' id='word_1_530' title='bbox 1503 1807 1589 1833; x_wconf 79' lang='grc' dir='ltr'>Σαοὺλ</span> <span class='ocrx_word' id='word_1_531' title='bbox 1599 1809 1684 1844; x_wconf 86' lang='grc' dir='ltr'>πεῖρα</span> <span class='ocrx_word' id='word_1_532' title='bbox 1695 1818 1703 1824; x_wconf 79' lang='grc'><strong><em>⁸</em></strong></span> <span class='ocrx_word' id='word_1_533' title='bbox 1722 1810 1754 1842; x_wconf 77' lang='grc' dir='ltr'>ὃς</span> <span class='ocrx_word' id='word_1_534' title='bbox 1768 1797 1849 1838; x_wconf 65' lang='grc' dir='ltr'>θῦσαι</span> 
     </span>
    </p>
   </div>
   <div class='ocr_carea' id='block_1_69' title="bbox 215 1843 962 1894">
    <p class='ocr_par' dir='ltr' id='par_1_69' title="bbox 215 1843 962 1880">
     <span class='ocr_line' id='line_1_69' title="bbox 215 1843 962 1880; baseline 0.003 -9"><span class='ocrx_word' id='word_1_535' title='bbox 215 1844 345 1871; x_wconf 92' lang='lat' dir='ltr'><strong>traditum</strong></span> <span class='ocrx_word' id='word_1_536' title='bbox 360 1844 480 1871; x_wconf 80' lang='lat' dir='ltr'><strong>ofﬁcium</strong></span> <span class='ocrx_word' id='word_1_537' title='bbox 493 1843 621 1880; x_wconf 86' lang='lat' dir='ltr'><strong>progredi</strong></span> <span class='ocrx_word' id='word_1_538' title='bbox 636 1843 791 1876; x_wconf 86' lang='lat' dir='ltr'><strong>nitebatur,</strong></span> <span class='ocrx_word' id='word_1_539' title='bbox 809 1848 896 1872; x_wconf 88' lang='lat' dir='ltr'><strong>morte</strong></span> <span class='ocrx_word' id='word_1_540' title='bbox 905 1845 962 1873; x_wconf 80' lang='lat' dir='ltr'><strong>luet</strong></span> 
     </span>
    </p>
   </div>
   <div class='ocr_carea' id='block_1_70' title="bbox 1100 1843 1847 1894">
    <p class='ocr_par' dir='ltr' id='par_1_70' title="bbox 1100 1843 1847 1894">
     <span class='ocr_line' id='line_1_70' title="bbox 1100 1843 1847 1894; baseline 0.012 -19"><span class='ocrx_word' id='word_1_541' title='bbox 1100 1849 1201 1884; x_wconf 79' lang='grc' dir='ltr'>ομικὼς</span> <span class='ocrx_word' id='word_1_542' title='bbox 1208 1850 1270 1885; x_wconf 82' lang='grc' dir='ltr'>δίχα</span> <span class='ocrx_word' id='word_1_543' title='bbox 1280 1850 1326 1877; x_wconf 91' lang='grc' dir='ltr'><strong>τοῦ</strong></span> <span class='ocrx_word' id='word_1_544' title='bbox 1337 1852 1476 1887; x_wconf 80' lang='grc' dir='ltr'>προφήτου</span> <span class='ocrx_word' id='word_1_545' title='bbox 1488 1853 1536 1879; x_wconf 81' lang='grc' dir='ltr'><strong>καὶ</strong></span> <span class='ocrx_word' id='word_1_546' title='bbox 1544 1843 1698 1890; x_wconf 78' lang='grc' dir='ltr'>ἀρχιερέως</span> <span class='ocrx_word' id='word_1_547' title='bbox 1705 1856 1847 1894; x_wconf 77' lang='grc' dir='ltr'>Σαμουὴλ,</span> 
     </span>
    </p>
   </div>
   <div class='ocr_carea' id='block_1_71' title="bbox 214 1890 961 1936">
    <p class='ocr_par' dir='ltr' id='par_1_71' title="bbox 214 1890 960 1927">
     <span class='ocr_line' id='line_1_71' title="bbox 214 1890 960 1927; baseline 0.001 -9"><span class='ocrx_word' id='word_1_548' title='bbox 214 1891 350 1926; x_wconf 67' lang='lat' dir='ltr'><strong>poenas&quot;.</strong></span> <span class='ocrx_word' id='word_1_549' title='bbox 364 1890 419 1918; x_wconf 80' lang='lat' dir='ltr'><strong>[loc</strong></span> <span class='ocrx_word' id='word_1_550' title='bbox 434 1898 498 1918; x_wconf 87' lang='lat' dir='ltr'><strong>vero</strong></span> <span class='ocrx_word' id='word_1_551' title='bbox 510 1890 646 1926; x_wconf 54' lang='lat' dir='ltr'><strong>praecipue</strong></span> <span class='ocrx_word' id='word_1_552' title='bbox 661 1890 858 1919; x_wconf 89' lang='lat' dir='ltr'><strong>demonstravit</strong></span> <span class='ocrx_word' id='word_1_553' title='bbox 871 1891 909 1924; x_wconf 87' lang='lat' dir='ltr'><strong>id,</strong></span> <span class='ocrx_word' id='word_1_554' title='bbox 925 1900 960 1927; x_wconf 92' lang='lat' dir='ltr'><strong>qu</strong></span> 
     </span>
    </p>
   </div>
   <div class='ocr_carea' id='block_1_72' title="bbox 1099 1890 1846 1936">
    <p class='ocr_par' dir='ltr' id='par_1_72' title="bbox 1099 1890 1846 1936">
     <span class='ocr_line' id='line_1_72' title="bbox 1099 1890 1846 1936; baseline 0.013 -16"><span class='ocrx_word' id='word_1_555' title='bbox 1099 1903 1167 1922; x_wconf 75' lang='grc' dir='ltr'>ςασεν</span> <span class='ocrx_word' id='word_1_556' title='bbox 1190 1896 1231 1927; x_wconf 82' lang='grc' dir='ltr'><strong>είς</strong></span> <span class='ocrx_word' id='word_1_557' title='bbox 1255 1896 1351 1923; x_wconf 81' lang='grc' dir='ltr'>ἑαυτὸν</span> <span class='ocrx_word' id='word_1_558' title='bbox 1373 1897 1511 1933; x_wconf 80' lang='grc' dir='ltr'>ἁμαρτίαν</span> <span class='ocrx_word' id='word_1_559' title='bbox 1535 1900 1582 1926; x_wconf 77' lang='grc' dir='ltr'>καὶ</span> <span class='ocrx_word' id='word_1_560' title='bbox 1596 1900 1725 1936; x_wconf 84' lang='grc' dir='ltr'>κατάραν</span> 
     </span>
    </p>
   </div>
   <div class='ocr_carea' id='block_1_73' title="bbox 215 1937 962 1983">
    <p class='ocr_par' dir='ltr' id='par_1_73' title="bbox 215 1937 962 1973">
     <span class='ocr_line' id='line_1_73' title="bbox 215 1937 962 1973; baseline 0.003 -9"><span class='ocrx_word' id='word_1_561' title='bbox 215 1937 289 1964; x_wconf 88' lang='lat' dir='ltr'><strong>Sauli</strong></span> <span class='ocrx_word' id='word_1_562' title='bbox 302 1937 418 1972; x_wconf 86' lang='lat' dir='ltr'><strong>contigit</strong></span> <span class='ocrx_word' id='word_1_563' title='bbox 430 1946 437 1971; x_wconf 90' lang='lat'><strong>;</strong></span> <span class='ocrx_word' id='word_1_564' title='bbox 453 1937 500 1972; x_wconf 90' lang='lat' dir='ltr'><strong>qui</strong></span> <span class='ocrx_word' id='word_1_565' title='bbox 516 1945 578 1964; x_wconf 92' lang='lat' dir='ltr'><strong>cum</strong></span> <span class='ocrx_word' id='word_1_566' title='bbox 589 1937 775 1965; x_wconf 81' lang='lat' dir='ltr'><strong>existimasset</strong></span> <span class='ocrx_word' id='word_1_567' title='bbox 783 1945 813 1965; x_wconf 90' lang='lat' dir='ltr'><strong>sc</strong></span> <span class='ocrx_word' id='word_1_568' title='bbox 824 1937 926 1973; x_wconf 85' lang='lat' dir='ltr'><strong>absque</strong></span> <span class='ocrx_word' id='word_1_569' title='bbox 935 1946 962 1973; x_wconf 85' lang='lat' dir='ltr'><strong>pl</strong></span> 
     </span>
    </p>
   </div>
   <div class='ocr_carea' id='block_1_74' title="bbox 1097 1937 1844 1983">
    <p class='ocr_par' dir='ltr' id='par_1_74' title="bbox 1100 1942 1844 1983">
     <span class='ocr_line' id='line_1_74' title="bbox 1100 1942 1844 1983; baseline 0.012 -16"><span class='ocrx_word' id='word_1_570' title='bbox 1100 1949 1160 1967; x_wconf 89' lang='grc' dir='ltr'>τον·</span> <span class='ocrx_word' id='word_1_571' title='bbox 1174 1942 1222 1969; x_wconf 74' lang='grc' dir='ltr'>καὶ</span> <span class='ocrx_word' id='word_1_572' title='bbox 1233 1943 1293 1970; x_wconf 79' lang='grc' dir='ltr'><strong>οὐδὲ</strong></span> <span class='ocrx_word' id='word_1_573' title='bbox 1308 1944 1339 1970; x_wconf 84' lang='grc' dir='ltr'><strong>τὺ</strong></span> <span class='ocrx_word' id='word_1_574' title='bbox 1353 1945 1498 1980; x_wconf 75' lang='grc' dir='ltr'>κεχρῖσθαι</span> <span class='ocrx_word' id='word_1_575' title='bbox 1513 1946 1558 1972; x_wconf 79' lang='grc' dir='ltr'><strong>ὑπ’</strong></span> <span class='ocrx_word' id='word_1_576' title='bbox 1567 1946 1651 1973; x_wconf 82' lang='grc' dir='ltr'>αὑτοῦ</span> <span class='ocrx_word' id='word_1_577' title='bbox 1661 1949 1706 1979; x_wconf 81' lang='grc' dir='ltr'>εἰς</span> <span class='ocrx_word' id='word_1_578' title='bbox 1720 1947 1844 1983; x_wconf 79' lang='grc' dir='ltr'>βασιλέα,</span> 
     </span>
    </p>
   </div>
   <div class='ocr_carea' id='block_1_75' title="bbox 216 1981 963 2031">
    <p class='ocr_par' dir='ltr' id='par_1_75' title="bbox 216 1981 946 2020">
     <span class='ocr_line' id='line_1_75' title="bbox 216 1981 946 2020; baseline 0.007 -12"><span class='ocrx_word' id='word_1_579' title='bbox 216 1983 296 2018; x_wconf 85' lang='lat' dir='ltr'><strong>pheta</strong></span> <span class='ocrx_word' id='word_1_580' title='bbox 323 1986 350 2009; x_wconf 89' lang='lat' dir='ltr'><strong>et</strong></span> <span class='ocrx_word' id='word_1_581' title='bbox 373 1982 502 2017; x_wconf 87' lang='lat' dir='ltr'><strong>pontiliee</strong></span> <span class='ocrx_word' id='word_1_582' title='bbox 525 1981 651 2011; x_wconf 83' lang='lat' dir='ltr'><strong>Samuele</strong></span> <span class='ocrx_word' id='word_1_583' title='bbox 677 1984 833 2012; x_wconf 87' lang='lat' dir='ltr'><strong>sacriﬁcare</strong></span> <span class='ocrx_word' id='word_1_584' title='bbox 855 1993 946 2020; x_wconf 89' lang='lat' dir='ltr'><strong>posse,</strong></span> 
     </span>
    </p>
   </div>
   <div class='ocr_carea' id='block_1_76' title="bbox 1096 1981 1843 2031">
    <p class='ocr_par' dir='ltr' id='par_1_76' title="bbox 1097 1981 1843 2031">
     <span class='ocr_line' id='line_1_76' title="bbox 1097 1981 1843 2031; baseline 0.012 -17"><span class='ocrx_word' id='word_1_585' title='bbox 1097 1987 1207 2024; x_wconf 81' lang='grc' dir='ltr'>σώπησε</span> <span class='ocrx_word' id='word_1_586' title='bbox 1214 1988 1258 2015; x_wconf 85' lang='grc' dir='ltr'>τὸν</span> <span class='ocrx_word' id='word_1_587' title='bbox 1269 1990 1422 2026; x_wconf 83' lang='grc' dir='ltr'>προφήτην.</span> <span class='ocrx_word' id='word_1_588' title='bbox 1433 1991 1628 2028; x_wconf 80' lang='grc' dir='ltr'>Ἐνεργεστέρᾳ</span> <span class='ocrx_word' id='word_1_589' title='bbox 1636 1993 1659 2008; x_wconf 86' lang='grc'><em>³⁰</em></span> <span class='ocrx_word' id='word_1_590' title='bbox 1666 1994 1697 2020; x_wconf 81' lang='grc' dir='ltr'><strong>δὲ</strong></span> <span class='ocrx_word' id='word_1_591' title='bbox 1748 1981 1843 2031; x_wconf 68' lang='grc' dir='ltr'>πράξει</span> 
     </span>
    </p>
   </div>
   <div class='ocr_carea' id='block_1_77' title="bbox 215 2028 962 2077">
    <p class='ocr_par' dir='ltr' id='par_1_77' title="bbox 215 2028 962 2066">
     <span class='ocr_line' id='line_1_77' title="bbox 215 2028 962 2066; baseline 0.005 -11"><span class='ocrx_word' id='word_1_592' title='bbox 215 2035 245 2055; x_wconf 88' lang='lat' dir='ltr'><strong>se</strong></span> <span class='ocrx_word' id='word_1_593' title='bbox 259 2033 399 2063; x_wconf 88' lang='lat' dir='ltr'><strong>peccatum</strong></span> <span class='ocrx_word' id='word_1_594' title='bbox 416 2033 443 2055; x_wconf 87' lang='lat' dir='ltr'><strong>et</strong></span> <span class='ocrx_word' id='word_1_595' title='bbox 460 2028 632 2055; x_wconf 88' lang='lat' dir='ltr'><strong>maledictum</strong></span> <span class='ocrx_word' id='word_1_596' title='bbox 657 2037 796 2065; x_wconf 87' lang='lat' dir='ltr'><strong>nunquam</strong></span> <span class='ocrx_word' id='word_1_597' title='bbox 820 2031 962 2066; x_wconf 86' lang='lat' dir='ltr'><strong>abjiciendl</strong></span> 
     </span>
    </p>
   </div>
   <div class='ocr_carea' id='block_1_78' title="bbox 1094 2028 1841 2077">
    <p class='ocr_par' dir='ltr' id='par_1_78' title="bbox 1094 2028 1841 2077">
     <span class='ocr_line' id='line_1_78' title="bbox 1094 2028 1841 2077; baseline 0.012 -18"><span class='ocrx_word' id='word_1_598' title='bbox 1094 2033 1172 2067; x_wconf 78' lang='grc' dir='ltr'>ῑειξεν</span> <span class='ocrx_word' id='word_1_599' title='bbox 1189 2035 1203 2061; x_wconf 86' lang='grc' dir='ltr'>ὁ</span> <span class='ocrx_word' id='word_1_600' title='bbox 1216 2035 1283 2067; x_wconf 81' lang='grc' dir='ltr'>Θεὸς</span> <span class='ocrx_word' id='word_1_601' title='bbox 1297 2036 1326 2063; x_wconf 79' lang='grc' dir='ltr'>ὲν</span> <span class='ocrx_word' id='word_1_602' title='bbox 1341 2037 1398 2069; x_wconf 83' lang='grc' dir='ltr'>τοῖς</span> <span class='ocrx_word' id='word_1_603' title='bbox 1411 2037 1482 2064; x_wconf 79' lang='grc' dir='ltr'>κατὰ</span> <span class='ocrx_word' id='word_1_604' title='bbox 1495 2037 1541 2064; x_wconf 81' lang='grc' dir='ltr'><strong>τὸν</strong></span> <span class='ocrx_word' id='word_1_605' title='bbox 1563 2038 1608 2070; x_wconf 82' lang='grc' dir='ltr'><strong>’οζ</strong></span> <span class='ocrx_word' id='word_1_606' title='bbox 1611 2039 1665 2072; x_wconf 84' lang='grc' dir='ltr'>ίαν,</span> <span class='ocrx_word' id='word_1_607' title='bbox 1683 2028 1740 2067; x_wconf 57' lang='grc' dir='ltr'>οὐκ</span> <span class='ocrx_word' id='word_1_608' title='bbox 1755 2028 1786 2068; x_wconf 75' lang='grc' dir='ltr'>ἐν</span> <span class='ocrx_word' id='word_1_609' title='bbox 1799 2028 1841 2077; x_wconf 78' lang='grc' dir='ltr'>με·</span> 
     </span>
    </p>
   </div>
   <div class='ocr_carea' id='block_1_79' title="bbox 216 2073 963 2121">
    <p class='ocr_par' dir='ltr' id='par_1_79' title="bbox 216 2073 952 2111">
     <span class='ocr_line' id='line_1_79' title="bbox 216 2073 952 2111; baseline 0.007 -12"><span class='ocrx_word' id='word_1_610' title='bbox 216 2073 344 2106; x_wconf 84' lang='lat' dir='ltr'><strong>attraxit;</strong></span> <span class='ocrx_word' id='word_1_611' title='bbox 359 2081 446 2108; x_wconf 87' lang='lat' dir='ltr'><strong>neque</strong></span> <span class='ocrx_word' id='word_1_612' title='bbox 462 2073 623 2108; x_wconf 88' lang='lat' dir='ltr'><strong>prophetam</strong></span> <span class='ocrx_word' id='word_1_613' title='bbox 641 2074 726 2102; x_wconf 87' lang='lat' dir='ltr'><strong>movit</strong></span> <span class='ocrx_word' id='word_1_614' title='bbox 741 2082 774 2102; x_wconf 89' lang='lat' dir='ltr'><strong>ac</strong></span> <span class='ocrx_word' id='word_1_615' title='bbox 784 2075 867 2107; x_wconf 84' lang='lat' dir='ltr'><strong>ﬂexit,</strong></span> <span class='ocrx_word' id='word_1_616' title='bbox 880 2076 952 2111; x_wconf 87' lang='lat' dir='ltr'><strong>quod</strong></span> 
     </span>
    </p>
   </div>
   <div class='ocr_carea' id='block_1_80' title="bbox 1093 2073 1840 2121">
    <p class='ocr_par' dir='ltr' id='par_1_80' title="bbox 1093 2073 1840 2121">
     <span class='ocr_line' id='line_1_80' title="bbox 1093 2073 1840 2121; baseline 0.011 -14"><span class='ocrx_word' id='word_1_617' title='bbox 1093 2081 1134 2116; x_wconf 87' lang='grc' dir='ltr'>μῷ</span> <span class='ocrx_word' id='word_1_618' title='bbox 1148 2080 1226 2114; x_wconf 83' lang='grc' dir='ltr'>³¹τὰς</span> <span class='ocrx_word' id='word_1_619' title='bbox 1236 2082 1284 2110; x_wconf 75' lang='grc' dir='ltr'>ἐπὶ</span> <span class='ocrx_word' id='word_1_620' title='bbox 1293 2083 1325 2118; x_wconf 83' lang='grc' dir='ltr'><strong>τῇ</strong></span> <span class='ocrx_word' id='word_1_621' title='bbox 1341 2084 1498 2120; x_wconf 70' lang='grc' dir='ltr'>παρανομίᾳ</span> <span class='ocrx_word' id='word_1_622' title='bbox 1519 2085 1743 2121; x_wconf 74' lang='grc' dir='ltr'>εἰσπράξαμενος</span> <span class='ocrx_word' id='word_1_623' title='bbox 1756 2073 1840 2120; x_wconf 41' lang='grc' dir='ltr'>δίκξ·</span> 
     </span>
    </p>
   </div>
   <div class='ocr_carea' id='block_1_81' title="bbox 216 2118 963 2167">
    <p class='ocr_par' dir='ltr' id='par_1_81' title="bbox 216 2118 961 2154">
     <span class='ocr_line' id='line_1_81' title="bbox 216 2118 961 2154; baseline 0.007 -9"><span class='ocrx_word' id='word_1_624' title='bbox 216 2119 276 2153; x_wconf 82' lang='lat' dir='ltr'><strong>ipso</strong></span> <span class='ocrx_word' id='word_1_625' title='bbox 290 2118 355 2146; x_wconf 88' lang='lat' dir='ltr'><strong>Saul</strong></span> <span class='ocrx_word' id='word_1_626' title='bbox 367 2119 393 2146; x_wconf 94' lang='lat' dir='ltr'><strong>in</strong></span> <span class='ocrx_word' id='word_1_627' title='bbox 408 2127 498 2154; x_wconf 80' lang='lat' dir='ltr'><strong>regem</strong></span> <span class='ocrx_word' id='word_1_628' title='bbox 515 2124 613 2146; x_wconf 88' lang='lat' dir='ltr'><strong>unctus</strong></span> <span class='ocrx_word' id='word_1_629' title='bbox 627 2120 723 2148; x_wconf 83' lang='lat' dir='ltr'><strong>fuisset</strong></span> <span class='ocrx_word' id='word_1_630' title='bbox 734 2121 767 2148; x_wconf 79' lang='grc'><strong>’⁸.</strong></span> <span class='ocrx_word' id='word_1_631' title='bbox 783 2121 840 2149; x_wconf 86' lang='lat' dir='ltr'><strong>Hoc</strong></span> <span class='ocrx_word' id='word_1_632' title='bbox 851 2123 932 2150; x_wconf 87' lang='lat' dir='ltr'><strong>etiam</strong></span> <span class='ocrx_word' id='word_1_633' title='bbox 946 2131 961 2150; x_wconf 91' lang='lat' dir='ltr'><strong>e</strong></span> 
     </span>
    </p>
   </div>
   <div class='ocr_carea' id='block_1_82' title="bbox 1093 2118 1840 2167">
    <p class='ocr_par' dir='ltr' id='par_1_82' title="bbox 1093 2118 1840 2167">
     <span class='ocr_line' id='line_1_82' title="bbox 1093 2118 1840 2167; baseline 0.011 -15"><span class='ocrx_word' id='word_1_634' title='bbox 1093 2146 1094 2151; x_wconf 56' lang='grc' dir='ltr'><strong>η</strong></span> <span class='ocrx_word' id='word_1_635' title='bbox 1107 2118 1387 2164; x_wconf 74' lang='grc' dir='ltr'>ὁτῆςάρχιερωσύνης</span> <span class='ocrx_word' id='word_1_636' title='bbox 1399 2118 1576 2165; x_wconf 75' lang='grc' dir='ltr'>καταμανεὶς,</span> <span class='ocrx_word' id='word_1_637' title='bbox 1586 2118 1633 2158; x_wconf 74' lang='grc' dir='ltr'><strong>καὶ</strong></span> <span class='ocrx_word' id='word_1_638' title='bbox 1643 2118 1840 2167; x_wconf 53' lang='grc' dir='ltr'>έῆςβασιλείας</span> 
     </span>
    </p>
   </div>
   <div class='ocr_carea' id='block_1_83' title="bbox 216 2164 963 2213">
    <p class='ocr_par' dir='ltr' id='par_1_83' title="bbox 216 2164 963 2205">
     <span class='ocr_line' id='line_1_83' title="bbox 216 2164 963 2205; baseline 0.004 -14"><span class='ocrx_word' id='word_1_639' title='bbox 216 2164 334 2192; x_wconf 90' lang='lat' dir='ltr'><strong>dentiori</strong></span> <span class='ocrx_word' id='word_1_640' title='bbox 357 2166 516 2200; x_wconf 87' lang='lat' dir='ltr'><strong>operatione</strong></span> <span class='ocrx_word' id='word_1_641' title='bbox 529 2166 724 2194; x_wconf 84' lang='lat' dir='ltr'><strong>demonstravit</strong></span> <span class='ocrx_word' id='word_1_642' title='bbox 745 2167 816 2195; x_wconf 88' lang='lat' dir='ltr'><strong>Deus</strong></span> <span class='ocrx_word' id='word_1_643' title='bbox 834 2176 881 2203; x_wconf 90' lang='lat' dir='ltr'><strong>per</strong></span> <span class='ocrx_word' id='word_1_644' title='bbox 896 2177 927 2197; x_wconf 92' lang='lat' dir='ltr'><strong>ea</strong></span> <span class='ocrx_word' id='word_1_645' title='bbox 941 2177 963 2205; x_wconf 63' lang='lat' dir='ltr'><strong>q:</strong></span> 
     </span>
    </p>
   </div>
   <div class='ocr_carea' id='block_1_84' title="bbox 1090 2164 1837 2213">
    <p class='ocr_par' dir='ltr' id='par_1_84' title="bbox 1090 2164 1837 2213">
     <span class='ocr_line' id='line_1_84' title="bbox 1090 2164 1837 2213; baseline 0.009 -14"><span class='ocrx_word' id='word_1_646' title='bbox 1090 2173 1185 2209; x_wconf 61' lang='grc' dir='ltr'>λότριος</span> <span class='ocrx_word' id='word_1_647' title='bbox 1195 2174 1324 2210; x_wconf 82' lang='grc' dir='ltr'>κατέστη.</span> <span class='ocrx_word' id='word_1_648' title='bbox 1334 2175 1375 2202; x_wconf 90' lang='grc' dir='ltr'><strong>Τὰ</strong></span> <span class='ocrx_word' id='word_1_649' title='bbox 1383 2175 1411 2202; x_wconf 82' lang='grc' dir='ltr'><strong>δὲ</strong></span> <span class='ocrx_word' id='word_1_650' title='bbox 1424 2176 1466 2211; x_wconf 79' lang='grc' dir='ltr'><strong>ἐφ’</strong></span> <span class='ocrx_word' id='word_1_651' title='bbox 1473 2164 1554 2213; x_wconf 83' lang='grc' dir='ltr'>ήμῶν</span> <span class='ocrx_word' id='word_1_652' title='bbox 1567 2177 1632 2208; x_wconf 76' lang='grc' dir='ltr'>ἴσως</span> <span class='ocrx_word' id='word_1_653' title='bbox 1641 2164 1695 2204; x_wconf 74' lang='grc' dir='ltr'>οὐκ</span> 
     </span>
    </p>
   </div>
   <div class='ocr_carea' id='block_1_85' title="bbox 214 2207 961 2262">
    <p class='ocr_par' dir='ltr' id='par_1_85' title="bbox 214 2207 961 2246">
     <span class='ocr_line' id='line_1_85' title="bbox 214 2207 961 2246; baseline 0.008 -10"><span class='ocrx_word' id='word_1_654' title='bbox 214 2207 288 2236; x_wconf 75' lang='lat' dir='ltr'><strong>Oziae</strong></span> <span class='ocrx_word' id='word_1_655' title='bbox 313 2209 482 2241; x_wconf 86' lang='lat' dir='ltr'><strong>acciderunt,</strong></span> <span class='ocrx_word' id='word_1_656' title='bbox 505 2209 539 2237; x_wconf 87' lang='lat' dir='ltr'><strong>de</strong></span> <span class='ocrx_word' id='word_1_657' title='bbox 563 2210 642 2244; x_wconf 88' lang='lat' dir='ltr'><strong>cujus</strong></span> <span class='ocrx_word' id='word_1_658' title='bbox 667 2212 891 2246; x_wconf 65' lang='lat' dir='ltr'><strong>prmvarieatione</strong></span> <span class='ocrx_word' id='word_1_659' title='bbox 912 2222 961 2242; x_wconf 81' lang='lat' dir='ltr'><strong>exe</strong></span> 
     </span>
    </p>
   </div>
   <div class='ocr_carea' id='block_1_86' title="bbox 1091 2207 1838 2262">
    <p class='ocr_par' dir='ltr' id='par_1_86' title="bbox 1091 2207 1838 2262">
     <span class='ocr_line' id='line_1_86' title="bbox 1091 2207 1838 2262; baseline 0.011 -17"><span class='ocrx_word' id='word_1_660' title='bbox 1091 2207 1133 2245; x_wconf 20' lang='grc' dir='ltr'><strong>τεν</strong></span> <span class='ocrx_word' id='word_1_661' title='bbox 1148 2219 1203 2256; x_wconf 84' lang='grc' dir='ltr'>γὰρ</span> <span class='ocrx_word' id='word_1_662' title='bbox 1227 2207 1336 2253; x_wconf 78' lang='grc' dir='ltr'>πάντως</span> <span class='ocrx_word' id='word_1_663' title='bbox 1356 2207 1523 2254; x_wconf 68' lang='grc' dir='ltr'>ἐπισκόπους</span> <span class='ocrx_word' id='word_1_664' title='bbox 1545 2223 1610 2258; x_wconf 78' lang='grc' dir='ltr'>παρ’</span> <span class='ocrx_word' id='word_1_665' title='bbox 1623 2207 1719 2259; x_wconf 18' lang='grc' dir='ltr'>γήμῶν</span> <span class='ocrx_word' id='word_1_666' title='bbox 1732 2207 1838 2262; x_wconf 53' lang='grc' dir='ltr'>’ὀνομα-</span> 
     </span>
    </p>
   </div>
   <div class='ocr_carea' id='block_1_87' title="bbox 215 2253 962 2308">
    <p class='ocr_par' dir='ltr' id='par_1_87' title="bbox 215 2253 947 2293">
     <span class='ocr_line' id='line_1_87' title="bbox 215 2253 947 2293; baseline 0.008 -13"><span class='ocrx_word' id='word_1_667' title='bbox 215 2261 310 2288; x_wconf 75' lang='lat' dir='ltr'><strong>pmnas</strong></span> <span class='ocrx_word' id='word_1_668' title='bbox 327 2253 431 2289; x_wconf 84' lang='lat' dir='ltr'><strong>absque</strong></span> <span class='ocrx_word' id='word_1_669' title='bbox 446 2262 538 2289; x_wconf 87' lang='lat' dir='ltr'><strong>mora;</strong></span> <span class='ocrx_word' id='word_1_670' title='bbox 552 2260 578 2283; x_wconf 88' lang='lat' dir='ltr'><strong>et</strong></span> <span class='ocrx_word' id='word_1_671' title='bbox 591 2256 638 2291; x_wconf 92' lang='lat' dir='ltr'><strong>qui</strong></span> <span class='ocrx_word' id='word_1_672' title='bbox 651 2260 746 2284; x_wconf 87' lang='lat' dir='ltr'><strong>contra</strong></span> <span class='ocrx_word' id='word_1_673' title='bbox 759 2258 947 2293; x_wconf 87' lang='lat' dir='ltr'><strong>pontiﬁcatum</strong></span> 
     </span>
    </p>
   </div>
   <div class='ocr_carea' id='block_1_88' title="bbox 1090 2253 1837 2308">
    <p class='ocr_par' dir='ltr' id='par_1_88' title="bbox 1090 2253 1837 2308">
     <span class='ocr_line' id='line_1_88' title="bbox 1090 2253 1837 2308; baseline 0.008 -16"><span class='ocrx_word' id='word_1_674' title='bbox 1090 2253 1170 2298; x_wconf 72' lang='grc' dir='ltr'>ἕντας,</span> <span class='ocrx_word' id='word_1_675' title='bbox 1186 2253 1233 2293; x_wconf 79' lang='grc' dir='ltr'>καὶ</span> <span class='ocrx_word' id='word_1_676' title='bbox 1247 2267 1458 2304; x_wconf 78' lang='grc' dir='ltr'>πρεσϐυτέρους,</span> <span class='ocrx_word' id='word_1_677' title='bbox 1540 2253 1694 2304; x_wconf 61' lang='grc' dir='ltr'>διακόνοϊις,</span> <span class='ocrx_word' id='word_1_678' title='bbox 1710 2271 1781 2308; x_wconf 77' lang='grc' dir='ltr'>εὐχῇ</span> <span class='ocrx_word' id='word_1_679' title='bbox 1792 2253 1837 2298; x_wconf 55' lang='grc' dir='ltr'>καὶ</span> 
     </span>
    </p>
   </div>
   <div class='ocr_carea' id='block_1_89' title="bbox 216 2299 963 2353">
    <p class='ocr_par' dir='ltr' id='par_1_89' title="bbox 216 2299 963 2340">
     <span class='ocr_line' id='line_1_89' title="bbox 216 2299 963 2340; baseline 0.008 -14"><span class='ocrx_word' id='word_1_680' title='bbox 216 2299 346 2334; x_wconf 86' lang='lat' dir='ltr'><strong>sanierat,</strong></span> <span class='ocrx_word' id='word_1_681' title='bbox 357 2308 442 2336; x_wconf 79' lang='lat' dir='ltr'><strong>regno</strong></span> <span class='ocrx_word' id='word_1_682' title='bbox 455 2309 565 2337; x_wconf 91' lang='lat' dir='ltr'><strong>quoque</strong></span> <span class='ocrx_word' id='word_1_683' title='bbox 578 2302 674 2338; x_wconf 88' lang='lat' dir='ltr'><strong>pulsus</strong></span> <span class='ocrx_word' id='word_1_684' title='bbox 690 2308 732 2331; x_wconf 88' lang='lat' dir='ltr'><strong>est</strong></span> <span class='ocrx_word' id='word_1_685' title='bbox 744 2304 777 2330; x_wconf 88' lang='lat'><strong>&quot;.</strong></span> <span class='ocrx_word' id='word_1_686' title='bbox 789 2304 922 2332; x_wconf 62' lang='lat' dir='ltr'><strong>Catterum</strong></span> <span class='ocrx_word' id='word_1_687' title='bbox 940 2313 963 2340; x_wconf 68' lang='lat' dir='ltr'><strong>qi</strong></span> 
     </span>
    </p>
   </div>
   <div class='ocr_carea' id='block_1_90' title="bbox 1088 2299 1835 2353">
    <p class='ocr_par' dir='ltr' id='par_1_90' title="bbox 1091 2299 1835 2353">
     <span class='ocr_line' id='line_1_90' title="bbox 1091 2299 1835 2353; baseline 0.008 -15"><span class='ocrx_word' id='word_1_688' title='bbox 1091 2312 1145 2348; x_wconf 84' lang='grc' dir='ltr'>ρῶν</span> <span class='ocrx_word' id='word_1_689' title='bbox 1159 2299 1289 2347; x_wconf 73' lang='grc' dir='ltr'>ἐπιθέσει,</span> <span class='ocrx_word' id='word_1_690' title='bbox 1305 2315 1338 2350; x_wconf 85' lang='grc' dir='ltr'><strong>τῇ</strong></span> <span class='ocrx_word' id='word_1_691' title='bbox 1361 2299 1476 2351; x_wconf 70' lang='grc' dir='ltr'>διαφορᾷ</span> <span class='ocrx_word' id='word_1_692' title='bbox 1488 2315 1543 2342; x_wconf 86' lang='grc' dir='ltr'>τῶν</span> <span class='ocrx_word' id='word_1_693' title='bbox 1557 2299 1701 2351; x_wconf 74' lang='grc' dir='ltr'>ὀνομάτων</span> <span class='ocrx_word' id='word_1_694' title='bbox 1718 2299 1835 2353; x_wconf 50' lang='grc' dir='ltr'>καῖ’(95)</span> 
     </span>
    </p>
   </div>
   <div class='ocr_carea' id='block_1_91' title="bbox 215 2346 962 2398">
    <p class='ocr_par' dir='ltr' id='par_1_91' title="bbox 215 2346 962 2385">
     <span class='ocr_line' id='line_1_91' title="bbox 215 2346 962 2385; baseline 0.008 -12"><span class='ocrx_word' id='word_1_695' title='bbox 215 2346 267 2374; x_wconf 92' lang='lat' dir='ltr'><strong>sub</strong></span> <span class='ocrx_word' id='word_1_696' title='bbox 284 2346 364 2375; x_wconf 88' lang='lat' dir='ltr'><strong>nobis</strong></span> <span class='ocrx_word' id='word_1_697' title='bbox 388 2351 449 2375; x_wconf 90' lang='lat' dir='ltr'><strong>acta</strong></span> <span class='ocrx_word' id='word_1_698' title='bbox 469 2348 535 2381; x_wconf 81' lang='lat' dir='ltr'><strong>sint,</strong></span> <span class='ocrx_word' id='word_1_699' title='bbox 551 2348 665 2377; x_wconf 78' lang='lat' dir='ltr'><strong>forsitan</strong></span> <span class='ocrx_word' id='word_1_700' title='bbox 681 2357 736 2376; x_wconf 90' lang='lat' dir='ltr'><strong>non</strong></span> <span class='ocrx_word' id='word_1_701' title='bbox 759 2350 962 2385; x_wconf 43' lang='lat' dir='ltr'><strong>ignoratis.‘Sci</strong></span> 
     </span>
    </p>
   </div>
   <div class='ocr_carea' id='block_1_92' title="bbox 1088 2346 1835 2398">
    <p class='ocr_par' dir='ltr' id='par_1_92' title="bbox 1088 2346 1835 2398">
     <span class='ocr_line' id='line_1_92' title="bbox 1088 2346 1835 2398; baseline 0.008 -14"><span class='ocrx_word' id='word_1_702' title='bbox 1088 2346 1095 2384; x_wconf 58' lang='grc' dir='ltr'><em>ὲ</em></span> <span class='ocrx_word' id='word_1_703' title='bbox 1113 2358 1243 2395; x_wconf 78' lang='grc' dir='ltr'>διαφορὰν</span> <span class='ocrx_word' id='word_1_704' title='bbox 1257 2346 1312 2386; x_wconf 75' lang='grc' dir='ltr'><strong>τῶν</strong></span> <span class='ocrx_word' id='word_1_705' title='bbox 1325 2346 1498 2396; x_wconf 67' lang='grc' dir='ltr'>πραγμάτων</span> <span class='ocrx_word' id='word_1_706' title='bbox 1517 2346 1701 2394; x_wconf 66' lang='grc' dir='ltr'>δεικνῦοντας.</span> <span class='ocrx_word' id='word_1_707' title='bbox 1728 2364 1768 2390; x_wconf 80' lang='grc' dir='ltr'><strong>Οὐ</strong></span> 
     </span>
    </p>
   </div>
   <div class='ocr_carea' id='block_1_93' title="bbox 214 2393 961 2445">
    <p class='ocr_par' dir='ltr' id='par_1_93' title="bbox 214 2393 961 2431">
     <span class='ocr_line' id='line_1_93' title="bbox 214 2393 961 2431; baseline 0.009 -12"><span class='ocrx_word' id='word_1_708' title='bbox 214 2393 287 2420; x_wconf 89' lang='lat' dir='ltr'><strong>enim</strong></span> <span class='ocrx_word' id='word_1_709' title='bbox 303 2394 415 2422; x_wconf 88' lang='lat' dir='ltr'><strong>omnino</strong></span> <span class='ocrx_word' id='word_1_710' title='bbox 436 2394 589 2431; x_wconf 87' lang='lat' dir='ltr'><strong>episcopos,</strong></span> <span class='ocrx_word' id='word_1_711' title='bbox 604 2395 777 2431; x_wconf 86' lang='lat' dir='ltr'><strong>presbyteros</strong></span> <span class='ocrx_word' id='word_1_712' title='bbox 797 2401 824 2425; x_wconf 91' lang='lat' dir='ltr'><strong>et</strong></span> <span class='ocrx_word' id='word_1_713' title='bbox 838 2397 961 2427; x_wconf 66' lang='lat' dir='ltr'><strong>diacono:</strong></span> 
     </span>
    </p>
   </div>
   <div class='ocr_carea' id='block_1_94' title="bbox 1086 2393 1833 2445">
    <p class='ocr_par' dir='ltr' id='par_1_94' title="bbox 1086 2393 1833 2445">
     <span class='ocr_line' id='line_1_94' title="bbox 1086 2393 1833 2445; baseline 0.008 -15"><span class='ocrx_word' id='word_1_714' title='bbox 1086 2393 1234 2440; x_wconf 66' lang='grc' dir='ltr'>ιουλόμενος</span> <span class='ocrx_word' id='word_1_715' title='bbox 1257 2407 1321 2442; x_wconf 85' lang='grc' dir='ltr'>παρ’</span> <span class='ocrx_word' id='word_1_716' title='bbox 1335 2393 1540 2443; x_wconf 28' lang='grc' dir='ltr'>ήμῐνῖὲπλήρου</span> <span class='ocrx_word' id='word_1_717' title='bbox 1560 2407 1610 2444; x_wconf 86' lang='grc' dir='ltr'>τὴν</span> <span class='ocrx_word' id='word_1_718' title='bbox 1629 2393 1723 2445; x_wconf 78' lang='grc' dir='ltr'>χεῖρα,</span> 
     </span>
    </p>
   </div>
   <div class='ocr_carea' id='block_1_95' title="bbox 238 2460 985 2507">
    <p class='ocr_par' dir='ltr' id='par_1_95' title="bbox 238 2460 967 2507">
     <span class='ocr_line' id='line_1_95' title="bbox 238 2460 967 2507; baseline 0.008 -19"><span class='ocrx_word' id='word_1_719' title='bbox 238 2461 258 2507; x_wconf 57' lang='grc' dir='ltr'>ξι</span> <span class='ocrx_word' id='word_1_720' title='bbox 273 2460 358 2507; x_wconf 48' lang='grc' dir='ltr'>μυηχὲ</span> <span class='ocrx_word' id='word_1_721' title='bbox 370 2470 441 2507; x_wconf 31' lang='grc' dir='ltr'>χγιζ</span> <span class='ocrx_word' id='word_1_722' title='bbox 457 2463 527 2507; x_wconf 49' lang='lat' dir='ltr'><strong>&quot;‘“ll</strong></span> <span class='ocrx_word' id='word_1_723' title='bbox 542 2463 719 2507; x_wconf 49' lang='lat' dir='ltr'><strong>Paral_.‘x§&#39;vt.</strong></span> <span class='ocrx_word' id='word_1_724' title='bbox 757 2465 780 2482; x_wconf 77' lang='lat'><strong><em>”</em></strong></span> <span class='ocrx_word' id='word_1_725' title='bbox 799 2466 818 2495; x_wconf 86' lang='lat' dir='ltr'><strong>l.</strong></span> <span class='ocrx_word' id='word_1_726' title='bbox 942 2476 967 2502; x_wconf 90' lang='lat' dir='ltr'><strong>v,</strong></span> 
     </span>
    </p>
   </div>
   <div class='ocr_carea' id='block_1_96' title="bbox 1081 2460 1828 2507">
    <p class='ocr_par' dir='ltr' id='par_1_96' title="bbox 1081 2471 1828 2507">
     <span class='ocr_line' id='line_1_96' title="bbox 1081 2471 1828 2507; baseline 0.007 -9"><span class='ocrx_word' id='word_1_727' title='bbox 1081 2471 1089 2488; x_wconf 60' lang='grc' dir='ltr'><strong>ι</strong></span> <span class='ocrx_word' id='word_1_728' title='bbox 1107 2472 1187 2500; x_wconf 87' lang='lat' dir='ltr'><strong>Num.</strong></span> <span class='ocrx_word' id='word_1_729' title='bbox 1202 2476 1292 2506; x_wconf 61' lang='lat'><strong>“1,8;</strong></span> <span class='ocrx_word' id='word_1_730' title='bbox 1322 2473 1407 2501; x_wconf 85' lang='lat' dir='ltr'><strong>Exod.</strong></span> <span class='ocrx_word' id='word_1_731' title='bbox 1420 2482 1519 2507; x_wconf 85' lang='lat' dir='ltr'><strong>xxxm,</strong></span> <span class='ocrx_word' id='word_1_732' title='bbox 1546 2475 1591 2507; x_wconf 71' lang='grc' dir='ltr'><strong>Η.</strong></span> <span class='ocrx_word' id='word_1_733' title='bbox 1622 2475 1668 2505; x_wconf 74' lang='grc'><strong>17.</strong></span> <span class='ocrx_word' id='word_1_734' title='bbox 1709 2477 1734 2493; x_wconf 78' lang='grc'><strong><em>³⁸</em></strong></span> <span class='ocrx_word' id='word_1_735' title='bbox 1753 2476 1828 2504; x_wconf 78' lang='lat' dir='ltr'><strong>Num.</strong></span> 
     </span>
    </p>
   </div>
   <div class='ocr_carea' id='block_1_97' title="bbox 207 2497 954 2561">
    <p class='ocr_par' dir='ltr' id='par_1_97' title="bbox 207 2497 954 2561">
     <span class='ocr_line' id='line_1_97' title="bbox 208 2497 954 2540; baseline 0.012 -18"><span class='ocrx_word' id='word_1_736' title='bbox 208 2503 256 2528; x_wconf 81' lang='grc' dir='ltr'>ιιι,</span> <span class='ocrx_word' id='word_1_737' title='bbox 272 2497 298 2537; x_wconf 89' lang='lat'><strong>8_.</strong></span> <span class='ocrx_word' id='word_1_738' title='bbox 376 2498 411 2525; x_wconf 84' lang='lat' dir='ltr'><strong>al.</strong></span> <span class='ocrx_word' id='word_1_739' title='bbox 427 2498 470 2525; x_wconf 88' lang='grc' dir='ltr'><strong>διὰ</strong></span> <span class='ocrx_word' id='word_1_740' title='bbox 485 2498 582 2538; x_wconf 63' lang='grc' dir='ltr'>ρήλων.</span> <span class='ocrx_word' id='word_1_741' title='bbox 619 2499 640 2516; x_wconf 82' lang='grc'><strong>’⁷</strong></span> <span class='ocrx_word' id='word_1_742' title='bbox 659 2499 738 2528; x_wconf 85' lang='lat' dir='ltr'><strong>Num.</strong></span> <span class='ocrx_word' id='word_1_743' title='bbox 753 2508 789 2529; x_wconf 82' lang='lat' dir='ltr'><strong>Iv.</strong></span> <span class='ocrx_word' id='word_1_744' title='bbox 829 2501 852 2517; x_wconf 77' lang='grc'><strong>⁸⁸</strong></span> <span class='ocrx_word' id='word_1_745' title='bbox 870 2501 954 2540; x_wconf 78' lang='lat' dir='ltr'><strong>lReg.</strong></span> 
     </span>
     <span class='ocr_line' id='line_1_98' title="bbox 207 2529 540 2561; baseline 0.012 -5"><span class='ocrx_word' id='word_1_746' title='bbox 207 2529 311 2561; x_wconf 80' lang='grc' dir='ltr'>λησμω.</span> <span class='ocrx_word' id='word_1_747' title='bbox 328 2531 373 2561; x_wconf 68' lang='grc' dir='ltr'>διε</span> <span class='ocrx_word' id='word_1_748' title='bbox 386 2533 447 2561; x_wconf 86' lang='lat' dir='ltr'><strong>cod.</strong></span> <span class='ocrx_word' id='word_1_749' title='bbox 459 2532 540 2561; x_wconf 79' lang='lat' dir='ltr'><strong>Vind.</strong></span> 
     </span>
    </p>
   </div>
   <div class='ocr_carea' id='block_1_98' title="bbox 1081 2497 1828 2561">
    <p class='ocr_par' dir='ltr' id='par_1_98' title="bbox 1084 2497 1828 2547">
     <span class='ocr_line' id='line_1_99' title="bbox 1084 2497 1828 2547; baseline 0.008 -13"><span class='ocrx_word' id='word_1_750' title='bbox 1084 2507 1094 2522; x_wconf 72' lang='grc' dir='ltr'><strong>ν</strong></span> <span class='ocrx_word' id='word_1_751' title='bbox 1105 2497 1126 2535; x_wconf 81' lang='lat' dir='ltr'><strong>il</strong></span> <span class='ocrx_word' id='word_1_752' title='bbox 1134 2497 1313 2539; x_wconf 47' lang='lat' dir='ltr'><strong>tilia—133:.</strong></span> <span class='ocrx_word' id='word_1_753' title='bbox 1322 2497 1635 2547; x_wconf 56' lang='grc' dir='ltr'><strong>“’ἱῑί“ί.“ἓίἇιρἢεᾶτῖρᾳῖ</strong></span> <span class='ocrx_word' id='word_1_754' title='bbox 1645 2497 1668 2505; x_wconf 89' lang='grc'><em>”</em></span> <span class='ocrx_word' id='word_1_755' title='bbox 1689 2512 1713 2527; x_wconf 74' lang='grc' dir='ltr'>ιι</span> <span class='ocrx_word' id='word_1_756' title='bbox 1735 2497 1828 2547; x_wconf 31' lang='lat' dir='ltr'><strong>(TE:</strong></span> 
     </span>
    </p>
   </div>
   <div class='ocr_carea' id='block_1_99' title="bbox 223 2539 540 2567">
    <p class='ocr_par' dir='ltr' id='par_1_99' title="bbox 223 2539 540 2567">
     <span class='ocr_line' id='line_1_100' title="bbox 223 2539 540 2567; baseline 0.009 -9"><span class='ocrx_word' id='word_1_757' title='bbox 223 2539 311 2567; x_wconf 87' lang='grc' dir='ltr'>ησμῳ.</span> <span class='ocrx_word' id='word_1_758' title='bbox 328 2539 373 2561; x_wconf 69' lang='grc' dir='ltr'>διε</span> <span class='ocrx_word' id='word_1_759' title='bbox 386 2539 447 2562; x_wconf 86' lang='lat' dir='ltr'><strong>cou.</strong></span> <span class='ocrx_word' id='word_1_760' title='bbox 463 2539 540 2561; x_wconf 79' lang='lat' dir='ltr'><strong>Vind.</strong></span> 
     </span>
    </p>
   </div>
   <div class='ocr_carea' id='block_1_100' title="bbox 853 2612 1171 2646">
    <p class='ocr_par' dir='ltr' id='par_1_100' title="bbox 853 2612 1171 2646">
     <span class='ocr_line' id='line_1_101' title="bbox 853 2612 1171 2646; baseline 0.016 -6"><span class='ocrx_word' id='word_1_761' title='bbox 853 2612 1031 2642; x_wconf 78' lang='lat' dir='ltr'><strong>VARIORUM</strong></span> <span class='ocrx_word' id='word_1_762' title='bbox 1056 2615 1171 2646; x_wconf 64' lang='lat' dir='ltr'><strong>NOTAE.</strong></span> 
     </span>
    </p>
   </div>
   <div class='ocr_carea' id='block_1_101' title="bbox 244 2675 991 2722">
    <p class='ocr_par' dir='ltr' id='par_1_101' title="bbox 244 2675 917 2722">
     <span class='ocr_line' id='line_1_102' title="bbox 244 2675 917 2722; baseline 0 0"><span class='ocrx_word' id='word_1_763' title='bbox 244 2675 298 2722; x_wconf 70' lang='lat' dir='ltr'><strong>l§§l</strong></span> <span class='ocrx_word' id='word_1_764' title='bbox 313 2676 501 2722; x_wconf 52' lang='grc' dir='ltr'><strong>ἕξξιῖῖίὲϊτῐη</strong></span> <span class='ocrx_word' id='word_1_765' title='bbox 516 2678 604 2722; x_wconf 52' lang='lat' dir='ltr'><strong>alter”</strong></span> <span class='ocrx_word' id='word_1_766' title='bbox 616 2679 661 2722; x_wconf 67' lang='grc' dir='ltr'><strong>ἐεκῖ</strong></span> <span class='ocrx_word' id='word_1_767' title='bbox 670 2679 716 2706; x_wconf 81' lang='grc' dir='ltr'>τδν</span> <span class='ocrx_word' id='word_1_768' title='bbox 729 2679 865 2722; x_wconf 58' lang='grc' dir='ltr'>ξρεετόγπ</span> <span class='ocrx_word' id='word_1_769' title='bbox 878 2680 917 2722; x_wconf 69' lang='lat'><strong>&#39;0.-</strong></span> 
     </span>
    </p>
   </div>
   <div class='ocr_carea' id='block_1_102' title="bbox 560 2675 1307 2722">
    <p class='ocr_par' dir='ltr' id='par_1_102' title="bbox 560 2679 1307 2722">
     <span class='ocr_line' id='line_1_103' title="bbox 560 2679 1307 2722; baseline 0.012 -16"><span class='ocrx_word' id='word_1_770' title='bbox 560 2684 604 2722; x_wconf 65' lang='lat' dir='ltr'><strong>ero</strong></span> <span class='ocrx_word' id='word_1_771' title='bbox 616 2679 661 2722; x_wconf 63' lang='grc' dir='ltr'>καὶ</span> <span class='ocrx_word' id='word_1_772' title='bbox 670 2679 716 2706; x_wconf 80' lang='grc' dir='ltr'>τὸν</span> <span class='ocrx_word' id='word_1_773' title='bbox 729 2679 865 2722; x_wconf 44' lang='grc' dir='ltr'>ξρεετόνη</span> <span class='ocrx_word' id='word_1_774' title='bbox 878 2680 917 2722; x_wconf 65' lang='lat' dir='ltr'><strong>In.</strong></span> <span class='ocrx_word' id='word_1_775' title='bbox 1040 2684 1074 2711; x_wconf 93' lang='lat' dir='ltr'><strong>ad</strong></span> <span class='ocrx_word' id='word_1_776' title='bbox 1090 2686 1255 2722; x_wconf 69' lang='grc' dir='ltr'>ρπηρεσίας.</span> <span class='ocrx_word' id='word_1_777' title='bbox 1270 2687 1307 2716; x_wconf 82' lang='lat' dir='ltr'><strong>In.</strong></span> 
     </span>
    </p>
   </div>
   <div class='ocr_carea' id='block_1_103' title="bbox 243 2712 990 2760">
    <p class='ocr_par' dir='ltr' id='par_1_103' title="bbox 243 2712 987 2760">
     <span class='ocr_line' id='line_1_104' title="bbox 243 2712 987 2760; baseline 0.005 -21"><span class='ocrx_word' id='word_1_778' title='bbox 554 2714 689 2760; x_wconf 44' lang='lat' dir='ltr'><strong>in‘altero</strong></span> <span class='ocrx_word' id='word_1_779' title='bbox 699 2712 886 2760; x_wconf 57' lang='lat' dir='ltr'><strong>codI_Vindob.</strong></span> <span class='ocrx_word' id='word_1_780' title='bbox 900 2717 952 2757; x_wconf 76' lang='grc' dir='ltr'>ὲπη</span> <span class='ocrx_word' id='word_1_781' title='bbox 957 2725 987 2753; x_wconf 91' lang='grc' dir='ltr'>ρ-</span> 
     </span>
    </p>
   </div>
   <div class='ocr_carea' id='block_1_104' title="bbox 1077 2712 1824 2760">
    <p class='ocr_par' dir='ltr' id='par_1_104' title="bbox 1077 2712 1824 2760">
     <span class='ocr_line' id='line_1_105' title="bbox 1077 2712 1824 2760; baseline 0.013 -12"><span class='ocrx_word' id='word_1_782' title='bbox 1077 2712 1455 2760; x_wconf 45' lang='grc' dir='ltr'>[92);ὸάνέαὲοςῖί’8οι·ῳιίῐ“ι·ιι</span> <span class='ocrx_word' id='word_1_783' title='bbox 1481 2725 1608 2754; x_wconf 86' lang='lat' dir='ltr'><strong>codicum</strong></span> <span class='ocrx_word' id='word_1_784' title='bbox 1634 2727 1744 2757; x_wconf 88' lang='lat' dir='ltr'><strong>unius:</strong></span> <span class='ocrx_word' id='word_1_785' title='bbox 1765 2729 1824 2758; x_wconf 77' lang='grc' dir='ltr'>ἀνό-</span> 
     </span>
    </p>
   </div>
   <div class='ocr_carea' id='block_1_105' title="bbox 204 2747 951 2790">
    <p class='ocr_par' dir='ltr' id='par_1_105' title="bbox 204 2747 951 2790">
     <span class='ocr_line' id='line_1_106' title="bbox 204 2747 951 2790; baseline 0.008 -17"><span class='ocrx_word' id='word_1_786' title='bbox 204 2747 345 2790; x_wconf 59' lang='grc' dir='ltr'>τισμένον,</span> <span class='ocrx_word' id='word_1_787' title='bbox 367 2747 445 2782; x_wconf 89' lang='lat' dir='ltr'><strong>quasi</strong></span> <span class='ocrx_word' id='word_1_788' title='bbox 466 2748 500 2776; x_wconf 93' lang='lat' dir='ltr'><strong>ab</strong></span> <span class='ocrx_word' id='word_1_789' title='bbox 515 2749 654 2785; x_wconf 83' lang='grc' dir='ltr'>ὲπαρτίζω</span> <span class='ocrx_word' id='word_1_790' title='bbox 677 2751 784 2786; x_wconf 80' lang='lat' dir='ltr'><strong>perﬁcio</strong></span> <span class='ocrx_word' id='word_1_791' title='bbox 797 2771 805 2783; x_wconf 88' lang='lat'><strong>,</strong></span> <span class='ocrx_word' id='word_1_792' title='bbox 831 2751 879 2779; x_wconf 84' lang='lat' dir='ltr'><strong>sed</strong></span> <span class='ocrx_word' id='word_1_793' title='bbox 907 2747 951 2786; x_wconf 80' lang='lat' dir='ltr'><strong>pri</strong></span> 
     </span>
    </p>
   </div>
   <div class='ocr_carea' id='block_1_106' title="bbox 455 2747 1202 2790">
    <p class='ocr_par' dir='ltr' id='par_1_106' title="bbox 466 2747 1202 2790">
     <span class='ocr_line' id='line_1_107' title="bbox 466 2747 1202 2790; baseline 0.012 -15"><span class='ocrx_word' id='word_1_794' title='bbox 466 2748 500 2776; x_wconf 93' lang='lat' dir='ltr'><strong>ab</strong></span> <span class='ocrx_word' id='word_1_795' title='bbox 515 2749 654 2785; x_wconf 82' lang='grc' dir='ltr'>ὲπαρτίζω</span> <span class='ocrx_word' id='word_1_796' title='bbox 677 2751 805 2786; x_wconf 80' lang='lat' dir='ltr'><strong>perﬁcio,</strong></span> <span class='ocrx_word' id='word_1_797' title='bbox 831 2751 879 2779; x_wconf 84' lang='lat' dir='ltr'><strong>sed</strong></span> <span class='ocrx_word' id='word_1_798' title='bbox 907 2747 989 2786; x_wconf 78' lang='lat' dir='ltr'><strong>prius.</strong></span> <span class='ocrx_word' id='word_1_799' title='bbox 1037 2747 1202 2790; x_wconf 40' lang='grc' dir='ltr'>θεμαῖϐοτ.</span> 
     </span>
    </p>
   </div>
   <div class='ocr_carea' id='block_1_107' title="bbox 204 2782 1822 2888">
    <p class='ocr_par' dir='ltr' id='par_1_107' title="bbox 204 2782 1822 2888">
     <span class='ocr_line' id='line_1_108' title="bbox 204 2782 1822 2888; baseline 0.012 -45"><span class='ocrx_word' id='word_1_800' title='bbox 204 2782 449 2888; x_wconf 49' lang='grc' dir='ltr'><strong>ωἶξὸῐξἰἐὲἆοοιιεν.</strong></span> <span class='ocrx_word' id='word_1_801' title='bbox 464 2818 555 2846; x_wconf 81' lang='lat' dir='ltr'><strong>Addit.</strong></span> <span class='ocrx_word' id='word_1_802' title='bbox 567 2782 636 2847; x_wconf 80' lang='lat' dir='ltr'><strong>alter</strong></span> <span class='ocrx_word' id='word_1_803' title='bbox 652 2782 713 2848; x_wconf 79' lang='lat' dir='ltr'><strong>cod.</strong></span> <span class='ocrx_word' id='word_1_804' title='bbox 723 2782 770 2848; x_wconf 42' lang='lat' dir='ltr'><strong>.6é.</strong></span> <span class='ocrx_word' id='word_1_805' title='bbox 788 2821 825 2848; x_wconf 84' lang='lat' dir='ltr'><strong>ID.</strong></span> <span class='ocrx_word' id='word_1_806' title='bbox 907 2782 917 2786; x_wconf 58' lang='lat'><strong><em>-</em></strong></span> <span class='ocrx_word' id='word_1_807' title='bbox 1228 2791 1291 2822; x_wconf 67' lang='lat' dir='ltr'><strong>Dele</strong></span> <span class='ocrx_word' id='word_1_808' title='bbox 1307 2793 1378 2822; x_wconf 67' lang='lat' dir='ltr'><strong>hanc</strong></span> <span class='ocrx_word' id='word_1_809' title='bbox 1391 2794 1515 2822; x_wconf 58' lang='lat' dir='ltr'><strong>vocu‘am</strong></span> <span class='ocrx_word' id='word_1_810' title='bbox 1530 2803 1564 2824; x_wconf 63' lang='lat' dir='ltr'><strong>ex</strong></span> <span class='ocrx_word' id='word_1_811' title='bbox 1578 2798 1748 2830; x_wconf 57' lang='lat' dir='ltr'><strong>aucwﬁuw</strong></span> <span class='ocrx_word' id='word_1_812' title='bbox 1763 2798 1822 2829; x_wconf 49' lang='lat' dir='ltr'><strong>ad.</strong></span> 
     </span>
     <span class='ocr_line' id='line_1_109' title="bbox 253 2852 980 2888; baseline 0.01 -9"><span class='ocrx_word' id='word_1_813' title='bbox 253 2852 282 2879; x_wconf 78' lang='lat' dir='ltr'><strong>9t</strong></span> <span class='ocrx_word' id='word_1_814' title='bbox 317 2853 416 2888; x_wconf 69' lang='grc' dir='ltr'>’Ἁπεμ</span> <span class='ocrx_word' id='word_1_815' title='bbox 433 2854 527 2883; x_wconf 85' lang='lat' dir='ltr'><strong>Melius</strong></span> <span class='ocrx_word' id='word_1_816' title='bbox 539 2854 600 2882; x_wconf 89' lang='lat' dir='ltr'><strong>cod.</strong></span> <span class='ocrx_word' id='word_1_817' title='bbox 619 2854 734 2884; x_wconf 83' lang='lat' dir='ltr'><strong>Vindoh.</strong></span> <span class='ocrx_word' id='word_1_818' title='bbox 754 2857 980 2888; x_wconf 55' lang='lat' dir='ltr'><strong>bigutrefcratur</strong></span> 
     </span>
    </p>
   </div>
   <div class='ocr_carea' id='block_1_108' title="bbox 253 2852 980 2891">
    <p class='ocr_par' dir='ltr' id='par_1_108' title="bbox 253 2852 980 2891">
     <span class='ocr_line' id='line_1_110' title="bbox 253 2852 980 2891; baseline 0.01 -12"><span class='ocrx_word' id='word_1_819' title='bbox 253 2852 297 2888; x_wconf 78' lang='lat' dir='ltr'><strong>9t)</strong></span> <span class='ocrx_word' id='word_1_820' title='bbox 317 2853 416 2888; x_wconf 69' lang='grc' dir='ltr'>’Ἁπεμ</span> <span class='ocrx_word' id='word_1_821' title='bbox 433 2854 527 2883; x_wconf 85' lang='lat' dir='ltr'><strong>Melius</strong></span> <span class='ocrx_word' id='word_1_822' title='bbox 539 2854 600 2882; x_wconf 89' lang='lat' dir='ltr'><strong>cod.</strong></span> <span class='ocrx_word' id='word_1_823' title='bbox 619 2854 734 2884; x_wconf 83' lang='lat' dir='ltr'><strong>Vindoh.</strong></span> <span class='ocrx_word' id='word_1_824' title='bbox 754 2857 980 2891; x_wconf 52' lang='lat' dir='ltr'><strong>bigutrefcratur</strong></span> 
     </span>
    </p>
   </div>
   <div class='ocr_carea' id='block_1_109' title="bbox 1059 1199 1892 1243">
    <p class='ocr_par' dir='ltr' id='par_1_109' title="bbox 1059 1199 1892 1243">
     <span class='ocr_line' id='line_1_111' title="bbox 1059 1199 1892 1243; baseline 0.012 -17"><span class='ocrx_word' id='word_1_825' title='bbox 1059 1199 1152 1228; x_wconf 78' lang='grc' dir='ltr'>ι·οἷδά</span> <span class='ocrx_word' id='word_1_826' title='bbox 1170 1210 1200 1228; x_wconf 86' lang='grc' dir='ltr'><strong>σε</strong></span> <span class='ocrx_word' id='word_1_827' title='bbox 1215 1202 1291 1238; x_wconf 85' lang='grc' dir='ltr'>παρὰ</span> <span class='ocrx_word' id='word_1_828' title='bbox 1304 1203 1424 1236; x_wconf 86' lang='grc' dir='ltr'>πάντας·</span> <span class='ocrx_word' id='word_1_829' title='bbox 1445 1214 1454 1230; x_wconf 65' lang='grc' dir='ltr'><strong>ι</strong></span> <span class='ocrx_word' id='word_1_830' title='bbox 1470 1200 1492 1238; x_wconf 78' lang='grc' dir='ltr'>ᾧ</span> <span class='ocrx_word' id='word_1_831' title='bbox 1506 1206 1577 1232; x_wconf 79' lang='grc' dir='ltr'>κατὰ</span> <span class='ocrx_word' id='word_1_832' title='bbox 1594 1206 1746 1242; x_wconf 80' lang='grc' dir='ltr'>πρόσωπον</span> <span class='ocrx_word' id='word_1_833' title='bbox 1757 1208 1852 1243; x_wconf 81' lang='grc' dir='ltr'>ὡμέλει</span> 
     </span>
    </p>
   </div>
   <div class='ocr_carea' id='block_1_110' title="bbox 1057 1247 1892 1292">
    <p class='ocr_par' dir='ltr' id='par_1_110' title="bbox 1057 1247 1892 1292">
     <span class='ocr_line' id='line_1_112' title="bbox 1057 1247 1892 1292; baseline 0.012 -20"><span class='ocrx_word' id='word_1_834' title='bbox 1057 1247 1141 1274; x_wconf 78' lang='grc' dir='ltr'>καὶού</span> <span class='ocrx_word' id='word_1_835' title='bbox 1156 1248 1190 1274; x_wconf 85' lang='grc' dir='ltr'>δι’</span> <span class='ocrx_word' id='word_1_836' title='bbox 1199 1248 1303 1292; x_wconf 68' lang='grc' dir='ltr'>ἀδήλων</span> <span class='ocrx_word' id='word_1_837' title='bbox 1312 1250 1344 1282; x_wconf 75' lang='grc' dir='ltr'>η,</span> <span class='ocrx_word' id='word_1_838' title='bbox 1356 1250 1372 1286; x_wconf 80' lang='grc' dir='ltr'>ἢ</span> <span class='ocrx_word' id='word_1_839' title='bbox 1385 1250 1527 1284; x_wconf 74' lang='grc' dir='ltr'>ἐνυπνίων,</span> <span class='ocrx_word' id='word_1_840' title='bbox 1543 1252 1560 1288; x_wconf 81' lang='grc' dir='ltr'>ἢ</span> <span class='ocrx_word' id='word_1_841' title='bbox 1578 1252 1716 1287; x_wconf 79' lang='grc' dir='ltr'>ἀγγέλων,</span> <span class='ocrx_word' id='word_1_842' title='bbox 1734 1254 1752 1290; x_wconf 80' lang='grc' dir='ltr'><strong>ἢ</strong></span> <span class='ocrx_word' id='word_1_843' title='bbox 1765 1256 1851 1289; x_wconf 85' lang='grc' dir='ltr'>αίνιγ-</span> <span class='ocrx_word' id='word_1_844' title='bbox 1891 1247 1892 1292; x_wconf 62' lang='lat'>1</span> 
     </span>
    </p>
   </div>
   <div class='ocr_carea' id='block_1_111' title="bbox 1067 325 1892 368">
    <p class='ocr_par' dir='ltr' id='par_1_111' title="bbox 1067 325 1892 368">
     <span class='ocr_line' id='line_1_113' title="bbox 1067 325 1892 368; baseline 0.017 -19"><span class='ocrx_word' id='word_1_845' title='bbox 1067 325 1230 359; x_wconf 88' lang='grc' dir='ltr'>παρακινεῖν</span> <span class='ocrx_word' id='word_1_846' title='bbox 1252 326 1399 361; x_wconf 82' lang='grc' dir='ltr'>τολμῶσιν,</span> <span class='ocrx_word' id='word_1_847' title='bbox 1419 328 1626 364; x_wconf 81' lang='grc' dir='ltr'>ὑφαρπάζοντες</span> <span class='ocrx_word' id='word_1_848' title='bbox 1646 332 1756 365; x_wconf 82' lang='grc' dir='ltr'>ἑαυτοῖς</span> <span class='ocrx_word' id='word_1_849' title='bbox 1782 334 1859 368; x_wconf 82' lang='grc' dir='ltr'>ἀξιώ-</span> <span class='ocrx_word' id='word_1_850' title='bbox 1891 326 1892 340; x_wconf 25' lang='grc' dir='ltr'>ξ</span> 
     </span>
    </p>
   </div>
   <div class='ocr_carea' id='block_1_112' title="bbox 1064 551 1892 598">
    <p class='ocr_par' dir='ltr' id='par_1_112' title="bbox 1064 551 1892 598">
     <span class='ocr_line' id='line_1_114' title="bbox 1064 551 1892 598; baseline 0.017 -21"><span class='ocrx_word' id='word_1_851' title='bbox 1064 551 1266 590; x_wconf 76' lang='grc' dir='ltr'>ἀρχιερωσύνη,</span> <span class='ocrx_word' id='word_1_852' title='bbox 1280 557 1326 583; x_wconf 76' lang='grc' dir='ltr'>καὶ</span> <span class='ocrx_word' id='word_1_853' title='bbox 1335 558 1487 594; x_wconf 83' lang='grc' dir='ltr'>γενόμενοι,</span> <span class='ocrx_word' id='word_1_854' title='bbox 1499 561 1524 586; x_wconf 78' lang='lat' dir='ltr'><strong>oi.</strong></span> <span class='ocrx_word' id='word_1_855' title='bbox 1536 561 1585 596; x_wconf 87' lang='grc' dir='ltr'>μὲν</span> <span class='ocrx_word' id='word_1_856' title='bbox 1599 562 1794 598; x_wconf 85' lang='grc' dir='ltr'>πυρίφλεκτοι,</span> <span class='ocrx_word' id='word_1_857' title='bbox 1807 551 1857 590; x_wconf 64' lang='grc' dir='ltr'><strong>ὸδξ</strong></span> <span class='ocrx_word' id='word_1_858' title='bbox 1891 583 1892 594; x_wconf 51' lang='grc' dir='ltr'><strong>ι</strong></span> 
     </span>
    </p>
   </div>
   <div class='ocr_carea' id='block_1_113' title="bbox 1059 921 1892 971">
    <p class='ocr_par' dir='ltr' id='par_1_113' title="bbox 1059 921 1892 971">
     <span class='ocr_line' id='line_1_115' title="bbox 1059 921 1892 971; baseline 0.016 -25"><span class='ocrx_word' id='word_1_859' title='bbox 1059 921 1120 971; x_wconf 31' lang='lat' dir='ltr'><strong>rei»),</strong></span> <span class='ocrx_word' id='word_1_860' title='bbox 1135 922 1196 971; x_wconf 69' lang='grc' dir='ltr'>ήτις</span> <span class='ocrx_word' id='word_1_861' title='bbox 1218 923 1334 960; x_wconf 79' lang='grc' dir='ltr'>μίμησιν</span> <span class='ocrx_word' id='word_1_862' title='bbox 1356 926 1478 962; x_wconf 83' lang='grc' dir='ltr'>περιέχει</span> <span class='ocrx_word' id='word_1_863' title='bbox 1494 927 1541 954; x_wconf 84' lang='grc' dir='ltr'><strong>τοῦ</strong></span> <span class='ocrx_word' id='word_1_864' title='bbox 1560 929 1680 963; x_wconf 74' lang='grc' dir='ltr'>μεγάλου</span> <span class='ocrx_word' id='word_1_865' title='bbox 1702 930 1855 966; x_wconf 84' lang='grc' dir='ltr'>ἀρχιερέως</span> 
     </span>
    </p>
   </div>
  </div>
