1892 3105
34 174 92 202 1153

447 173 744 203 CONSTITUTIONES
761 172 997 202 APOSTOLICE.
1014 187 1048 193 —
1064 172 1128 201 LlB.
1148 173 1215 201 Vill.

1563 170 1630 198 “54

29 231 68 258 ἰπὶ
79 230 124 265 τῆς
137 230 262 266 κιϐδήλου
286 230 340 258 τῶν
361 231 504 267 δαμάλεων
522 231 568 258 ἐπὶ
591 231 639 258 τοῦ
660 231 800 268 Ἰεροὸοάμ

852 231 928 258 nobis
936 237 1016 266 prece
1025 238 1057 257 ac
1072 237 1201 258 manuum
1209 229 1381 264 impositione
1390 229 1543 257 nominatos
1556 235 1628 259 esse.

29 277 263 312 περικεκομμένης
286 277 452 313 ἱερωσύνης,
469 277 525 304 ἀλλ’
538 278 553 304 ὁ
566 277 729 313 καλούμενος
747 278 799 304 ὑπὸ

28 322 68 348 τοῦ
81 321 154 348 Θεοῦ.
170 323 202 349 ΕΙ
218 323 264 358 μὲν
278 322 332 359 γὰρ
353 323 390 360 μὴ
404 323 504 358 θεσμός
515 332 557 355 τις
572 321 617 359 ἦν,
633 324 680 350 καὶ
697 323 799 355 τάξεων

27 367 137 404 διαφορὰ,
151 368 230 404 ἢρκει
242 368 274 395 ἃν
287 369 321 396 δι’
333 369 392 401 ἐνὸς
401 370 529 405 ὀνόματος
542 369 577 397 τὰ
592 370 640 396 ὅλα
654 369 798 396 τελεῖσθαι.

33 414 92 440 Ἀλλ’
105 415 155 441 ὑπὸ
169 415 216 442 τοῦ
234 415 335 451 Κυρίου
350 416 519 452 διδαχθέντες
540 416 698 443 ἀκολουθίαν
712 424 800 452 πραγ-

27 460 118 495 μάτων,
132 462 187 493 τοῖς
202 461 251 496 μὲν
261 462 418 494 ἐπισκόποις
428 462 514 497 τάτῆς
523 461 725 498 ἀρχιερωσύνης
736 462 800 488 Eval-

27 515 105 541 μαμεν
119 506 184 542 (94),
196 507 284 539 τοῖςδὲ
291 507 575 544 πρεσϐυτέροιςτὰτῆς
583 508 800 544 ἱερωσύνης,τοῖς

25 551 48 577 δὲ
53 552 177 584 διακόνοις
183 552 219 579 τὰ
225 553 273 589 τῆς
284 553 352 588 πρὸς
364 554 533 590 ἀμφοτέρους
543 554 687 585 διακονίας*
694 549 726 580 ἶνἱ
755 562 801 580 κα-

26 596 105 631 θαρῶς
113 597 147 624 τὰ
154 598 204 633 τῆς
212 598 361 634 θρησκείας
370 599 571 634 ἐπιτελούμενα.
580 599 647 626 Οὔτε
656 599 709 635 γὰρ
716 599 801 626 διακό-

26 643 222 679 νῳπροσφέρειν
237 643 331 671 θυσίαν
337 644 478 680 θεμιτὸν,ἢ
488 644 637 680 βαπτίζειν,
647 645 663 680 ἢ
676 645 800 679 εὐλογίαν

27 687 116 723 μικρὰν
130 689 145 723 ἥ
163 689 285 725 μεγάλην
300 690 446 723 ποιεῖσθαι,
472 690 533 717 οὔτε
556 690 737 727 πρεσϐύτερον
754 690 799 722 ³¹’,

26 734 177 769 χειροτονίας
196 735 329 762 ἐπιτελεῖν
338 744 345 751 ·
362 736 454 772 οὐγὰρ
466 737 547 769 ὅσιον,
563 737 800 773 ὲνεστράφθαιτὴν

27 779 93 812 τάξιν
103 788 109 795 ·
127 790 136 806 ι
154 781 191 808 Οὐ
208 781 264 817 γάρ
276 782 350 808 ἐστιν
365 783 378 808 ὁ
389 782 677 814 Θεὸςάκαταστασίας,
694 792 702 808 ι
719 783 761 810 ἴνα
775 783 799 809 ol

27 824 219 860 ὑποϐεϐηκότες
241 826 276 853 τὰ
295 827 350 853 τῶν
370 828 531 863 κρειττόνων
549 829 716 864 τυραννικῶς
736 837 800 863 σφε-

26 872 182 906 τερίζωνται,
210 873 369 908 νομοθεσίαν
401 875 497 911 καινὴν
521 875 733 906 ἀναπλάττοντες
754 875 800 901 ὲπὶ

26 917 92 952 κακῷ
105 918 143 953 τῷ
158 918 276 949 ἑαυτῶν,
298 919 458 954 ἀγνοοῦντες
477 920 517 946 ὅτι
534 920 647 956 σκληρὸν
667 921 756 952 αὐτοῖς
769 920 799 947 τὸ

26 962 84 997 πρὸς
93 964 191 999 κέντρα
206 964 352 996 λακτίζειν.
368 965 406 992 Οὐ
419 965 472 1001 γάρ
483 966 566 1001 ἡμᾶς,
582 966 598 1002 ἢ
612 967 675 998 τοὺς
690 966 800 993 ἐπισκό-

29 1016 87 1041 πους
97 1009 261 1045 πολεμοῦσιν
278 1011 302 1037 οἱ
318 1010 443 1044 τοιοῦτοι,
466 1011 534 1038 ἀλλὰ
547 1013 592 1038 τὸν
613 1012 721 1039 πάντων
741 1013 800 1038 ἐπί-

27 1062 117 1082 σκοπον
131 1056 179 1082 καὶ
194 1056 243 1082 τοῦ
254 1056 359 1093 Πατρὸς
373 1057 501 1093 ἀρχιερέα
514 1058 631 1093 Χριστὸν
644 1058 745 1094 Ἰησοῦν
755 1058 800 1085 τὸν

26 1100 114 1136 Κύριον
123 1102 212 1137 ἡμῶν.
235 1102 303 1130 Ὑπὸ
317 1103 437 1135 Μωσέως
448 1104 496 1139 μὲν
509 1104 562 1140 γὰρ
572 1104 619 1131 τοῦ
631 1104 800 1139 θεοφιλεστά-

27 1155 66 1173 του
79 1147 213 1183 ἀρχιερεῖς
224 1148 438 1183 κατεστάθησαν,
451 1149 498 1175 καὶ
515 1150 609 1185 ἱερεῖς,
618 1150 664 1176 καὶ
685 1150 799 1184 λευῖται,

27 1192 70 1218 ὑπὸ
82 1193 109 1219 δὲ
129 1193 176 1220 τοῦ
195 1193 322 1229 Σωτῆρος
340 1194 418 1229 ἡμῶν
432 1195 522 1230 ἡμεῖς,
539 1195 564 1222 οι
581 1195 722 1231 δεκατρεῖς
734 1196 801 1222 ἀπό-

27 1240 104 1266 στολοι
128 1239 183 1275 (95)
195 1249 202 1256 '
220 1240 272 1266 ὑπὸ
285 1240 313 1267 δὲ
329 1239 383 1266 τῶν
402 1240 557 1268 ἀποστόλων
582 1240 636 1275 ἐγὼ
659 1241 798 1273 Ἰάκωϐος’

26 1285 65 1311 καὶ
78 1285 129 1319 ἐγὼ
143 1286 268 1321 Κλήμης,
284 1286 330 1312 καὶ
352 1286 400 1312 σὺν
421 1287 485 1321 ἡμῖν
505 1286 607 1322 ἕτεροι·
628 1287 671 1314 ἵνα
685 1288 721 1324 μὴ
734 1288 801 1314 πάν-

26 1338 66 1361 τας
79 1330 155 1357 πάλιν
172 1331 366 1366 καταλέγωμεν
375 1340 381 1347 ·
397 1333 472 1367 κοινῇ
493 1332 521 1358 δὲ
535 1332 587 1358 ὑπὸ
601 1333 708 1359 πάντων
723 1334 801 1369 ἡμῶν

29 1377 208 1413 πρεσϐύτεροι,
232 1378 279 1403 καὶ
299 1378 433 1411 διάκονοι,
465 1378 512 1405 καὶ
538 1379 728 1413 ὐποδιάκονοι,
755 1380 801 1407 καὶ

27 1421 198 1456 ἀναγνῶσται.
215 1423 328 1458 Πρῶτος
341 1424 428 1450 τοίνυν
446 1425 479 1460 τῇ
494 1424 573 1458 φύσει
589 1425 732 1461 ἀρχιερεὺς
745 1425 800 1461 (96)

26 1467 38 1492 ό
49 1468 186 1504 μονογενὴς
197 1468 235 1504 Χῖ
244 1469 325 1502 ιστδς,
340 1469 390 1504 οὺχ
402 1469 491 1505 ἑαυτῷ
504 1470 553 1504 τὴν
568 1471 650 1506 τιμὴν
664 1471 799 1506 ἀρπάσας,

26 1513 85 1540 ἀλλὰ
109 1514 184 1550 παρὰ
203 1514 252 1541 τοῦ
269 1514 375 1550 Πατρὸς
399 1515 591 1547 κατασταθείς·
607 1516 637 1547 ὃς
658 1516 801 1552 γενόμενος

30 1559 159 1596 ἄνθρωπος
187 1561 222 1587 δι’
237 1561 320 1596 ἡμᾶς,
348 1561 396 1588 καὶ
417 1561 466 1597 τὴν
493 1563 678 1598 πνευματικὴν
705 1563 799 1590 θυσίαν

27 1607 175 1642 προσφέρων
183 1606 224 1642 τῷ
237 1607 295 1642 Θεῷ
305 1607 388 1633 αὐτοῦ
400 1607 447 1634 καὶ
456 1608 554 1643 Πατρὶ,
565 1609 619 1644 πρὸ
630 1608 676 1635 τοῦ
685 1609 798 1642 πάθους,

27 1651 83 1685 ἡμῖν
102 1653 241 1685 διετάξατο
259 1653 349 1687 μόνοις
371 1653 450 1680 τοῦτο
467 1655 566 1680 ποιεῖν·
588 1654 633 1681 καί
655 1664 696 1681 τοι
716 1655 800 1682 ὄντων

28 1697 69 1722 σὺν
83 1698 144 1733 ἡμῖν
159 1699 207 1725 καὶ
228 1699 328 1734 ἑτέρων
345 1699 399 1725 τῶν
415 1700 456 1730 εἰς
472 1700 551 1726 αὐτὸν
566 1690 798 1727 πεπιστευκότων

28 1742 76 1769 ἀλλ’
88 1744 116 1770 οὺ
130 1745 239 1776 πάντως
252 1746 266 1771 ὁ
280 1745 427 1776 πιστεύσας
439 1745 557 1781 (97),ἧδη
570 1747 615 1772 καὶ
632 1747 723 1782 ἱερεὺς
735 1755 800 1773 κατ-

29 1788 97 1824 έστη,
119 1790 135 1824 ἢ
164 1791 359 1826 ἀρχιερατικῆς
387 1790 464 1823 ἀξίας
493 1791 581 1827 ἔτυχε.
601 1792 679 1818 Μετὰ
704 1792 732 1818 δὲ
750 1792 799 1827 τὴν

28 1834 146 1871 ἀνάληψιν
174 1836 267 1868 αὑτοῦ,
295 1837 375 1872 ἡμεῖς
401 1837 628 1872 προσενεγκόντες
656 1836 727 1863 κατά
750 1837 800 1872 τὴν

31 1880 140 1914 διάταξιν
167 1883 250 1910 αὐτοῦ
274 1883 370 1909 θυσίαν
402 1882 524 1918 καθαρὰν
549 1883 596 1910 καὶ
621 1884 798 1918 ἀναίμακτον,

28 1928 263 1964 προεχειρισάμεθα
298 1928 472 1960 ἐπισκόπους,
508 1929 555 1956 καὶ¹
586 1929 797 1965 πρεσϐυτέρους,

29 1973 69 1998 καὶ
92 1973 228 2006 διακόνους
254 1973 324 2000 ἑπτὰ
348 1974 394 2000 τὸν
414 1974 546 2010 ἀριθμόν’
572 1970 609 2002 ὧν
630 1973 669 2006 εἷς
686 1972 720 2010 ἦν
733 1975 798 2001 Στέ-

29 2026 102 2051 φανος
123 2020 176 2056 (98)
198 2022 214 2048 ό
238 2020 372 2056 μακάριος
390 2021 504 2057 μάρτυς,
523 2022 573 2048 οὐκ
586 2021 798 2056 ἀπολειπόμενος

58 2106 79 2122 ³¹
95 2106 126 2134 111
140 2106 208 2142 Reg.
225 2115 285 2145 xui.
300 2108 365 2145 55,_
383 2109 416 2124 ³²”
431 2109 609 2145 πρεσᾷυτέρῳ
630 2109 741 2145 rectius
758 2109 806 2143 legt

852 2113 906 2145 tur,
925 2109 965 2145 ﬂ”
985 2109 1064 2137 lCor.
1080 2118 1135 2139 xw.
1151 2111 1197 2138 55.

263 2143 286 2159 ³⁸
303 2143 322 2170 l.
339 2143 386 2171 lib.
401 2143 489 2177 vu,‘c.
505 2144 550 2171 46.
571 2143 575 2145 Ἴ
592 2144 613 2159 ³⁷
634 2145 719 2180 lgnat.
736 2144 862 2179 interpol.
875 2144 908 2171 ad
923 2144 1011 2180 Magn.
1025 2146 1051 2178 '6;
1068 2145 1100 2172 ad
1117 2145 1173 2172 Sm.
1190 2145 1217 2173 9.
1256 2146 1278 2162 ³⁸
1297 2145 1363 2173 lleb.
1377 2154 1402 2173 ν.
1445 2146 1467 2162 ³9
1482 2146 1546 2173 Luc.
1564 2155 1629 2173 xxii.

29 2147 117 2174 xxvm,
141 2151 218 2170 uix.

849 277 896 312 qui
911 277 1062 304 diﬁ‘erentia
1078 277 1218 304 nominum
1228 275 1407 303 differentiam
1416 282 1525 309 quoque
1539 280 1629 302 rerum

849 323 1004 351 ostendant.
1025 322 1085 350 Non
1103 323 1176 350 enim
1189 322 1236 356 qui
1253 321 1370 353 volebat,
1390 319 1461 355 apud
1475 327 1524 346 nos
1536 319 1631 353 imple-

849 370 895 397 bat
911 377 1021 396 manum
1031 369 1063 402 ²’,
1077 369 1148 396 sicut
1164 369 1191 395 in
1205 367 1272 395 falso
1280 371 1306 395 et
1317 367 1471 394 adulterino
1485 365 1630 393 vitularum

850 416 1022 448 sacerdotio,
1038 421 1159 450 tempore
1169 414 1342 447 Jeroboami;
1360 413 1405 440 sed
1422 413 1468 447 qui
1481 411 1630 439 vocabatur

849 469 864 489 a
877 462 941 490 Deo.
953 462 1021 489 Nam
1037 462 1060 489 si
1075 461 1149 488 trulla
1166 462 1207 487 lex
1222 460 1311 495 posita
1321 463 1404 492 esset,
1422 466 1471 485 nec
1485 458 1538 484 ulla
1554 456 1629 483 ordi-

849 516 914 535 num
930 507 1096 540 diﬁerentia;
1121 506 1290 537 sull'ecisset,
1307 509 1406 532 cuncta
1426 511 1473 539 per
1486 511 1569 530 unum
1582 510 1631 529 no-

850 562 910 581 men
934 554 1036 589 perﬁci.
1051 553 1162 585 Verum,
1173 560 1187 579 a
1201 552 1315 579 Domino
1327 551 1414 578 edocti
1430 558 1519 577 rerum
1535 557 1631 576 conse-

850 600 1002 635 quentiam,
1016 599 1152 634 episcopis
1174 598 1283 633 quidem
1307 604 1367 632 quae
1388 597 1420 623 ad
1443 595 1631 630 pontiﬁcatum

850 645 988 680 pertinent
1008 645 1226 679 assignavimus,
1242 642 1408 678 presbyteris
1433 649 1497 668 vero
1516 648 1576 676 qum
1597 639 1631 666 ad

851 691 1044 721 sacerdotium.
1073 691 1197 718 diaconis
1227 694 1318 717 autem
1342 697 1402 724 qua:
1423 688 1456 715 ad
1479 687 1631 715 ministeria

850 737 974 771 utrisque
992 735 1172 771 impendenda
1183 755 1190 768 ,
1208 739 1237 762 ut
1250 743 1310 770 qua:
1326 735 1359 762 ad
1380 735 1484 762 cultum
1500 734 1545 761 Dei
1569 742 1632 768 spc-

851 785 937 813 ctant,
955 790 1019 816 pure
1035 781 1216 808 celebrentur.
1232 780 1326 816 Neque
1347 781 1420 808 enim
1438 780 1553 808 diacono
1568 781 1632 807 licet

851 828 1016 855 sacriﬁcium
1033 827 1144 859 oﬁerre,
1161 831 1208 854 aut
1221 827 1377 862 baptizare.
1398 831 1446 854 aut
1465 827 1631 854 benedictio-

851 881 913 901 nem
927 882 974 901 seu
988 881 1108 909 parvam,
1127 881 1175 901 seu
1196 881 1321 908 magnam
1340 873 1450 904 facere;
1467 881 1555 907 neque
1571 881 1632 908 prc-

851 920 979 956 sbytero,
995 919 1182 947 ordinationes
1203 927 1349 955 peragere;
1370 919 1434 953 quia
1454 926 1560 953 aequum
1576 926 1631 945 non

850 970 903 998 est,
916 966 1041 993 ordinem
1052 965 1149 993 inverti
1166 974 1172 992 τ
1191 974 1199 991 ι
1216 965 1274 992 Non
1290 965 1363 991 enim
1378 967 1423 991 est
1437 963 1508 991 Deus
1524 964 1632 991 dissen-

851 1013 937 1040 sionis
946 1012 986 1046 ³³;
1004 1021 1013 1037 ι
1031 1019 1066 1039 ne
1078 1011 1234 1043 inferiores,
1250 1019 1309 1046 qua:
1318 1014 1382 1038 sunt
1397 1010 1632 1045 superiorum,ty-

850 1058 962 1086 rannice
974 1058 1026 1086 sibi
1040 1058 1189 1089 vindicent,
1206 1065 1303 1085 novam
1314 1057 1402 1092 legum
1415 1057 1535 1092 regulam
1549 1056 1631 1083 reﬁn-

851 1108 946 1139 gentes
961 1105 987 1131 in
1002 1104 1102 1131 malum
1121 1112 1211 1136 suum,
1226 1104 1382 1139 ignorantes
1399 1103 1498 1130 durum
1518 1110 1578 1130 esse
1592 1103 1629 1129 si-

850 1150 877 1178 bi
894 1154 989 1177 contra
1006 1150 1147 1178 stimulum
1157 1150 1301 1177 calcitrare
1313 1149 1344 1176 ³⁶.
1358 1149 1390 1176 Ει
1401 1157 1465 1176 vero
1483 1149 1528 1176 isti
1544 1149 1632 1175 homi-

850 1203 898 1223 nes
907 1204 960 1223 non
975 1200 1131 1231 oppugnant
1147 1203 1207 1227 nos,
1217 1199 1263 1223 aut
1272 1195 1433 1230 episcopos;
1449 1194 1496 1222 sed
1506 1194 1630 1221 omnium

849 1242 1024 1277 episcopum,
1043 1241 1187 1276 Patrisque
1201 1241 1356 1276 pontiﬁcem
1374 1240 1512 1268 Christum
1533 1239 1627 1267 Jesum

851 1286 995 1314 Dominum
1008 1292 1142 1315 nostrum.
1159 1286 1298 1322 Siquidem
1314 1294 1361 1322 per
1377 1286 1478 1314 Mosem
1495 1285 1550 1312 Deo
1567 1285 1632 1313 cha-

850 1333 991 1360 rissimum
1009 1333 1151 1360 constituti
1167 1337 1230 1361 sunt
1250 1332 1410 1368 pontiﬁces,
1428 1332 1584 1360 sacerdotes
1600 1339 1632 1358 ac

851 1379 939 1406 levita:
948 1380 987 1413 ";
1006 1387 1021 1406 a
1043 1383 1138 1408 nostro
1162 1384 1252 1407 autem
1272 1379 1412 1407 Salvatore
1436 1387 1485 1406 nos
1503 1378 1632 1406 tredecim

851 1426 965 1460 apostoli
977 1435 985 1459 ;
1001 1426 1035 1452 ab
1048 1426 1179 1461 apostolis
1191 1434 1256 1453 vero
1270 1434 1319 1461 ego
1332 1425 1460 1457 Iacobus,
1472 1428 1499 1452 et
1510 1432 1560 1460 ego
1570 1423 1633 1451 Cle-

850 1478 928 1498 mens
942 1475 968 1498 et
980 1472 1024 1498 alii
1042 1472 1186 1499 nobiscum
1197 1472 1237 1506 ³⁶;
1252 1480 1285 1499 ne
1299 1480 1394 1499 omnes
1417 1472 1513 1499 iterum
1535 1478 1630 1498 recen-

851 1524 959 1544 seamus
969 1526 976 1549 ;
988 1518 1169 1545 communiter
1183 1524 1272 1545 autem
1288 1518 1322 1545 ab
1337 1518 1465 1546 omnibus
1477 1518 1556 1545 nobis
1568 1525 1632 1552 pre-

812 1575 833 1604 c
851 1561 953 1598 sbyteri
964 1583 971 1595 ,
987 1563 1113 1597 diaconi,
1130 1563 1290 1592 subdiaconi
1305 1568 1332 1590 et
1352 1564 1478 1592 lectores.
1488 1564 1510 1579 ³⁷
1524 1563 1632 1590 Primus

844 1613 928 1649 igitur
943 1617 1041 1640 natura
1055 1611 1175 1647 pontifex
1191 1611 1347 1646 unigenitus
1361 1610 1497 1641 Christus.
1510 1618 1562 1638 non
1579 1611 1630 1638 sibi

845 1659 980 1687 honorem
995 1659 1096 1694 rapuit,
1113 1657 1159 1684 sed
1172 1665 1186 1684 a
1199 1656 1279 1684 Patre
1295 1657 1460 1684 constitutus
1475 1661 1516 1683 est
1528 1657 1550 1672 "
1565 1656 1572 1683 Ξ
1587 1656 1632 1684 ille

845 1710 955 1741 propter
974 1713 1025 1732 nos
1045 1704 1132 1731 factus
1152 1703 1243 1735 homo,
1264 1707 1290 1730 et
1309 1702 1449 1736 spirituale
1468 1701 1632 1729 sacriﬁcium

845 1752 959 1779 oﬂerens
976 1750 1032 1777 Deo
1056 1757 1106 1776 suo
1128 1757 1160 1776 ac
1181 1748 1266 1780 Patri,
1291 1753 1354 1775 ante
1370 1748 1534 1782 passionem,
1553 1748 1632 1775 nobis

846 1797 988 1826 constituit
1003 1796 1080 1827 solis,
1096 1796 1148 1822 hoc
1159 1795 1248 1822 facere
1259 1794 1297 1826 ³⁹;
1315 1794 1376 1820 licet
1389 1794 1527 1821 nobiscum
1540 1797 1633 1820 essunt

851 1839 896 1866 alii
922 1847 1029 1874 quoque
1052 1839 1099 1874 qui
1122 1839 1150 1865 in
1173 1847 1235 1866 eum
1254 1838 1426 1866 crediderant
1443 1848 1448 1865 :
1468 1846 1561 1865 verum
1576 1846 1630 1865 non

849 1886 941 1913 statim
955 1893 986 1912 ac
1003 1885 1102 1919 aliquis
1117 1885 1249 1916 credidit,
1262 1885 1317 1919 jam
1334 1889 1361 1912 et
1376 1884 1506 1911 sacerdos
1526 1885 1630 1911 consti-

851 1935 926 1958 tutus
937 1931 998 1962 fuit,
1021 1934 1068 1957 aut
1098 1930 1259 1965 dignitatem
1290 1929 1473 1964 pontificalem
1497 1930 1628 1957 obtinuit.

849 1975 914 2004 Post
929 1977 1002 2004 illius
1023 1984 1086 2004 vero
1104 1976 1328 2010 assumptionem.
1347 1983 1397 2003 nos
1413 1976 1491 2009 juxta
1508 1976 1629 2010 ejusdem

851 2022 1074 2050 constitutionem
1102 2022 1246 2050 oﬁerentes
1265 2021 1430 2050 sacriﬁcium
1449 2022 1579 2049 mundqu
1598 2029 1630 2048 ac

1242 2110 1265 2126 "
1284 2110 1342 2138 Act.
1359 2119 1399 2141 rx.
1430 2111 1456 2138 5.
1507 2111 1529 2126 "
1544 2110 1628 2138 Evoti.

650 2201 828 2229 VARIORUM
853 2199 970 2230 NOT/E.

59 2259 316 2300 t94)_'E1-§lpajwr.
333 2263 444 2290 Auctior
467 2268 509 2291 est
525 2263 595 2291 idem
620 2264 705 2297 liber,
733 2272 798 2292 voce

852 2264 885 2300 ab
904 2268 1016 2291 auctore
1030 2264 1166 2291 sermonis
1183 2263 1220 2290 De
1229 2272 1283 2290 uno
1301 2262 1460 2300 legislqlore.
1476 2260 1585 2300 tom.‘Vl
1600 2262 1629 2290 Β,

29 2298 159 2329 πρεσϐεῖα.
175 2298 243 2325 Cor.

60 2329 112 2367 (θὸ)
129 2333 160 2358 Ol
185 2332 334 2367 δεκατρεῖς
348 2333 520 2360 ἀπόστολοι.
547 2333 646 2361 Eodem
666 2333 746 2360 modo
768 2333 797 2361 S.

29 2362 181 2402 Ambrosius
197 2362 279 2394 initio
297 2362 359 2395 libri
384 2367 421 2394 De
442 2368 662 2395 benedictionibus
682 2369 799 2402 patriar-

30 2397 139 2438 fharurn,
152 2401 398 2438 Paulumiappellat
412 2403 522 2438 tertium
539 2403 672 2430 decimum
682 2397 797 2438 aposto-

30 2432 89 2478 l_u_m_.
104 2435 138 2478 'At
148 2432 325 2478 _quibusd_ai1i
336 2457 343 2478 ε
358 2438 429 2478 apud
445 2437 636 2478 Hieronymum
657 2437 692 2478 ad
704 2432 799 2478 'caput

30 2473 81 2507 ξτιι
104 2469 180 2507 Isaia}
193 2491 201 2503 ,
216 2473 313 2499 tertius
327 2469 450 2500 decimus
469 2469 607 2507 apostolus
623 2476 666 2500 est
679 2469 798 2501 Jacobus

31 2500 237 2543 fraterpornini.
253 2507 375 2543 decimus
390 2500 503 2543 quartus
518 2506 636 2543 Paulus:
653 2515 705 2543 qua
721 2500 758 2535 de
771 2516 800 2535 re

31 2537 154 2578 Kalendas
175 2540 322 2578 Procopius
342 2537 467 2578 adidem
483 2547 573 2578 caput.
593 2537 669 2578 Mitto
682 2543 752 2577 quod
771 2542 799 2570 S.

31 2569 140 2613 Basilius
160 2576 246 2613 elogio
262 2569 493 2613 ’τρισκαιδεκάτου
504 2569 652 2603 ἀποστόλου
664 2569 801 2605 ἰιίνοιιίιιιι·

33 2611 147 2645 ornatus.
162 2611 270 2645 aliique.
289 2611 326 2639 in.

63 2642 116 2684 (96)
134 2644 174 2679 Τῇ
188 2642 277 2684 φῦσει
293 2645 604 2684 ἀρχιερεύς-’βσωὶηεε
618 2647 703 2682 gratia
718 2647 765 2674 Dei
775 2651 803 2674 ct

34 2675 171 2711 adoptione
186 2675 418 2714 pontiﬁces-ﬁunt
430 2675 580 2708 {Christus
602 2675 691 2708 aiitcm
708 2690 802 2710 vocari

33 2715 114 2751 potest
128 2715 369 2751 naturapongfex,
380 2716 432 2742 hoc
443 2719 485 2751 est
494 2716 657 2751 proprietate
669 2723 700 2743 ac
707 2722 800 2744 aucto-

32 2749 115 2782 [ιβιδ.
128 2748 204 2782 juxta
218 2748 283 2777 illud
296 2749 455 2777 Tertulliani
465 2748 626 2778 tv‘aduersus
638 2751 799 2779 Marcionem

34 2778 250 2821 ἷιῇιριιῖήεηιίιιιε
262 2784 432 2821 pontifechi
443 2785 545 2821 Patris.
558 2791 583 2812 et
592 2786 637 2813 lib.
646 2794 672 2818 ν,
686 2794 745 2821 cap.
760 2778 798 2815 ﬁt

34 2813 144 2857 ξὶᾔνὶξριιι
150 2813 267 2857 proprius.
273 2825 298 2846 et
308 2813 437 2857 legitimus
445 2820 530 2857 Deian
534 2813 679 2857 tistes,rnoii
688 2813 733 2856 qui
738 2813 797 2850 (leni

65 2857 77 2875 r
85 2851 259 2891 divinitatem,
266 2851 379 2891 proprie
386 2855 520 2891 loquendo
532 2865 538 2882 :
554 2856 625 2890 quod
634 2851 758 2884 Arianice
765 2858 799 2885 ab

53 2885 140 2913 usebio
152 2892 211 2922 pust
227 2885 369 2923 Origenem
381 2885 523 2923 ass'eritur,
534 2885 672 2919 Ca'tholice
682 2897 796 2928 negatur

45 2882 50 2889 ν

852 2299 1057 2334 Chrysostomi;
1073 2299 1120 2326 sed
1135 2307 1182 2333 per
1193 2306 1314 2334 carnem,
1331 2301 1359 2323 ut
1373 2298 1409 2322 ait
1422 2297 1491 2334 idem
1502 2298 1628 2334 scriptor,

853 2331 962 2361 secutus
974 2334 1002 2361 S.
1018 2331 1196 2361 Athanasium
1212 2333 1239 2360 in
1254 2332 1356 2364 majore
1375 2332 1496 2358 oratione
1516 2331 1552 2357 De
1567 2332 1628 2365 ﬁde,

852 2369 922 2403 apud
930 2369 1135 2401 Theodoritum,
1145 2369 1250 2404 dialogo
1257 2367 1284 2394 ἓ.
1297 2367 1354 2394 Dixi
1363 2366 1627 2404 proprieloquemlo;

852 2400 925 2438 quia,
941 2404 1022 2431 latius
1043 2409 1182 2439 acceptum
1196 2400 1293 2439 nomen
1314 2400 1459 2439 pontiﬁcis.
1476 2400 1564 2439 _Verbo
1583 2401 1629 2428 Dei

852 2436 905 2466 non
918 2440 998 2473 impie
1006 2436 1181 2469 tribueretur,
1190 2438 1333 2473 etChristo
1348 2436 1627 2473 riondumincarnato.

853 2477 883 2500 ut
897 2470 1091 2501 charismatum
1105 2478 1279 2508 paternorum
1290 2492 1298 2504 ,
1310 2472 1443 2508 donorum
1459 2470 1504 2508 Dei
1521 2472 1629 2498 univer-

852 2509 902 2536 sali
920 2505 1286 2536 distributorifCatholicum
1306 2506 1398 2533 Patris
1409 2505 1568 2533 sacerdotem
1581 2514 1629 2541 ap-

852 2543 934 2578 pellat
948 2543 1131 2578 Tcrtullianus
1146 2552 1171 2570 Iv
1180 2543 1255 2570 citati
1270 2542 1366 2578 Operis
1377 2541 1422 2578 lib.
1436 2549 1495 2578 cap.
1508 2541 1629 2578 9LCcrtc

852 2576 970 2614 Cyrillus
987 2577 1259 2613 Hierosolyntitanus.
1278 2576 1445 2614 iricatecliesi
1523 2576 1627 2614 Christi

853 2611 1035 2641 sacerdotium
1044 2613 1100 2640 vult
1108 2611 1167 2640 esse
1175 2617 1317 2643 aeternum.
1325 2613 1426 2646 absque
1435 2612 1512 2638 initio
1521 2618 1551 2637 ac
1564 2611 1626 2638 ﬁne.

853 2647 882 2675 ln
896 2647 1034 2675 Anastasii
1051 2647 1222 2675 Colleclaneis
1234 2656 1259 2682 p.
1271 2647 1338 2674 ηδε
1352 2647 1434 2673 Unius
1448 2652 1544 2672 natura
1559 2646 1627 2681 regis

855 2689 1008 2710 cunctarum
1038 2683 1103 2714 Dei,
1119 2688 1215 2709 natura
1240 2683 1321 2709 etiam
1336 2682 1366 2709 ob
1382 2682 1494 2708 salutem
1508 2685 1626 2706 nostram

849 2719 981 2752 pontiﬁcis
1007 2719 1082 2752 facti.
1098 2726 1164 2744 unus
1186 2722 1242 2745 erat
1263 2722 1337 2752 typus
1359 2715 1553 2752 Melchisedech.
1586 2714 1625 2752 In.

886 2749 942 2797 (97,2
965 2755 994 2779 ὀ
1007 2749 1183 2786 πιστεύσας.
1205 2749 1383 2780 εοίιῖνῑιια,
1409 2751 1462 2781 πᾶς
1481 2751 1495 2776 ὁ
1515 2749 1626 2776 πιστεύ-

851 2797 908 2815 σας.
924 2791 1007 2815 (Σιειι.

885 2797 1118 2858 (θῶιὲξέέρανος,
1136 2822 1263 2849 Scholion
1278 2820 1464 2858 hic_additur_:
1476 2819 1559 2846 Ποίαν
1563 2818 1627 2858 ῥια.

849 2853 940 2885 κονίαν
955 2853 1027 2918 λέγει
1041 2853 1240 2892 ἐγχειρισθῆναι
1263 2856 1307 2883 τὸν
1322 2855 1398 2889 ἅγιον
1418 2855 1544 2890 μάρτυρα
1562 2853 1626 2881 Στέ-

849 2901 939 2918 ωανον,
967 2901 993 2918 ιι.

849 2901 939 2927 φανονρ
957 2901 993 2921 ιιι.
