1892 3105
18 158 80 188 H51

541 161 866 192 RECOGNITIONES.—
884 163 1063 193 PROCEMIA.

1574 167 1638 195 1158

16 248 1205 263 --σ---ς----

59 348 835 428 RECOGNITIONES
896 349 977 428 S.
1031 350 1597 429 CLEMENTIS.

407 598 753 658 VETERUM
806 597 1252 656 TESTIMONIA

252 728 324 772 DE
365 726 925 777 RECOGNITIONIBUS
963 727 1399 772 CLEMENTINIS.

503 844 665 879 (Causam,
688 841 745 871 Vel.
765 843 842 871 Patr.
859 843 998 877 Bibliollt.,
1012 843 1034 877 l,
1054 842 1128 878 ΞΗ.)

295 1116 444 1151 Οιιιοιςιιεε,
455 1121 530 1144 ῑοιιιο
546 1115 579 1143 Ill
589 1115 846 1144 Commentariorum
859 1117 886 1143 in
899 1115 1019 1144 Cenexim
1030 1137 1037 1148 ,
1052 1117 1079 1143 in
1092 1116 1248 1145 Pliilccntia:
1261 1124 1321 1152 cap.
1338 1118 1383 1146 22.

47 1211 100 1238 Καὶ
114 1209 236 1245 Κλήμης
245 1209 274 1236 δὲ
288 1209 303 1236 ὁ
319 1209 453 1244 Ῥωμαῖος
461 1227 469 1240 ,
482 1207 585 1251 Πέτρου
595 1207 744 1234 ἀποστόλου
753 1215 804 1242 μα-

892 1206 925 1233 Et
940 1214 1005 1235 vero
1020 1207 1147 1235 Clemens
1166 1207 1306 1236 Romanus
1318 1228 1326 1241 ,
1341 1208 1414 1236 Petri
1433 1209 1548 1245 apostoli
1561 1208 1645 1237 disci-

18 1257 105 1292 ᾕητὴς,
126 1255 237 1291 συνῳδὰ
253 1255 357 1286 τούτοις
373 1255 402 1281 ὲν
415 1254 454 1290 τῷ
473 1253 587 1289 παρόντι
611 1253 782 1289 προσλήματι
794 1272 802 1285 ,

18 1303 82 1338 πρὸς
97 1303 143 1329 τὸν
158 1302 280 1337 Πατέρα,
295 1301 324 1328 ὲν
339 1299 484 1335 Λαοδικείᾳ
494 1299 577 1326 εἰπὼν
590 1300 619 1326 ὲν
630 1300 689 1330 ταῖς
707 1299 803 1335 Περιό-

17 1348 77 1380 δοις,
91 1348 307 1382 ἀναγκαιότατον
321 1355 347 1374 τι
360 1347 407 1373 ἐπὶ
422 1346 494 1372 τέλει
507 1345 561 1372 τῶν
576 1345 703 1372 τοιούτων
716 1345 803 1380 λόγων

18 1395 90 1430 φησὶ,
105 1395 173 1430 περὶ
187 1394 240 1420 τῶν
247 1394 296 1430 τῆς
311 1393 443 1428 γενέσεως
456 1392 605 1419 δοκούντων
621 1391 803 1428 ὲμὸεϐηκέναι

18 1441 63 1476 (2),
73 1440 145 1476 λόγῳ
160 1438 464 1476 τεσσαρεσκαιδεκάτῳ·
480 1437 537 1466 Καὶ
546 1439 563 1466 ὁ
570 1437 681 1473 Πατήρ,
693 1447 719 1465 κ.
733 1447 759 1465 τ.
776 1438 802 1466 λ.

54 1663 117 1692 Tale
133 1663 236 1699 aliquid
252 1663 318 1691 dicit
333 1667 359 1690 et
375 1662 473 1691 Petrus
485 1662 518 1690 ad
533 1662 719 1695 Clementem;
735 1671 806 1698 quo-

22 1710 90 1737 niam
103 1717 188 1745 opera
201 1710 272 1737 bona
283 1717 342 1744 quae
358 1709 426 1736 ﬁunt
437 1709 471 1736 ab
484 1709 650 1739 inﬁdelibus.
663 1709 689 1735 in
700 1709 750 1736 hoc
759 1716 808 1736 sae-

22 1756 80 1782 culo
92 1756 132 1783 eis
149 1759 280 1790 prosunt;
300 1763 354 1782 non
370 1759 397 1782 et
418 1754 445 1781 in
466 1755 521 1787 illo,
537 1754 571 1781 ad
586 1752 806 1788 consequendam

22 1802 98 1829 vitam
111 1807 255 1830 aeternam.
269 1801 301 1828 Et
316 1802 526 1834 convenienter;
543 1801 607 1836 quia
621 1807 672 1828 nec
687 1800 726 1827 illi
742 1807 806 1835 pro-

857 1254 949 1288 pulus,
965 1253 1009 1281 his
1024 1258 1208 1282 consentanea
1226 1254 1260 1282 de
1284 1255 1413 1290 praesenti
1432 1256 1593 1291 quaestione,
1610 1257 1645 1284 ad

855 1297 975 1331 Patrem,
993 1298 1134 1327 Laodiceae
1148 1299 1176 1327 in
1197 1298 1322 1328 Periodis
1336 1301 1395 1336 (seu
1417 1301 1644 1336 Circuitionibus)

855 1345 985 1378 locutus;
1008 1345 1042 1372 ad
1066 1345 1148 1373 ﬁnem
1171 1346 1327 1382 hujusmodi
1345 1355 1501 1375 sermonum
1515 1368 1522 1380 ,
1542 1347 1645 1383 aliquid

856 1392 975 1420 maxime
989 1393 1175 1420 necessarium
1187 1393 1301 1429 profert.
1309 1393 1344 1422 de
1355 1395 1389 1422 iis
1406 1402 1466 1430 quae
1480 1402 1529 1430 per
1540 1395 1646 1430 genitu-

857 1447 916 1467 ram
930 1439 1058 1467 videntur
1081 1440 1224 1474 evenisse;
1254 1441 1380 1469 oratione
1395 1441 1502 1469 decima
1525 1445 1644 1478 quarta:

858 1483 893 1512 Et
908 1484 997 1519 Pater,
1012 1489 1066 1514 etc.
1088 1483 1223 1521 Recognit.
1235 1486 1284 1515 lib.
1301 1495 1329 1520 ι,
1344 1494 1406 1522 cap.
1421 1487 1463 1516 l0.

589 1572 665 1605 lusu,
685 1574 718 1602 ad
736 1573 854 1602 Matthei
867 1583 941 1608 uvn,
962 1574 989 1608 6,
1007 1578 1061 1608 etc,

857 1804 902 1832 38.

22 1853 77 1883 pter
92 1848 177 1877 Deum
193 1848 309 1881 faciunt.
322 1847 370 1876 sed
381 1853 491 1884 propter
507 1849 595 1884 ipsam
611 1850 738 1874 naturam
754 1847 806 1874 hu-

55 2141 168 2173 Librum
182 2148 249 2170 vero
258 2141 304 2176 qui
315 2141 399 2168 Actus
411 2140 483 2168 Petri
494 2141 536 2169 di—

22 2187 100 2220 citur,
115 2193 143 2216 et
159 2187 336 2222 Evangelium
351 2187 412 2222 ejus
427 2188 538 2215 nomine

24 2233 195 2269 inscriptum,
209 2232 332 2268 ejusdem
347 2240 457 2268 quoque
465 2232 538 2260 Prte-

24 2278 167 2307 dicationis
189 2283 217 2307 et
234 2278 417 2306 Revelationis
436 2278 538 2311 libros,

24 2332 71 2359 pro
96 2325 241 2353 catholicis
268 2324 378 2359 scriptis
399 2331 538 2359 nunquam

24 2377 80 2398 esse
97 2371 207 2399 habitos
221 2374 345 2404 constat;
368 2369 539 2406 quandoqui-

25 2416 83 2444 dem
106 2425 158 2446 nec
179 2418 359 2445 vetustiorum
382 2417 537 2453 quisquamI

26 2472 73 2491 nec
83 2465 266 2493 recentiorum
284 2464 412 2492 Ecclesia
426 2465 539 2500 scripto-

26 2518 94 2543 rum,
114 2511 259 2547 desumpto
277 2511 356 2540 exiis
372 2511 449 2539 libris
460 2512 538 2539 testi-

26 2556 115 2585 monio
127 2565 195 2586 usus
206 2557 266 2585 fuit.

812 1933 844 1961 ll.

540 2015 682 2047 Eussmus,
698 2012 801 2042 Hister.
815 2013 878 2041 eccl.
892 2013 939 2040 lib.
960 2020 1002 2045 ιιι,
1016 2020 1077 2046 cap.
1092 2012 1118 2038 5.

605 2137 642 2163 Τὸ
661 2137 711 2172 μὲν
729 2136 783 2163 τῶν
801 2135 1024 2171 ὲπικεκλημὲνων
1047 2134 1092 2160 αὐ-

571 2182 619 2209 τοῦ
641 2182 771 2218 Πρὰξεων
784 2201 792 2213 ,
813 2182 861 2208 καὶ
882 2181 912 2207 τὺ
927 2181 991 2207 κατ’
1011 2179 1092 2207 αὑτὸν

574 2227 767 2264 ὠνομασμένον
779 2227 954 2262 Εὑαγγέλιον,
965 2226 995 2253 τό
1010 2235 1040 2252 τε
1048 2226 1093 2252 λε-

575 2275 690 2310 γόμενον
711 2274 793 2302 αὐτοῦ
811 2275 959 2310 Κήρυγμα,
982 2273 1029 2300 καὶ
1043 2273 1093 2309 τὴν

576 2319 746 2356 καλουμένην
787 2319 970 2354 Ἀποκάλυψιν
986 2338 994 2351 ,
1028 2319 1075 2346 οὐδ
1085 2320 1092 2330 ¹

576 2366 644 2398 ὅλως
659 2367 687 2393 ὲν
709 2365 862 2397 καθολικοῖς
880 2365 959 2400 ῐσμεν
979 2364 1092 2400 παραδε-

576 2412 690 2449 δομένα·
714 2412 756 2439 δτι
777 2413 845 2448 μήτε
869 2411 1000 2448 ἀρχαίων,
1026 2412 1094 2447 μήτε

573 2459 628 2487 τῶν
642 2459 708 2488 καθ’
721 2459 794 2496 ἡμᾶς
812 2467 855 2490 τις
869 2457 1094 2494 ἐκκλησιαστικὸς

575 2511 761 2547 συγγραφεὺς,
786 2511 846 2541 ταῖς
859 2508 889 2542 ἐξ
904 2509 992 2536 αὐτῶν
1013 2517 1092 2535 συνε-

575 2557 696 2592 χρήσατο
707 2555 879 2592 μαρτυρίαις.

857 1672 976 1691 manam.
993 1663 1044 1697 Qui
1064 1667 1153 1691 autem
1170 1667 1282 1699 propter
1303 1663 1386 1690 Deum
1410 1664 1522 1696 faciunt,
1545 1664 1572 1691 id
1601 1666 1644 1692 est

857 1710 966 1742 ﬁdeles;
978 1718 1033 1737 nou
1049 1710 1138 1737 solum
1152 1711 1179 1736 in
1192 1710 1244 1737 hoc
1255 1710 1355 1737 saeculo
1369 1710 1476 1744 proiicit
1490 1711 1540 1741 eis.
1557 1710 1603 1738 sed
1617 1713 1646 1737 et

859 1758 886 1784 in
898 1758 963 1790 illo;
980 1757 1067 1793 magis
1081 1760 1173 1784 autem
1189 1757 1217 1784 in
1235 1757 1293 1784 illo.
1316 1756 1428 1791 Recogn.
1446 1757 1495 1784 lib.
1516 1764 1565 1789 vn,
1579 1763 1642 1791 cap.

1245 2101 1287 2128 Ex
1303 2101 1417 2129 versione
1431 2101 1529 2133 Ruﬁni.

1163 2146 1211 2175 ille
1221 2155 1286 2176 vero
1298 2147 1406 2175 libellus
1417 2148 1463 2183 qui
1475 2147 1577 2174 dicitur
1592 2146 1646 2173 Ac-

1128 2199 1173 2222 tus
1195 2194 1286 2226 Petri,
1304 2197 1332 2221 ct
1357 2194 1430 2229 quod
1455 2193 1565 2220 nomine
1586 2192 1646 2227 ejus

1129 2241 1305 2277 Evangelium
1317 2243 1501 2275 nuncupatur,
1511 2238 1558 2266 sed
1566 2242 1591 2265 et
1600 2238 1646 2272 qui

1129 2289 1230 2316 dicitur
1239 2287 1299 2323 ejus
1309 2286 1472 2315 Praedicatio
1481 2286 1523 2314 vel
1538 2284 1647 2312 Revela-

1129 2335 1168 2364 tio
1178 2355 1186 2367 ,
1201 2335 1230 2362 in
1246 2334 1397 2370 Scriptnris
1407 2340 1520 2369 prorsus
1534 2331 1647 2359 canoni-

1130 2383 1171 2410 cis
1188 2390 1242 2410 non
1262 2382 1407 2410 habentur.
1429 2380 1481 2408 Sed
1496 2388 1531 2408 ne
1550 2379 1649 2414 aliquis

1130 2427 1241 2463 quidem
1267 2426 1432 2462 scriptorum
1453 2429 1586 2454 veterum.
1608 2423 1649 2450 uti

1129 2480 1223 2501 eorum
1240 2472 1404 2500 testimoniis
1418 2471 1564 2499 invenitur.
1582 2469 1648 2505 Lege

1130 2518 1322 2553 Nicephorum,
1341 2517 1387 2545 lib.
1409 2524 1439 2549 ιι,
1454 2524 1515 2552 cap.
1530 2515 1575 2544 46,

29 2657 64 2684 De
80 2658 119 2685 his
133 2657 241 2685 Actibus
256 2657 340 2689 Petri,
361 2658 389 2685 in
406 2658 500 2692 quibus
516 2658 630 2685 contenti
643 2657 763 2692 videntur
777 2656 839 2683 libri
856 2655 1092 2692 Recognitivinlim.
1110 2654 1176 2692 item
1194 2651 1571 2692 (ιε-(ιιίἰῆβῂςεᾱεηιπῃοιηὶηἰε,
1587 2659 1646 2692 cgn-

61 2693 113 2729 §uli
125 2686 436 2729 debentﬂlieronymus,
452 2693 535 2727 infra,
550 2693 671 2729 Isidorus
685 2691 835 2729 l’elusiota,
849 2692 896 2729 litt.
908 2686 1024 2729 ulepist.
1041 2688 1284 2729 99i‘Philnstrius.
1345 2687 1510 2729 hatresibuah
1525 2695 1582 2722 cap.
1592 2686 1646 2729 ως

62 2727 235 2756 Innocentius
270 2735 331 2763 apa.
343 2722 464 2763 ἐνῆκε.
480 2722 540 2764 ἒαρ.
560 2728 590 2760 7;
607 2727 742 2756 Gelasius.
760 2730 788 2757 in
801 2722 913 2755 concilio
932 2722 1067 2758 Romano;
1081 2724 1207 2756 Photius,
1220 2732 1279 2751 cum
1295 2723 1366 2753 intra
1391 2729 1446 2750 tum
1460 2722 1520 2750 cod.
1537 2730 1613 2756 cxiv,
1624 2727 1649 2749 et

63 2762 229 2791 Siaebertus.
243 2737 281 2791 ge
296 2764 362 2791 viris
375 2764 539 2791 illustribus.
554 2771 612 2791 can.
628 2764 653 2791 l.

63 2762 229 2798 Sigebertus,

296 2764 362 2792 viris
375 2764 539 2796 illustribus.
554 2771 612 2798 cap.
628 2764 653 2791 l.

64 2886 101 2922 (2)
112 2885 328 2923 Ἐμόεδηκέναω
344 2883 424 2912 Forte
436 2882 615 2919 ἐκϐεϐηκέναι
