1892 3105
201 121 270 150 “59

233 224 349 258 Quidam
366 231 449 259 porro
469 224 521 252 alia
536 223 618 250 ctiam
636 230 719 259 opera

199 270 305 306 prolixa
329 273 357 298 et
379 271 492 305 copiosa
516 269 568 297 sub
582 269 643 304 ejus
667 277 719 297 no-

199 317 273 344 mine
287 315 344 343 heri
359 323 392 343 ac
409 316 607 344 nudiustertius
626 315 654 343 in
678 315 720 343 lu-

199 368 258 388 cem
287 360 479 395 protulerunt:
507 364 572 395 puta
595 359 667 387 Petri
690 363 718 388 et

200 405 314 441 Apionis
347 405 572 441 disputationes;
601 413 717 440 quorum

200 451 273 486 apud
295 451 423 486 antiquos
447 451 521 478 nulla
545 450 657 478 omnino
671 457 719 478 ex—

200 500 255 526 stat
273 498 385 525 mentio.
401 496 493 532 Neque
514 497 587 524 enim
612 496 719 523 sincera

199 546 282 570 recta!
308 542 371 570 ﬁdei
395 542 430 569 a-h
456 542 587 577 apostolis
613 541 719 568 tradita:

200 590 265 615 nota
286 587 313 614 in
337 586 391 615 illis
417 594 547 621 expressa
571 587 716 622 reperitur.

200 631 268 667 Lege
286 632 395 659 Maximi
417 632 561 668 Prologum
580 632 608 658 in
630 631 717 666 Opera

201 677 334 713 Dionysii.

607 118 637 148 S.
653 119 851 148 CLEMENTIS
868 119 877 147 Ι
893 119 977 148 ROM.
995 119 1097 148 PONT.
1115 119 1230 149 OPERA
1248 118 1360 148 DUBIA.

776 175 850 203 Idem
863 175 1004 207 Eusssius,
1023 175 1073 203 lib.
1089 183 1131 207 In.
1145 183 1197 211 cap
1208 176 1255 204 38.

793 221 861 257 Ἤδη
878 222 906 248 δὲ
925 221 971 248 καὶ
990 221 1072 257 ἔτερα
1088 221 1209 257 πολυεπῆ
1228 222 1276 248 καὶ⁵

757 267 852 304 μακρὰ
871 267 1088 303 συγγράμματα,
1104 268 1142 300 ὡς
1159 268 1207 294 τοῦ
1224 268 1274 295 αὐ-

754 313 812 345 τοῦ,
823 314 885 349 χθὲς
902 314 947 340 καὶ
961 313 1056 349 πρώην
1067 313 1139 345 τινὲς
1153 314 1275 349 προήγα-

753 369 812 396 γον,
826 361 929 396 Πέτρου
942 360 974 396 δὴ
987 361 1033 387 καὶ
1041 359 1171 391 Ἀπίωνος
1188 360 1277 387 διαλό-

754 414 819 440 γους
851 405 1026 441 περιέχοντα·
1053 401 1091 432 ὧν
1118 405 1177 432 οὐδ’
1208 404 1276 436 ὅλως

757 452 849 487 μνήμη
867 459 908 482 τις
924 450 1000 486 παρὰ
1015 451 1072 482 τοῖς
1089 450 1213 482 παλαιοῖς
1227 450 1275 485 φέ-

757 505 841 533 ρεται.
858 497 926 523 Οὐδὲ
937 496 990 532 γὰρ
1006 495 1126 532 καθαρὸν
1141 496 1190 532 τῆς
1204 497 1274 522 ἁπο-

755 543 880 578 στολικῆς
901 541 1055 578 ὀρθοδοξίας
1074 542 1210 575 ἀποσώζει
1229 542 1275 569 τὸν

754 588 926 624 χαρακτῆρα.

1767 123 1842 151 “60

1427 176 1466 204 Ex
1477 177 1587 213 interpr.
1605 177 1709 213 Ruﬁni.

1347 222 1402 251 Sed
1418 227 1445 251 et
1460 224 1512 251 alia
1536 223 1598 258 ejus
1621 223 1759 259 opuscula
1783 233 1841 252 non

1310 269 1423 296 minima
1441 277 1455 296 a
1470 270 1610 297 nonnullis
1626 270 1723 302 haberi
1746 271 1842 305 perhi-

1311 314 1427 348 bentur;
1441 315 1516 342 velut
1527 314 1601 342 Petri
1610 321 1638 343 et
1649 316 1770 351 Apionis
1780 316 1841 344 dis-

1314 360 1434 395 putatio;
1461 368 1521 395 quaz
1537 361 1565 387 in
1589 369 1642 388 usu
1664 368 1680 398 εξ
1697 361 1840 388 veteribus

1312 406 1406 433 habita
1429 406 1540 433 minime
1569 406 1744 441 reperimus;
1773 407 1839 442 quia

1311 460 1362 480 nec
1376 461 1442 488 pura
1463 453 1490 480 in
1504 452 1544 480 eis
1556 457 1584 480 et
1596 453 1761 487 incorrupta
1773 461 1840 488 apo—

1311 498 1414 526 stolicae
1435 498 1497 525 ﬁdei
1518 497 1612 532 regula
1637 497 1779 525 mansisse
1791 496 1840 525 de-

1311 544 1499 579 prehenditur.
1516 543 1582 579 Lege
1594 543 1713 579 Niceph.
1731 543 1781 571 lib.
1795 551 1837 575 in.

1310 597 1371 625 cap.
1387 590 1432 618 l8.

201 736 241 764 De
265 735 463 776 Disputatione_
471 736 543 776 Petri
566 741 599 776 et
616 735 747 776 Apionis;
757 743 816 776 qua:
828 735 937 776 .videtur
951 734 1035 769 fuisse
1104 741 1167 776 pars
1182 733 1225 776 pie!
1250 732 1379 776 appendix
1403 731 1545 776 Clementi:
1561 728 1797 773 [iecognitionum
1812 735 1837 757 ει

449 772 565 798 Actuum
582 767 653 799 Petri
666 771 723 799 ride
738 767 810 805 in'fra
825 771 852 798 in
863 767 1039 805 Hieronymo,
1054 767 1152 797 PhOtio
1164 773 1191 797 et
1200 768 1321 796 Honorio
1334 767 1587 804 Augustodunensi.

993 880 1040 908 Ill.

677 960 707 988 S.
725 959 911 992 Arnamsws,
926 959 954 986 in
967 957 1084 994 Synopsi
1097 966 1183 986 sacra:
1198 958 1356 992 Scriptum.

237 1029 337 1057 lterum
352 1029 415 1056 libri
430 1027 497 1056 Novi
517 1028 685 1056 Testamenti
700 1029 802 1063 quibus
818 1027 986 1056 contradici-
1000 1030 1024 1058 Α
1072 1026 1087 1053 Ί

1072 1026 1129 1062 Τῆς
1151 1026 1224 1058 Νέας
1246 1026 1328 1053 πάλιν
1350 1026 1488 1062 Διαθήκης
1513 1025 1718 1060 ἀντιλεγόμενα
1740 1025 1824 1052 ταῦτα

200 1078 257 1108 tur,
270 1079 334 1103 sunt
350 1085 356 1103 :
373 1074 513 1103 Circuitus
527 1074 600 1102 Petri
611 1094 619 1107 ,
636 1079 690 1102 etc.
708 1074 746 1102 Ex
761 1074 862 1110 quibus
879 1067 987 1102 veriora

199 1126 228 1149 et
246 1129 262 1148 a
284 1121 339 1149 Deo
360 1120 507 1156 inspirata,
524 1121 610 1148 electa
625 1123 690 1148 sunt
712 1127 744 1147 ac
763 1120 909 1148 translata.
926 1119 988 1147 Haec

200 1171 265 1195 sunt
278 1174 338 1203 quae
352 1167 488 1202 leguntur.
500 1170 553 1194 etc.

1040 1072 1162 1108 Περίοδοι
1181 1072 1296 1108 Πέτρου,
1311 1076 1364 1100 etc.
1389 1072 1432 1105 Ἐξ
1448 1069 1486 1099 ὧν
1504 1071 1740 1107 μετεφράσθησαν
1763 1071 1838 1098 ἐκλε-

1042 1119 1125 1154 γέντα
1137 1118 1171 1145 τὰ
1187 1118 1354 1155 ἀληθέστερα
1367 1119 1414 1148 κά
1423 1118 1602 1146 θεόπνευστα.
1614 1118 1713 1144 Ταῦτα
1721 1117 1757 1144 τὰ
1770 1118 1835 1144 ἀνα-

1041 1164 1239 1200 γινωσκόμενα.
1256 1169 1309 1192 etc.

628 1344 658 1372 S.
675 1344 848 1376 EPIPIIANIUS,
859 1343 954 1371 hwresi
968 1352 1032 1377 xxx,
1049 1343 1248 1376 Ebiouworum.
1263 1352 1340 1372 num.
1357 1345 1398 1372 15.

234 1416 355 1444 Utuntur
370 1417 459 1442 autem
476 1417 505 1441 et
523 1413 585 1441 aliis
598 1411 763 1448 quibusdam
781 1411 871 1443 libris,
890 1417 988 1445 nempe

202 1463 238 1491 iis
255 1461 303 1498 qui
317 1464 450 1489 vocantur
470 1459 609 1487 Circuitus
630 1458 714 1490 Petri,
730 1466 746 1485 a
760 1457 899 1485 Clemente
922 1464 990 1483 con«-

202 1508 297 1543 scripti
314 1517 321 1535 :
340 1511 422 1542 atque
436 1513 467 1533 ea
491 1505 600 1540 quidem
617 1512 678 1540 quae
697 1505 724 1532 in
744 1504 798 1531 illis
812 1503 990 1531 continentur

202 1555 394 1587 corruperunt,
407 1558 494 1586 pauca
510 1553 599 1577 autem
611 1557 675 1577 vera
686 1549 857 1584 reliquerunt
874 1557 881 1575 :
893 1555 986 1583 quem-

203 1597 349 1626 admodum
365 1604 414 1624 eos
435 1596 494 1631 ipse
510 1595 637 1623 Clemens
651 1595 778 1621 omnibus
792 1593 882 1621 modis
894 1592 989 1620 redarm

202 1645 270 1681 guit,
286 1651 334 1679 per
344 1642 475 1678 epistolas
488 1641 638 1669 circulares
652 1648 724 1676 quas,
736 1640 770 1667 ab
784 1647 817 1667 eo
831 1638 950 1674 scriptae,
961 1638 988 1666 in

1075 1410 1202 1447 Χρῶνται
1213 1411 1242 1438 δὲ
1255 1412 1303 1438 καὶ
1317 1411 1411 1443 ἄλλαις
1424 1411 1479 1438 τισὶ
1491 1411 1603 1447 βίϐλοις,
1616 1412 1698 1448 δῆθεν
1707 1413 1772 1445 ταῖς
1784 1413 1834 1439 Πε-

1042 1456 1138 1492 ριόδοις
1154 1456 1334 1492 καλουμέναις
1342 1457 1456 1493 Πέτρου,
1467 1459 1527 1489 ταῖς
1539 1457 1583 1484 διὰ
1594 1458 1760 1494 Κλήμεντος
1773 1467 1835 1494 γρα-

1041 1502 1149 1537 φείσαις
1161 1511 1167 1516 ·
1180 1502 1354 1535 νοθεύσαντες
1366 1504 1416 1538 μὲν
1430 1504 1464 1530 τὰ
1473 1505 1503 1530 ἐν
1516 1504 1621 1536 αὑταῖς,
1637 1504 1720 1538 ὀλίγα
1734 1505 1764 1531 δὲ
1775 1505 1835 1540 ἀλη-

1041 1548 1103 1577 θινὰ
1116 1549 1260 1581 ἐάσαντες·
1276 1549 1314 1581 ὡς
1328 1549 1409 1582 αὐτὸς
1417 1550 1533 1586 Κλήμης
1543 1551 1644 1582 αὐτοὺς
1660 1551 1737 1577 κατὰ
1751 1551 1834 1578 πάντα

1042 1595 1160 1632 ιλέγχει.
1177 1596 1231 1630 ἀφ’
1247 1592 1284 1622 ὧν
1298 1595 1417 1632 ἔγραψεν
1439 1596 1603 1623 Ἐπιστολῶν
1618 1597 1777 1631 ἐγκυκλίων
1786 1598 1836 1624 τῶν

1042 1643 1072 1669 ὲν
1086 1643 1147 1674 ταῖς
1162 1642 1253 1677 ἁγίαις
1267 1642 1425 1678 ἐκκλησίαις
1439 1642 1718 1678 ἀναγινωσκομένων·
1737 1645 1779 1670 ὅτι
1793 1643 1836 1671 ἆλ-

203 1690 307 1719 sanctis
322 1689 447 1717 ecclesiis
460 1689 598 1723 leguntur.
616 1687 685 1720 Quia
697 1686 780 1713 alium
801 1685 884 1713 habet
893 1684 992 1712 chara-
1007 1687 1028 1715 Β
1041 1687 1087 1715 λον

1062 1697 1087 1715 ον
1111 1688 1168 1724 ἔχει
1187 1688 1346 1724 χαρακτῆρα
1368 1689 1385 1724 ἡ
1406 1688 1502 1715 ἑαυτοῦ
1523 1688 1615 1720 πίστις
1640 1689 1688 1715 καὶ
1713 1690 1729 1716 ὁ
1751 1690 1835 1724 λόγος,

202 1741 305 1764 cterem
318 1735 384 1763 ﬁdes
399 1735 473 1762 illius
486 1742 518 1761 ac
534 1733 632 1764 oratio.
644 1733 679 1760 ab
695 1733 730 1760 iis
744 1740 805 1767 quae
820 1731 871 1759 sub
879 1731 991 1758 nomine

202 1783 263 1818 ejus
278 1782 324 1810 isti
334 1782 363 1809 in
377 1781 545 1808 Circuitibus
558 1781 774 1815 supposuerunt.
793 1776 840 1805 Ille
855 1777 928 1804 enim
938 1777 991 1804 vir-

203 1829 344 1863 ginitatem
356 1828 452 1860 docet;
465 1831 493 1854 at
509 1826 555 1854 isti
570 1825 727 1861 repudiant.
739 1824 786 1851 llle
797 1823 895 1855 Eliam,
914 1822 992 1850 Davi-

203 1875 276 1907 dem,
289 1873 467 1909 Sampsonem
483 1880 632 1907 omnesque
644 1871 792 1907 prophetas
805 1869 990 1902 commendat;

203 1927 274 1956 quos
288 1920 334 1948 isti
350 1919 534 1947 detestantur.
550 1917 645 1953 Itaque
663 1918 690 1944 in
711 1916 880 1944 Circuitibus
899 1916 991 1943 omnia

204 1967 239 1994 ad
255 1974 334 1994 suum
350 1966 505 1993 institutum
528 1963 770 1992 accommodarunt
782 1982 791 1994 ,
811 1970 843 1989 ac
857 1962 891 1990 de
910 1961 992 1988 Petro

204 2012 290 2039 multa
302 2009 444 2038 mendacia
454 2009 647 2036 conﬁnxerunt
663 2017 670 2035 :
687 2006 766 2042 quasi
778 2007 802 2034 is
813 2006 936 2041 quotidie
946 2013 993 2033 ca-

204 2055 341 2084 stimoniae
357 2062 440 2081 causa
455 2053 568 2085 laverit,
586 2053 658 2080 sicut
672 2056 700 2079 et
714 2052 758 2078 isti
778 2051 891 2079 iaciunt.
910 2051 993 2078 Eum-

206 2101 268 2129 dem
284 2101 365 2128 etiam
383 2100 461 2127 aiunt
478 2098 646 2126 abstinuisse
660 2097 694 2124 ab
709 2097 838 2124 animatis
853 2100 880 2124 ct
901 2097 993 2124 carni-

205 2148 268 2179 bus,
282 2151 312 2174 ut
324 2146 374 2181 ipsi
390 2146 489 2178 solent;
505 2147 532 2172 et
552 2144 587 2171 ab
601 2143 675 2170 omni
690 2143 743 2169 alio
760 2142 823 2170 cibo
843 2143 890 2177 qui
909 2150 993 2170 carne

205 2196 329 2226 constet;
342 2190 566 2228 quandoquidem
580 2193 606 2217 et
627 2190 685 2225 ipse
701 2188 788 2216 Ebion
798 2209 806 2221 ,
819 2193 846 2216 et
862 2189 993 2217 Ebionitm

205 2243 319 2271 omnino
333 2243 368 2270 ab
380 2242 414 2270 iis
424 2241 573 2269 abstinent.
585 2239 651 2276 Lege
661 2239 803 2276 Recognit.
815 2240 862 2267 lib.
877 2247 915 2271 iv.
930 2246 991 2274 cap.

206 2291 240 2323 ὃς
253 2290 300 2318 lib.
310 2298 337 2322 ν.
353 2296 414 2324 cap.
425 2287 481 2320 56;
497 2287 544 2314 lib.
562 2295 610 2320 vn,
626 2294 687 2322 cap.
700 2286 728 2321 6,
741 2290 768 2314 et
788 2286 836 2314 lib.
852 2294 914 2318 vui,
929 2293 992 2322 cap.

207 2335 220 2362 l
242 2339 269 2362 et
282 2335 310 2363 2.

1041 1734 1119 1770 παρὰ
1131 1734 1165 1761 τὰ
1178 1734 1231 1761 ὑπδ
1246 1733 1350 1761 τούτων
1366 1735 1406 1766 εἰς
1420 1734 1505 1770 ὕνομα
1521 1734 1604 1761 αὑτοῦ
1619 1735 1649 1761 ἐν
1664 1737 1729 1767 ταῖς
1742 1736 1836 1772 Περιό-

1040 1780 1097 1813 δοις
1112 1781 1300 1816 νενοθευμένα.
1317 1781 1403 1813 Αὐτὸς
1419 1781 1473 1817 γὰρ
1482 1780 1632 1817 παρθενίαν
1639 1780 1779 1812 διδάσκει,
1793 1782 1836 1808 καὶ

1041 1827 1119 1853 αὐτοὶ
1133 1827 1164 1853 οὐ
1179 1827 1401 1862 δέχονται.Δὺτὸς
1417 1827 1471 1862 γὰρ
1486 1825 1655 1862 ἐγκωμιάζει
1671 1826 1782 1858 Ἠλίαν,
1794 1828 1836 1854 καὶ

1042 1872 1134 1904 Δαδὶδ,
1154 1873 1201 1899 καὶ
1217 1872 1347 1908 Σαμψὼν,
1362 1873 1410 1899 καὶ
1427 1872 1529 1904 πάντας
1543 1874 1606 1904 τοὺς
1618 1874 1779 1909 προφήτας,
1794 1873 1835 1905 οὓς

1042 1915 1115 1945 οὗτοι
1130 1918 1324 1954 βδελύττονται.
1347 1919 1391 1946 Ἐν
1404 1919 1464 1950 ταῖς
1477 1917 1524 1945 οὖν
1533 1918 1673 1955 Περιόδοις
1690 1918 1725 1945 τὸ
1739 1919 1834 1949 nivei;

1043 1965 1158 1996 ἑαυτοὺς
1183 1966 1362 2001 μετήνεγκαν,
1382 1965 1620 2000 καταψευσάμενοι
1643 1965 1754 2000 Πέτρου
1771 1965 1834 1992 κατὰ

1043 2011 1158 2043 πολλοὺς
1173 2010 1291 2047 τρόπους
1303 2020 1310 2026 ’
1328 2011 1366 2043 ὡς
1379 2010 1462 2038 αὑτοῦ
1487 2011 1539 2038 καθ
1549 2012 1556 2021 ‘
1573 2011 1683 2047 ἡμέραν
1708 2011 1832 2046 βαπτιζο-

1045 2058 1126 2094 μένοι,
1141 2057 1275 2093 ἁγνισμοῦ
1289 2057 1397 2089 ἕνεκεν,
1415 2057 1541 2092 καθάπερ
1560 2057 1608 2083 καὶ
1626 2054 1713 2083 οὗτοι.
1739 2056 1832 2092 Ἑμψύ-

1043 2114 1098 2140 χων
1111 2113 1141 2131 τε
1154 2104 1199 2131 τὺν
1213 2103 1294 2130 αὑτὸν
1305 2103 1454 2139 ἀπέχεσθαι
1464 2104 1512 2130 καὶ
1522 2103 1622 2139 κρεῶν,
1636 2103 1678 2135 ὠς
1689 2104 1739 2130 καὶ
1754 2100 1829 2133 οὗτοι,

1043 2151 1092 2178 καὶ
1106 2150 1197 2186 πάσης
1212 2150 1296 2185 ἄλλης
1308 2150 1407 2185 ἐδωδῆς
1421 2149 1471 2185 τῆς
1484 2149 1539 2176 ἀπὸ
1561 2150 1674 2185 σαρκῶν
1688 2149 1828 2185 πεποιημὲι

1044 2205 1093 2233 νης
1105 2196 1239 2231 λέγουσιν,
1250 2196 1398 2232 ἐπειδήπερ
1411 2196 1457 2222 καὶ
1473 2195 1554 2226 αὐτὸς
1566 2195 1664 2222 Ἐδίων
1679 2197 1730 2223 καὶ
1747 2195 1830 2222 156:1»-

1044 2245 1115 2270 ντται
1127 2242 1267 2274 παντελῶς
1284 2242 1429 2278 ἀπέχονται
1443 2241 1553 2268 τούτων.

1785 2288 1794 2305 ι

711 2459 740 2487 S.
760 2457 946 2490 llisnournus.
966 2457 1005 2485 De
1018 2458 1068 2485 vir.
1085 2455 1198 2491 illium,
1210 2466 1272 2493 cap.
1289 2458 1316 2485 i.

244 2564 318 2595 Libri
334 2567 435 2597 autem,
453 2570 468 2590 e
478 2562 577 2597 quibus
590 2570 661 2590 unus
675 2561 805 2589 Actorum
821 2561 882 2596 ejus
896 2560 993 2596 (Petri)

210 2611 380 2642 inscribitur,
396 2610 465 2637 alius
479 2609 634 2645 Evangelii,
650 2610 746 2637 tertius
766 2607 974 2635 Praedicationis
984 2629 991 2640 ,

209 2661 325 2692 quartus
342 2655 555 2691 Apocalypseos,
575 2655 687 2690 quintus
705 2654 822 2684 Judicii.
839 2654 912 2680 inter
932 2660 995 2687 apo-

209 2702 328 2739 cryphas
338 2700 488 2736 scripturas
501 2704 662 2736 reputantur
677 2699 729 2735 (ὅ).
746 2698 812 2733 Lege
823 2697 992 2731 Freculium,

210 2753 275 2776 tom.
308 2751 342 2781 ΙΙ,
363 2747 412 2776 lib.
436 2755 464 2780 ι,
485 2755 545 2783 cap.
561 2748 607 2780 ολο,
632 2750 673 2778 et
693 2745 842 2773 Honorium
866 2744 994 2780 August,

211 2802 270 2830 cap.
287 2795 313 2822 1.

249 2863 286 2897 (ἢ
304 2862 472 2896 Repulamur.
488 2863 530 2890 Al.
547 2861 728 2896 repudiantur.

1288 2514 1331 2542 Ex
1350 2515 1460 2551 antiqua
1476 2515 1602 2542 rersione.

1081 2562 1122 2589 Τὰ
1138 2561 1167 2589 δὲ
1187 2562 1401 2598 συγγράμματα,
1421 2561 1493 2588 τοῦτ’
1510 2562 1567 2588 ἔστι
1583 2561 1705 2597 πρῶτον,
1723 2562 1736 2588 ὃ
1749 2558 1828 2594 ἐπιτέ-

1048 2618 1181 2645 γραπται,
1199 2608 1316 2644 Πράξεις
1333 2608 1425 2635 αὐτοῦ’
1441 2607 1577 2644 δεύτερον.
1588 2608 1768 2642 Εὐαγγέλιοψ
1779 2606 1828 2642 τρι-

1047 2664 1103 2687 τον,
1128 2656 1280 2691 Κήρυγμα·
1304 2654 1444 2690 τέταρτον,
1477 2654 1681 2688 ’Λποκάλυψις-
1709 2655 1828 2688 πέμπτον,

1048 2701 1146 2738 Κρίσις
1157 2710 1165 2717 ι
1181 2702 1220 2733 ὼς
1231 2701 1379 2737 ἁπόκρυφα
1393 2701 1457 2727 ὄντα
1472 2700 1714 2735 ἀποδοκιμάξεται.
