1892 3105
555 153 882 184 ἏΕΩΜΝΙΤΙΟΝΕΞρ-
897 154 1076 183 ιηιοιῑιιιλ.

907 154 1076 183 ριιοιῑιιιλ.
1587 153 1654 181 Μοῖὲ

680 211 746 241 In“
764 211 842 245 ibid.,
855 220 918 249 cap.
938 213 981 240 15.

34 158 87 187 “6|

63 291 112 320 Καὶ
131 291 260 327 Διάλογος
279 291 384 328 Πέτρου
406 292 454 318 καὶ
475 291 608 322 Ἀπίωνος
625 290 723 326 μακρῷ
744 289 810 326 λόγῳ

908 287 939 316 Et
964 287 1117 323 Disputatio
1146 288 1216 317 Petri
1242 294 1269 317 et
1293 290 1408 326 Apionis
1427 290 1508 325 longo
1531 297 1655 318 sermone

35 341 186 372 συηςιγεῖσα
198 358 205 370 ,
223 339 255 374 ἣν
282 347 343 365 τινα
357 338 484 369 Εὐσέϐιος
499 337 613 369 εὐθύνει,
629 339 657 364 ὲν
677 338 715 373 τῷ
728 338 782 373 τρι-ι

908 334 1034 369 nscripta,
1046 343 1126 369 quam
1145 334 1280 363 Eusebius
1296 336 1324 363 in
1340 337 1419 364 tertio
1435 336 1564 364 Historia:
1581 336 1655 363 cccle-

32 384 76 419 τῆς
96 383 366 419 Έκκλησιαστικῆς
380 384 513 419 ἱστορίας
528 383 628 418 τεύχει.

911 383 984 409 alica:
994 383 1130 410 volumine
1141 384 1275 418 coarguit.
1288 383 1355 420 Lege
1366 384 1531 417 Frcculfuin,
1546 389 1611 412 tom.
1626 384 1656 416 ll.

869 426 916 455 lib.
932 435 963 460 ιι,
975 435 1034 463 cap.
1052 427 1094 455 t0.

533 495 598 523 heu
612 496 660 524 lib.
673 504 683 523 ι
698 497 823 525 adversus
835 496 1019 531 Iovinianum,
1034 505 1096 533 cap.
1112 498 1154 526 14.

59 572 206 602 Possumus
222 577 313 602 autem
331 574 365 602 de
377 573 457 603 Petro
472 576 575 608 dicere,
589 575 663 611 quod
679 575 808 604 habuerit
865 580 1006 605 certamen
1020 581 1072 605 est.
1097 576 1130 603 In
1150 573 1402 610 ﬂecOgnitionibus,
1421 584 1490 604 uxor
1511 575 1585 603 Petri
1604 584 1657 604 me-

30 625 130 646 socrum
152 627 187 647 eo
211 623 335 655 tempore
349 628 404 655 quo
427 621 554 652 credidit,
579 625 606 648 et
621 629 733 648 uxorein
754 621 811 656 jam
866 627 986 649 moratur
999 622 1046 649 lib.
1059 630 1108 654 vn,
1125 630 1188 657 cap.
1205 622 1251 654 25,
1266 621 1313 654 26,
1327 626 1354 650 et
1365 622 1412 650 lib.
1429 629 1468 655 Ix,
1485 629 1545 657 cap.
1559 622 1609 655 58;
1624 623 1657 656 ﬁ-

30 671 77 691 uon
101 664 229 693 habuerit
247 675 253 693 :
271 674 427 701 quanquam
453 667 558 702 legatur
572 667 600 694 in
615 666 765 703 Περιὸδοις,
785 670 813 694 et
865 667 904 694 lia
918 675 989 700 vero,
1007 675 1147 702 mquam.

30 717 91 738 uxor
104 710 174 745 ejus,
187 715 216 739 et
230 711 294 740 ﬁlia.
315 711 368 740 Sed
382 719 456 740 nunc
471 712 552 741 nobis
566 713 600 741 de
614 720 720 741 canone
731 720 812 741 omne

386 790 450 819 locis
464 791 512 819 lib.
525 799 534 818 ι
547 790 805 819 Comnwntariarum
818 791 846 818 in
859 790 1009 826 Epistolam
1021 789 1059 818 ad
1073 789 1198 822 Galatas,
1215 797 1234 822 I,
1251 789 1294 817 18.

58 876 112 905 Non
123 880 152 905 ut
167 878 276 911 oculos,
292 885 376 914 genas
390 879 552 914 vultumque
565 877 626 913 ejus
637 877 721 914 (Petri
737 876 809 905 Pau-
862 883 904 907 ret
918 887 996 908 coma
1010 888 1018 913 ;
1037 888 1088 913 an,
1108 884 1138 908 ut
1153 879 1280 908 Clemens
1297 879 1324 906 in
1342 877 1468 907 Periodis
1484 878 1545 914 ejus
1562 878 1657 912 refert,

29 924 74 959 lus)
89 925 224 961 aspiceret
239 933 245 950 :
266 929 358 953 utrum
372 925 549 959 macilentus,
566 932 601 952 an
622 924 744 960 pinguis,
761 924 809 951 ad-
864 925 1000 953 calvitiem
1013 926 1124 953 haberet
1139 926 1167 953 in
1175 926 1274 961 capite.
1293 924 1350 952 Hoc
1360 932 1428 951 nunc
1444 925 1472 952 in
1484 923 1658 959 Recognitiu-

29 979 91 999 unco
100 979 168 1000 naso
181 975 268 1005 esset,
283 979 319 999 an
331 975 408 1000 recto
421 981 427 1000 :
439 975 468 1000 et
483 975 576 999 utrum
593 970 712 999 frontem
727 971 812 999 vesti-
829 969 851 997 Β
867 969 949 996 nibus
959 978 1012 997 nott
1024 970 1165 998 invenitur.

814 1049 859 1078 Vl.

494 1127 621 1161 Ruﬁnus,
638 1126 675 1155 De
691 1126 885 1154 adulteratioua
892 1126 1023 1154 librorum
1037 1125 1168 1162 Origenis.

58 1217 198 1252 Clemens,
215 1217 403 1254 apostolorum
423 1217 593 1253 discipulus,
617 1218 664 1254 qui
679 1217 811 1246 Romanae
864 1217 967 1245 inserta
989 1224 1049 1253 quae
1067 1217 1256 1246 ecclesiastica
1273 1216 1377 1253 Regula
1391 1216 1505 1244 omnino
1518 1223 1573 1242 non
1588 1215 1658 1243 reci-

29 1261 147 1290 Ecclesiat
171 1267 236 1299 post
263 1264 414 1298 apostolos.
437 1267 465 1291 et
486 1263 633 1299 episcopus
660 1267 688 1291 et
708 1267 813 1300 martyr
864 1265 915 1300 pit.
928 1263 1009 1298 Quid.
1025 1271 1130 1300 quaesor
1146 1264 1180 1292 de
1196 1263 1239 1292 his
1254 1263 1428 1292 sentiendum
1439 1261 1498 1290 est?
1506 1261 1579 1298 quod
1595 1269 1659 1298 apo-

29 1309 136 1344 prael‘uit.
147 1310 236 1338 libros
247 1310 333 1338 edidit
342 1310 389 1346 qui
401 1309 495 1338 Graece
505 1310 679 1346 appellantur
689 1310 813 1346 ἀναγνω-
864 1310 979 1338 stolicus
991 1310 1045 1342 vir,
1065 1310 1120 1337 imo
1132 1317 1203 1345 pene
1219 1309 1371 1345 apostolus,
1384 1316 1438 1336 non
1447 1315 1480 1336 ea
1490 1308 1586 1335 scribit
1597 1315 1658 1343 quia

29 1355 126 1391 ρισμύς,
151 1356 178 1384 id
193 1361 237 1384 est
251 1355 431 1391 Recognitio:
448 1355 476 1383 in
496 1356 682 1391 quibus,-cum
695 1363 730 1383 ex
754 1363 814 1391 per-
864 1357 982 1392 apostoli
998 1356 1111 1390 dicunt;
1129 1357 1173 1384 cui
1190 1355 1293 1384 Paulus
1310 1356 1451 1392 apostolus
1468 1355 1656 1383 testimonium

29 1407 88 1428 sons
101 1400 175 1429 Petri
193 1402 311 1437 apostoli
333 1402 460 1429 doctrina
480 1402 558 1438 quasi
580 1410 645 1430 vere
661 1400 812 1438 apostolica
863 1401 949 1434 dedit,
964 1401 1060 1430 dicens
1081 1412 1087 1429 :
1108 1401 1176 1430 Cum
1204 1401 1336 1430 Clemente
1360 1406 1385 1428 et
1402 1400 1571 1436 adjutoribus
1592 1401 1658 1427 meis

28 1447 53 1474 in
67 1448 273 1484 quamplurimis
282 1453 436 1484 exponetur
447 1469 455 1482 ,
472 1450 500 1476 in
518 1450 657 1485 aliquibus
670 1449 708 1477 ita
724 1449 775 1477 Eui

900 1447 975 1481 teris,
992 1456 1104 1483 quorum
1117 1448 1224 1475 nomina
1234 1452 1295 1475 sunt
1308 1448 1335 1475 in
1346 1447 1414 1475 libro
1424 1448 1485 1474 vitae
1491 1446 1532 1479 ⁵³;
1549 1451 1576 1474 et
1591 1447 1647 1474 scri

28 1493 70 1520 mil
83 1493 178 1529 dogma
199 1494 332 1522 scribitur
351 1494 389 1531 (4)
414 1498 444 1522 ut
460 1494 528 1522 nihil
554 1495 629 1522 aliud
653 1502 736 1530 quam
752 1496 812 1531 ipse
862 1493 909 1521 bat
920 1493 973 1521 hoc
987 1495 1060 1529 quod
1075 1495 1154 1522 libris
1168 1494 1233 1522 vitae
1244 1493 1415 1522 contrarium
1429 1493 1493 1521 est!
1511 1492 1553 1520 An
1565 1492 1593 1520 id
1608 1499 1659 1527 po-

29 1536 170 1567 Eunomius
185 1540 328 1575 disputare
343 1540 482 1571 credatur,
503 1540 602 1568 Filium
619 1540 667 1568 Dei
687 1545 812 1569 creatum
860 1538 919 1566 tius
932 1538 1099 1567 credendum
1110 1542 1164 1572 est,
1177 1538 1251 1574 quod
1262 1545 1345 1574 supra
1355 1537 1478 1566 diximus
1491 1544 1499 1569 ἰ
1513 1534 1587 1572 ψιοά
1599 1543 1658 1571 Pe"

28 1591 57 1610 ex
66 1585 145 1613 nullis
154 1586 329 1615 exstantibus
342 1595 516 1616 asseverans.
534 1587 604 1615 Tum
616 1587 717 1615 deinde
726 1587 811 1615 etiam
861 1585 934 1613 versi
950 1585 1086 1618 homines,
1102 1585 1137 1613 ad
1151 1585 1333 1613 assertionem
1356 1585 1515 1620 dogmatum
1529 1589 1656 1614 suorum,

28 1630 88 1657 illud
102 1631 230 1660 adulterii
249 1631 382 1660 inseritur
397 1641 494 1669 genus,
511 1637 542 1661 ut
556 1638 684 1661 naturam
695 1633 809 1666 diaboli,
824 1653 847 1669 ρ
863 1631 915 1659 sub
932 1631 1056 1659 virorum
1079 1635 1239 1659 sanctorum
1255 1631 1376 1662 nomine,
1394 1633 1525 1665 tanquam
1547 1628 1657 1656 facilius

28 1677 235 1711 sacrorumque
256 1676 481 1711 daemonum,non
496 1677 632 1713 propositi
651 1677 811 1706 voluntatis-
824 1674 847 1685 "
862 1676 999 1704 credenda
1012 1676 1190 1705 inseruerunt
1203 1684 1236 1705 ea
1248 1683 1310 1712 quae
1324 1675 1364 1702 illi
1382 1682 1433 1703 nec
1447 1674 1587 1706 sensisse,
1605 1681 1656 1700 nec

28 1726 74 1753 que
88 1722 201 1754 malitia,
215 1722 263 1750 sed
281 1727 395 1759 excepta
409 1731 441 1751 ac
462 1727 588 1759 separata
600 1727 734 1751 creaturae
748 1730 810 1758 pro-
861 1721 1011 1757 scripsisse
1024 1722 1153 1751 credendi
1170 1727 1245 1751 sunt.
1258 1722 1326 1758 Lege
1336 1721 1542 1757 Hieronymum.
1556 1720 1656 1755 Apolo-

28 1766 126 1794 duxerit
141 1769 276 1804 qualitas;
291 1769 339 1805 qui
357 1769 451 1805 utique
471 1770 500 1797 in
516 1770 623 1798 caeteris
639 1777 747 1797 omnem
764 1777 810 1797 ra-
861 1769 912 1804 gite
929 1768 1056 1796 adversus
1073 1768 1200 1804 Ruﬁnam
1218 1769 1268 1797 lib.
1283 1776 1314 1800 Il,
1337 1775 1399 1804 cap.
1413 1768 1450 1800 4;
1468 1771 1496 1794 et
1511 1765 1656 1800 Prwfatia-

28 1812 175 1842 tionabilem
187 1819 345 1844 creaturam
365 1817 498 1845 docuerat
513 1817 591 1845 liberi
603 1817 711 1844 arbitrii
727 1816 810 1844 facul-
861 1823 920 1843 nem
936 1814 1030 1843 Ruﬁni
1046 1815 1080 1842 ad
1094 1815 1141 1842 hos
1155 1814 1372 1850 Recognitionum
1388 1813 1482 1842 libros.
1496 1812 1563 1849 Lege
1573 1812 1655 1840 etiam

27 1860 78 1886 tate
90 1859 229 1890 donatam.
245 1862 315 1891 Sunt
333 1863 416 1891 etiam
432 1864 485 1891 alia
500 1864 633 1892 nonnulla
650 1864 728 1891 libris
746 1863 808 1898 ejus
862 1862 1012 1898 RocogniL,
1027 1861 1073 1890 lib.
1092 1869 1133 1895 ni,
1145 1869 1206 1897 cap.
1218 1861 1246 1889 8.

130 1937 201 1973 lusit,
219 1939 248 1968 in
264 1941 647 1977 perorationeitranslationis
664 1950 721 1969 sua:
738 1941 969 1977 Explanationum
984 1940 1113 1976 Origenis
1131 1940 1158 1968 in
1170 1940 1330 1977 VEpistolam
1345 1939 1379 1968 ad
1395 1939 1545 1967 Romanos.

427 1976 481 2012 (Em
494 1978 593 2006 novies.
611 1977 735 2013 Origem't
754 1976 823 2013 Opp.
840 1978 918 2010 edit.,
938 1982 1002 2005 tam.
1019 1977 1064 2011 Ν,
1081 1984 1143 2013 pag.
1164 1976 1241 2012 689.)

59 2061 118 2091 Post
126 2063 180 2092 hoc
192 2071 259 2093 sane
272 2070 352 2093 vocat
368 2073 420 2094 nos
435 2073 515 2101 opus,
532 2066 605 2102 quod
616 2067 682 2094 olim
696 2066 808 2102 quidem

27 2106 171 2142 injunctum
185 2113 239 2144 est,
252 2111 299 2139 sed
310 2119 385 2139 nunc
399 2119 414 2138 a
425 2112 506 2140 beato
515 2111 669 2140 Gaudentio
678 2112 808 2148 episcopo

27 2153 205 2184 vehementius
211 2161 374 2193 perurgetur
384 2165 392 2190 ;
402 2158 561 2190 Clementis,
569 2158 684 2190 scilicet,
692 2158 808 2186 Romani

26 2200 148 2236 episcopi,
177 2203 365 2238 apostolorum
391 2203 501 2231 comitis
521 2211 553 2231 ac
574 2204 758 2237 successoris,
773 2204 808 2232 de

27 2243 200 2282 Ret-agnitione
209 2249 283 2283 libri,
303 2252 333 2277 ut
347 2249 376 2277 in
389 2249 516 2280 Latinum
533 2253 686 2278 vertantur.
708 2250 738 2278 ln
753 2258 808 2286 quo

858 2073 942 2101 opere
955 2066 1025 2094 bene
1040 2067 1114 2099 novi,
1131 2065 1204 2102 quod
1219 2064 1342 2093 laborem
1366 2064 1444 2093 labor
1469 2064 1653 2100 multiplicat,

859 2113 883 2140 si
906 2116 1008 2140 sortem
1029 2113 1172 2148 suscipiat.
1191 2111 1366 2140 Satisiaciam
1377 2119 1446 2140 sane
1458 2111 1486 2138 in
1502 2118 1536 2139 eo
1553 2111 1651 2138 amicis

859 2159 944 2192 meis;
966 2159 1037 2187 dabo
1047 2159 1127 2187 titulo
1143 2166 1242 2187 nomen
1259 2166 1361 2190 meum,
1378 2158 1501 2186 auctoris
1517 2157 1653 2185 nihilomi-

859 2213 912 2233 nus
923 2207 1057 2234 vocabulo
1064 2211 1251 2242 permanente.
1259 2205 1328 2234 Nam
1343 2205 1436 2233 Rulini
1450 2205 1578 2233 Clemens
1585 2205 1652 2233 scri-

859 2251 949 2279 betur.

806 2340 862 2369 Vll.

408 2417 438 2446 S.
455 2417 592 2448 PAULINUS
613 2419 742 2448 Nonnus
754 2421 873 2456 epistola
886 2421 922 2449 46
937 2421 974 2449 ad
985 2420 1128 2454 Ruﬁnum,
1140 2428 1217 2449 num.
1231 2420 1259 2448 2.

60 2493 126 2523 Sane
137 2496 210 2531 quod
220 2496 369 2525 admonere
378 2496 502 2533 dignaris
513 2497 611 2526 affectu
627 2499 674 2527 illo
687 2507 743 2535 quo
752 2508 803 2528 nos
819 2508 843 2536 ι)
856 2508 911 2536 quo
935 2501 1060 2537 ignorata
1083 2500 1260 2529 condiscam?
1281 2500 1372 2529 Credo
1391 2499 1464 2528 enim
1486 2499 1514 2527 in
1535 2503 1638 2527 transla
1648 2514 1656 2519 -

25 2538 89 2566 sicut
100 2543 127 2568 te
140 2541 241 2578 diligis,
255 2546 285 2570 ut
296 2543 419 2571 studium
433 2544 461 2572 in
470 2543 580 2573 Graecas
595 2545 701 2574 litteras
717 2549 807 2575 atten-

27 2583 75 2611 tius
97 2593 214 2620 snmam,
242 2588 360 2616 libenter
380 2590 506 2626 accipio;
535 2591 583 2619 sed
609 2591 725 2628 implere
750 2600 806 2620 non

25 2628 95 2657 valeo
111 2641 117 2658 :
133 2632 186 2660 nisi
207 2632 278 2662 forte
292 2633 429 2663 desideria
444 2643 505 2664 mea
528 2637 642 2672 adjuvat
659 2637 804 2672 Dominus,

27 2677 53 2700 ut
64 2675 163 2706 diutius
181 2680 322 2707 consortio
344 2684 392 2708 tuo
407 2681 543 2717 perfruar.
560 2682 628 2711 Nam
644 2691 699 2720 quo
723 2685 805 2712 modo

26 2720 168 2753 proiectum
181 2730 279 2761 capere
295 2730 391 2762 potero
404 2729 542 2758 sermonis
556 2730 652 2767 ignoti,
665 2731 689 2760 si
703 2731 775 2760 desit
787 2740 804 2761 a

75 2800 97 2818 ⁸³
110 2801 225 2840 Philipp.
242 2812 280 2838 iv,
295 2806 322 2833 5.

53 2889 89 2924 (4)
102 2890 240 2923 Scribitur.
257 2895 300 2924 ΔΙ.
315 2896 452 2925 interim“.

153 2942 289 2975 Ριτιιοιι.
309 2945 367 2978 (ia.
384 2945 406 2976 ι.

858 2547 933 2575 tione
942 2547 1031 2575 sancti
1044 2547 1204 2580 Clementis,
1220 2549 1320 2583 praeter
1335 2546 1404 2574 alias
1419 2546 1522 2581 ingenii
1537 2545 1590 2573 mei
1604 2545 1651 2572 de-

858 2592 998 2626 fectiones
1013 2593 1085 2620 hanc
1100 2597 1126 2621 te
1138 2593 1313 2629 potissimum
1328 2592 1474 2629 imperitiae
1482 2598 1550 2620 meae
1563 2598 1651 2626 penu»

856 2640 926 2668 riam
940 2640 1148 2674 considerasse,
1172 2639 1246 2676 quod
1263 2640 1354 2676 aliqua
1370 2639 1399 2666 in
1417 2639 1519 2674 quibus
1540 2636 1644 2665 intelli-

856 2694 921 2722 gere
934 2687 978 2714 vel
992 2686 1148 2721 exprimere
1165 2686 1249 2714 verba
1265 2693 1321 2714 non
1341 2685 1430 2721 potui,
1450 2691 1542 2713 sensu.
1555 2681 1648 2717 petitis

856 2733 1038 2770 apprehenso,
1048 2733 1091 2762 vel
1103 2732 1146 2770 (ut
1155 2732 1248 2761 verius
1258 2732 1360 2769 dicam)
1373 2732 1485 2768 opinata
1497 2724 1647 2760 transtule-

1444 2947 1488 2977 δῖ
