1892 3105
233 161 305 192 H63

642 161 672 192 S.
690 160 889 192 CLEMENTIS
905 162 915 190 l
933 160 1016 190 ROM.
1033 158 1136 189 PONT.
1153 158 1267 189 OPERA
1284 158 1396 189 DUBIA.

1801 160 1859 190 llﬂ

235 219 299 246 rint.
320 217 380 252 Quo
394 225 482 255 magis
502 225 569 255 egeo
584 219 774 248 misericordia
790 219 858 253 Dei,
877 223 908 247 ut
925 219 1030 254 plenio-
1044 223 1068 252 Α
1082 219 1201 247 famelici
1216 218 1308 246 cordis
1322 225 1370 246 ore
1389 217 1527 253 colligere.
1545 216 1620 244 Hum
1640 216 1727 244 locum
1748 217 1860 245 Heriber-

238 273 296 292 rcm
311 265 378 292 mihi
394 265 434 292 tui
450 265 557 294 copiam
579 265 698 299 tribuat;
710 266 774 301 quia
789 274 839 301 pro
854 266 957 294 divitiis
974 265 1027 293 erit

233 311 354 345 pauperi,
374 315 404 338 ut
418 319 505 340 micas
526 319 542 338 a
557 311 651 339 divitis
672 320 768 340 mensa
783 312 925 344 cadentes,
941 310 1022 339 avido

1084 270 1127 293 tus
1134 265 1293 301 Rosweydus
1304 264 1336 292 de
1347 263 1590 299 Recognitionibus
1599 263 1728 298 explicat.

1009 387 1075 417 Vill.

531 466 637 494 Auctor
653 466 748 502 Operi:
761 464 908 500 imperfecti
926 464 954 492 in
968 464 1136 499 Matt/tcum,
1155 464 1230 493 hom.
1248 463 1294 497 27,
1315 463 1350 491 ad
1363 462 1458 491 Matth.
1476 471 1504 496 x,
1518 462 1564 490 ll.

563 523 651 559 (Inter
665 523 731 559 Opp.
750 523 778 551 S.
792 523 872 552 Joan.
884 523 1041 560 Chrysost.,

268 601 321 630 Sed
335 601 399 630 audi
415 601 586 635 mvsterium,
603 601 674 637 quod
691 601 789 630 Petrus
809 601 881 637 apud
894 601 1020 630 Clemen-

230 654 283 677 tem
305 648 442 683 exposuit.
470 648 499 676 Si
523 648 612 676 ﬁdelis
637 647 734 676 fecerit
758 655 827 683 opus
854 648 974 681 bonum;
992 651 1021 675 et

229 693 291 720 heic
312 693 338 720 ei
356 693 477 728 prodest,
505 693 626 721 liberans
646 700 709 720 eum
734 700 750 720 a
765 692 859 726 malis;
875 696 905 720 et
928 692 956 719 in
975 692 1021 719 illo

229 739 341 771 saeculo,
366 738 399 766 ad
414 738 619 773 percipiendum
644 745 759 774 regnum
783 737 913 765 cceleste:
933 737 1021 772 magis

229 789 320 812 autem
344 784 400 817 ibi,
425 792 508 820 quam
534 784 605 812 heic.
632 783 661 811 Si
678 787 770 812 autem
786 783 905 812 inﬁdelis
925 783 1022 811 fecerit

228 838 298 865 opus
320 830 437 864 bonum;
454 831 514 859 heic
534 830 560 858 ei
574 830 686 865 prodest
707 838 776 867 opus
793 830 881 866 ipsius
894 838 901 856 :
914 834 942 858 et
960 830 1022 858 heic

228 875 254 903 ei
277 875 366 904 reddit
381 875 452 905 Deus
477 877 548 904 bona
571 883 622 912 pro
636 884 719 912 opere
733 885 794 905 suo.
819 877 850 904 lu
864 877 910 904 illo
925 879 1018 904 autem
1033 873 1054 901 Β

1061 527 1124 551 tom.
1144 521 1189 556 VI,
1206 532 1269 559 pag.
1288 522 1340 551 “5
1355 523 1420 551 edit.
1436 523 1507 559 BB.)

1074 602 1175 630 saeculo
1199 601 1268 629 nihil
1294 601 1319 629 ei
1341 601 1454 638 prodest
1477 607 1545 636 opus
1573 600 1662 636 ipsius
1687 608 1696 629 :
1721 608 1774 629 nec
1795 599 1857 629 enim

1073 648 1304 676 collocaturinler
1317 652 1430 676 caeteros
1446 647 1540 675 ﬁdeles
1554 652 1666 683 propter
1681 655 1755 682 opus
1772 655 1857 675 suum:

1074 699 1102 723 ct
1114 695 1206 730 juste;
1227 695 1291 730 quia
1308 694 1429 722 naturali
1451 694 1525 721 bono
1545 698 1646 726 motus,
1669 693 1738 721 fecit
1755 693 1858 725 bonum,

1073 749 1130 768 non
1155 745 1267 776 prOpter
1287 740 1393 767 Deum:
1408 739 1470 766 ideo
1493 739 1521 766 in
1544 745 1646 773 corpus
1669 746 1753 766 suum
1771 737 1859 772 recipit

1073 787 1228 815 mercedem
1244 786 1336 822 operis
1351 786 1405 819 sui,
1421 792 1477 813 non
1491 784 1520 812 in
1544 784 1636 812 anima
1649 791 1711 812 sua.
1731 783 1857 819 Ruognit.

1074 831 1122 860 lib.
1136 839 1186 863 vn,
1201 838 1262 865 cap.
1276 829 1322 858 58.

870 953 909 982 lo.
926 952 960 980 ad
977 952 1096 984 Matthxi
1113 959 1188 985 xxtv,
1205 951 1247 982 l5.

263 1029 328 1059 Fuit
351 1031 426 1059 enim
449 1032 588 1060 exercitus
616 1031 831 1067 alienigenarum
854 1034 881 1058 et
903 1030 1019 1058 Romani

227 1077 403 1112 imperatoris
425 1083 503 1106 stans
528 1078 603 1106 circa
630 1077 819 1111 Hierusalem,
845 1084 905 1112 quae
931 1084 1018 1112 usque

225 1127 292 1150 tunc
306 1123 392 1151 fuerat
408 1128 513 1152 sancta.
542 1123 601 1152 Hoc
617 1127 643 1152 et
653 1123 751 1152 Petrus
765 1122 836 1159 apud
849 1122 1017 1150 Clementem

1073 1029 1195 1066 exponit.
1211 1028 1282 1064 Lege
1297 1027 1430 1064 Recogm't.
1447 1027 1494 1056 lib.
1511 1035 1531 1061 ι,
1545 1034 1607 1062 cap.
1619 1026 1665 1057 39,
1678 1026 1733 1059 l5;
1749 1023 1861 1054 Cicuta-

1072 1078 1140 1110 tina,
1156 1077 1231 1104 hom.
1247 1076 1274 1108 '5,
1291 1083 1367 1103 num.
1381 1073 1623 1106 l5;Lactamium,
1645 1071 1741 1100 Diviu.
1769 1071 1850 1100 instit.

1070 1122 1120 1150 lib.
1137 1130 1175 1156 tv,
1192 1129 1254 1157 cap.
1266 1121 1312 1148 21.

804 1201 844 1230 lo.
857 1201 891 1229 ad
903 1200 1028 1237 ejusdem
1043 1200 1144 1237 capitis
1159 1207 1269 1228 versum
1285 1198 1327 1228 l6.

261 1280 339 1308 Sicut
360 1285 452 1309 autem
474 1280 571 1308 Petrus
597 1280 669 1316 apud
696 1280 865 1308 Clementem
890 1279 1014 1314 exponit,

224 1326 395 1355 Antichristo
407 1327 489 1354 etiam
505 1326 648 1362 plenorum
664 1326 805 1361 signorum
824 1324 1015 1353 faciendorum

1071 1282 1114 1307 est
1137 1278 1228 1306 danda
1251 1281 1383 1315 potestas.
1400 1277 1548 1314 Recoguit.,
1561 1277 1610 1305 lib.
1626 1285 1669 1312 nl,
1687 1285 1753 1314 cap.
1769 1278 1813 1308 ω.

903 1401 943 1431 in.
963 1401 999 1430 ad
1010 1407 1121 1430 versum
1134 1401 1178 1430 2t.

260 1492 343 1528 Signa
368 1500 475 1528 magna.
503 1490 563 1518 Non
590 1490 698 1519 inutilia
708 1510 716 1523 ,
741 1497 832 1526 neque
844 1498 926 1523 vana,
952 1498 1014 1526 quae
1027 1495 1048 1524 c
1065 1490 1137 1518 inter
1146 1489 1286 1518 ministros
1301 1489 1414 1522 Christi,
1430 1492 1457 1517 et
1467 1489 1612 1517 ministros
1622 1489 1747 1523 diaboli,
1769 1498 1802 1518 ex
1815 1490 1859 1518 hoc

223 1539 341 1567 ministri
363 1538 464 1566 diaboli
488 1537 578 1565 facere
593 1538 705 1571 .solent;
730 1536 778 1565 sed
794 1544 893 1572 magna
904 1557 912 1568 .
928 1535 955 1564 id
967 1539 1013 1565 est

223 1585 302 1613 utilia
316 1590 342 1613 et
353 1585 444 1621 plena,
460 1592 520 1620 qua
534 1584 620 1612 sancti
636 1583 725 1612 facere
740 1583 875 1611 solebant.
897 1582 965 1610 Nam
984 1583 1013 1611 in

223 1636 346 1668 tempore
367 1631 478 1667 quidem
501 1630 702 1666 apostolorum,
719 1635 746 1658 et
759 1629 945 1666 postmodum,
960 1630 1015 1657 mi-

223 1678 304 1705 nistri
326 1677 436 1714 quidem
458 1677 571 1710 Christi,
590 1676 669 1704 utilia
685 1680 713 1704 et
728 1676 809 1712 plena
824 1677 903 1712 signa
929 1676 1015 1704 facie-

223 1722 292 1751 bant
306 1730 339 1751 ex
354 1726 431 1758 parte
451 1722 564 1756 dextra;
586 1722 678 1757 qualia
700 1725 781 1756 sunt,
804 1729 891 1750 caecos
912 1722 1014 1750 illumi-

222 1775 299 1802 nare,
325 1772 353 1796 et
380 1768 433 1796 alia
457 1768 616 1803 huiusmodi
644 1767 750 1802 facere;
777 1768 897 1796 ministri
922 1772 1013 1796 autem

222 1813 336 1847 diaboli,
351 1814 459 1841 inutilia
473 1813 611 1841 faciebant
625 1817 652 1841 et
664 1821 743 1846 vana,
755 1821 790 1841 ex
800 1818 878 1849 parte
890 1813 1013 1847 sinistra;

222 1865 283 1895 qua:
305 1860 515 1887 admirationem
539 1859 650 1895 quidem
671 1859 828 1887 videntibus
848 1859 1012 1892 excitarent,

221 1905 257 1933 ad
281 1905 425 1934 utilitatem
447 1910 538 1934 autem
563 1905 667 1934 nullius
692 1906 867 1942 proﬁcerent.
895 1905 928 1933 Et
953 1909 1014 1934 erat

1061 1536 1198 1572 judicare,
1214 1536 1261 1571 qui
1277 1536 1383 1563 inutilia
1398 1539 1426 1563 et
1442 1535 1489 1571 qui
1511 1535 1590 1562 utilia
1600 1535 1727 1564 facerent
1737 1535 1859 1569 signaJa

1063 1583 1117 1612 ﬁne
1136 1587 1227 1611 autem
1239 1584 1370 1619 temporis
1385 1582 1561 1611 concedenda
1573 1586 1615 1610 est
1622 1582 1860 1618 potestasdiabolo

1064 1629 1150 1666 (sicut
1167 1629 1195 1656 in
1209 1628 1330 1657 Historia
1345 1628 1496 1656 Clementis
1510 1627 1611 1655 Petrus
1626 1629 1759 1664 exponit)
1777 1633 1806 1656 ut
1825 1628 1861 1656 fa-

1067 1676 1142 1704 ciant
1165 1675 1242 1711 signa
1261 1674 1340 1702 utilia
1351 1695 1359 1708 ,
1375 1678 1406 1702 et
1420 1682 1454 1702 ex
1469 1681 1501 1702 ea
1512 1677 1592 1710 parte
1605 1681 1661 1709 qua
1676 1673 1763 1710 prius
1779 1674 1861 1701 facete

1065 1726 1266 1752 consueverant
1288 1722 1392 1756 sancti;
1409 1726 1439 1750 ut
1456 1722 1513 1758 jam
1529 1722 1675 1749 ministros
1689 1721 1799 1750 Christi
1813 1729 1860 1749 non

1066 1778 1114 1806 per
1138 1770 1191 1797 hoc
1213 1777 1425 1805 cognoscamus.
1449 1769 1514 1804 quia
1535 1769 1615 1796 utilia
1637 1768 1752 1796 faciunt
1777 1769 1857 1804 signa,

1066 1816 1114 1844 sed
1128 1816 1193 1852 quia
1207 1816 1301 1844 omnia
1321 1823 1376 1844 non
1391 1816 1450 1844 haec
1472 1815 1580 1843 faciunt
1602 1815 1696 1851 signa.
1726 1814 1858 1851 necas-it.

1065 1861 1115 1890 lib.
1131 1869 1175 1894 ιιι,
1191 1869 1254 1897 cap.
1270 1861 1316 1894 59,
1330 1861 1376 1890 60;

907 1983 947 2012 Io.
963 1983 999 2011 ad
1011 1990 1122 2012 versum
1136 1982 1179 2012 42.

258 2061 337 2091 Unde
353 2067 381 2090 et
395 2063 534 2099 sapienter
547 2062 647 2091 Petrus
664 2062 732 2090 dicit
744 2062 816 2098 apud
830 2062 1011 2096 Clementem,

221 2108 360 2144 quomodo
373 2108 455 2137 debet
467 2109 530 2144 quis
554 2109 726 2140 incessanter
741 2115 802 2144 qua:
815 2107 864 2136 Dei
877 2112 941 2136 sunt
964 2115 1012 2136 co-

222 2157 308 2191 gitare
328 2159 355 2183 et
368 2155 460 2190 loqui;
479 2154 610 2191 quoniam
626 2154 650 2182 si
668 2161 746 2182 mens
764 2153 846 2182 fuerit
860 2154 889 2182 in
905 2153 948 2182 his
962 2161 1009 2182 oo-

1011 2229 1055 2258 IX.

1064 2067 1174 2098 cupata.
1210 2061 1298 2089 Malus
1330 2069 1385 2088 non
1405 2061 1510 2089 invenit
1536 2061 1633 2088 locum
1669 2061 1708 2088 ad
1737 2064 1854 2088 mentun.

1064 2108 1210 2145 Recogm‘t.,
1226 2108 1276 2136 lib.
1291 2115 1335 2141 ιιι.
1352 2115 1412 2144 cap.
1426 2108 1473 2135 3t.

678 2309 842 2343 GERNADIUS,
860 2311 932 2339 libro
945 2311 984 2339 De
995 2311 1059 2339 viris
1071 2310 1234 2342 illustribus,
1248 2317 1309 2346 cap.
1326 2309 1371 2338 l7.

256 2386 394 2420 Ruﬁnus,
420 2386 605 2421 Aquileiensis
630 2387 754 2415 ecclesia
781 2389 934 2426 presbyter,
956 2396 1012 2417 non
1027 2390 1050 2418 D
1065 2387 1165 2416 tissimi
1189 2387 1321 2420 hominis,
1344 2385 1492 2414 Clementis
1505 2384 1626 2413 Romani
1645 2385 1852 2422 Recogniu‘oun

221 2433 335 2461 minima
346 2441 411 2468 pars
426 2432 477 2460 fuit
490 2432 633 2460 doctorum
648 2433 792 2468 Ecclesiae;
810 2439 838 2462 et
849 2436 878 2463 in
891 2434 1010 2463 transfe-

221 2478 309 2506 rendo
331 2478 366 2506 de
387 2477 484 2505 (ἕτεεο
510 2477 539 2505 in
562 2477 705 2512 Latinum,
731 2480 841 2516 elegans
868 2480 1009 2516 ingenium

221 2523 327 2552 habuit.
344 2523 467 2559 Denique
475 2523 594 2551 maxima
608 2528 684 2560 parte
690 2525 848 2553 Graecorum
862 2525 1008 2553 bibliothe-

222 2576 283 2596 cam
298 2568 403 2596 Latinis
418 2568 540 2596 exhibuit
555 2577 562 2594 :
578 2568 682 2601 Basilii.
699 2571 814 2604 scilicet,
830 2570 1008 2599 Caesariensis

222 2613 402 2651 Cappadociae
414 2614 547 2649 episcopi,
564 2614 686 2652 Gregorii
700 2616 863 2654 Nazianzeni
878 2617 1010 2652 eloquen-

1006 2692 1044 2721 -Κ,

1062 2434 1160 2466 libros,
1177 2437 1230 2462 etc.
1257 2433 1361 2460 ﬂorum
1378 2433 1501 2460 omnium
1515 2439 1693 2467 quacunque
1713 2431 1852 2468 pramissis

1062 2480 1187 2517 Prologis
1209 2488 1224 2508 a
1237 2480 1343 2508 Latinis
1367 2480 1507 2515 leguntur,
1523 2486 1539 2505 a
1551 2477 1656 2507 Ruﬁno
1679 2480 1852 2515 interpretata

1062 2530 1141 2555 sunt:
1162 2533 1218 2562 qna,
1228 2530 1294 2553 sunt
1308 2525 1367 2553 siue
1379 2524 1507 2560 Prologo,
1523 2523 1558 2550 ab
1573 2523 1631 2552 alio
1651 2525 1789 2552 translata
1798 2526 1854 2551 sunt

1060 2571 1109 2608 qui
1125 2571 1272 2606 Prologum
1293 2570 1384 2598 facere
1408 2569 1581 2602 noluit,etc.
1607 2568 1682 2605 Lege
1709 2569 1852 2598 Honorium

1061 2618 1081 2644 Α
1086 2626 1153 2653 ugut
1158 2616 1240 2644 todun
1246 2639 1252 2644 .

769 2770 916 2799 Concilium
932 2771 1090 2805 Romanum,
1104 2773 1156 2800 sub
1175 2771 1294 2801 Gelasio.

264 2830 436 2860 ltinerarium
460 2836 568 2864 nomine
586 2835 659 2864 Petri
680 2838 809 2872 apostoli,
825 2839 897 2873 quod
912 2840 1063 2875 appellatur
1085 2841 1173 2869 sancti
1198 2840 1348 2869 Clementis
1371 2841 1434 2870 libri
1450 2841 1545 2870 decent
1571 2841 1630 2879 {5),
1657 2839 1850 2878 apocrypha.

226 2903 244 2923 κ
267 2907 304 2941 (5)
322 2906 422 2936 Decem.
443 2910 484 2939 Al.
500 2917 566 2946 octo,
583 2914 625 2942 vel
639 2922 738 2942 navent.
756 2913 834 2942 Male.
