1892 3105
49 140 118 170 “65

568 141 894 173 HECOGNITIONES.—
911 143 1089 172 PROGIMIA.

1592 144 1658 172 1166

818 219 864 247 XI.

372 275 542 306 Chronicum
555 277 659 306 dictum
674 278 900 310 Alexandrinum,
917 277 1047 305 editionis
1064 276 1175 311 Raderi,
1192 285 1255 313 pag.
1273 278 1314 306 50.

72 344 147 373 ὀθεν
167 344 215 372 καὶ
235 345 338 382 Πέτρος
366 346 382 373 ὀ
399 346 547 379 ἀπόστολος
576 348 721 384 ἀφηγεῖται
746 349 818 385 Κλη-

907 345 983 373 Uude
1005 351 1031 373 et
1043 345 1140 374 Petrus
1155 346 1297 382 apostolus
1318 345 1429 382 exponit
1441 345 1592 380 Clementi,
1615 346 1658 375 dio

42 391 89 428 μίῳ
103 391 152 427 (6),
168 391 269 427 λέγων·
289 393 338 420 Ἔν
351 401 404 419 τινι
416 393 454 428 (7)
467 394 562 430 δικαίῳ
581 395 650 430 μετὰ.
664 395 718 421 τῶν
730 395 758 428 ἐξ
772 396 819 422 αὺ-

39 437 90 470 τοῦ,
103 437 175 469 Νῶε,
200 438 250 465 σὺν
269 439 326 471 τοῖς
347 438 378 472 ἐξ
386 439 468 466 αὐτοῦ
486 439 518 475 υ,
540 440 587 467 καὶ
596 442 657 472 ταῖς
672 439 774 477 αὐτῶν]
790 441 819 467 ἐν

39 483 144 520 λάρνακι
159 483 338 517 διασώζεσθαι
353 486 565 521 προανήγγειλεν
576 495 583 502 ο
594 487 637 513 ἵνα
648 486 756 514 πάντων
764 487 819 514 τῶν

37 529 149 566 ἀκαίρων
177 529 401 566 ὀλοθρευθέντων,
429 533 443 559 ὸ
460 532 561 568 κόσμος
588 533 759 570 καθαρισθῇ,
791 535 820 561 ὲν

38 576 98 610 αὐτῇ
115 575 153 610 (8)
172 577 207 611 τῇ
224 575 340 612 λάρνακι
354 577 497 611 διασωθεὶς
510 579 550 611 εις
565 579 695 615 δευτέραν
710 589 820 617 περιου-

39 620 105 653 σίαν,
120 621 251 657 καθαρῶς
269 622 308 658 (9)
328 622 428 659 ἀποθῇ.
446 624 540 660 Ὅμως
552 625 603 652 καὶ
625 625 727 654 τούτων
742 634 818 662 γενο-

39 665 130 701 μένων,
143 667 168 694 οὶ
186 667 326 704 ἄνθρωποι
337 668 394 706 (10)
409 669 526 707 ἤρξαντο
537 671 659 701 ἀσεϐεῖν.

869 399 935 420 cens
948 399 954 418 :
967 391 1021 419 Uni
1035 392 1096 419 viro
1111 392 1186 427 justo
1200 391 1266 424 Noe.
1284 399 1346 419 cum
1363 391 1425 419 ﬁliis
1445 391 1504 420 suis
1529 393 1659 428 (cumquo

869 436 978 464 illorum
993 437 1146 467 uxoribusi.
1164 441 1193 464 ut
1213 437 1242 464 in
1258 444 1322 464 arca
1338 441 1517 465 servarentur
1531 445 1658 473 praenun-

870 483 969 511 tiavit:
984 491 1050 518 quo,
1073 487 1181 511 cunctis
1202 485 1294 519 pravis
1307 483 1526 519 importunisque
1541 484 1662 512 hominiv

870 529 922 557 bus
944 529 1103 565 peremptis,
1123 529 1340 565 puriﬁcationem
1365 529 1485 557 mundus
1508 529 1657 565 acciperet;

869 579 897 602 et
914 575 938 602 is
962 575 1009 610 qui
1033 575 1066 602 ad
1083 575 1232 603 secundam
1247 575 1360 602 humani
1374 575 1482 610 generis
1495 575 1579 603 vitam
1600 575 1659 602 fue-

869 625 913 648 rat
926 625 1091 654 reservatus,
1114 629 1199 656 purus
1221 621 1394 656 mundusque
1416 620 1579 649 eﬂiceretur.
1592 621 1657 653 Sed,

869 667 913 694 his
928 667 1057 694 omnibus
1070 667 1166 703 gestis,
1183 674 1281 695 rursus
1296 666 1422 695 homines
1442 667 1475 695 ad
1491 666 1658 703 impietatem

869 716 1021 740 vertuntur.
1051 711 1116 748 ch.
1145 712 1293 748 Recogm’t.,
1319 712 1366 740 lib.
1392 720 1429 746 Iv,
1455 719 1517 747 cap.
1538 711 1583 745 η,
1612 712 1661 743 l5;

871 758 1046 788 Clementiae.
1063 759 1137 786 hom.
1155 759 1182 787 8.
1197 766 1273 786 num.
1289 757 1332 786 l7.

507 835 592 869 lbid.,
609 843 670 872 pag.
686 835 731 868 62,
741 835 775 864 de
784 835 930 865 Mesraimo
943 844 992 866 seu
1006 836 1162 864 Zoroastre.

66 911 163 939 Τοῦτον
170 911 281 948 ᾐνίξατο
296 912 408 950 Πέτρος,
425 913 520 945 εἰπὼν,
534 913 576 942 δτι
594 913 663 949 μετὰ
673 914 719 941 τὸν
735 922 826 942 καταο-

38 956 159 994 κλυσμδν,
171 958 255 986 πάλιν
268 960 294 986 οἱ
309 959 447 995 ἄνθρωποι
462 959 569 987 ἀσεὸεἶν
583 959 711 997 ἣρξαντο.

905 914 984 943 Hunc
1003 915 1094 943 innuit
1107 914 1216 947 Petrus.
1233 922 1295 942 cum
1315 914 1393 946 dicit,
1409 914 1482 950 quod
1501 917 1564 949 post
1585 914 1658 941 dilu-

868 959 954 993 vium,
971 968 1068 989 rursus
1092 960 1218 989 homines
1242 960 1325 996 impie
1344 968 1424 997 agere
1438 965 1592 996 cmperunt.
1606 960 1658 988 Re-

867 1014 943 1042 cogn.
959 1006 1007 1034 lib.
1023 1014 1061 1039 tv,
1076 1012 1138 1041 cap.
1151 1006 1194 1034 l3.

725 1081 809 1115 Ibid.,
825 1090 888 1119 pag.
902 1082 948 1111 64.

67 1155 145 1191 Δίγει
164 1156 194 1183 δὲ
215 1156 280 1193 περὶ
303 1156 398 1184 τούτου
420 1156 522 1193 Πέτρος
536 1157 550 1184 ὸ
565 1156 713 1189 ἀπόστολος
729 1157 770 1189 εις
782 1157 817 1184 τὰ

907 1157 974 1186 Dicit
993 1161 1083 1186 autem
1099 1158 1134 1186 de
1152 1157 1204 1186 huc
1216 1157 1393 1195 (Nembrodo)
1404 1157 1501 1186 Petrus
1515 1159 1658 1194 apostolus

38 1200 214 1236 Κλημέντια,
235 1201 294 1234 πῶς
315 1200 398 1238 ἦρξεν
426 1203 466 1234 εἰς
481 1201 628 1230 Βαϐυλῶνα
645 1204 675 1229 ἐν
687 1203 818 1239 Αἰγύπτῳ

37 1246 189 1283 κληρωθείς.
205 1249 274 1284 Φησὶ
288 1248 342 1285 γὰρ
365 1248 478 1285 Πέτρος’
500 1244 584 1281 Οὗτος
597 1250 612 1276 ὁ
626 1248 739 1286 Νεὸρὼδ
755 1258 819 1286 μετ-

36 1294 141 1330 οικήσας
168 1294 224 1321 ἀπὸ
236 1294 376 1327 Αἰγύπτου
389 1295 428 1326 εἰς
442 1295 600 1331 Ἀσσυρίους
614 1296 655 1328 εις
669 1295 751 1322 Νίνου
767 1296 817 1323 πό-

37 1339 83 1372 λιν,
97 1341 130 1377 ἠν
151 1340 257 1368 ἔκτισεν
274 1340 399 1377 Ἀσσοὺρ,
417 1341 464 1368 καὶ
478 1341 574 1373 κτίσας
591 1341 640 1378 τὴν
655 1341 742 1374 πόλιν,
757 1342 820 1378 ἥτις

36 1383 66 1421 ἦν
80 1386 248 1419 Βαϐυλῶνος,
266 1386 334 1423 πρὸς
349 1387 380 1414 τὸ
394 1386 480 1422 ὄνομα
493 1387 542 1423 τῆς
557 1387 660 1419 πόλεως
675 1387 814 1415 ἐκάλεσεν.

37 1432 115 1460 Atist
128 1434 208 1460 Νίνον
223 1433 269 1460 τὸν
279 1433 392 1469 Νεϐρὼδ
401 1434 426 1460 οἰ
434 1433 569 1470 ’Δσσύριοι
581 1433 813 1470 προσηῨόρευσαν.

35 1474 113 1510 οὗτος
127 1479 414 1514 διδάσκει¹Δσσυρίους
429 1479 518 1506 σέϐειν
525 1479 555 1506 τὸ
571 1479 638 1516 πῦρ.
657 1479 753 1506 Ἔνθεν
769 1480 816 1507 καὶ

37 1524 136 1560 πρῶτον
144 1525 227 1553 αὑτὸν
238 1524 348 1561 βασιλέα
364 1524 433 1561 μετὰ
445 1525 492 1552 τὸν
519 1525 710 1561 κατακλυσμὸν
723 1525 817 1561 εποίη-

39 1578 82 1596 σαν
90 1571 113 1597 oi
121 1570 258 1608 Ἀσσύριοι
268 1570 372 1604 τοῦτον,
382 1571 411 1598 ὃν
422 1571 712 1608 μετωνόμασανΝινον.
723 1570 816 1598 Ταῦτα

39 1615 132 1652 Πέτρος
144 1617 210 1653 περὶ
224 1616 329 1644 τούτου.

869 1203 898 1231 in
913 1203 1094 1238 Clementinis,
1110 1204 1248 1239 quomodo
1259 1204 1398 1241 Babylone
1417 1205 1569 1240 imperarit,
1594 1212 1656 1232 cum

869 1248 1018 1285 Egyptum
1050 1249 1165 1277 sortitus
1190 1253 1273 1277 esset.
1299 1248 1345 1276 Ait
1370 1248 1443 1276 enim
1459 1248 1559 1276 Petrus
1579 1256 1586 1274 :
1608 1247 1658 1276 Hic

867 1293 1040 1322 Nembrodus
1061 1301 1095 1322 ex
1106 1293 1225 1330 Egypto
1247 1294 1282 1321 ad
1296 1294 1426 1331 Assyrios
1441 1294 1615 1330 demigravit,
1631 1297 1659 1321 et

867 1339 983 1368 Niniven
996 1339 1131 1368 habitavit
1143 1348 1226 1376 quam
1240 1340 1329 1368 Assur
1343 1339 1480 1374 condidit;
1497 1343 1579 1375 atque
1592 1338 1660 1366 aedi-

869 1386 949 1414 ficata
969 1386 1036 1414 urbe
1051 1393 1112 1422 qua:
1129 1390 1188 1414 erat
1205 1386 1338 1422 Babylon,
1356 1386 1391 1414 de
1408 1386 1520 1414 nomine
1537 1385 1660 1414 civitatis

869 1432 1024 1467 appellavit.
1045 1431 1230 1461 Nembrodum
1244 1431 1351 1468 Assyrii
1365 1431 1465 1459 Ninum
1480 1435 1658 1459 vocaverunt.

868 1477 919 1506 ilic
933 1477 1060 1514 Assyrios
1076 1478 1171 1506 docuit
1193 1479 1284 1514 ignem
1299 1478 1401 1506 colere.
1417 1476 1495 1506 Unde
1512 1481 1575 1513 past
1588 1477 1661 1504 dilu-

868 1523 943 1551 vium
957 1523 1032 1551 hunc
1046 1523 1135 1559 ipsum
1147 1524 1265 1560 primum
1278 1523 1386 1559 Assyrii
1401 1526 1532 1550 crearunt
1552 1529 1658 1558 regem.

868 1576 949 1605 quem
959 1568 1061 1596 Ninum
1075 1569 1345 1598 transnominarunt.
1361 1568 1416 1597 ista
1430 1567 1529 1596 Petrus
1547 1568 1581 1595 de
1600 1567 1657 1594 illo.

867 1614 940 1650 Lege
961 1613 1111 1650 Recogm't.,
1137 1615 1186 1643 lib.
1209 1622 1229 1647 ι,
1255 1622 1316 1650 cap.
1328 1613 1381 1647 30;
1408 1613 1456 1641 lib.
1471 1621 1510 1648 iv,
1536 1619 1594 1648 cap.
1612 1612 1662 1642 29;

868 1659 1044 1693 Clementiae,
1055 1660 1149 1689 homil.
1161 1661 1189 1694 9,
1206 1668 1283 1688 num.
1295 1659 1324 1692 4,
1337 1663 1390 1687 etc.

813 1739 872 1769 XII.

497 1817 670 1852 ALDHELIUS,
687 1817 727 1846 De
743 1817 866 1845 laudibus
883 1817 1056 1853 virginitatis,
1069 1824 1130 1852 cap.
1148 1816 1192 1844 i2.

71 1896 193 1925 Clemens
209 1896 266 1933 (Η)
289 1896 410 1925 ctelestis
438 1896 607 1924 clavicularii
623 1903 728 1931 primus
756 1903 820 1923 suc—
834 1901 855 1930 ο
872 1896 984 1924 credere
995 1895 1037 1923 fas
1047 1899 1091 1924 est
1113 1903 1176 1923 eum
1188 1900 1251 1932 post
1269 1899 1381 1932 accepta
1406 1895 1468 1923 ﬁdei
1490 1895 1657 1925 rudimenta.

39 1950 136 1976 cessor.
146 1947 176 1972 et
189 1944 327 1972 secundus
343 1943 472 1971 Romanae
493 1942 623 1971 Ecclesiae
632 1942 817 1978 dispensator,

40 1988 199 2026 (quanquam
216 1990 340 2018 nonnulli
355 1989 453 2017 Linum
470 1994 498 2017 et
520 1989 629 2017 Clctum
648 1989 677 2017 in
708 1989 819 2025 pontiﬁ-

39 2039 111 2064 catus
123 2036 267 2072 regimine,
282 2036 469 2072 nequidquam
476 2035 536 2064 sine
549 2043 645 2068 causa,
661 2035 818 2071 praeferant)

40 2082 106 2115 quod
121 2083 262 2110 caelibatus
274 2083 476 2115 castimoniam,
492 2082 573 2110 etiam
585 2086 733 2116 antequam
748 2082 819 2109 salu-

39 2127 114 2156 tifero
126 2129 236 2156 lavacro
252 2129 380 2164 baptismi
394 2136 512 2160 mersus,
525 2128 560 2155 ab
570 2127 696 2163 originali
712 2128 818 2163 piaculo

40 2178 208 2210 purgaretur,
223 2174 383 2202 medullitus
394 2174 532 2207 dilexerit,
552 2174 611 2209 ipse
629 2174 748 2209 propriis
773 2174 818 2202 lit-

40 2224 152 2248 terarum
167 2221 290 2256 apicibus
309 2221 450 2256 propalam
464 2223 594 2254 testatur,
618 2220 731 2249 dicens:
762 2219 817 2256 Ego

40 2266 152 2296 Cletnens
167 2267 195 2295 in
213 2267 276 2295 urbe
289 2266 375 2294 Roma
395 2271 486 2299 natus,
504 2275 521 2294 α
534 2266 623 2300 prima
638 2271 717 2294 tetate
740 2267 818 2302 pudi-

41 2313 104 2341 citia:
118 2314 236 2342 studium
249 2315 328 2350 gessi.
342 2314 413 2350 Ergo
429 2314 453 2341 si
467 2313 541 2349 quod
558 2313 817 2349 praestantissimum

40 2366 97 2387 esse
110 2364 218 2388 constat
234 2360 261 2388 in
273 2360 379 2388 cunctis
391 2359 525 2387 virtutum
539 2359 682 2395 gradibus,
704 2363 732 2387 et
745 2367 820 2387 mor-

41 2405 129 2434 talium
140 2410 246 2434 natura:
258 2406 446 2434 dimcillimum
456 2425 464 2438 .
479 2405 601 2433 nondum
629 2410 819 2442 regeneratus,

41 2450 88 2478 sibi
103 2459 240 2489 usurpans
253 2456 397 2488 tantopere
425 2456 565 2480 laxaverat
578 2471 586 2485 ,
601 2455 706 2488 quanto
732 2451 821 2488 magis

872 1946 964 1978 spreto
979 1942 1120 1978 gentilium
1133 1942 1200 1975 ritu,
1212 1942 1278 1969 dum
1294 1949 1343 1978 per
1367 1941 1524 1978 provincias
1546 1941 1658 1970 Petrum

870 1991 1044 2024 sequeretur,
1061 1988 1148 2016 divini
1160 1987 1237 2016 verbi
1250 1988 1357 2015 semina
1372 1991 1523 2021 serentem,
1552 1991 1580 2016 et
1596 1996 1662 2024 pro-

869 2035 983 2070 pagines
998 2034 1161 2070 evangelica:
1180 2033 1245 2062 vitis
1260 2033 1431 2061 credentium
1449 2033 1595 2062 scrobibus
1612 2042 1661 2069 pa-

870 2081 1030 2114 stinantem,
1046 2084 1128 2116 atque
1143 2079 1288 2108 Simonicae
1302 2079 1444 2108 lethiferas
1465 2081 1662 2108 necromantia:

869 2127 1011 2157 iabruscas
1030 2127 1163 2155 radicitus
1179 2127 1393 2162 exstirpantem;
1408 2126 1518 2162 plenius
1529 2133 1561 2154 ac
1572 2126 1662 2162 peric-

869 2174 942 2201 ctius
960 2173 1128 2202 servavisse:
1147 2173 1195 2208 qui
1216 2172 1347 2208 deinceps
1372 2172 1547 2200 ltinerarium
1574 2172 1660 2207 Petri,

869 2220 963 2248 decem
977 2219 1163 2247 voluminibus
1178 2218 1328 2255 digestum,
1339 2219 1401 2246 luce
1413 2219 1516 2247 clarius
1527 2219 1659 2251 elimavit.

869 2266 970 2294 Ruﬁno
985 2267 1012 2293 in
1026 2265 1153 2293 Latinum
1182 2273 1217 2293 ex
1232 2265 1389 2293 Graecorum
1404 2265 1580 2293 bibliothecis
1600 2273 1665 2300 νον-ν

869 2317 952 2341 tentc.
960 2312 1025 2348 Lege
1037 2311 1170 2348 Recogn.,
1181 2312 1227 2340 lib.
1238 2320 1258 2344 1,
1267 2320 1326 2347 cap.
1336 2312 1362 2340 ί.
1377 2312 1532 2341 Adeundum
1544 2312 1662 2347 ejusdem

872 2367 979 2387 carmen
993 2359 1031 2388 De
1046 2359 1126 2387 laude
1140 2359 1288 2395 virginum,
1303 2367 1333 2387 eo
1349 2359 1406 2386 loco
1428 2359 1457 2386 in
1481 2367 1532 2394 quo
1548 2358 1580 2386 de
1601 2358 1663 2386 Cle-

874 2411 958 2434 mente
970 2407 1033 2442 agit.

814 2506 883 2534 XIII.

87 2563 173 2600 Βεω,
185 2566 213 2594 in
225 2565 417 2598 Hexaemeron,
431 2565 498 2599 sive,
509 2568 540 2592 ut
552 2564 599 2592 alii
607 2563 677 2592 falso
687 2564 854 2596 inscribunt.
869 2563 1003 2595 Jumuus,
1018 2563 1046 2590 in
1060 2562 1151 2598 priora
1165 2561 1324 2590 Geneseos:
1338 2560 1372 2588 ad
1386 2559 1454 2588 Gen.
1467 2567 1488 2594 ι,
1499 2559 1527 2591 6,
1540 2559 1566 2592 7,
1575 2559 1602 2588 8.

73 2623 110 2652 De
124 2628 166 2653 his
178 2633 243 2653 sane
251 2632 313 2660 quas
325 2625 458 2651 hactenus
469 2623 594 2658 exposita
604 2626 679 2656 sunt.
695 2622 721 2650 id
737 2622 818 2650 etiam
833 2623 858 2653 ι)
871 2621 908 2648 cti
918 2620 1067 2648 Clementis
1078 2623 1116 2646 ita
1128 2622 1247 2647 refertur
1257 2618 1315 2654 (12)
1330 2617 1434 2646 dixisse
1445 2617 1598 2652 apostolum
1609 2615 1659 2644 Pe-

44 2669 74 2697 de
90 2672 227 2699 creatione
240 2671 294 2699 diei
307 2669 389 2706 primi
401 2673 428 2697 et
441 2669 556 2698 secundi
571 2669 600 2697 in
611 2669 732 2697 Historia
752 2676 818 2697 san-

85 2739 110 2775 6)
125 2741 253 2775 Κλημίφ.
270 2739 352 2767 Forte
371 2739 520 2775 Κλήμεντι.

86 2774 110 2809 'l)
124 2774 192 2802 Ἕν(
201 2775 266 2809 Leg.
280 2775 319 2802 ἑνι
333 2783 397 2802 τινι.

85 2809 111 2845 8)
133 2811 180 2837 Ἐν
193 2809 429 2845 αὑτῇᾈΡτκροηε
446 2810 501 2836 καί.

125 2845 272 2880 Καθαρῶς.
287 2844 368 2881 Foﬂé
383 2845 511 2881 καθαρός.

88 2878 411 2916 10)Otdf0pmxot.Forte
422 2878 641 2916 premittendum
655 2878 746 2907 πάλιν.

74 2738 84 2913 ἓ

871 2670 960 2694 trum:
978 2665 1009 2694 In
1025 2665 1163 2701 principid,
1177 2673 1236 2692 cum
1248 2665 1363 2700 fecisset,
1386 2668 1452 2697 etc.,
1473 2664 1583 2699 inferior
1599 2671 1659 2690 sera

909 2737 965 2772 (ll)
980 2736 1037 2764 Hoc
1044 2735 1178 2772 Aldhelmi
1192 2735 1380 2772 testimonium
1384 2733 1468 2772 _quod
1479 2731 1585 2772 mendis
1596 2739 1660 2772 sca-

872 2765 1055 2802 tet‘in'editis.
1070 2771 1189 2799 Grabius
1204 2770 1232 2798 in
1247 2769 1341 2804 Spicil.
1353 2765 1412 2797 PP;
1425 2773 1491 2804 tom.
1504 2767 1528 2804 l,
1544 2776 1572 2803 p.
1591 2766 1657 2796 280.

872 2808 979 2843 egregie
996 2807 1113 2843 restituit
1134 2814 1168 2833 ex
1184 2813 1235 2833 ms.
1253 2805 1315 2832 cod.
1331 2804 1457 2833 hiblioth.
1474 2803 1552 2832 Bodl.
1574 2809 1657 2839 quem

871 2842 1083 2879 proinde‘secuti
1098 2848 1203 2879 sumus.

908 2878 963 2914 (12)
979 2876 1108 2906 Refertur.
1120 2877 1162 2905 Al.
1183 2876 1310 2912 referant.
