1892 3105
204 142 272 170 116⁵1
608 140 636 168 8.
653 137 849 167 CLEIENTIS
865 136 876 165 l
893 136 951 166 ιω]

1079 135 1096 164 ῗ.
1114 135 1228 164 OPERA
1246 134 1358 163 DUBlA.
1755 131 1826 159 "63

203 199 327 236 preberet
342 199 500 227 hominibus.
520 198 583 227 Haec
597 203 692 227 nostro
706 198 781 234 operi
795 197 890 234 paucis
911 198 983 226 inse-
999 199 1024 230 Δ
1036 196 1091 230 det,
1105 196 1192 224 lector
1201 198 1341 232 agnoscat.
1359 193 1572 230 Recognlttossm
1592 191 1640 220 lib.
1657 199 1686 226 ι,
1709 199 1770 226 cap.
1782 190 1830 220 27.

204 255 265 276 rere
283 247 372 279 libuit.
387 251 418 274 ut
429 250 561 282 quantum
580 246 631 274 hoc
642 245 752 274 Patrum
767 247 859 274 sensui
873 252 988 273 concor-

793 332 866 361 ldem
881 338 964 365 bona,
980 331 1008 359 in
1024 331 1151 358 Actorum
1163 339 1192 364 ν,
1208 331 1252 360 54.

240 414 291 442 Hie
304 413 447 445 Gamaliel.
461 417 491 441 ut
503 413 630 441 Clemens
652 412 778 444 indicat,
801 411 988 448 apostolon
1041 410 1112 446 apud
1135 409 1254 443 ludam,
1286 413 1317 438 ut
1346 417 1441 438 eorum
1468 409 1496 437 in
1517 409 1565 436 tali
1585 408 1696 436 turbine
1733 411 1831 443 posset

204 465 264 490 erat
280 461 309 488 in
323 461 375 489 ﬁde
388 461 492 493 socius,
507 459 556 488 sed
569 467 664 488 eorum
678 459 797 487 consilio
822 465 988 494 permaneas
1040 458 1138 487 sedare
1159 457 1290 486 furorem.

623 527 688 556 lnsu
705 528 732 556 in
747 526 942 556 Retraclatione
959 528 986 555 in
1001 527 1081 561 Acta,
1098 527 1132 556 ad
1146 527 1271 555 eumdem
1289 527 1389 555 locum.

239 608 278 637 De
289 608 340 636 hoc
356 607 506 635 Gamaliele
516 611 544 636 et
557 608 584 635 in
594 607 664 635 libro
675 607 763 635 sancti
777 606 926 634 Clementis
947 606 987 634 le-
1042 610 1178 642 posuione
1193 606 1264 633 facta
1280 608 1333 633 est.
1364 603 1497 640 Apparuit
1519 610 1639 639 namque
1667 604 1696 632 in
1721 605 1831 633 visione

204 656 305 692 pimus.
321 655 386 690 quia
400 654 551 690 discipulus
563 654 749 689 apostolorum
764 653 870 681 occulte
883 653 966 682 fuerit
978 662 987 688 ;
1041 657 1136 681 sancto
1150 652 1196 680 Dei
1206 652 1308 680 famqu
1322 656 1350 679 et
1364 652 1524 687 presbytero
1534 650 1656 678 Lucisno
1667 671 1676 684 ,
1705 655 1735 678 ut
1755 651 1828 680 idem

205 702 252 730 sed
264 709 358 729 eorum
383 701 497 729 consilio
514 701 586 728 inter
608 700 727 732 Iudaeos,
747 700 781 727 ad
805 701 987 736 mitigandum
1041 699 1178 727 Lucianus
1192 699 1334 735 presbyter
1360 698 1533 734 postmodum
1548 698 1677 726 omnibus
1695 698 1829 726 Ecclesiis

203 754 298 774 eorum
307 747 437 779 furorem,
451 747 497 774 ubi
510 747 659 774 necessitas
670 746 813 781 ingruerit,
829 746 864 774 sit
875 754 988 775 manere
1042 746 1167 781 scripsit;
1183 749 1210 774 et
1220 746 1267 774 ubi
1281 749 1394 773 sanctus
1409 745 1565 781 Stephanus
1579 749 1651 773 esset
1662 745 1826 778 tumulatus.

205 797 368 828 praeceptus.
388 792 441 821 Sed
456 793 508 821 hoc
522 793 559 820 ita
573 801 633 821 esse
647 793 781 821 veraciter
791 797 909 828 gestum,
925 801 988 821 cer-
1006 826 1021 828 _
1042 793 1123 821 simul
1139 796 1166 820 et
1178 791 1354 824 Nicodemus,
1369 791 1415 827 qui
1431 790 1575 818 Dominum
1590 799 1653 819 eum
1666 790 1770 827 Ioseph
1785 799 1829 819 se-

203 826 406 867 tissimehodie
421 847 469 874 per
484 839 676 867 revelationem
692 826 870 874 reliquiarum
888 839 990 868 beatis.
1005 826 1026 854 Β
1040 838 1144 875 pelivit,
1159 846 1264 866 necnon
1279 841 1306 866 et
1322 826 1382 873 ipse
1389 837 1521 865 Gamaliel
1534 845 1597 865 cum
1612 837 1670 866 ﬁlio
1692 826 1745 866 suo
1764 837 1827 864 Abi-

204 884 266 913 simi
279 886 487 921 protomartyris
497 885 627 922 Stephani
639 886 746 914 cunctis
756 887 810 914 late
820 886 923 914 Christi
937 885 990 914 Ec-
1042 886 1106 918 ban,
1130 885 1293 913 suavissima
1316 884 1475 913 ostensione
1501 883 1657 920 perdocuit.
1693 883 1827 919 Βιεοςιίι.

203 929 296 959 elesiis
309 931 439 965 innotuit,
455 939 515 968 quae
523 940 571 968 per
582 933 708 961 eumdem
722 934 811 962 virum
826 933 918 962 divina
929 934 947 962 ιι

584 933 708 961 eumdem
722 934 811 962 virum
826 933 918 962 divina
929 934 986 963 dis-
1041 932 1089 962 lib.
1105 940 1126 966 I,
1139 940 1199 967 cap.
1213 932 1258 964 56,
1278 936 1331 960 etc.

713 1023 778 1051 lusu
789 1024 837 1052 lib.
853 1023 892 1051 De
908 1023 1011 1051 ratione
1027 1028 1182 1058 temporum,
1199 1031 1260 1059 cap.
1272 1023 1299 1051 3.

239 1100 362 1136 Denique
373 1105 485 1129 sanctus
500 1101 626 1129 Clemens
648 1101 835 1137 apostolorum
864 1101 989 1137 uiscupu-
1043 1108 1155 1136 seopus,
1171 1108 1199 1128 In
1212 1105 1290 1129 sexto
1304 1099 1487 1129 Historiarum
1499 1107 1613 1128 suarum
1629 1100 1705 1128 libro
1716 1100 1754 1127 ita
1766 1099 1831 1128 scri-

205 1147 260 1180 lus,
274 1151 302 1176 et
313 1147 442 1176 Romana
456 1147 585 1176 Ecclesia:
599 1149 698 1177 tertius
722 1152 784 1185 post
798 1148 909 1176 Petrum
929 1149 989 1184 epi-
1042 1148 1082 1176 bit
1095 1156 1101 1174 :
1120 1147 1152 1176 In
1161 1148 1291 1184 principio
1301 1147 1364 1183 fecit
1378 1146 1461 1180 Deus,
1477 1150 1532 1176 etc.
1547 1146 1678 1183 Recogn.,
1695 1146 1744 1175 lib.
1759 1154 1796 1175 vt.

971 1215 1042 1245 XIV.

699 1293 870 1322 NICBPIOIIII
885 1293 951 1327 σι’..
967 1295 996 1323 in
1013 1294 1066 1323 line
1081 1294 1322 1332 Chronographiz.

325 1373 365 1402 Et
378 1373 496 1401 versione
506 1373 643 1401 Anastasii
662 1373 869 1404 Bibliothecarii.

242 1419 275 1447 Et
292 1427 354 1456 qua:
363 1418 431 1447 Novi
443 1419 633 1456 (Testamenti)
644 1423 709 1448 sunt
723 1421 892 1458 apocrypha:
906 1419 989 1450 Itine—

1082 1420 1131 1448 Καὶ
1144 1421 1196 1448 ὅσα
1209 1420 1258 1456 τῆς
1271 1420 1343 1453 Νέας
1358 1421 1426 1449 εἰσὶν
1445 1421 1610 1458 dmum.
1626 1422 1762 1459 Περίοδος
1779 1423 1829 1459 (l5)

207 1465 309 1493 rarium
324 1464 410 1497 Petri,
424 1473 521 1494 versus
533 1473 632 1499 Iunce,
644 1470 699 1494 etc.

669 1474 699 1494 κζ.
1043 1465 1158 1502 Πέτρου,
1176 1467 1262 1503 στίχοι
1285 1467 1336 1502 ,βψ
1351 1466 1416 1503 (ib).

973 1555 1033 1586 XV.

385 1634 541 1663 suosunus
550 1634 621 1662 libro
632 1633 671 1662 De
683 1633 807 1662 Judaicis
820 1635 1060 1670 superstitionibus,
1076 1643 1136 1671 cap.
1155 1636 1188 1664 l6
1198 1636 1265 1666 edit.
1283 1636 1388 1670 Baiuz.,
1404 1640 1472 1666 tom.
1489 1636 1511 1672 Ι,
1526 1645 1589 1674 pag.
1603 1638 1651 1668 85.

243 1712 296 1740 Sed
313 1717 341 1741 et
357 1711 385 1740 in
409 1711 489 1740 libris
515 1712 680 1745 Clementis,
705 1711 836 1740 Ecclesia:
861 1711 990 1741 Romana
1043 1718 1121 1749 post:
1138 1713 1223 1741 Nemo
1234 1722 1295 1750 ergo
1309 1721 1424 1742 vestram
1436 1716 1706 1749 contristetur,ait,a
1721 1719 1832 1746 concisis

206 1759 362 1794 pontiﬁcis,
376 1758 554 1786 inveniuntur
568 1759 659 1794 aliqua
683 1766 699 1786 a
728 1766 812 1794 supra
839 1763 991 1787 memorato
1043 1765 1133 1787 nostra
1148 1765 1296 1795 separatus.
1312 1761 1399 1789 Parvo
1413 1762 1483 1789 enim
1502 1766 1616 1797 tempore
1636 1770 1830 1799 sequuntur,

207 1806 333 1842 apostolo
346 1804 450 1841 (Petro)
465 1805 499 1833 de
523 1804 606 1840 hujus
632 1805 673 1833 rei
695 1805 888 1834 observatione
906 1806 990 1839 dicta,
1043 1806 1087 1841 qui
1095 1806 1147 1833 tito
1162 1806 1271 1834 voluerit
1283 1807 1433 1841 baptizari;
1449 1808 1532 1835 multo
1544 1811 1702 1844 autem,qu
1719 1811 1830 1840 tardius.

207 1860 268 1887 qua:
282 1852 309 1879 in
336 1851 380 1880 his
394 1851 513 1879 inserere
534 1859 589 1879 non
611 1852 793 1888 incongruum
821 1851 992 1880 existimavi-
1044 1851 1079 1878 Et
1091 1851 1149 1879 ideo
1160 1853 1188 1879 in
1205 1852 1275 1880 vobis
1285 1857 1335 1886 est,
1351 1853 1457 1889 quando
1474 1853 1570 1886 velitis,
1584 1854 1618 1881 ad
1636 1859 1761 1883 nostram
1775 1865 1833 1884 con~

207 1905 278 1925 unus.
294 1896 372 1930 Nam,
385 1897 447 1924 licet
465 1897 546 1925 iidem
567 1897 630 1925 libri
650 1898 806 1933 iudicentur
826 1898 991 1935 apocryphi;
1043 1899 1131 1926 uenire
1142 1907 1275 1932 mensam;
1299 1904 1325 1927 et
1340 1908 1392 1927 non
1411 1900 1439 1927 in
1454 1900 1541 1932 nobis,
1557 1901 1653 1936 quibus
1673 1903 1830 1936 permissu

207 1943 337 1979 pleraque
359 1947 450 1970 tamen
473 1950 508 1970 ex
531 1943 575 1971 his
603 1943 760 1971 testimonia
780 1943 958 1971 inveniuntur
975 1952 991 1972 a
1042 1952 1095 1972 non
1109 1949 1148 1971 est
1159 1953 1259 1972 sumere
1274 1953 1333 1972 cum
1353 1946 1442 1981 aliquo
1457 1945 1555 1980 cibum,
1576 1947 1630 1974 nisi
1651 1949 1729 1982 prius
1752 1949 1831 1983 fuerit

206 1988 365 2017 doctoribus
379 1995 520 2024 usurpata.
534 1988 685 2016 lntroducit
699 1997 764 2025 ergo
776 1989 912 2022 Clemens,
928 1997 991 2017 cum
1042 1989 1202 2024 baptizatus.
1224 1990 1287 2018 llaec
1301 1991 1334 2018 de
1345 1991 1457 2026 scriptis
1471 1991 1620 2020 Clementis
1635 1995 1798 2023 necessario
1814 2003 1829 2023 ι

206 2034 324 2062 necdum
338 2038 410 2062 esset
422 2035 551 2070 baptismi
563 2034 650 2070 gratia
665 2034 836 2070 puriﬁcatus,
852 2040 879 2063 et
890 2036 927 2063 ob
940 2036 993 2064 hoc
1042 2036 1122 2064 nobis
1135 2033 1240 2072 prolata
1263 2037 1336 2073 sint;
1350 2038 1504 2068 volentibus
1519 2039 1663 2067 evidenter
1672 2041 1826 2074 ostendere,

207 2087 223 2106 a
239 2081 331 2108 mensa
350 2078 425 2107 Petri
434 2087 497 2107 cum
513 2080 621 2108 ceteris
639 2080 775 2108 similibus
791 2086 990 2117 sequestratus,
1043 2082 1077 2110 ab
1093 2083 1223 2118 apostolis
1233 2084 1361 2111 traditam
1373 2085 1457 2120 hujus
1480 2087 1519 2113 rei
1536 2087 1759 2122 antiquissimam
1782 2089 1827 2115 ob-

207 2124 332 2153 eumdem
348 2126 502 2161 apostolum
515 2126 669 2161 loquentem
685 2126 736 2153 sibi
749 2127 792 2155 his
805 2127 896 2155 verbis
908 2136 915 2154 :
930 2127 991 2155 Non
1008 2146 1030 2175 Β
1043 2130 1234 2158 servationem.
1249 2130 1319 2158 Vera
1333 2132 1405 2159 enim
1417 2136 1445 2160 et
1457 2132 1509 2159 ista
1519 2132 1646 2160 ducenda
1659 2138 1726 2161 sunt
1739 2143 1747 2167 ;
1760 2139 1787 2162 et
1797 2142 1827 2162 eo

205 2179 253 2205 pro
272 2171 404 2205 superbia,
419 2180 433 2198 ο
444 2171 575 2205 Clemens,
592 2172 736 2199 convivium
751 2181 803 2199 non
816 2181 865 2209 ago
880 2182 939 2200 cum
949 2173 989 2202 his
1008 2171 1027 2175 ”
1042 2175 1171 2209 maxime,
1191 2184 1245 2212 quo
1261 2177 1295 2204 ab
1309 2177 1469 2213 apostolicis
1476 2178 1590 2206 Actibus
1606 2179 1635 2206 in
1647 2179 1725 2207 nullo
1737 2180 1825 2207 viden-

206 2217 251 2251 ιιιιί
262 2218 378 2244 nomium
388 2217 522 2252 puriﬁcati
532 2223 610 2249 sunt;
623 2217 668 2244 sed
678 2226 776 2252 vereor,
792 2227 824 2246 ne
843 2219 911 2254 forte
925 2219 990 2246 mihi
1042 2225 1087 2249 tur
1100 2221 1265 2258 discrepare.
1281 2222 1343 2259 ιτα.
1358 2222 1491 2260 Recogn.,
1507 2224 1553 2252 lib.
1569 2232 1601 2258 n,
1616 2233 1676 2261 cap.
1692 2226 1737 2259 Ἡ,
1754 2226 1795 2255 79.

206 2262 309 2296 quidem
320 2271 436 2296 noceam,
454 2264 517 2298 ipsis
542 2269 629 2292 autem
644 2263 710 2291 nihil
722 2265 831 2298 prosim.
859 2264 892 2293 Et
906 2266 989 2301 paulo

626 2341 793 2376 Fascutrus,
810 2349 877 2372 tom.
892 2342 925 2376 ll,
941 2307 1044 2377 ηιδῖξᾷ
1057 2351 1118 2379 cap.
1131 2344 1166 2372 lo
1187 2343 1388 2372 Ckrom’corum.

242 2418 316 2448 Idem
339 2427 456 2456 namque
474 2421 647 2450 beatissimus
671 2421 799 2450 Clemens
821 2422 880 2448 suis
907 2420 991 2449 refert
1043 2421 1116 2449 enim
1131 2422 1202 2449 inter
1217 2426 1331 2450 caetera:
1348 2423 1418 2450 Dum
1432 2427 1498 2450 esset
1519 2423 1586 2451 mihi
1608 2432 1694 2452 comes
1718 2425 1822 2460 optima.

206 2466 318 2501 scriptis
329 2486 337 2498 ,
355 2467 473 2502 qualiter
490 2468 524 2496 ad
551 2468 630 2496 tidem
651 2469 808 2504 perveniret
832 2468 947 2500 Christi,
962 2471 990 2496 et
1043 2468 1254 2495 immortalitatis
1269 2468 1374 2503 cupido,
1387 2473 1439 2496 etc.
1454 2468 1599 2504 Recognit.,
1615 2470 1662 2498 lib.
1680 2478 1699 2503 ι,
1716 2471 1821 2505 τηρ-2.

206 2510 357 2547 discipulus
365 2512 437 2541 Petri
451 2522 483 2542 ac
495 2513 651 2542 individuus
666 2522 759 2543 comes
770 2515 932 2550 haeret(l5).
945 2514 990 2541 Ait
1042 2513 1070 2545 6.
1089 2514 1114 2546 7,
1131 2514 1176 2546 12,
1191 2518 1245 2542 etc.

971 2569 1054 2599 XVII.

713 2628 848 2664 .Puo'nus.
866 2627 1034 2656 Bibliotheca
1050 2628 1130 2656 codd.
1144 2636 1212 2662 cm,
1227 2638 1304 2657 exin.

241 2695 322 2725 Lecta
332 2701 395 2724 sunl
405 2696 553 2724 Clementis
562 2695 677 2723 Romam
692 2701 747 2723 auo
755 2696 891 2723 votumina
903 2695 988 2725 libro-

1084 2695 1252 2732 ’Λνεγνώσθη
1266 2698 1423 2734 Κλήμεντος
1437 2698 1483 2726 τοῦ
1500 2698 1608 2735 Ῥώμης
1622 2699 1703 2735 τεύχη
1719 2698 1818 2735 βιϐλίων

209 2750 287 2771 rum:
306 2751 422 2778 quorum
438 2742 522 2774 aliud,
539 2746 604 2773 etc.,
621 2742 737 2770 alterum
746 2750 822 2785 vero.
836 2742 954 2772 dedicati

1070 2743 1090 2771 io
1102 2753 1109 2759 ·
1127 2741 1165 2772 ὧν
1177 2745 1208 2771 τὸ
1224 2745 1284 2780 μὲν,
1299 2750 1364 2778 etc.,
1381 2746 1411 2772 τὺ
1425 2746 1453 2773 δι
1469 2745 1518 2782 τὴν
1531 2745 1733 2783 προσφώνησιν,
1748 2746 1784 2776 ὡς
1794 2745 1817 2769 ἐι

244 2810 301 2879 ila;
316 2809 465 2844 Πιρίοδος.
487 2809 529 2836 ΔΙ.
542 2808 671 2844 περίοδοι.

258 2844 289 2871 η
315 2845 450 2878 ,Bpusl.
467 2844 548 2879 μιν.

1079 2809 1134 2843 (ιω
1152 2811 1251 2840 Muret.
1269 2810 1352 2841 Forte
1367 2813 1485 2842 limaret.
