  <div class='ocr_page' id='page_1' title='image "/cluster/home/n/w/nwhite01/storage/ocr_20150623/1/njp.32101077772331/714.png"; bbox 0 0 1892 3105; ppageno 0'>
   <div class='ocr_carea' id='block_1_1' title="bbox 58 138 118 166">
    <p class='ocr_par' dir='ltr' id='par_1_1' title="bbox 58 138 118 166">
     <span class='ocr_line' id='line_1_1' title="bbox 58 138 118 166; baseline 0 0"><span class='ocrx_word' id='word_1_1' title='bbox 58 138 118 166; x_wconf 68' lang='grc'><strong>1169</strong></span> 
     </span>
    </p>
   </div>
   <div class='ocr_carea' id='block_1_2' title="bbox 579 136 1107 166">
    <p class='ocr_par' dir='ltr' id='par_1_2' title="bbox 579 136 1107 166">
     <span class='ocr_line' id='line_1_2' title="bbox 579 136 1107 166; baseline 0 0"><span class='ocrx_word' id='word_1_2' title='bbox 579 136 717 166; x_wconf 76' lang='lat' dir='ltr'><strong>RECOGN</strong></span> <span class='ocrx_word' id='word_1_3' title='bbox 723 136 906 166; x_wconf 81' lang='lat' dir='ltr'><strong>.TIONES.-</strong></span> <span class='ocrx_word' id='word_1_4' title='bbox 924 136 1107 166; x_wconf 67' lang='grc' dir='ltr'>ΡιιοωιιιΑ.</span> 
     </span>
    </p>
   </div>
   <div class='ocr_carea' id='block_1_3' title="bbox 1607 141 1677 170">
    <p class='ocr_par' dir='ltr' id='par_1_3' title="bbox 1607 141 1677 170">
     <span class='ocr_line' id='line_1_3' title="bbox 1607 141 1677 170; baseline 0 0"><span class='ocrx_word' id='word_1_5' title='bbox 1607 141 1677 170; x_wconf 76' lang='lat'><strong>“70</strong></span> 
     </span>
    </p>
   </div>
   <div class='ocr_carea' id='block_1_4' title="bbox 53 194 800 234">
    <p class='ocr_par' dir='ltr' id='par_1_4' title="bbox 53 194 800 233">
     <span class='ocr_line' id='line_1_4' title="bbox 53 194 800 233; baseline -0.001 -10"><span class='ocrx_word' id='word_1_6' title='bbox 53 194 190 231; x_wconf 77' lang='grc' dir='ltr'>ιττιστολῆς</span> <span class='ocrx_word' id='word_1_7' title='bbox 226 195 306 228; x_wconf 60' lang='lat' dir='ltr'><strong>albet,</strong></span> <span class='ocrx_word' id='word_1_8' title='bbox 336 195 405 233; x_wconf 74' lang='grc' dir='ltr'>πρὸς</span> <span class='ocrx_word' id='word_1_9' title='bbox 441 194 569 223; x_wconf 76' lang='grc' dir='ltr'>Ἰάκωϐον</span> <span class='ocrx_word' id='word_1_10' title='bbox 596 195 643 222; x_wconf 82' lang='grc' dir='ltr'><strong>τδν</strong></span> <span class='ocrx_word' id='word_1_11' title='bbox 675 195 800 230; x_wconf 74' lang='grc' dir='ltr'>ἀδελφόοε</span> 
     </span>
    </p>
   </div>
   <div class='ocr_carea' id='block_1_5' title="bbox 931 194 1678 234">
    <p class='ocr_par' dir='ltr' id='par_1_5' title="bbox 931 195 1678 234">
     <span class='ocr_line' id='line_1_5' title="bbox 931 195 1678 234; baseline 0.008 -12"><span class='ocrx_word' id='word_1_12' title='bbox 931 202 952 222; x_wconf 78' lang='lat' dir='ltr'><strong>rn</strong></span> <span class='ocrx_word' id='word_1_13' title='bbox 962 199 989 224; x_wconf 90' lang='lat' dir='ltr'><strong>et</strong></span> <span class='ocrx_word' id='word_1_14' title='bbox 1002 195 1207 229; x_wconf 73' lang='lat' dir='ltr'><strong>allocutionem,</strong></span> <span class='ocrx_word' id='word_1_15' title='bbox 1218 196 1292 224; x_wconf 87' lang='lat' dir='ltr'><strong>velut</strong></span> <span class='ocrx_word' id='word_1_16' title='bbox 1304 197 1331 224; x_wconf 89' lang='lat' dir='ltr'><strong>in</strong></span> <span class='ocrx_word' id='word_1_17' title='bbox 1343 197 1431 225; x_wconf 85' lang='lat' dir='ltr'><strong>forma</strong></span> <span class='ocrx_word' id='word_1_18' title='bbox 1442 197 1583 234; x_wconf 62' lang='lat' dir='ltr'><strong>Epistoa,</strong></span> <span class='ocrx_word' id='word_1_19' title='bbox 1593 199 1678 228; x_wconf 87' lang='lat' dir='ltr'><strong>habet</strong></span> 
     </span>
    </p>
   </div>
   <div class='ocr_carea' id='block_1_6' title="bbox 53 239 834 279">
    <p class='ocr_par' dir='ltr' id='par_1_6' title="bbox 53 239 834 279">
     <span class='ocr_line' id='line_1_6' title="bbox 53 239 834 279; baseline 0 -10"><span class='ocrx_word' id='word_1_20' title='bbox 53 244 170 269; x_wconf 79' lang='grc' dir='ltr'>ποιεῖται.</span> <span class='ocrx_word' id='word_1_21' title='bbox 178 242 224 269; x_wconf 86' lang='grc' dir='ltr'>Ἐν</span> <span class='ocrx_word' id='word_1_22' title='bbox 232 239 254 277; x_wconf 84' lang='grc' dir='ltr'>ᾦ</span> <span class='ocrx_word' id='word_1_23' title='bbox 270 243 301 270; x_wconf 78' lang='grc' dir='ltr'>ατ</span> <span class='ocrx_word' id='word_1_24' title='bbox 311 252 341 270; x_wconf 82' lang='grc' dir='ltr'>τε</span> <span class='ocrx_word' id='word_1_25' title='bbox 354 243 498 279; x_wconf 73' lang='grc' dir='ltr'>λεγόμεναι</span> <span class='ocrx_word' id='word_1_26' title='bbox 508 242 555 269; x_wconf 83' lang='grc' dir='ltr'><strong>τοῦ</strong></span> <span class='ocrx_word' id='word_1_27' title='bbox 569 242 717 269; x_wconf 79' lang='grc' dir='ltr'><strong>ἀποστόλου</strong></span> <span class='ocrx_word' id='word_1_28' title='bbox 729 243 834 278; x_wconf 80' lang='grc' dir='ltr'><strong>Πέτρου</strong></span> 
     </span>
    </p>
   </div>
   <div class='ocr_carea' id='block_1_7' title="bbox 53 287 834 326">
    <p class='ocr_par' dir='ltr' id='par_1_7' title="bbox 53 287 834 326">
     <span class='ocr_line' id='line_1_7' title="bbox 53 287 834 326; baseline 0.003 -12"><span class='ocrx_word' id='word_1_29' title='bbox 53 287 170 324; x_wconf 76' lang='grc' dir='ltr'>Πράξεις,</span> <span class='ocrx_word' id='word_1_30' title='bbox 188 289 236 316; x_wconf 74' lang='grc' dir='ltr'>καὶ</span> <span class='ocrx_word' id='word_1_31' title='bbox 249 289 277 316; x_wconf 78' lang='lat' dir='ltr'><strong>at</strong></span> <span class='ocrx_word' id='word_1_32' title='bbox 293 289 362 326; x_wconf 80' lang='grc' dir='ltr'>πρὸς</span> <span class='ocrx_word' id='word_1_33' title='bbox 376 289 485 324; x_wconf 78' lang='grc' dir='ltr'>Σίμωνα</span> <span class='ocrx_word' id='word_1_34' title='bbox 501 289 548 316; x_wconf 82' lang='grc' dir='ltr'><strong>τὸν</strong></span> <span class='ocrx_word' id='word_1_35' title='bbox 572 289 667 323; x_wconf 84' lang='grc' dir='ltr'><strong>Μάγον</strong></span> <span class='ocrx_word' id='word_1_36' title='bbox 691 288 834 322; x_wconf 77' lang='grc' dir='ltr'>διαλέξεις.</span> 
     </span>
    </p>
   </div>
   <div class='ocr_carea' id='block_1_8' title="bbox 51 334 833 372">
    <p class='ocr_par' dir='ltr' id='par_1_8' title="bbox 51 334 833 372">
     <span class='ocr_line' id='line_1_8' title="bbox 51 334 833 372; baseline 0 -10"><span class='ocrx_word' id='word_1_37' title='bbox 51 336 92 362; x_wconf 71' lang='grc' dir='ltr'>καὶ</span> <span class='ocrx_word' id='word_1_38' title='bbox 104 334 142 362; x_wconf 81' lang='grc' dir='ltr'><strong>Ετι</strong></span> <span class='ocrx_word' id='word_1_39' title='bbox 158 336 172 362; x_wconf 87' lang='grc' dir='ltr'><strong>ό</strong></span> <span class='ocrx_word' id='word_1_40' title='bbox 188 336 408 372; x_wconf 78' lang='grc' dir='ltr'>’Δναγνωρισμδς</span> <span class='ocrx_word' id='word_1_41' title='bbox 418 336 586 372; x_wconf 79' lang='grc' dir='ltr'><strong>Κλήμεντος,</strong></span> <span class='ocrx_word' id='word_1_42' title='bbox 597 335 644 363; x_wconf 80' lang='grc' dir='ltr'>καὶ</span> <span class='ocrx_word' id='word_1_43' title='bbox 658 334 706 362; x_wconf 84' lang='grc' dir='ltr'>τοῦ</span> <span class='ocrx_word' id='word_1_44' title='bbox 718 335 833 372; x_wconf 80' lang='grc' dir='ltr'>πατρὸς,</span> 
     </span>
    </p>
   </div>
   <div class='ocr_carea' id='block_1_9' title="bbox 50 382 835 418">
    <p class='ocr_par' dir='ltr' id='par_1_9' title="bbox 50 382 835 418">
     <span class='ocr_line' id='line_1_9' title="bbox 50 382 835 418; baseline 0 -8"><span class='ocrx_word' id='word_1_45' title='bbox 50 382 155 410; x_wconf 79' lang='grc' dir='ltr'>καὶτῶν</span> <span class='ocrx_word' id='word_1_46' title='bbox 166 383 255 411; x_wconf 74' lang='grc' dir='ltr'>ἄλλων</span> <span class='ocrx_word' id='word_1_47' title='bbox 269 382 404 418; x_wconf 77' lang='grc' dir='ltr'><strong>ἀδελφῶν.</strong></span> <span class='ocrx_word' id='word_1_48' title='bbox 418 383 465 410; x_wconf 84' lang='grc' dir='ltr'><strong>Διδ</strong></span> <span class='ocrx_word' id='word_1_49' title='bbox 476 383 523 410; x_wconf 73' lang='grc' dir='ltr'>καὶ</span> <span class='ocrx_word' id='word_1_50' title='bbox 539 382 568 410; x_wconf 80' lang='grc' dir='ltr'>ἐν</span> <span class='ocrx_word' id='word_1_51' title='bbox 582 391 637 410; x_wconf 87' lang='grc' dir='ltr'>τισι</span> <span class='ocrx_word' id='word_1_52' title='bbox 652 382 709 409; x_wconf 83' lang='grc' dir='ltr'><strong>τῶν</strong></span> <span class='ocrx_word' id='word_1_53' title='bbox 723 382 835 418; x_wconf 74' lang='grc' dir='ltr'>βιϐλίων</span> 
     </span>
    </p>
   </div>
   <div class='ocr_carea' id='block_1_10' title="bbox 48 429 834 466">
    <p class='ocr_par' dir='ltr' id='par_1_10' title="bbox 48 429 834 466">
     <span class='ocr_line' id='line_1_10' title="bbox 48 429 834 466; baseline 0 -9"><span class='ocrx_word' id='word_1_54' title='bbox 48 431 213 466; x_wconf 78' lang='grc' dir='ltr'>ήὲπιγραφή</span> <span class='ocrx_word' id='word_1_55' title='bbox 225 451 232 463; x_wconf 92' lang='grc'><strong>,</strong></span> <span class='ocrx_word' id='word_1_56' title='bbox 251 429 424 465; x_wconf 73' lang='grc' dir='ltr'><strong>Κλήμεντος</strong></span> <span class='ocrx_word' id='word_1_57' title='bbox 447 429 500 457; x_wconf 80' lang='grc' dir='ltr'>τοῦ</span> <span class='ocrx_word' id='word_1_58' title='bbox 520 429 665 464; x_wconf 80' lang='grc' dir='ltr'>Ῥωμαίου</span> <span class='ocrx_word' id='word_1_59' title='bbox 693 429 834 465; x_wconf 74' lang='grc' dir='ltr'><strong>Ἁνατνω-</strong></span> 
     </span>
    </p>
   </div>
   <div class='ocr_carea' id='block_1_11' title="bbox 45 475 834 513">
    <p class='ocr_par' dir='ltr' id='par_1_11' title="bbox 45 475 834 513">
     <span class='ocr_line' id='line_1_11' title="bbox 45 475 834 513; baseline -0.001 -9"><span class='ocrx_word' id='word_1_60' title='bbox 45 476 155 513; x_wconf 84' lang='grc' dir='ltr'>ρισμὸς,</span> <span class='ocrx_word' id='word_1_61' title='bbox 171 477 365 513; x_wconf 65' lang='grc' dir='ltr'>ἐπιγράφεται.</span> <span class='ocrx_word' id='word_1_62' title='bbox 379 477 428 504; x_wconf 83' lang='grc' dir='ltr'>Ἐν</span> <span class='ocrx_word' id='word_1_63' title='bbox 438 485 493 503; x_wconf 83' lang='grc' dir='ltr'>τισι</span> <span class='ocrx_word' id='word_1_64' title='bbox 506 476 549 508; x_wconf 84' lang='grc' dir='ltr'><strong>δὲ,</strong></span> <span class='ocrx_word' id='word_1_65' title='bbox 563 475 602 507; x_wconf 82' lang='grc' dir='ltr'>ὡς</span> <span class='ocrx_word' id='word_1_66' title='bbox 614 475 734 511; x_wconf 80' lang='grc' dir='ltr'>ιφημεν,</span> <span class='ocrx_word' id='word_1_67' title='bbox 759 476 834 503; x_wconf 85' lang='grc' dir='ltr'>Ἐπι-</span> 
     </span>
    </p>
   </div>
   <div class='ocr_carea' id='block_1_12' title="bbox 49 522 833 560">
    <p class='ocr_par' dir='ltr' id='par_1_12' title="bbox 49 522 833 560">
     <span class='ocr_line' id='line_1_12' title="bbox 49 522 833 560; baseline 0 -10"><span class='ocrx_word' id='word_1_68' title='bbox 49 523 121 559; x_wconf 74' lang='grc' dir='ltr'>πολὴ</span> <span class='ocrx_word' id='word_1_69' title='bbox 136 524 328 560; x_wconf 82' lang='grc' dir='ltr'><strong>προτάττεται,</strong></span> <span class='ocrx_word' id='word_1_70' title='bbox 345 523 384 556; x_wconf 86' lang='grc' dir='ltr'><strong>ὡς</strong></span> <span class='ocrx_word' id='word_1_71' title='bbox 399 523 468 560; x_wconf 77' lang='grc' dir='ltr'>πρὸς</span> <span class='ocrx_word' id='word_1_72' title='bbox 483 524 530 551; x_wconf 82' lang='grc' dir='ltr'>τὸν</span> <span class='ocrx_word' id='word_1_73' title='bbox 555 522 715 557; x_wconf 77' lang='grc' dir='ltr'>ἀδελφόθεον</span> <span class='ocrx_word' id='word_1_74' title='bbox 738 522 833 550; x_wconf 83' lang='grc' dir='ltr'>Ἰάκω-</span> 
     </span>
    </p>
   </div>
   <div class='ocr_carea' id='block_1_13' title="bbox 47 569 833 606">
    <p class='ocr_par' dir='ltr' id='par_1_13' title="bbox 47 569 833 606">
     <span class='ocr_line' id='line_1_13' title="bbox 47 569 833 606; baseline -0.001 -9"><span class='ocrx_word' id='word_1_75' title='bbox 47 570 96 597; x_wconf 81' lang='lat' dir='ltr'><strong>60v.</strong></span> <span class='ocrx_word' id='word_1_76' title='bbox 113 570 167 598; x_wconf 78' lang='grc' dir='ltr'><strong>Καὶ</strong></span> <span class='ocrx_word' id='word_1_77' title='bbox 182 571 255 606; x_wconf 82' lang='grc' dir='ltr'>αὕτη</span> <span class='ocrx_word' id='word_1_78' title='bbox 266 571 306 603; x_wconf 77' lang='grc' dir='ltr'>δὲ,</span> <span class='ocrx_word' id='word_1_79' title='bbox 321 571 371 606; x_wconf 78' lang='grc' dir='ltr'><strong>οὐχ</strong></span> <span class='ocrx_word' id='word_1_80' title='bbox 386 571 403 606; x_wconf 82' lang='grc' dir='ltr'>ἡ</span> <span class='ocrx_word' id='word_1_81' title='bbox 417 570 496 606; x_wconf 82' lang='grc' dir='ltr'>αὑτὴ,</span> <span class='ocrx_word' id='word_1_82' title='bbox 511 570 572 597; x_wconf 81' lang='grc' dir='ltr'>οὐδὲ</span> <span class='ocrx_word' id='word_1_83' title='bbox 587 569 626 601; x_wconf 86' lang='grc' dir='ltr'>ὡς</span> <span class='ocrx_word' id='word_1_84' title='bbox 651 569 706 597; x_wconf 74' lang='grc' dir='ltr'><strong>ἀπὸ</strong></span> <span class='ocrx_word' id='word_1_85' title='bbox 720 569 768 596; x_wconf 81' lang='grc' dir='ltr'><strong>τοῦ</strong></span> <span class='ocrx_word' id='word_1_86' title='bbox 785 569 833 596; x_wconf 82' lang='grc' dir='ltr'><strong>αὐ-</strong></span> 
     </span>
    </p>
   </div>
   <div class='ocr_carea' id='block_1_14' title="bbox 46 615 833 653">
    <p class='ocr_par' dir='ltr' id='par_1_14' title="bbox 46 615 833 653">
     <span class='ocr_line' id='line_1_14' title="bbox 46 615 833 653; baseline -0.003 -9"><span class='ocrx_word' id='word_1_87' title='bbox 46 616 88 643; x_wconf 78' lang='grc' dir='ltr'>τοῦ</span> <span class='ocrx_word' id='word_1_88' title='bbox 102 617 251 653; x_wconf 79' lang='grc' dir='ltr'><strong>προσώπου</strong></span> <span class='ocrx_word' id='word_1_89' title='bbox 275 617 515 653; x_wconf 77' lang='grc' dir='ltr'>προενηνεγμένη·</span> <span class='ocrx_word' id='word_1_90' title='bbox 539 615 596 643; x_wconf 78' lang='grc' dir='ltr'>ἀλλ’</span> <span class='ocrx_word' id='word_1_91' title='bbox 610 616 657 643; x_wconf 74' lang='grc' dir='ltr'><strong>ἐπὶ</strong></span> <span class='ocrx_word' id='word_1_92' title='bbox 677 616 728 651; x_wconf 86' lang='grc' dir='ltr'>μέν</span> <span class='ocrx_word' id='word_1_93' title='bbox 752 623 833 642; x_wconf 92' lang='grc' dir='ltr'>τινων</span> 
     </span>
    </p>
   </div>
   <div class='ocr_carea' id='block_1_15' title="bbox 46 661 832 699">
    <p class='ocr_par' dir='ltr' id='par_1_15' title="bbox 46 661 832 699">
     <span class='ocr_line' id='line_1_15' title="bbox 46 661 832 699; baseline 0 -9"><span class='ocrx_word' id='word_1_94' title='bbox 46 661 159 697; x_wconf 73' lang='grc' dir='ltr'>βιϐλίων,</span> <span class='ocrx_word' id='word_1_95' title='bbox 177 663 218 695; x_wconf 86' lang='grc' dir='ltr'><strong>ὡς</strong></span> <span class='ocrx_word' id='word_1_96' title='bbox 233 663 287 690; x_wconf 67' lang='grc' dir='ltr'>ἀπὸ</span> <span class='ocrx_word' id='word_1_97' title='bbox 300 663 403 699; x_wconf 79' lang='grc' dir='ltr'><strong>Πέτρου</strong></span> <span class='ocrx_word' id='word_1_98' title='bbox 417 662 465 690; x_wconf 81' lang='grc' dir='ltr'><strong>τοῦ</strong></span> <span class='ocrx_word' id='word_1_99' title='bbox 481 661 630 689; x_wconf 71' lang='grc' dir='ltr'>ἀποστόλου</span> <span class='ocrx_word' id='word_1_100' title='bbox 645 662 715 698; x_wconf 80' lang='grc' dir='ltr'>πρὸς</span> <span class='ocrx_word' id='word_1_101' title='bbox 737 662 832 690; x_wconf 77' lang='grc' dir='ltr'>Ἰάκω-</span> 
     </span>
    </p>
   </div>
   <div class='ocr_carea' id='block_1_16' title="bbox 45 708 833 746">
    <p class='ocr_par' dir='ltr' id='par_1_16' title="bbox 45 708 833 746">
     <span class='ocr_line' id='line_1_16' title="bbox 45 708 833 746; baseline 0 -10"><span class='ocrx_word' id='word_1_102' title='bbox 45 708 89 736; x_wconf 75' lang='lat' dir='ltr'><strong>60v</strong></span> <span class='ocrx_word' id='word_1_103' title='bbox 103 709 308 746; x_wconf 75' lang='grc' dir='ltr'>ὲπεσταλμένη·</span> <span class='ocrx_word' id='word_1_104' title='bbox 324 711 367 745; x_wconf 76' lang='grc' dir='ltr'><strong>ἐφ’</strong></span> <span class='ocrx_word' id='word_1_105' title='bbox 378 710 479 746; x_wconf 80' lang='grc' dir='ltr'>ἑτέρων</span> <span class='ocrx_word' id='word_1_106' title='bbox 495 710 535 743; x_wconf 78' lang='grc' dir='ltr'><strong>δὲ,</strong></span> <span class='ocrx_word' id='word_1_107' title='bbox 551 709 590 741; x_wconf 84' lang='grc' dir='ltr'><strong>ὡς</strong></span> <span class='ocrx_word' id='word_1_108' title='bbox 606 709 660 737; x_wconf 73' lang='grc' dir='ltr'><strong>ἀπὸ</strong></span> <span class='ocrx_word' id='word_1_109' title='bbox 673 709 833 746; x_wconf 78' lang='grc' dir='ltr'>Κλήμεντος</span> 
     </span>
    </p>
   </div>
   <div class='ocr_carea' id='block_1_17' title="bbox 46 755 830 793">
    <p class='ocr_par' dir='ltr' id='par_1_17' title="bbox 46 755 830 793">
     <span class='ocr_line' id='line_1_17' title="bbox 46 755 830 793; baseline 0.001 -11"><span class='ocrx_word' id='word_1_110' title='bbox 46 755 108 791; x_wconf 78' lang='grc' dir='ltr'>πρὸς</span> <span class='ocrx_word' id='word_1_111' title='bbox 126 756 257 783; x_wconf 66' lang='grc' dir='ltr'>Ίάλιωὸον</span> <span class='ocrx_word' id='word_1_112' title='bbox 268 765 276 773; x_wconf 66' lang='grc' dir='ltr'>θ</span> <span class='ocrx_word' id='word_1_113' title='bbox 293 756 359 793; x_wconf 74' lang='grc' dir='ltr'>ᾶλλη</span> <span class='ocrx_word' id='word_1_114' title='bbox 375 756 423 783; x_wconf 80' lang='grc' dir='ltr'>καὶ</span> <span class='ocrx_word' id='word_1_115' title='bbox 439 755 517 792; x_wconf 75' lang='grc' dir='ltr'>ἄλλη,</span> <span class='ocrx_word' id='word_1_116' title='bbox 537 755 629 788; x_wconf 80' lang='grc' dir='ltr'>καθὼς</span> <span class='ocrx_word' id='word_1_117' title='bbox 653 756 830 793; x_wconf 78' lang='grc' dir='ltr'>προείπομεν.</span> 
     </span>
    </p>
   </div>
   <div class='ocr_carea' id='block_1_18' title="bbox 45 800 832 840">
    <p class='ocr_par' dir='ltr' id='par_1_18' title="bbox 45 800 832 840">
     <span class='ocr_line' id='line_1_18' title="bbox 45 800 832 840; baseline 0.005 -13"><span class='ocrx_word' id='word_1_118' title='bbox 45 800 93 828; x_wconf 75' lang='grc' dir='ltr'><strong>Καὶ</strong></span> <span class='ocrx_word' id='word_1_119' title='bbox 106 802 123 838; x_wconf 79' lang='grc' dir='ltr'>ἡ</span> <span class='ocrx_word' id='word_1_120' title='bbox 143 802 194 838; x_wconf 83' lang='grc' dir='ltr'>μὲν</span> <span class='ocrx_word' id='word_1_121' title='bbox 207 802 293 839; x_wconf 77' lang='grc' dir='ltr'>δηλοῖ,</span> <span class='ocrx_word' id='word_1_122' title='bbox 304 803 407 839; x_wconf 81' lang='grc' dir='ltr'>Πέτρον</span> <span class='ocrx_word' id='word_1_123' title='bbox 417 802 467 835; x_wconf 81' lang='grc' dir='ltr'>τὰς</span> <span class='ocrx_word' id='word_1_124' title='bbox 476 803 580 835; x_wconf 86' lang='grc' dir='ltr'>οίκείας</span> <span class='ocrx_word' id='word_1_125' title='bbox 594 803 752 839; x_wconf 78' lang='grc' dir='ltr'><strong>συγγράψαι</strong></span> <span class='ocrx_word' id='word_1_126' title='bbox 764 803 832 840; x_wconf 80' lang='grc' dir='ltr'>πρά-</span> 
     </span>
    </p>
   </div>
   <div class='ocr_carea' id='block_1_19' title="bbox 45 846 830 885">
    <p class='ocr_par' dir='ltr' id='par_1_19' title="bbox 45 846 830 885">
     <span class='ocr_line' id='line_1_19' title="bbox 45 846 830 885; baseline 0.004 -11"><span class='ocrx_word' id='word_1_127' title='bbox 45 846 108 879; x_wconf 80' lang='grc' dir='ltr'>ξεις,</span> <span class='ocrx_word' id='word_1_128' title='bbox 128 849 175 876; x_wconf 76' lang='grc' dir='ltr'>καὶ</span> <span class='ocrx_word' id='word_1_129' title='bbox 194 849 265 885; x_wconf 70' lang='grc' dir='ltr'>πρὸς</span> <span class='ocrx_word' id='word_1_130' title='bbox 287 849 414 876; x_wconf 83' lang='grc' dir='ltr'>Ἰάκωὸον</span> <span class='ocrx_word' id='word_1_131' title='bbox 438 849 619 885; x_wconf 77' lang='grc' dir='ltr'>αἰτησάμενον</span> <span class='ocrx_word' id='word_1_132' title='bbox 638 850 739 882; x_wconf 83' lang='grc' dir='ltr'>ταύτας</span> <span class='ocrx_word' id='word_1_133' title='bbox 760 850 830 877; x_wconf 82' lang='grc' dir='ltr'>ἁπο-</span> 
     </span>
    </p>
   </div>
   <div class='ocr_carea' id='block_1_20' title="bbox 45 893 830 932">
    <p class='ocr_par' dir='ltr' id='par_1_20' title="bbox 45 893 830 932">
     <span class='ocr_line' id='line_1_20' title="bbox 45 893 830 932; baseline 0.001 -10"><span class='ocrx_word' id='word_1_134' title='bbox 45 893 151 922; x_wconf 65' lang='lat' dir='ltr'><strong>mom-</strong></span> <span class='ocrx_word' id='word_1_135' title='bbox 168 896 186 931; x_wconf 79' lang='grc' dir='ltr'><strong>ἡ</strong></span> <span class='ocrx_word' id='word_1_136' title='bbox 203 895 233 922; x_wconf 79' lang='grc' dir='ltr'><strong>δὲ</strong></span> <span class='ocrx_word' id='word_1_137' title='bbox 246 895 436 932; x_wconf 59' lang='grc' dir='ltr'>διαλαμωνει,</span> <span class='ocrx_word' id='word_1_138' title='bbox 448 895 487 928; x_wconf 85' lang='grc' dir='ltr'>ὡς</span> <span class='ocrx_word' id='word_1_139' title='bbox 504 895 620 931; x_wconf 79' lang='grc' dir='ltr'><strong>Κλήμης</strong></span> <span class='ocrx_word' id='word_1_140' title='bbox 636 895 738 928; x_wconf 79' lang='grc' dir='ltr'>ταύτας</span> <span class='ocrx_word' id='word_1_141' title='bbox 758 895 830 924; x_wconf 81' lang='grc' dir='ltr'>κατὰ</span> 
     </span>
    </p>
   </div>
   <div class='ocr_carea' id='block_1_21' title="bbox 43 941 829 979">
    <p class='ocr_par' dir='ltr' id='par_1_21' title="bbox 43 941 829 979">
     <span class='ocr_line' id='line_1_21' title="bbox 43 941 829 979; baseline 0.003 -12"><span class='ocrx_word' id='word_1_142' title='bbox 43 941 199 977; x_wconf 70' lang='grc' dir='ltr'><strong>πρόσταγμα</strong></span> <span class='ocrx_word' id='word_1_143' title='bbox 214 942 318 978; x_wconf 80' lang='grc' dir='ltr'>Πέτρου</span> <span class='ocrx_word' id='word_1_144' title='bbox 336 942 513 979; x_wconf 79' lang='grc' dir='ltr'>συγγράψειε,</span> <span class='ocrx_word' id='word_1_145' title='bbox 537 942 666 970; x_wconf 79' lang='grc' dir='ltr'>κάκείνου</span> <span class='ocrx_word' id='word_1_146' title='bbox 686 941 755 979; x_wconf 75' lang='grc' dir='ltr'>πρὸς</span> <span class='ocrx_word' id='word_1_147' title='bbox 779 942 829 979; x_wconf 80' lang='grc' dir='ltr'><strong>τὴν</strong></span> 
     </span>
    </p>
   </div>
   <div class='ocr_carea' id='block_1_22' title="bbox 41 987 828 1026">
    <p class='ocr_par' dir='ltr' id='par_1_22' title="bbox 41 987 828 1026">
     <span class='ocr_line' id='line_1_22' title="bbox 41 987 828 1026; baseline 0.004 -12"><span class='ocrx_word' id='word_1_148' title='bbox 41 987 130 1023; x_wconf 76' lang='grc' dir='ltr'>ἀγήρω</span> <span class='ocrx_word' id='word_1_149' title='bbox 147 988 347 1023; x_wconf 79' lang='grc' dir='ltr'><strong>μεταστάντος,</strong></span> <span class='ocrx_word' id='word_1_150' title='bbox 374 989 530 1016; x_wconf 82' lang='grc' dir='ltr'>ἀποστείλοι</span> <span class='ocrx_word' id='word_1_151' title='bbox 552 989 668 1025; x_wconf 78' lang='grc' dir='ltr'><strong>Κλήμης</strong></span> <span class='ocrx_word' id='word_1_152' title='bbox 685 989 754 1026; x_wconf 75' lang='grc' dir='ltr'>πρὸς</span> <span class='ocrx_word' id='word_1_153' title='bbox 775 989 828 1017; x_wconf 84' lang='grc' dir='ltr'><strong>’ἰά-</strong></span> 
     </span>
    </p>
   </div>
   <div class='ocr_carea' id='block_1_23' title="bbox 41 1033 828 1071">
    <p class='ocr_par' dir='ltr' id='par_1_23' title="bbox 41 1033 828 1071">
     <span class='ocr_line' id='line_1_23' title="bbox 41 1033 828 1071; baseline 0.003 -11"><span class='ocrx_word' id='word_1_154' title='bbox 41 1034 133 1061; x_wconf 78' lang='grc' dir='ltr'>κωδον.</span> <span class='ocrx_word' id='word_1_155' title='bbox 157 1035 253 1062; x_wconf 81' lang='grc' dir='ltr'>Ἔστιν</span> <span class='ocrx_word' id='word_1_156' title='bbox 267 1033 314 1062; x_wconf 79' lang='grc' dir='ltr'>οὖν</span> <span class='ocrx_word' id='word_1_157' title='bbox 330 1034 455 1071; x_wconf 85' lang='grc' dir='ltr'>εικασμῷ</span> <span class='ocrx_word' id='word_1_158' title='bbox 470 1034 618 1067; x_wconf 79' lang='grc' dir='ltr'>διαλαϐεῖν,</span> <span class='ocrx_word' id='word_1_159' title='bbox 645 1034 683 1067; x_wconf 84' lang='grc' dir='ltr'><strong>ὡς</strong></span> <span class='ocrx_word' id='word_1_160' title='bbox 706 1035 755 1062; x_wconf 84' lang='grc' dir='ltr'><strong>δύο</strong></span> <span class='ocrx_word' id='word_1_161' title='bbox 777 1035 828 1071; x_wconf 66' lang='grc' dir='ltr'>μὲν</span> 
     </span>
    </p>
   </div>
   <div class='ocr_carea' id='block_1_24' title="bbox 41 1081 824 1118">
    <p class='ocr_par' dir='ltr' id='par_1_24' title="bbox 41 1081 824 1118">
     <span class='ocr_line' id='line_1_24' title="bbox 41 1081 824 1118; baseline 0.001 -11"><span class='ocrx_word' id='word_1_162' title='bbox 41 1081 127 1116; x_wconf 81' lang='grc' dir='ltr'>ιῐησαν</span> <span class='ocrx_word' id='word_1_163' title='bbox 142 1081 198 1108; x_wconf 84' lang='grc' dir='ltr'>τῶν</span> <span class='ocrx_word' id='word_1_164' title='bbox 215 1082 319 1118; x_wconf 80' lang='grc' dir='ltr'>Πέτρου</span> <span class='ocrx_word' id='word_1_165' title='bbox 336 1081 466 1118; x_wconf 79' lang='grc' dir='ltr'>Πράξεων</span> <span class='ocrx_word' id='word_1_166' title='bbox 490 1081 610 1113; x_wconf 77' lang='grc' dir='ltr'>ἐκδόσεις</span> <span class='ocrx_word' id='word_1_167' title='bbox 633 1081 824 1117; x_wconf 69' lang='grc' dir='ltr'>γεγενημέναιι</span> 
     </span>
    </p>
   </div>
   <div class='ocr_carea' id='block_1_25' title="bbox 40 1127 824 1165">
    <p class='ocr_par' dir='ltr' id='par_1_25' title="bbox 40 1127 824 1165">
     <span class='ocr_line' id='line_1_25' title="bbox 40 1127 824 1165; baseline 0.003 -12"><span class='ocrx_word' id='word_1_168' title='bbox 40 1127 74 1162; x_wconf 81' lang='grc' dir='ltr'>τῷ</span> <span class='ocrx_word' id='word_1_169' title='bbox 88 1127 115 1154; x_wconf 78' lang='grc' dir='ltr'><strong>δὲ</strong></span> <span class='ocrx_word' id='word_1_170' title='bbox 128 1128 219 1164; x_wconf 84' lang='grc' dir='ltr'>χρόνῳ</span> <span class='ocrx_word' id='word_1_171' title='bbox 233 1128 283 1164; x_wconf 84' lang='grc' dir='ltr'><strong>τῆς</strong></span> <span class='ocrx_word' id='word_1_172' title='bbox 298 1128 395 1164; x_wconf 75' lang='grc' dir='ltr'>ἑτέρας</span> <span class='ocrx_word' id='word_1_173' title='bbox 411 1128 597 1164; x_wconf 81' lang='grc' dir='ltr'>διαρῤυείσης,</span> <span class='ocrx_word' id='word_1_174' title='bbox 609 1128 824 1165; x_wconf 76' lang='grc' dir='ltr'>ὲπεκράτησενή</span> 
     </span>
    </p>
   </div>
   <div class='ocr_carea' id='block_1_26' title="bbox 40 1172 825 1210">
    <p class='ocr_par' dir='ltr' id='par_1_26' title="bbox 40 1172 825 1210">
     <span class='ocr_line' id='line_1_26' title="bbox 40 1172 825 1210; baseline 0.005 -12"><span class='ocrx_word' id='word_1_175' title='bbox 40 1172 82 1199; x_wconf 77' lang='grc' dir='ltr'><strong>τοῦ</strong></span> <span class='ocrx_word' id='word_1_176' title='bbox 97 1173 267 1209; x_wconf 79' lang='grc' dir='ltr'><strong>Κλήμεντος.</strong></span> <span class='ocrx_word' id='word_1_177' title='bbox 289 1174 334 1201; x_wconf 80' lang='grc' dir='ltr'>Ἐν</span> <span class='ocrx_word' id='word_1_178' title='bbox 345 1175 413 1201; x_wconf 63' lang='lat' dir='ltr'><strong>nam.</strong></span> <span class='ocrx_word' id='word_1_179' title='bbox 437 1174 492 1210; x_wconf 79' lang='grc' dir='ltr'><strong>γὰρ</strong></span> <span class='ocrx_word' id='word_1_180' title='bbox 507 1176 564 1206; x_wconf 84' lang='grc' dir='ltr'>τοῖς</span> <span class='ocrx_word' id='word_1_181' title='bbox 591 1174 703 1210; x_wconf 75' lang='grc' dir='ltr'>βιϐλίοις</span> <span class='ocrx_word' id='word_1_182' title='bbox 721 1175 739 1202; x_wconf 76' lang='grc' dir='ltr'>ἃ</span> <span class='ocrx_word' id='word_1_183' title='bbox 757 1175 825 1202; x_wconf 64' lang='lat' dir='ltr'><strong>smo-</strong></span> 
     </span>
    </p>
   </div>
   <div class='ocr_carea' id='block_1_27' title="bbox 42 1219 826 1257">
    <p class='ocr_par' dir='ltr' id='par_1_27' title="bbox 42 1219 826 1257">
     <span class='ocr_line' id='line_1_27' title="bbox 42 1219 826 1257; baseline 0.004 -12"><span class='ocrx_word' id='word_1_184' title='bbox 42 1227 95 1253; x_wconf 84' lang='grc' dir='ltr'>μεν,</span> <span class='ocrx_word' id='word_1_185' title='bbox 109 1219 156 1246; x_wconf 85' lang='grc' dir='ltr'><strong>καί</strong></span> <span class='ocrx_word' id='word_1_186' title='bbox 171 1228 214 1246; x_wconf 88' lang='grc' dir='ltr'><strong>τοι</strong></span> <span class='ocrx_word' id='word_1_187' title='bbox 228 1220 278 1247; x_wconf 83' lang='grc' dir='ltr'>οὐκ</span> <span class='ocrx_word' id='word_1_188' title='bbox 292 1219 391 1255; x_wconf 80' lang='grc' dir='ltr'>ὀλίγων</span> <span class='ocrx_word' id='word_1_189' title='bbox 404 1219 501 1253; x_wconf 70' lang='grc' dir='ltr'>όντων,</span> <span class='ocrx_word' id='word_1_190' title='bbox 525 1220 594 1257; x_wconf 76' lang='grc' dir='ltr'>μετὰ</span> <span class='ocrx_word' id='word_1_191' title='bbox 607 1220 657 1253; x_wconf 83' lang='grc' dir='ltr'>τὰς</span> <span class='ocrx_word' id='word_1_192' title='bbox 680 1220 826 1257; x_wconf 80' lang='grc' dir='ltr'>διαφόρους</span> 
     </span>
    </p>
   </div>
   <div class='ocr_carea' id='block_1_28' title="bbox 40 1265 825 1304">
    <p class='ocr_par' dir='ltr' id='par_1_28' title="bbox 40 1265 825 1304">
     <span class='ocr_line' id='line_1_28' title="bbox 40 1265 825 1304; baseline 0.004 -13"><span class='ocrx_word' id='word_1_193' title='bbox 40 1265 141 1298; x_wconf 72' lang='grc' dir='ltr'>ὲκείνας</span> <span class='ocrx_word' id='word_1_194' title='bbox 148 1265 311 1299; x_wconf 73' lang='grc' dir='ltr'>Ἐπιστολάς</span> <span class='ocrx_word' id='word_1_195' title='bbox 327 1267 375 1294; x_wconf 78' lang='grc' dir='ltr'>καὶ</span> <span class='ocrx_word' id='word_1_196' title='bbox 384 1266 605 1303; x_wconf 76' lang='grc' dir='ltr'>ὲπιγραφὰς,τὴν</span> <span class='ocrx_word' id='word_1_197' title='bbox 615 1267 699 1303; x_wconf 78' lang='grc' dir='ltr'>αὐτὴν</span> <span class='ocrx_word' id='word_1_198' title='bbox 708 1267 825 1304; x_wconf 77' lang='grc' dir='ltr'>εὕρομεν</span> 
     </span>
    </p>
   </div>
   <div class='ocr_carea' id='block_1_29' title="bbox 40 1312 825 1349">
    <p class='ocr_par' dir='ltr' id='par_1_29' title="bbox 40 1312 825 1349">
     <span class='ocr_line' id='line_1_29' title="bbox 40 1312 825 1349; baseline 0.004 -11"><span class='ocrx_word' id='word_1_199' title='bbox 40 1312 249 1348; x_wconf 71' lang='grc' dir='ltr'>ἀπαραλλάκτως</span> <span class='ocrx_word' id='word_1_200' title='bbox 258 1313 458 1349; x_wconf 78' lang='grc' dir='ltr'>πραγματείαν,</span> <span class='ocrx_word' id='word_1_201' title='bbox 476 1312 644 1349; x_wconf 80' lang='grc' dir='ltr'>ἀρχομένην·</span> <span class='ocrx_word' id='word_1_202' title='bbox 664 1313 736 1348; x_wconf 81' lang='grc' dir='ltr'><strong>Ἐτὼ</strong></span> <span class='ocrx_word' id='word_1_203' title='bbox 744 1312 825 1347; x_wconf 70' lang='grc' dir='ltr'><strong>Κλή-</strong></span> 
     </span>
    </p>
   </div>
   <div class='ocr_carea' id='block_1_30' title="bbox 38 1359 825 1397">
    <p class='ocr_par' dir='ltr' id='par_1_30' title="bbox 38 1359 825 1397">
     <span class='ocr_line' id='line_1_30' title="bbox 38 1359 825 1397; baseline 0.004 -12"><span class='ocrx_word' id='word_1_204' title='bbox 38 1366 91 1392; x_wconf 84' lang='grc' dir='ltr'>μης</span> <span class='ocrx_word' id='word_1_205' title='bbox 102 1366 110 1374; x_wconf 71' lang='grc' dir='ltr'><strong>ο</strong></span> <span class='ocrx_word' id='word_1_206' title='bbox 127 1359 174 1386; x_wconf 76' lang='grc' dir='ltr'>καὶ</span> <span class='ocrx_word' id='word_1_207' title='bbox 188 1359 226 1386; x_wconf 85' lang='grc' dir='ltr'>τὰ</span> <span class='ocrx_word' id='word_1_208' title='bbox 240 1359 303 1396; x_wconf 80' lang='grc' dir='ltr'><strong>ἑξῆς</strong></span> <span class='ocrx_word' id='word_1_209' title='bbox 317 1359 509 1396; x_wconf 79' lang='grc' dir='ltr'>ὲνταττόμενα.</span> <span class='ocrx_word' id='word_1_210' title='bbox 525 1359 638 1396; x_wconf 86' lang='grc' dir='ltr'>Μυρίων</span> <span class='ocrx_word' id='word_1_211' title='bbox 652 1359 707 1397; x_wconf 82' lang='grc'><strong>(16)</strong></span> <span class='ocrx_word' id='word_1_212' title='bbox 718 1359 746 1387; x_wconf 76' lang='grc' dir='ltr'><strong>δὲ</strong></span> <span class='ocrx_word' id='word_1_213' title='bbox 762 1361 825 1388; x_wconf 77' lang='grc' dir='ltr'>ατο-</span> 
     </span>
    </p>
   </div>
   <div class='ocr_carea' id='block_1_31' title="bbox 40 1405 823 1443">
    <p class='ocr_par' dir='ltr' id='par_1_31' title="bbox 40 1405 823 1443">
     <span class='ocr_line' id='line_1_31' title="bbox 40 1405 823 1443; baseline 0.003 -11"><span class='ocrx_word' id='word_1_214' title='bbox 40 1405 166 1440; x_wconf 77' lang='grc' dir='ltr'>πημάτων</span> <span class='ocrx_word' id='word_1_215' title='bbox 176 1407 194 1442; x_wconf 82' lang='grc' dir='ltr'><strong>ἡ</strong></span> <span class='ocrx_word' id='word_1_216' title='bbox 213 1406 389 1442; x_wconf 81' lang='grc' dir='ltr'>πραγματεία</span> <span class='ocrx_word' id='word_1_217' title='bbox 405 1406 484 1442; x_wconf 82' lang='grc' dir='ltr'>γέμει</span> <span class='ocrx_word' id='word_1_218' title='bbox 497 1405 578 1442; x_wconf 77' lang='grc' dir='ltr'>αὕτη,</span> <span class='ocrx_word' id='word_1_219' title='bbox 592 1406 640 1434; x_wconf 79' lang='grc' dir='ltr'>καὶ</span> <span class='ocrx_word' id='word_1_220' title='bbox 656 1407 706 1443; x_wconf 84' lang='grc' dir='ltr'>τῆς</span> <span class='ocrx_word' id='word_1_221' title='bbox 722 1408 762 1439; x_wconf 80' lang='grc' dir='ltr'><strong>εἰς</strong></span> <span class='ocrx_word' id='word_1_222' title='bbox 777 1407 823 1435; x_wconf 80' lang='grc' dir='ltr'>τὸν</span> 
     </span>
    </p>
   </div>
   <div class='ocr_carea' id='block_1_32' title="bbox 39 1450 824 1490">
    <p class='ocr_par' dir='ltr' id='par_1_32' title="bbox 39 1450 824 1490">
     <span class='ocr_line' id='line_1_32' title="bbox 39 1450 824 1490; baseline 0.004 -12"><span class='ocrx_word' id='word_1_223' title='bbox 39 1450 96 1479; x_wconf 78' lang='grc' dir='ltr'><strong>Υιδν</strong></span> <span class='ocrx_word' id='word_1_224' title='bbox 112 1451 286 1489; x_wconf 79' lang='grc' dir='ltr'>βλασφημίας</span> <span class='ocrx_word' id='word_1_225' title='bbox 300 1453 372 1480; x_wconf 79' lang='grc' dir='ltr'>κατὰ</span> <span class='ocrx_word' id='word_1_226' title='bbox 387 1452 436 1489; x_wconf 84' lang='grc' dir='ltr'><strong>τὴν</strong></span> <span class='ocrx_word' id='word_1_227' title='bbox 459 1453 562 1490; x_wconf 83' lang='grc' dir='ltr'>Ἀρείου</span> <span class='ocrx_word' id='word_1_228' title='bbox 572 1453 651 1486; x_wconf 79' lang='grc' dir='ltr'>δόξαν</span> <span class='ocrx_word' id='word_1_229' title='bbox 668 1453 742 1480; x_wconf 71' lang='grc' dir='ltr'>ἐστὶν</span> <span class='ocrx_word' id='word_1_230' title='bbox 758 1453 824 1481; x_wconf 79' lang='grc' dir='ltr'><strong>ἀνά-</strong></span> 
     </span>
    </p>
   </div>
   <div class='ocr_carea' id='block_1_33' title="bbox 40 1497 822 1535">
    <p class='ocr_par' dir='ltr' id='par_1_33' title="bbox 40 1497 822 1535">
     <span class='ocr_line' id='line_1_33' title="bbox 40 1497 822 1535; baseline 0.003 -9"><span class='ocrx_word' id='word_1_231' title='bbox 40 1497 130 1530; x_wconf 62' lang='grc' dir='ltr'>πλεως.</span> <span class='ocrx_word' id='word_1_232' title='bbox 147 1497 250 1527; x_wconf 81' lang='lat' dir='ltr'><strong>Paucis</strong></span> <span class='ocrx_word' id='word_1_233' title='bbox 267 1499 366 1527; x_wconf 88' lang='lat' dir='ltr'><strong>deinde</strong></span> <span class='ocrx_word' id='word_1_234' title='bbox 375 1499 450 1527; x_wconf 92' lang='lat' dir='ltr'><strong>circa</strong></span> <span class='ocrx_word' id='word_1_235' title='bbox 466 1499 686 1528; x_wconf 84' lang='lat' dir='ltr'><strong>Constitutiones</strong></span> <span class='ocrx_word' id='word_1_236' title='bbox 711 1503 822 1535; x_wconf 83' lang='lat' dir='ltr'><strong>aposto-</strong></span> 
     </span>
    </p>
   </div>
   <div class='ocr_carea' id='block_1_34' title="bbox 844 875 866 903">
    <p class='ocr_par' dir='ltr' id='par_1_34' title="bbox 844 875 866 903">
     <span class='ocr_line' id='line_1_34' title="bbox 844 875 866 903; baseline 0 0"><span class='ocrx_word' id='word_1_237' title='bbox 844 875 866 903; x_wconf 86' lang='grc' dir='ltr'>Β</span> 
     </span>
    </p>
   </div>
   <div class='ocr_carea' id='block_1_35' title="bbox 886 238 1702 274">
    <p class='ocr_par' dir='ltr' id='par_1_35' title="bbox 886 238 1702 274">
     <span class='ocr_line' id='line_1_35' title="bbox 886 238 1702 274; baseline 0.007 -6"><span class='ocrx_word' id='word_1_238' title='bbox 886 241 920 269; x_wconf 81' lang='lat' dir='ltr'><strong>ad</strong></span> <span class='ocrx_word' id='word_1_239' title='bbox 931 240 1063 270; x_wconf 84' lang='lat' dir='ltr'><strong>Jacobum</strong></span> <span class='ocrx_word' id='word_1_240' title='bbox 1084 241 1197 270; x_wconf 77' lang='lat' dir='ltr'><strong>fratrem</strong></span> <span class='ocrx_word' id='word_1_241' title='bbox 1225 238 1345 272; x_wconf 81' lang='lat' dir='ltr'><strong>Domini.</strong></span> <span class='ocrx_word' id='word_1_242' title='bbox 1373 243 1403 271; x_wconf 91' lang='lat' dir='ltr'><strong>ln</strong></span> <span class='ocrx_word' id='word_1_243' title='bbox 1421 244 1472 272; x_wconf 84' lang='lat' dir='ltr'><strong>hoc</strong></span> <span class='ocrx_word' id='word_1_244' title='bbox 1498 238 1702 274; x_wconf 70' lang='lat' dir='ltr'><strong>continentur‘</strong></span> 
     </span>
    </p>
   </div>
   <div class='ocr_carea' id='block_1_36' title="bbox 886 288 1678 325">
    <p class='ocr_par' dir='ltr' id='par_1_36' title="bbox 886 288 1678 325">
     <span class='ocr_line' id='line_1_36' title="bbox 886 288 1678 325; baseline 0.008 -10"><span class='ocrx_word' id='word_1_245' title='bbox 886 288 954 315; x_wconf 78' lang='lat' dir='ltr'><strong>Acta</strong></span> <span class='ocrx_word' id='word_1_246' title='bbox 970 296 1032 324; x_wconf 70' lang='lat' dir='ltr'><strong>qua&#39;</strong></span> <span class='ocrx_word' id='word_1_247' title='bbox 1048 288 1178 316; x_wconf 91' lang='lat' dir='ltr'><strong>dicuntur</strong></span> <span class='ocrx_word' id='word_1_248' title='bbox 1191 288 1266 317; x_wconf 85' lang='lat' dir='ltr'><strong>Petri</strong></span> <span class='ocrx_word' id='word_1_249' title='bbox 1292 291 1420 325; x_wconf 74' lang='lat' dir='ltr'><strong>apostoli,</strong></span> <span class='ocrx_word' id='word_1_250' title='bbox 1443 296 1470 319; x_wconf 91' lang='lat' dir='ltr'><strong>et</strong></span> <span class='ocrx_word' id='word_1_251' title='bbox 1485 299 1548 319; x_wconf 87' lang='lat' dir='ltr'><strong>cum</strong></span> <span class='ocrx_word' id='word_1_252' title='bbox 1565 291 1678 322; x_wconf 84' lang='lat' dir='ltr'><strong>Simone</strong></span> 
     </span>
    </p>
   </div>
   <div class='ocr_carea' id='block_1_37' title="bbox 886 333 1676 374">
    <p class='ocr_par' dir='ltr' id='par_1_37' title="bbox 886 333 1676 374">
     <span class='ocr_line' id='line_1_37' title="bbox 886 333 1676 374; baseline 0.008 -13"><span class='ocrx_word' id='word_1_253' title='bbox 886 333 965 369; x_wconf 82' lang='lat' dir='ltr'><strong>Mago</strong></span> <span class='ocrx_word' id='word_1_254' title='bbox 976 334 1199 371; x_wconf 69' lang='lat' dir='ltr'><strong>disputationes;</strong></span> <span class='ocrx_word' id='word_1_255' title='bbox 1216 336 1250 363; x_wconf 85' lang='lat' dir='ltr'><strong>ad</strong></span> <span class='ocrx_word' id='word_1_256' title='bbox 1265 336 1322 364; x_wconf 60' lang='lat' dir='ltr'><strong>hac</strong></span> <span class='ocrx_word' id='word_1_257' title='bbox 1340 336 1503 374; x_wconf 76' lang='lat' dir='ltr'><strong>Recognitio</strong></span> <span class='ocrx_word' id='word_1_258' title='bbox 1513 337 1676 374; x_wconf 79' lang='lat' dir='ltr'><strong>Clementis,</strong></span> 
     </span>
    </p>
   </div>
   <div class='ocr_carea' id='block_1_38' title="bbox 884 381 1674 421">
    <p class='ocr_par' dir='ltr' id='par_1_38' title="bbox 884 381 1674 421">
     <span class='ocr_line' id='line_1_38' title="bbox 884 381 1674 421; baseline 0.009 -14"><span class='ocrx_word' id='word_1_259' title='bbox 884 381 1000 416; x_wconf 82' lang='lat' dir='ltr'><strong>ejusque</strong></span> <span class='ocrx_word' id='word_1_260' title='bbox 1024 382 1112 417; x_wconf 82' lang='lat' dir='ltr'><strong>patris</strong></span> <span class='ocrx_word' id='word_1_261' title='bbox 1131 389 1164 410; x_wconf 89' lang='lat' dir='ltr'><strong>ac</strong></span> <span class='ocrx_word' id='word_1_262' title='bbox 1178 382 1295 410; x_wconf 88' lang='lat' dir='ltr'><strong>aliorum</strong></span> <span class='ocrx_word' id='word_1_263' title='bbox 1311 382 1438 411; x_wconf 77' lang='lat' dir='ltr'><strong>fratrum.</strong></span> <span class='ocrx_word' id='word_1_264' title='bbox 1461 384 1552 417; x_wconf 83' lang='lat' dir='ltr'><strong>Quare</strong></span> <span class='ocrx_word' id='word_1_265' title='bbox 1569 386 1597 413; x_wconf 90' lang='lat' dir='ltr'><strong>in</strong></span> <span class='ocrx_word' id='word_1_266' title='bbox 1614 387 1674 421; x_wconf 93' lang='lat' dir='ltr'><strong>qui-</strong></span> 
     </span>
    </p>
   </div>
   <div class='ocr_carea' id='block_1_39' title="bbox 884 426 1676 466">
    <p class='ocr_par' dir='ltr' id='par_1_39' title="bbox 884 426 1676 466">
     <span class='ocr_line' id='line_1_39' title="bbox 884 426 1676 466; baseline 0.009 -12"><span class='ocrx_word' id='word_1_267' title='bbox 884 426 1000 455; x_wconf 87' lang='lat' dir='ltr'><strong>husdam</strong></span> <span class='ocrx_word' id='word_1_268' title='bbox 1027 428 1172 457; x_wconf 82' lang='lat' dir='ltr'><strong>codicibus</strong></span> <span class='ocrx_word' id='word_1_269' title='bbox 1189 429 1333 465; x_wconf 86' lang='lat' dir='ltr'><strong>inscriptio</strong></span> <span class='ocrx_word' id='word_1_270' title='bbox 1348 430 1497 466; x_wconf 70' lang='lat' dir='ltr'><strong>praefigitur</strong></span> <span class='ocrx_word' id='word_1_271' title='bbox 1508 452 1516 460; x_wconf 93' lang='lat'><strong>.</strong></span> <span class='ocrx_word' id='word_1_272' title='bbox 1533 431 1676 461; x_wconf 71' lang='lat' dir='ltr'><strong>Clementis</strong></span> 
     </span>
    </p>
   </div>
   <div class='ocr_carea' id='block_1_40' title="bbox 884 473 1675 514">
    <p class='ocr_par' dir='ltr' id='par_1_40' title="bbox 884 473 1675 514">
     <span class='ocr_line' id='line_1_40' title="bbox 884 473 1675 514; baseline 0.008 -13"><span class='ocrx_word' id='word_1_273' title='bbox 884 473 998 502; x_wconf 79' lang='lat' dir='ltr'><strong>Romani</strong></span> <span class='ocrx_word' id='word_1_274' title='bbox 1012 474 1178 511; x_wconf 80' lang='lat' dir='ltr'><strong>Recognitt&#39;o.</strong></span> <span class='ocrx_word' id='word_1_275' title='bbox 1191 474 1222 503; x_wconf 90' lang='lat' dir='ltr'><strong>In</strong></span> <span class='ocrx_word' id='word_1_276' title='bbox 1234 476 1376 504; x_wconf 84' lang='lat' dir='ltr'><strong>nonnullis</strong></span> <span class='ocrx_word' id='word_1_277' title='bbox 1386 480 1489 509; x_wconf 83' lang='lat' dir='ltr'><strong>autem,</strong></span> <span class='ocrx_word' id='word_1_278' title='bbox 1502 483 1532 505; x_wconf 95' lang='lat' dir='ltr'><strong>ut</strong></span> <span class='ocrx_word' id='word_1_279' title='bbox 1542 477 1675 514; x_wconf 78' lang='lat' dir='ltr'><strong>diximus,</strong></span> 
     </span>
    </p>
   </div>
   <div class='ocr_carea' id='block_1_41' title="bbox 884 519 1675 558">
    <p class='ocr_par' dir='ltr' id='par_1_41' title="bbox 884 519 1675 558">
     <span class='ocr_line' id='line_1_41' title="bbox 884 519 1675 558; baseline 0.006 -11"><span class='ocrx_word' id='word_1_280' title='bbox 884 519 1007 556; x_wconf 87' lang='lat' dir='ltr'><strong>Epistola</strong></span> <span class='ocrx_word' id='word_1_281' title='bbox 1023 522 1202 557; x_wconf 72' lang='lat' dir='ltr'><strong>praeponitur,</strong></span> <span class='ocrx_word' id='word_1_282' title='bbox 1218 527 1349 558; x_wconf 85' lang='lat' dir='ltr'><strong>tanquam</strong></span> <span class='ocrx_word' id='word_1_283' title='bbox 1360 523 1395 550; x_wconf 90' lang='lat' dir='ltr'><strong>ad</strong></span> <span class='ocrx_word' id='word_1_284' title='bbox 1411 521 1545 551; x_wconf 72' lang='lat' dir='ltr'><strong>Iacobum</strong></span> <span class='ocrx_word' id='word_1_285' title='bbox 1562 524 1675 553; x_wconf 79' lang='lat' dir='ltr'><strong>fratrem</strong></span> 
     </span>
    </p>
   </div>
   <div class='ocr_carea' id='block_1_42' title="bbox 883 565 1675 606">
    <p class='ocr_par' dir='ltr' id='par_1_42' title="bbox 883 565 1675 606">
     <span class='ocr_line' id='line_1_42' title="bbox 883 565 1675 606; baseline 0.008 -12"><span class='ocrx_word' id='word_1_286' title='bbox 883 565 1099 604; x_wconf 81' lang='lat' dir='ltr'><strong>Domini.Atque</strong></span> <span class='ocrx_word' id='word_1_287' title='bbox 1111 568 1169 596; x_wconf 66' lang='lat' dir='ltr'><strong>haec</strong></span> <span class='ocrx_word' id='word_1_288' title='bbox 1180 569 1301 604; x_wconf 88' lang='lat' dir='ltr'><strong>quidem,</strong></span> <span class='ocrx_word' id='word_1_289' title='bbox 1318 577 1373 597; x_wconf 93' lang='lat' dir='ltr'><strong>non</strong></span> <span class='ocrx_word' id='word_1_290' title='bbox 1387 569 1494 602; x_wconf 81' lang='lat' dir='ltr'><strong>eadem,</strong></span> <span class='ocrx_word' id='word_1_291' title='bbox 1512 579 1602 606; x_wconf 88' lang='lat' dir='ltr'><strong>neque</strong></span> <span class='ocrx_word' id='word_1_292' title='bbox 1616 572 1675 600; x_wconf 90' lang='lat' dir='ltr'><strong>vel-</strong></span> 
     </span>
    </p>
   </div>
   <div class='ocr_carea' id='block_1_43' title="bbox 885 612 1675 652">
    <p class='ocr_par' dir='ltr' id='par_1_43' title="bbox 885 612 1675 652">
     <span class='ocr_line' id='line_1_43' title="bbox 885 612 1675 652; baseline 0.006 -12"><span class='ocrx_word' id='word_1_293' title='bbox 885 612 925 640; x_wconf 91' lang='lat' dir='ltr'><strong>uti</strong></span> <span class='ocrx_word' id='word_1_294' title='bbox 947 613 982 641; x_wconf 85' lang='lat' dir='ltr'><strong>ab</strong></span> <span class='ocrx_word' id='word_1_295' title='bbox 1002 614 1097 642; x_wconf 90' lang='lat' dir='ltr'><strong>eodem</strong></span> <span class='ocrx_word' id='word_1_296' title='bbox 1113 614 1224 643; x_wconf 85' lang='lat' dir='ltr'><strong>homine</strong></span> <span class='ocrx_word' id='word_1_297' title='bbox 1237 615 1380 651; x_wconf 79' lang='lat' dir='ltr'><strong>profecta:</strong></span> <span class='ocrx_word' id='word_1_298' title='bbox 1398 616 1446 644; x_wconf 86' lang='lat' dir='ltr'><strong>sed</strong></span> <span class='ocrx_word' id='word_1_299' title='bbox 1461 617 1488 644; x_wconf 92' lang='lat' dir='ltr'><strong>in</strong></span> <span class='ocrx_word' id='word_1_300' title='bbox 1509 617 1675 652; x_wconf 84' lang='lat' dir='ltr'><strong>quibusdam</strong></span> 
     </span>
    </p>
   </div>
   <div class='ocr_carea' id='block_1_44' title="bbox 882 660 1673 698">
    <p class='ocr_par' dir='ltr' id='par_1_44' title="bbox 882 660 1673 698">
     <span class='ocr_line' id='line_1_44' title="bbox 882 660 1673 698; baseline 0.006 -11"><span class='ocrx_word' id='word_1_301' title='bbox 882 660 994 695; x_wconf 87' lang='lat' dir='ltr'><strong>quidem</strong></span> <span class='ocrx_word' id='word_1_302' title='bbox 1011 661 1100 694; x_wconf 88' lang='lat' dir='ltr'><strong>libris,</strong></span> <span class='ocrx_word' id='word_1_303' title='bbox 1116 662 1196 697; x_wconf 89' lang='lat' dir='ltr'><strong>quasi</strong></span> <span class='ocrx_word' id='word_1_304' title='bbox 1213 669 1228 688; x_wconf 85' lang='lat' dir='ltr'><strong>a</strong></span> <span class='ocrx_word' id='word_1_305' title='bbox 1242 661 1325 690; x_wconf 88' lang='lat' dir='ltr'><strong>Petro</strong></span> <span class='ocrx_word' id='word_1_306' title='bbox 1341 663 1468 698; x_wconf 86' lang='lat' dir='ltr'><strong>apostolo</strong></span> <span class='ocrx_word' id='word_1_307' title='bbox 1491 663 1525 690; x_wconf 89' lang='lat' dir='ltr'><strong>ad</strong></span> <span class='ocrx_word' id='word_1_308' title='bbox 1540 662 1673 692; x_wconf 70' lang='lat' dir='ltr'><strong>Iacobum</strong></span> 
     </span>
    </p>
   </div>
   <div class='ocr_carea' id='block_1_45' title="bbox 882 706 1673 745">
    <p class='ocr_par' dir='ltr' id='par_1_45' title="bbox 882 706 1673 745">
     <span class='ocr_line' id='line_1_45' title="bbox 882 706 1673 745; baseline 0.006 -12"><span class='ocrx_word' id='word_1_309' title='bbox 882 706 985 741; x_wconf 87' lang='lat' dir='ltr'><strong>missa;</strong></span> <span class='ocrx_word' id='word_1_310' title='bbox 1002 707 1031 734; x_wconf 95' lang='lat' dir='ltr'><strong>in</strong></span> <span class='ocrx_word' id='word_1_311' title='bbox 1043 707 1105 736; x_wconf 89' lang='lat' dir='ltr'><strong>aliis</strong></span> <span class='ocrx_word' id='word_1_312' title='bbox 1122 712 1225 741; x_wconf 90' lang='lat' dir='ltr'><strong>autem,</strong></span> <span class='ocrx_word' id='word_1_313' title='bbox 1241 713 1271 735; x_wconf 94' lang='lat' dir='ltr'><strong>ut</strong></span> <span class='ocrx_word' id='word_1_314' title='bbox 1285 716 1301 735; x_wconf 88' lang='lat' dir='ltr'><strong>a</strong></span> <span class='ocrx_word' id='word_1_315' title='bbox 1315 708 1454 737; x_wconf 85' lang='lat' dir='ltr'><strong>Clemente</strong></span> <span class='ocrx_word' id='word_1_316' title='bbox 1469 708 1503 736; x_wconf 91' lang='lat' dir='ltr'><strong>ad</strong></span> <span class='ocrx_word' id='word_1_317' title='bbox 1518 708 1673 745; x_wconf 77' lang='lat' dir='ltr'><strong>Jacobum;</strong></span> 
     </span>
    </p>
   </div>
   <div class='ocr_carea' id='block_1_46' title="bbox 881 752 1673 790">
    <p class='ocr_par' dir='ltr' id='par_1_46' title="bbox 881 752 1673 790">
     <span class='ocr_line' id='line_1_46' title="bbox 881 752 1673 790; baseline 0.006 -11"><span class='ocrx_word' id='word_1_318' title='bbox 881 752 935 779; x_wconf 85' lang='lat' dir='ltr'><strong>alia</strong></span> <span class='ocrx_word' id='word_1_319' title='bbox 951 757 1033 789; x_wconf 86' lang='lat' dir='ltr'><strong>atque</strong></span> <span class='ocrx_word' id='word_1_320' title='bbox 1043 753 1106 786; x_wconf 86' lang='lat' dir='ltr'><strong>alia,</strong></span> <span class='ocrx_word' id='word_1_321' title='bbox 1123 755 1353 790; x_wconf 89' lang='lat' dir='ltr'><strong>quemadmodum</strong></span> <span class='ocrx_word' id='word_1_322' title='bbox 1366 755 1423 790; x_wconf 88' lang='lat' dir='ltr'><strong>jam</strong></span> <span class='ocrx_word' id='word_1_323' title='bbox 1433 755 1563 785; x_wconf 80' lang='lat' dir='ltr'><strong>diximus.</strong></span> <span class='ocrx_word' id='word_1_324' title='bbox 1580 756 1614 784; x_wconf 88' lang='lat' dir='ltr'><strong>Et</strong></span> <span class='ocrx_word' id='word_1_325' title='bbox 1626 757 1673 785; x_wconf 87' lang='lat' dir='ltr'><strong>illa</strong></span> 
     </span>
    </p>
   </div>
   <div class='ocr_carea' id='block_1_47' title="bbox 881 798 1673 838">
    <p class='ocr_par' dir='ltr' id='par_1_47' title="bbox 881 798 1673 838">
     <span class='ocr_line' id='line_1_47' title="bbox 881 798 1673 838; baseline 0.005 -12"><span class='ocrx_word' id='word_1_326' title='bbox 881 798 993 833; x_wconf 89' lang='lat' dir='ltr'><strong>quidem</strong></span> <span class='ocrx_word' id='word_1_327' title='bbox 1020 799 1153 833; x_wconf 89' lang='lat' dir='ltr'><strong>declarat,</strong></span> <span class='ocrx_word' id='word_1_328' title='bbox 1180 800 1291 828; x_wconf 89' lang='lat' dir='ltr'><strong>Petrum</strong></span> <span class='ocrx_word' id='word_1_329' title='bbox 1307 801 1418 837; x_wconf 91' lang='lat' dir='ltr'><strong>propria</strong></span> <span class='ocrx_word' id='word_1_330' title='bbox 1441 806 1519 838; x_wconf 78' lang='lat' dir='ltr'><strong>gesta</strong></span> <span class='ocrx_word' id='word_1_331' title='bbox 1547 803 1673 831; x_wconf 86' lang='lat' dir='ltr'><strong>conscri-</strong></span> 
     </span>
    </p>
   </div>
   <div class='ocr_carea' id='block_1_48' title="bbox 881 845 1672 883">
    <p class='ocr_par' dir='ltr' id='par_1_48' title="bbox 881 845 1672 883">
     <span class='ocr_line' id='line_1_48' title="bbox 881 845 1672 883; baseline 0.006 -11"><span class='ocrx_word' id='word_1_332' title='bbox 881 845 982 880; x_wconf 87' lang='lat' dir='ltr'><strong>psisse,</strong></span> <span class='ocrx_word' id='word_1_333' title='bbox 999 853 1032 874; x_wconf 88' lang='lat' dir='ltr'><strong>ac</strong></span> <span class='ocrx_word' id='word_1_334' title='bbox 1052 845 1156 874; x_wconf 73' lang='lat' dir='ltr'><strong>Iacobo</strong></span> <span class='ocrx_word' id='word_1_335' title='bbox 1172 848 1323 883; x_wconf 88' lang='lat' dir='ltr'><strong>postulanti</strong></span> <span class='ocrx_word' id='word_1_336' title='bbox 1338 856 1370 876; x_wconf 79' lang='lat' dir='ltr'><strong>ea</strong></span> <span class='ocrx_word' id='word_1_337' title='bbox 1387 848 1513 882; x_wconf 86' lang='lat' dir='ltr'><strong>misisse;</strong></span> <span class='ocrx_word' id='word_1_338' title='bbox 1534 848 1592 876; x_wconf 61' lang='lat' dir='ltr'><strong>haec</strong></span> <span class='ocrx_word' id='word_1_339' title='bbox 1606 857 1672 877; x_wconf 85' lang='lat' dir='ltr'><strong>vero</strong></span> 
     </span>
    </p>
   </div>
   <div class='ocr_carea' id='block_1_49' title="bbox 880 891 1670 931">
    <p class='ocr_par' dir='ltr' id='par_1_49' title="bbox 880 891 1670 931">
     <span class='ocr_line' id='line_1_49' title="bbox 880 891 1670 931; baseline 0.006 -13"><span class='ocrx_word' id='word_1_340' title='bbox 880 891 976 924; x_wconf 79' lang='lat' dir='ltr'><strong>refert,</strong></span> <span class='ocrx_word' id='word_1_341' title='bbox 993 891 1161 921; x_wconf 90' lang='lat' dir='ltr'><strong>Clementem</strong></span> <span class='ocrx_word' id='word_1_342' title='bbox 1181 894 1277 922; x_wconf 88' lang='lat' dir='ltr'><strong>eadem</strong></span> <span class='ocrx_word' id='word_1_343' title='bbox 1305 899 1382 931; x_wconf 79' lang='lat' dir='ltr'><strong>gesta</strong></span> <span class='ocrx_word' id='word_1_344' title='bbox 1401 895 1483 930; x_wconf 90' lang='lat' dir='ltr'><strong>jussu</strong></span> <span class='ocrx_word' id='word_1_345' title='bbox 1498 894 1572 923; x_wconf 79' lang='lat' dir='ltr'><strong>Petri</strong></span> <span class='ocrx_word' id='word_1_346' title='bbox 1601 897 1670 924; x_wconf 86' lang='lat' dir='ltr'><strong>scri-</strong></span> 
     </span>
    </p>
   </div>
   <div class='ocr_carea' id='block_1_50' title="bbox 879 938 1669 976">
    <p class='ocr_par' dir='ltr' id='par_1_50' title="bbox 879 938 1669 976">
     <span class='ocr_line' id='line_1_50' title="bbox 879 938 1669 976; baseline 0.006 -11"><span class='ocrx_word' id='word_1_347' title='bbox 879 938 984 974; x_wconf 84' lang='lat' dir='ltr'><strong>psisse;</strong></span> <span class='ocrx_word' id='word_1_348' title='bbox 993 946 1024 966; x_wconf 87' lang='lat' dir='ltr'><strong>ac</strong></span> <span class='ocrx_word' id='word_1_349' title='bbox 1033 944 1178 976; x_wconf 86' lang='lat' dir='ltr'><strong>postquam</strong></span> <span class='ocrx_word' id='word_1_350' title='bbox 1192 941 1237 969; x_wconf 86' lang='lat' dir='ltr'><strong>ille</strong></span> <span class='ocrx_word' id='word_1_351' title='bbox 1247 941 1281 969; x_wconf 86' lang='lat' dir='ltr'><strong>ad</strong></span> <span class='ocrx_word' id='word_1_352' title='bbox 1294 941 1377 969; x_wconf 89' lang='lat' dir='ltr'><strong>vitam</strong></span> <span class='ocrx_word' id='word_1_353' title='bbox 1395 942 1576 969; x_wconf 84' lang='lat' dir='ltr'><strong>immortalem</strong></span> <span class='ocrx_word' id='word_1_354' title='bbox 1593 950 1669 970; x_wconf 88' lang='lat' dir='ltr'><strong>com-</strong></span> 
     </span>
    </p>
   </div>
   <div class='ocr_carea' id='block_1_51' title="bbox 878 985 1668 1024">
    <p class='ocr_par' dir='ltr' id='par_1_51' title="bbox 878 985 1668 1024">
     <span class='ocr_line' id='line_1_51' title="bbox 878 985 1668 1024; baseline 0.005 -12"><span class='ocrx_word' id='word_1_355' title='bbox 878 985 1036 1021; x_wconf 75' lang='lat' dir='ltr'><strong>migrasset,</strong></span> <span class='ocrx_word' id='word_1_356' title='bbox 1053 988 1244 1016; x_wconf 84' lang='lat' dir='ltr'><strong>transmisisse</strong></span> <span class='ocrx_word' id='word_1_357' title='bbox 1256 988 1291 1016; x_wconf 91' lang='lat' dir='ltr'><strong>ad</strong></span> <span class='ocrx_word' id='word_1_358' title='bbox 1309 987 1452 1016; x_wconf 85' lang='lat' dir='ltr'><strong>Jacobum.</strong></span> <span class='ocrx_word' id='word_1_359' title='bbox 1469 988 1562 1024; x_wconf 87' lang='lat' dir='ltr'><strong>Itaque</strong></span> <span class='ocrx_word' id='word_1_360' title='bbox 1577 989 1668 1024; x_wconf 79' lang='lat' dir='ltr'><strong>conje~</strong></span> 
     </span>
    </p>
   </div>
   <div class='ocr_carea' id='block_1_52' title="bbox 877 1032 1669 1068">
    <p class='ocr_par' dir='ltr' id='par_1_52' title="bbox 877 1032 1669 1068">
     <span class='ocr_line' id='line_1_52' title="bbox 877 1032 1669 1068; baseline 0.006 -9"><span class='ocrx_word' id='word_1_361' title='bbox 877 1035 957 1060; x_wconf 87' lang='lat' dir='ltr'><strong>ctura</strong></span> <span class='ocrx_word' id='word_1_362' title='bbox 973 1032 1178 1068; x_wconf 87' lang='lat' dir='ltr'><strong>deprehendere</strong></span> <span class='ocrx_word' id='word_1_363' title='bbox 1206 1035 1282 1068; x_wconf 87' lang='lat' dir='ltr'><strong>licet,</strong></span> <span class='ocrx_word' id='word_1_364' title='bbox 1303 1034 1422 1062; x_wconf 86' lang='lat' dir='ltr'><strong>Actuum</strong></span> <span class='ocrx_word' id='word_1_365' title='bbox 1438 1033 1511 1063; x_wconf 87' lang='lat' dir='ltr'><strong>Petri</strong></span> <span class='ocrx_word' id='word_1_366' title='bbox 1525 1035 1594 1064; x_wconf 90' lang='lat' dir='ltr'><strong>duas</strong></span> <span class='ocrx_word' id='word_1_367' title='bbox 1609 1036 1669 1064; x_wconf 89' lang='lat' dir='ltr'><strong>edi-</strong></span> 
     </span>
    </p>
   </div>
   <div class='ocr_carea' id='block_1_53' title="bbox 876 1078 1669 1119">
    <p class='ocr_par' dir='ltr' id='par_1_53' title="bbox 876 1078 1669 1119">
     <span class='ocr_line' id='line_1_53' title="bbox 876 1078 1669 1119; baseline 0.005 -13"><span class='ocrx_word' id='word_1_368' title='bbox 876 1078 967 1106; x_wconf 88' lang='lat' dir='ltr'><strong>tiones</strong></span> <span class='ocrx_word' id='word_1_369' title='bbox 982 1079 1070 1109; x_wconf 87' lang='lat' dir='ltr'><strong>factas</strong></span> <span class='ocrx_word' id='word_1_370' title='bbox 1081 1080 1184 1115; x_wconf 84' lang='lat' dir='ltr'><strong>fuisse;</strong></span> <span class='ocrx_word' id='word_1_371' title='bbox 1200 1081 1250 1110; x_wconf 84' lang='lat' dir='ltr'><strong>sed</strong></span> <span class='ocrx_word' id='word_1_372' title='bbox 1272 1088 1336 1110; x_wconf 89' lang='lat' dir='ltr'><strong>cum</strong></span> <span class='ocrx_word' id='word_1_373' title='bbox 1357 1082 1491 1117; x_wconf 89' lang='lat' dir='ltr'><strong>temporis</strong></span> <span class='ocrx_word' id='word_1_374' title='bbox 1515 1083 1669 1119; x_wconf 76' lang='lat' dir='ltr'><strong>longinqui-</strong></span> 
     </span>
    </p>
   </div>
   <div class='ocr_carea' id='block_1_54' title="bbox 877 1126 1667 1165">
    <p class='ocr_par' dir='ltr' id='par_1_54' title="bbox 877 1126 1667 1165">
     <span class='ocr_line' id='line_1_54' title="bbox 877 1126 1667 1165; baseline 0.004 -12"><span class='ocrx_word' id='word_1_375' title='bbox 877 1128 933 1154; x_wconf 85' lang='lat' dir='ltr'><strong>tate</strong></span> <span class='ocrx_word' id='word_1_376' title='bbox 949 1126 1034 1154; x_wconf 88' lang='lat' dir='ltr'><strong>altera</strong></span> <span class='ocrx_word' id='word_1_377' title='bbox 1050 1127 1190 1162; x_wconf 81' lang='lat' dir='ltr'><strong>periisset,</strong></span> <span class='ocrx_word' id='word_1_378' title='bbox 1202 1127 1278 1155; x_wconf 83' lang='lat' dir='ltr'><strong>illam</strong></span> <span class='ocrx_word' id='word_1_379' title='bbox 1299 1126 1452 1157; x_wconf 88' lang='lat' dir='ltr'><strong>Clementis</strong></span> <span class='ocrx_word' id='word_1_380' title='bbox 1467 1137 1623 1165; x_wconf 85' lang='lat' dir='ltr'><strong>superasse.</strong></span> <span class='ocrx_word' id='word_1_381' title='bbox 1637 1129 1667 1157; x_wconf 83' lang='lat' dir='ltr'><strong>In</strong></span> 
     </span>
    </p>
   </div>
   <div class='ocr_carea' id='block_1_55' title="bbox 876 1172 1669 1211">
    <p class='ocr_par' dir='ltr' id='par_1_55' title="bbox 876 1172 1669 1211">
     <span class='ocr_line' id='line_1_55' title="bbox 876 1172 1669 1211; baseline 0.006 -12"><span class='ocrx_word' id='word_1_382' title='bbox 876 1172 1004 1200; x_wconf 92' lang='lat' dir='ltr'><strong>omnibus</strong></span> <span class='ocrx_word' id='word_1_383' title='bbox 1018 1173 1092 1200; x_wconf 87' lang='lat' dir='ltr'><strong>enim</strong></span> <span class='ocrx_word' id='word_1_384' title='bbox 1104 1173 1247 1202; x_wconf 90' lang='lat' dir='ltr'><strong>codicibus</strong></span> <span class='ocrx_word' id='word_1_385' title='bbox 1255 1181 1326 1209; x_wconf 91' lang='lat' dir='ltr'><strong>quos</strong></span> <span class='ocrx_word' id='word_1_386' title='bbox 1339 1174 1470 1208; x_wconf 83' lang='lat' dir='ltr'><strong>vidimus,</strong></span> <span class='ocrx_word' id='word_1_387' title='bbox 1488 1175 1577 1211; x_wconf 88' lang='lat' dir='ltr'><strong>iisque</strong></span> <span class='ocrx_word' id='word_1_388' title='bbox 1593 1179 1669 1204; x_wconf 64' lang='lat' dir='ltr'><strong>certe</strong></span> 
     </span>
    </p>
   </div>
   <div class='ocr_carea' id='block_1_56' title="bbox 875 1219 1666 1257">
    <p class='ocr_par' dir='ltr' id='par_1_56' title="bbox 875 1219 1666 1257">
     <span class='ocr_line' id='line_1_56' title="bbox 875 1219 1666 1257; baseline 0.004 -11"><span class='ocrx_word' id='word_1_389' title='bbox 875 1226 930 1246; x_wconf 93' lang='lat' dir='ltr'><strong>non</strong></span> <span class='ocrx_word' id='word_1_390' title='bbox 948 1219 1056 1254; x_wconf 84' lang='lat' dir='ltr'><strong>paucis,</strong></span> <span class='ocrx_word' id='word_1_391' title='bbox 1071 1224 1135 1256; x_wconf 88' lang='lat' dir='ltr'><strong>post</strong></span> <span class='ocrx_word' id='word_1_392' title='bbox 1148 1219 1272 1248; x_wconf 85' lang='lat' dir='ltr'><strong>diversas</strong></span> <span class='ocrx_word' id='word_1_393' title='bbox 1288 1220 1350 1248; x_wconf 89' lang='lat' dir='ltr'><strong>illas</strong></span> <span class='ocrx_word' id='word_1_394' title='bbox 1367 1220 1505 1256; x_wconf 83' lang='lat' dir='ltr'><strong>Epistolas</strong></span> <span class='ocrx_word' id='word_1_395' title='bbox 1521 1225 1604 1257; x_wconf 85' lang='lat' dir='ltr'><strong>atque</strong></span> <span class='ocrx_word' id='word_1_396' title='bbox 1623 1221 1666 1249; x_wconf 92' lang='lat' dir='ltr'><strong>in-</strong></span> 
     </span>
    </p>
   </div>
   <div class='ocr_carea' id='block_1_57' title="bbox 875 1265 1666 1302">
    <p class='ocr_par' dir='ltr' id='par_1_57' title="bbox 875 1265 1666 1302">
     <span class='ocr_line' id='line_1_57' title="bbox 875 1265 1666 1302; baseline 0.003 -9"><span class='ocrx_word' id='word_1_397' title='bbox 875 1265 1051 1300; x_wconf 85' lang='lat' dir='ltr'><strong>scriptiones,</strong></span> <span class='ocrx_word' id='word_1_398' title='bbox 1063 1266 1135 1294; x_wconf 89' lang='lat' dir='ltr'><strong>idem</strong></span> <span class='ocrx_word' id='word_1_399' title='bbox 1146 1267 1259 1295; x_wconf 90' lang='lat' dir='ltr'><strong>omnino</strong></span> <span class='ocrx_word' id='word_1_400' title='bbox 1269 1267 1329 1295; x_wconf 86' lang='lat' dir='ltr'><strong>sine</strong></span> <span class='ocrx_word' id='word_1_401' title='bbox 1340 1267 1494 1296; x_wconf 78' lang='lat' dir='ltr'><strong>variatione</strong></span> <span class='ocrx_word' id='word_1_402' title='bbox 1505 1275 1576 1302; x_wconf 90' lang='lat' dir='ltr'><strong>opus</strong></span> <span class='ocrx_word' id='word_1_403' title='bbox 1590 1267 1666 1295; x_wconf 87' lang='lat' dir='ltr'><strong>inve-</strong></span> 
     </span>
    </p>
   </div>
   <div class='ocr_carea' id='block_1_58' title="bbox 875 1310 1667 1349">
    <p class='ocr_par' dir='ltr' id='par_1_58' title="bbox 875 1310 1667 1349">
     <span class='ocr_line' id='line_1_58' title="bbox 875 1310 1667 1349; baseline 0.005 -11"><span class='ocrx_word' id='word_1_404' title='bbox 875 1310 976 1343; x_wconf 83' lang='lat' dir='ltr'><strong>nimus.</strong></span> <span class='ocrx_word' id='word_1_405' title='bbox 992 1312 1128 1348; x_wconf 86' lang='lat' dir='ltr'><strong>incipiens</strong></span> <span class='ocrx_word' id='word_1_406' title='bbox 1143 1313 1204 1341; x_wconf 88' lang='lat' dir='ltr'><strong>sic:</strong></span> <span class='ocrx_word' id='word_1_407' title='bbox 1232 1313 1287 1349; x_wconf 85' lang='lat' dir='ltr'><strong>Ego</strong></span> <span class='ocrx_word' id='word_1_408' title='bbox 1299 1313 1435 1346; x_wconf 71' lang='lat' dir='ltr'><strong>Clemens;</strong></span> <span class='ocrx_word' id='word_1_409' title='bbox 1453 1317 1480 1341; x_wconf 89' lang='lat' dir='ltr'><strong>et</strong></span> <span class='ocrx_word' id='word_1_410' title='bbox 1492 1321 1554 1349; x_wconf 71' lang='lat' dir='ltr'><strong>qua:</strong></span> <span class='ocrx_word' id='word_1_411' title='bbox 1569 1314 1667 1342; x_wconf 86' lang='lat' dir='ltr'><strong>ordine</strong></span> 
     </span>
    </p>
   </div>
   <div class='ocr_carea' id='block_1_59' title="bbox 874 1357 1666 1396">
    <p class='ocr_par' dir='ltr' id='par_1_59' title="bbox 874 1357 1666 1396">
     <span class='ocr_line' id='line_1_59' title="bbox 874 1357 1666 1396; baseline 0.004 -10"><span class='ocrx_word' id='word_1_412' title='bbox 874 1357 1005 1395; x_wconf 86' lang='lat' dir='ltr'><strong>deinceps</strong></span> <span class='ocrx_word' id='word_1_413' title='bbox 1017 1364 1181 1395; x_wconf 82' lang='lat' dir='ltr'><strong>sequuntur.</strong></span> <span class='ocrx_word' id='word_1_414' title='bbox 1192 1359 1333 1388; x_wconf 72' lang='lat' dir='ltr'><strong>Refer-tum</strong></span> <span class='ocrx_word' id='word_1_415' title='bbox 1356 1363 1447 1388; x_wconf 87' lang='lat' dir='ltr'><strong>autem</strong></span> <span class='ocrx_word' id='word_1_416' title='bbox 1463 1361 1571 1389; x_wconf 88' lang='lat' dir='ltr'><strong>esthoc</strong></span> <span class='ocrx_word' id='word_1_417' title='bbox 1591 1361 1666 1396; x_wconf 82' lang='lat' dir='ltr'><strong>Opus</strong></span> 
     </span>
    </p>
   </div>
   <div class='ocr_carea' id='block_1_60' title="bbox 873 1404 1667 1443">
    <p class='ocr_par' dir='ltr' id='par_1_60' title="bbox 873 1404 1667 1443">
     <span class='ocr_line' id='line_1_60' title="bbox 873 1404 1667 1443; baseline 0.005 -11"><span class='ocrx_word' id='word_1_418' title='bbox 873 1404 1029 1434; x_wconf 88' lang='lat' dir='ltr'><strong>innumeris</strong></span> <span class='ocrx_word' id='word_1_419' title='bbox 1053 1406 1172 1435; x_wconf 84' lang='lat' dir='ltr'><strong>absurde</strong></span> <span class='ocrx_word' id='word_1_420' title='bbox 1182 1407 1278 1441; x_wconf 90' lang='lat' dir='ltr'><strong>dictis;</strong></span> <span class='ocrx_word' id='word_1_421' title='bbox 1305 1407 1470 1443; x_wconf 91' lang='lat' dir='ltr'><strong>plenumque</strong></span> <span class='ocrx_word' id='word_1_422' title='bbox 1488 1407 1667 1442; x_wconf 69' lang='lat' dir='ltr'><strong>blasphemia</strong></span> 
     </span>
    </p>
   </div>
   <div class='ocr_carea' id='block_1_61' title="bbox 874 1450 1666 1488">
    <p class='ocr_par' dir='ltr' id='par_1_61' title="bbox 874 1450 1666 1488">
     <span class='ocr_line' id='line_1_61' title="bbox 874 1450 1666 1488; baseline 0.005 -10"><span class='ocrx_word' id='word_1_423' title='bbox 874 1450 903 1478; x_wconf 93' lang='lat' dir='ltr'><strong>in</strong></span> <span class='ocrx_word' id='word_1_424' title='bbox 922 1450 1034 1485; x_wconf 86' lang='lat' dir='ltr'><strong>Filium,</strong></span> <span class='ocrx_word' id='word_1_425' title='bbox 1050 1452 1130 1488; x_wconf 78' lang='lat' dir='ltr'><strong>juxta</strong></span> <span class='ocrx_word' id='word_1_426' title='bbox 1142 1452 1200 1480; x_wconf 84' lang='lat' dir='ltr'><strong>Arii</strong></span> <span class='ocrx_word' id='word_1_427' title='bbox 1218 1453 1388 1488; x_wconf 91' lang='lat' dir='ltr'><strong>opinionem.</strong></span> <span class='ocrx_word' id='word_1_428' title='bbox 1419 1453 1453 1480; x_wconf 84' lang='lat' dir='ltr'><strong>Et</strong></span> <span class='ocrx_word' id='word_1_429' title='bbox 1477 1453 1666 1488; x_wconf 72' lang='lat' dir='ltr'><strong>infra:Ca:te-</strong></span> 
     </span>
    </p>
   </div>
   <div class='ocr_carea' id='block_1_62' title="bbox 873 1498 1663 1536">
    <p class='ocr_par' dir='ltr' id='par_1_62' title="bbox 873 1498 1663 1536">
     <span class='ocr_line' id='line_1_62' title="bbox 873 1498 1663 1536; baseline 0.005 -11"><span class='ocrx_word' id='word_1_430' title='bbox 873 1503 935 1526; x_wconf 85' lang='lat' dir='ltr'><strong>rum</strong></span> <span class='ocrx_word' id='word_1_431' title='bbox 954 1498 1024 1527; x_wconf 89' lang='lat' dir='ltr'><strong>liber</strong></span> <span class='ocrx_word' id='word_1_432' title='bbox 1047 1498 1180 1527; x_wconf 79' lang='lat' dir='ltr'><strong>Actorum</strong></span> <span class='ocrx_word' id='word_1_433' title='bbox 1195 1498 1280 1532; x_wconf 88' lang='lat' dir='ltr'><strong>Petri,</strong></span> <span class='ocrx_word' id='word_1_434' title='bbox 1295 1499 1444 1536; x_wconf 91' lang='lat' dir='ltr'><strong>splendore</strong></span> <span class='ocrx_word' id='word_1_435' title='bbox 1468 1503 1495 1527; x_wconf 91' lang='lat' dir='ltr'><strong>et</strong></span> <span class='ocrx_word' id='word_1_436' title='bbox 1508 1501 1663 1536; x_wconf 84' lang='lat' dir='ltr'><strong>majestate.</strong></span> 
     </span>
    </p>
   </div>
   <div class='ocr_carea' id='block_1_63' title="bbox 40 1544 787 1583">
    <p class='ocr_par' dir='ltr' id='par_1_63' title="bbox 40 1544 787 1582">
     <span class='ocr_line' id='line_1_63' title="bbox 40 1544 787 1582; baseline 0.003 -12"><span class='ocrx_word' id='word_1_437' title='bbox 40 1544 102 1573; x_wconf 85' lang='lat' dir='ltr'><strong>licas</strong></span> <span class='ocrx_word' id='word_1_438' title='bbox 118 1545 284 1580; x_wconf 77' lang='lat' dir='ltr'><strong>interiectis,</strong></span> <span class='ocrx_word' id='word_1_439' title='bbox 297 1545 405 1574; x_wconf 85' lang='lat' dir='ltr'><strong>subdit:</strong></span> <span class='ocrx_word' id='word_1_440' title='bbox 423 1545 455 1572; x_wconf 88' lang='grc' dir='ltr'><em>Ἦ</em></span> <span class='ocrx_word' id='word_1_441' title='bbox 465 1545 589 1582; x_wconf 80' lang='grc' dir='ltr'>μέντοιγε</span> <span class='ocrx_word' id='word_1_442' title='bbox 600 1546 654 1572; x_wconf 86' lang='grc' dir='ltr'><strong>τῶν</strong></span> <span class='ocrx_word' id='word_1_443' title='bbox 661 1545 708 1573; x_wconf 85' lang='grc' dir='ltr'><strong>τοῦ</strong></span> <span class='ocrx_word' id='word_1_444' title='bbox 718 1546 787 1582; x_wconf 55' lang='lat' dir='ltr'><strong>nec;</strong></span> 
     </span>
    </p>
   </div>
   <div class='ocr_carea' id='block_1_64' title="bbox 916 1544 1663 1583">
    <p class='ocr_par' dir='ltr' id='par_1_64' title="bbox 921 1544 1663 1583">
     <span class='ocr_line' id='line_1_64' title="bbox 921 1544 1663 1583; baseline 0.004 -11"><span class='ocrx_word' id='word_1_445' title='bbox 921 1544 979 1572; x_wconf 73' lang='lat' dir='ltr'><strong>haec</strong></span> <span class='ocrx_word' id='word_1_446' title='bbox 991 1545 1112 1580; x_wconf 88' lang='lat' dir='ltr'><strong>puritate</strong></span> <span class='ocrx_word' id='word_1_447' title='bbox 1125 1550 1152 1574; x_wconf 88' lang='lat' dir='ltr'><strong>et</strong></span> <span class='ocrx_word' id='word_1_448' title='bbox 1173 1546 1358 1580; x_wconf 86' lang='lat' dir='ltr'><strong>vehementia,</strong></span> <span class='ocrx_word' id='word_1_449' title='bbox 1386 1547 1503 1583; x_wconf 91' lang='lat' dir='ltr'><strong>aliisque</strong></span> <span class='ocrx_word' id='word_1_450' title='bbox 1531 1548 1663 1576; x_wconf 84' lang='lat' dir='ltr'><strong>orationis</strong></span> 
     </span>
    </p>
   </div>
   <div class='ocr_carea' id='block_1_65' title="bbox 40 1590 820 1628">
    <p class='ocr_par' dir='ltr' id='par_1_65' title="bbox 40 1590 820 1628">
     <span class='ocr_line' id='line_1_65' title="bbox 40 1590 820 1628; baseline 0.001 -10"><span class='ocrx_word' id='word_1_451' title='bbox 40 1591 158 1628; x_wconf 76' lang='grc' dir='ltr'>Πράξεων</span> <span class='ocrx_word' id='word_1_452' title='bbox 184 1592 286 1628; x_wconf 75' lang='grc' dir='ltr'>βίϐλος,</span> <span class='ocrx_word' id='word_1_453' title='bbox 308 1591 349 1628; x_wconf 86' lang='grc' dir='ltr'>τῷ</span> <span class='ocrx_word' id='word_1_454' title='bbox 365 1600 395 1618; x_wconf 84' lang='grc' dir='ltr'><strong>τε</strong></span> <span class='ocrx_word' id='word_1_455' title='bbox 410 1590 529 1628; x_wconf 85' lang='grc' dir='ltr'>λαμπρῷ</span> <span class='ocrx_word' id='word_1_456' title='bbox 540 1592 588 1619; x_wconf 82' lang='grc' dir='ltr'>καὶ</span> <span class='ocrx_word' id='word_1_457' title='bbox 606 1593 640 1628; x_wconf 72' lang='grc' dir='ltr'><strong>τῇ</strong></span> <span class='ocrx_word' id='word_1_458' title='bbox 665 1592 820 1628; x_wconf 86' lang='grc' dir='ltr'>σεμνότητι,</span> 
     </span>
    </p>
   </div>
   <div class='ocr_carea' id='block_1_66' title="bbox 39 1638 819 1675">
    <p class='ocr_par' dir='ltr' id='par_1_66' title="bbox 39 1638 819 1675">
     <span class='ocr_line' id='line_1_66' title="bbox 39 1638 819 1675; baseline 0 -10"><span class='ocrx_word' id='word_1_459' title='bbox 39 1639 80 1665; x_wconf 74' lang='grc' dir='ltr'>καὶ</span> <span class='ocrx_word' id='word_1_460' title='bbox 90 1639 128 1666; x_wconf 70' lang='grc' dir='ltr'>ἔτι</span> <span class='ocrx_word' id='word_1_461' title='bbox 137 1639 177 1675; x_wconf 83' lang='grc' dir='ltr'><strong>τῷ</strong></span> <span class='ocrx_word' id='word_1_462' title='bbox 193 1638 306 1675; x_wconf 82' lang='grc' dir='ltr'>καθαρῷ</span> <span class='ocrx_word' id='word_1_463' title='bbox 327 1638 375 1666; x_wconf 83' lang='grc' dir='ltr'>καὶ</span> <span class='ocrx_word' id='word_1_464' title='bbox 391 1638 520 1674; x_wconf 85' lang='grc' dir='ltr'>συντόνῳ,</span> <span class='ocrx_word' id='word_1_465' title='bbox 536 1639 584 1666; x_wconf 79' lang='grc' dir='ltr'>καὶ</span> <span class='ocrx_word' id='word_1_466' title='bbox 596 1639 629 1675; x_wconf 82' lang='grc' dir='ltr'><strong>τῇ</strong></span> <span class='ocrx_word' id='word_1_467' title='bbox 646 1638 712 1674; x_wconf 82' lang='grc' dir='ltr'>ἄλλῃ</span> <span class='ocrx_word' id='word_1_468' title='bbox 735 1639 819 1675; x_wconf 84' lang='grc' dir='ltr'>ἀρετῇ</span> 
     </span>
    </p>
   </div>
   <div class='ocr_carea' id='block_1_67' title="bbox 38 1684 821 1721">
    <p class='ocr_par' dir='ltr' id='par_1_67' title="bbox 38 1684 821 1721">
     <span class='ocr_line' id='line_1_67' title="bbox 38 1684 821 1721; baseline 0.003 -11"><span class='ocrx_word' id='word_1_469' title='bbox 38 1684 80 1711; x_wconf 79' lang='grc' dir='ltr'>τοῦ</span> <span class='ocrx_word' id='word_1_470' title='bbox 95 1685 182 1720; x_wconf 84' lang='grc' dir='ltr'>λόγου,</span> <span class='ocrx_word' id='word_1_471' title='bbox 213 1685 261 1712; x_wconf 77' lang='grc' dir='ltr'>καὶ</span> <span class='ocrx_word' id='word_1_472' title='bbox 275 1684 444 1720; x_wconf 77' lang='grc' dir='ltr'>πολυμαθείᾳ</span> <span class='ocrx_word' id='word_1_473' title='bbox 457 1704 465 1716; x_wconf 87' lang='grc'><strong>,</strong></span> <span class='ocrx_word' id='word_1_474' title='bbox 482 1684 594 1711; x_wconf 80' lang='grc' dir='ltr'>τοσοῦτο</span> <span class='ocrx_word' id='word_1_475' title='bbox 608 1684 664 1720; x_wconf 75' lang='grc' dir='ltr'>ἔχει</span> <span class='ocrx_word' id='word_1_476' title='bbox 690 1685 759 1721; x_wconf 81' lang='grc' dir='ltr'>πρὸς</span> <span class='ocrx_word' id='word_1_477' title='bbox 771 1684 821 1718; x_wconf 85' lang='grc' dir='ltr'>τὰς</span> 
     </span>
    </p>
   </div>
   <div class='ocr_carea' id='block_1_68' title="bbox 37 1730 820 1767">
    <p class='ocr_par' dir='ltr' id='par_1_68' title="bbox 37 1730 820 1767">
     <span class='ocr_line' id='line_1_68' title="bbox 37 1730 820 1767; baseline 0.004 -11"><span class='ocrx_word' id='word_1_478' title='bbox 37 1730 158 1766; x_wconf 81' lang='grc' dir='ltr'>διαταγὰς</span> <span class='ocrx_word' id='word_1_479' title='bbox 167 1731 200 1758; x_wconf 77' lang='grc' dir='ltr'>τὸ</span> <span class='ocrx_word' id='word_1_480' title='bbox 210 1730 409 1767; x_wconf 79' lang='grc' dir='ltr'>παραλλάττον,</span> <span class='ocrx_word' id='word_1_481' title='bbox 419 1731 458 1763; x_wconf 82' lang='grc' dir='ltr'>ὼς</span> <span class='ocrx_word' id='word_1_482' title='bbox 469 1731 537 1767; x_wconf 77' lang='grc' dir='ltr'>μηδὲ</span> <span class='ocrx_word' id='word_1_483' title='bbox 547 1731 689 1767; x_wconf 84' lang='grc' dir='ltr'>συγκρίσει</span> <span class='ocrx_word' id='word_1_484' title='bbox 705 1733 739 1767; x_wconf 81' lang='grc' dir='ltr'><strong>τῇ</strong></span> <span class='ocrx_word' id='word_1_485' title='bbox 749 1731 820 1763; x_wconf 74' lang='grc' dir='ltr'>κατὰ</span> 
     </span>
    </p>
   </div>
   <div class='ocr_carea' id='block_1_69' title="bbox 36 1777 817 1814">
    <p class='ocr_par' dir='ltr' id='par_1_69' title="bbox 36 1777 817 1814">
     <span class='ocr_line' id='line_1_69' title="bbox 36 1777 817 1814; baseline 0.003 -11"><span class='ocrx_word' id='word_1_486' title='bbox 36 1777 93 1810; x_wconf 74' lang='grc' dir='ltr'>τοὺς</span> <span class='ocrx_word' id='word_1_487' title='bbox 105 1777 201 1813; x_wconf 81' lang='grc' dir='ltr'>λόγους</span> <span class='ocrx_word' id='word_1_488' title='bbox 210 1777 279 1814; x_wconf 81' lang='grc' dir='ltr'>πρὸς</span> <span class='ocrx_word' id='word_1_489' title='bbox 288 1777 404 1814; x_wconf 80' lang='grc' dir='ltr'>ἀλλήλας</span> <span class='ocrx_word' id='word_1_490' title='bbox 413 1777 632 1814; x_wconf 78' lang='grc' dir='ltr'>παραϐάλλεσθαι</span> <span class='ocrx_word' id='word_1_491' title='bbox 641 1777 691 1809; x_wconf 83' lang='grc' dir='ltr'>τὰς</span> <span class='ocrx_word' id='word_1_492' title='bbox 701 1777 817 1812; x_wconf 83' lang='grc' dir='ltr'>βίὸλους.</span> 
     </span>
    </p>
   </div>
   <div class='ocr_carea' id='block_1_70' title="bbox 36 1823 818 1861">
    <p class='ocr_par' dir='ltr' id='par_1_70' title="bbox 36 1823 818 1861">
     <span class='ocr_line' id='line_1_70' title="bbox 36 1823 818 1861; baseline -0.001 -10"><span class='ocrx_word' id='word_1_493' title='bbox 36 1824 66 1851; x_wconf 85' lang='lat' dir='ltr'><strong>Et</strong></span> <span class='ocrx_word' id='word_1_494' title='bbox 79 1824 147 1852; x_wconf 83' lang='lat' dir='ltr'><strong>infra</strong></span> <span class='ocrx_word' id='word_1_495' title='bbox 159 1835 165 1852; x_wconf 89' lang='lat'>:</span> <span class='ocrx_word' id='word_1_496' title='bbox 192 1825 225 1852; x_wconf 83' lang='grc' dir='ltr'><strong><em>Ἦ</em></strong></span> <span class='ocrx_word' id='word_1_497' title='bbox 233 1824 262 1852; x_wconf 83' lang='grc' dir='ltr'><strong>δὲ</strong></span> <span class='ocrx_word' id='word_1_498' title='bbox 276 1824 409 1861; x_wconf 79' lang='grc' dir='ltr'>λεγομένη</span> <span class='ocrx_word' id='word_1_499' title='bbox 423 1824 617 1860; x_wconf 18' lang='grc' dir='ltr'>δευτέραγπρδς</span> <span class='ocrx_word' id='word_1_500' title='bbox 631 1824 696 1856; x_wconf 75' lang='grc' dir='ltr'>τοὺς</span> <span class='ocrx_word' id='word_1_501' title='bbox 709 1823 818 1857; x_wconf 70' lang='grc' dir='ltr'><strong>αὐτοὺς⁹</strong></span> 
     </span>
    </p>
   </div>
   <div class='ocr_carea' id='block_1_71' title="bbox 35 1870 819 1906">
    <p class='ocr_par' dir='ltr' id='par_1_71' title="bbox 35 1870 819 1906">
     <span class='ocr_line' id='line_1_71' title="bbox 35 1870 819 1906; baseline 0 -8"><span class='ocrx_word' id='word_1_502' title='bbox 35 1870 69 1902; x_wconf 81' lang='grc' dir='ltr'>ὡς</span> <span class='ocrx_word' id='word_1_503' title='bbox 81 1871 154 1904; x_wconf 76' lang='grc' dir='ltr'>νόθος</span> <span class='ocrx_word' id='word_1_504' title='bbox 169 1871 402 1906; x_wconf 78' lang='grc' dir='ltr'>ἁποδοκιμάζεται</span> <span class='ocrx_word' id='word_1_505' title='bbox 412 1879 420 1887; x_wconf 87' lang='grc'><strong>·</strong></span> <span class='ocrx_word' id='word_1_506' title='bbox 433 1870 526 1906; x_wconf 84' lang='grc' dir='ltr'>ὥσπερ</span> <span class='ocrx_word' id='word_1_507' title='bbox 542 1870 762 1906; x_wconf 66' lang='grc' dir='ltr'>ἐπιγραφόμενος</span> <span class='ocrx_word' id='word_1_508' title='bbox 774 1871 819 1898; x_wconf 72' lang='grc' dir='ltr'><strong>ἐπ’</strong></span> 
     </span>
    </p>
   </div>
   <div class='ocr_carea' id='block_1_72' title="bbox 34 1916 818 1954">
    <p class='ocr_par' dir='ltr' id='par_1_72' title="bbox 34 1916 818 1954">
     <span class='ocr_line' id='line_1_72' title="bbox 34 1916 818 1954; baseline 0 -10"><span class='ocrx_word' id='word_1_509' title='bbox 34 1916 138 1953; x_wconf 80' lang='grc' dir='ltr'>ὀνόματι</span> <span class='ocrx_word' id='word_1_510' title='bbox 152 1917 237 1945; x_wconf 75' lang='grc' dir='ltr'>αὑτοῦ</span> <span class='ocrx_word' id='word_1_511' title='bbox 254 1917 359 1954; x_wconf 85' lang='grc' dir='ltr'>Πέτρου</span> <span class='ocrx_word' id='word_1_512' title='bbox 375 1918 423 1945; x_wconf 86' lang='grc' dir='ltr'>καὶ</span> <span class='ocrx_word' id='word_1_513' title='bbox 437 1917 570 1949; x_wconf 80' lang='grc' dir='ltr'>’Δπίωνος</span> <span class='ocrx_word' id='word_1_514' title='bbox 583 1917 744 1952; x_wconf 81' lang='grc' dir='ltr'>πολύστιχος</span> <span class='ocrx_word' id='word_1_515' title='bbox 760 1917 818 1944; x_wconf 81' lang='grc' dir='ltr'><strong>διά-</strong></span> 
     </span>
    </p>
   </div>
   <div class='ocr_carea' id='block_1_73' title="bbox 35 1961 114 1997">
    <p class='ocr_par' dir='ltr' id='par_1_73' title="bbox 35 1961 114 1997">
     <span class='ocr_line' id='line_1_73' title="bbox 35 1961 114 1997; baseline 0.025 -9"><span class='ocrx_word' id='word_1_516' title='bbox 35 1961 114 1997; x_wconf 81' lang='grc' dir='ltr'>λογος.</span> 
     </span>
    </p>
   </div>
   <div class='ocr_carea' id='block_1_74' title="bbox 873 1590 1663 1629">
    <p class='ocr_par' dir='ltr' id='par_1_74' title="bbox 873 1590 1663 1629">
     <span class='ocr_line' id='line_1_74' title="bbox 873 1590 1663 1629; baseline 0.005 -11"><span class='ocrx_word' id='word_1_517' title='bbox 873 1590 985 1619; x_wconf 86' lang='lat' dir='ltr'><strong>dotibus</strong></span> <span class='ocrx_word' id='word_1_518' title='bbox 1001 1596 1083 1628; x_wconf 83' lang='lat' dir='ltr'><strong>atque</strong></span> <span class='ocrx_word' id='word_1_519' title='bbox 1094 1593 1240 1629; x_wconf 91' lang='lat' dir='ltr'><strong>multiplici</strong></span> <span class='ocrx_word' id='word_1_520' title='bbox 1252 1593 1388 1626; x_wconf 85' lang='lat' dir='ltr'><strong>doctrina,</strong></span> <span class='ocrx_word' id='word_1_521' title='bbox 1400 1597 1508 1621; x_wconf 89' lang='lat' dir='ltr'><strong>tantum</strong></span> <span class='ocrx_word' id='word_1_522' title='bbox 1520 1593 1663 1622; x_wconf 88' lang='lat' dir='ltr'><strong>Constitu-</strong></span> 
     </span>
    </p>
   </div>
   <div class='ocr_carea' id='block_1_75' title="bbox 873 1638 1659 1676">
    <p class='ocr_par' dir='ltr' id='par_1_75' title="bbox 873 1638 1659 1676">
     <span class='ocr_line' id='line_1_75' title="bbox 873 1638 1659 1676; baseline 0.004 -11"><span class='ocrx_word' id='word_1_523' title='bbox 873 1638 964 1667; x_wconf 84' lang='lat' dir='ltr'><strong>tiones</strong></span> <span class='ocrx_word' id='word_1_524' title='bbox 978 1645 1100 1674; x_wconf 86' lang='lat' dir='ltr'><strong>superat,</strong></span> <span class='ocrx_word' id='word_1_525' title='bbox 1116 1640 1192 1668; x_wconf 87' lang='lat' dir='ltr'><strong>nulla</strong></span> <span class='ocrx_word' id='word_1_526' title='bbox 1206 1644 1236 1667; x_wconf 93' lang='lat' dir='ltr'><strong>ut</strong></span> <span class='ocrx_word' id='word_1_527' title='bbox 1249 1639 1300 1668; x_wconf 87' lang='lat' dir='ltr'><strong>hos</strong></span> <span class='ocrx_word' id='word_1_528' title='bbox 1325 1640 1397 1668; x_wconf 89' lang='lat' dir='ltr'><strong>inter</strong></span> <span class='ocrx_word' id='word_1_529' title='bbox 1422 1639 1509 1668; x_wconf 85' lang='lat' dir='ltr'><strong>libros</strong></span> <span class='ocrx_word' id='word_1_530' title='bbox 1520 1647 1659 1676; x_wconf 87' lang='lat' dir='ltr'><strong>compara-</strong></span> 
     </span>
    </p>
   </div>
   <div class='ocr_carea' id='block_1_76' title="bbox 872 1684 1661 1722">
    <p class='ocr_par' dir='ltr' id='par_1_76' title="bbox 872 1684 1661 1722">
     <span class='ocr_line' id='line_1_76' title="bbox 872 1684 1661 1722; baseline 0.005 -11"><span class='ocrx_word' id='word_1_531' title='bbox 872 1684 923 1717; x_wconf 81' lang='lat' dir='ltr'><strong>tio.</strong></span> <span class='ocrx_word' id='word_1_532' title='bbox 949 1686 984 1713; x_wconf 88' lang='lat' dir='ltr'><strong>ad</strong></span> <span class='ocrx_word' id='word_1_533' title='bbox 999 1685 1105 1714; x_wconf 87' lang='lat' dir='ltr'><strong>litteras</strong></span> <span class='ocrx_word' id='word_1_534' title='bbox 1125 1685 1199 1722; x_wconf 89' lang='lat' dir='ltr'><strong>quod</strong></span> <span class='ocrx_word' id='word_1_535' title='bbox 1215 1686 1330 1717; x_wconf 84' lang='lat' dir='ltr'><strong>attinet.</strong></span> <span class='ocrx_word' id='word_1_536' title='bbox 1356 1686 1463 1714; x_wconf 87' lang='lat' dir='ltr'><strong>institui</strong></span> <span class='ocrx_word' id='word_1_537' title='bbox 1490 1686 1598 1715; x_wconf 87' lang='lat' dir='ltr'><strong>debeat.</strong></span> <span class='ocrx_word' id='word_1_538' title='bbox 1625 1686 1661 1715; x_wconf 81' lang='lat' dir='ltr'><strong>Et</strong></span> 
     </span>
    </p>
   </div>
   <div class='ocr_carea' id='block_1_77' title="bbox 871 1731 1660 1768">
    <p class='ocr_par' dir='ltr' id='par_1_77' title="bbox 871 1731 1660 1768">
     <span class='ocr_line' id='line_1_77' title="bbox 871 1731 1660 1768; baseline 0.004 -10"><span class='ocrx_word' id='word_1_539' title='bbox 871 1731 952 1766; x_wconf 79' lang='lat' dir='ltr'><strong>paulo</strong></span> <span class='ocrx_word' id='word_1_540' title='bbox 966 1736 1043 1767; x_wconf 73' lang='lat' dir='ltr'><strong>post:</strong></span> <span class='ocrx_word' id='word_1_541' title='bbox 1068 1732 1104 1760; x_wconf 85' lang='lat' dir='ltr'><strong>At</strong></span> <span class='ocrx_word' id='word_1_542' title='bbox 1121 1740 1183 1768; x_wconf 68' lang='lat' dir='ltr'><strong>qua</strong></span> <span class='ocrx_word' id='word_1_543' title='bbox 1195 1732 1316 1760; x_wconf 86' lang='lat' dir='ltr'><strong>secunda</strong></span> <span class='ocrx_word' id='word_1_544' title='bbox 1332 1731 1477 1768; x_wconf 88' lang='lat' dir='ltr'><strong>(Epistola)</strong></span> <span class='ocrx_word' id='word_1_545' title='bbox 1492 1731 1526 1760; x_wconf 90' lang='lat' dir='ltr'><strong>ad</strong></span> <span class='ocrx_word' id='word_1_546' title='bbox 1549 1733 1660 1762; x_wconf 85' lang='lat' dir='ltr'><strong>eosdem</strong></span> 
     </span>
    </p>
   </div>
   <div class='ocr_carea' id='block_1_78' title="bbox 872 1777 1661 1815">
    <p class='ocr_par' dir='ltr' id='par_1_78' title="bbox 872 1777 1661 1815">
     <span class='ocr_line' id='line_1_78' title="bbox 872 1777 1661 1815; baseline 0.003 -9"><span class='ocrx_word' id='word_1_547' title='bbox 872 1777 1053 1815; x_wconf 87' lang='lat' dir='ltr'><strong>(Corinthios)</strong></span> <span class='ocrx_word' id='word_1_548' title='bbox 1065 1778 1176 1812; x_wconf 91' lang='lat' dir='ltr'><strong>dicitur,</strong></span> <span class='ocrx_word' id='word_1_549' title='bbox 1190 1778 1315 1815; x_wconf 87' lang='lat' dir='ltr'><strong>rejicitur</strong></span> <span class='ocrx_word' id='word_1_550' title='bbox 1326 1782 1356 1807; x_wconf 89' lang='lat' dir='ltr'><strong>ut</strong></span> <span class='ocrx_word' id='word_1_551' title='bbox 1367 1779 1468 1807; x_wconf 88' lang='lat' dir='ltr'><strong>notha:</strong></span> <span class='ocrx_word' id='word_1_552' title='bbox 1483 1779 1661 1815; x_wconf 89' lang='lat' dir='ltr'><strong>quemadmo-</strong></span> 
     </span>
    </p>
   </div>
   <div class='ocr_carea' id='block_1_79' title="bbox 869 1824 1660 1864">
    <p class='ocr_par' dir='ltr' id='par_1_79' title="bbox 869 1824 1660 1864">
     <span class='ocr_line' id='line_1_79' title="bbox 869 1824 1660 1864; baseline 0.004 -12"><span class='ocrx_word' id='word_1_553' title='bbox 869 1824 934 1853; x_wconf 92' lang='lat' dir='ltr'><strong>dum</strong></span> <span class='ocrx_word' id='word_1_554' title='bbox 948 1829 976 1853; x_wconf 85' lang='lat' dir='ltr'><strong>et</strong></span> <span class='ocrx_word' id='word_1_555' title='bbox 994 1826 1074 1861; x_wconf 74' lang='lat' dir='ltr'><strong>longa</strong></span> <span class='ocrx_word' id='word_1_556' title='bbox 1085 1826 1131 1853; x_wconf 90' lang='lat' dir='ltr'><strong>illa</strong></span> <span class='ocrx_word' id='word_1_557' title='bbox 1145 1825 1306 1862; x_wconf 83' lang='lat' dir='ltr'><strong>disputatio,</strong></span> <span class='ocrx_word' id='word_1_558' title='bbox 1325 1826 1397 1855; x_wconf 86' lang='lat' dir='ltr'><strong>beati</strong></span> <span class='ocrx_word' id='word_1_559' title='bbox 1415 1825 1489 1855; x_wconf 86' lang='lat' dir='ltr'><strong>Petri</strong></span> <span class='ocrx_word' id='word_1_560' title='bbox 1504 1831 1531 1855; x_wconf 87' lang='lat' dir='ltr'><strong>et</strong></span> <span class='ocrx_word' id='word_1_561' title='bbox 1545 1827 1660 1864; x_wconf 81' lang='lat' dir='ltr'><strong>Apionis</strong></span> 
     </span>
    </p>
   </div>
   <div class='ocr_carea' id='block_1_80' title="bbox 869 1871 1140 1908">
    <p class='ocr_par' dir='ltr' id='par_1_80' title="bbox 869 1871 1140 1908">
     <span class='ocr_line' id='line_1_80' title="bbox 869 1871 1140 1908; baseline 0.004 -8"><span class='ocrx_word' id='word_1_562' title='bbox 869 1879 968 1901; x_wconf 90' lang='lat' dir='ltr'><strong>nomen</strong></span> <span class='ocrx_word' id='word_1_563' title='bbox 983 1871 1140 1908; x_wconf 74' lang='lat' dir='ltr'><strong>pmferens.</strong></span> 
     </span>
    </p>
   </div>
   <div class='ocr_carea' id='block_1_81' title="bbox 795 2077 890 2106">
    <p class='ocr_par' dir='ltr' id='par_1_81' title="bbox 795 2077 890 2106">
     <span class='ocr_line' id='line_1_81' title="bbox 795 2077 890 2106; baseline 0 0"><span class='ocrx_word' id='word_1_564' title='bbox 795 2077 890 2106; x_wconf 71' lang='lat' dir='ltr'><strong>XVIII.</strong></span> 
     </span>
    </p>
   </div>
   <div class='ocr_carea' id='block_1_82' title="bbox 435 2168 1245 2206">
    <p class='ocr_par' dir='ltr' id='par_1_82' title="bbox 435 2168 1245 2206">
     <span class='ocr_line' id='line_1_82' title="bbox 435 2168 1245 2206; baseline -0.002 -7"><span class='ocrx_word' id='word_1_565' title='bbox 435 2171 603 2199; x_wconf 72' lang='lat' dir='ltr'><strong>HINCIARUS.</strong></span> <span class='ocrx_word' id='word_1_566' title='bbox 624 2169 663 2197; x_wconf 74' lang='lat' dir='ltr'><strong>De</strong></span> <span class='ocrx_word' id='word_1_567' title='bbox 674 2169 786 2198; x_wconf 72' lang='lat' dir='ltr'><strong>diuortio</strong></span> <span class='ocrx_word' id='word_1_568' title='bbox 800 2168 922 2197; x_wconf 76' lang='lat' dir='ltr'><strong>Lotharif</strong></span> <span class='ocrx_word' id='word_1_569' title='bbox 936 2173 962 2197; x_wconf 74' lang='lat' dir='ltr'><strong>st</strong></span> <span class='ocrx_word' id='word_1_570' title='bbox 980 2168 1123 2206; x_wconf 74' lang='lat' dir='ltr'><strong>Tetbergc,</strong></span> <span class='ocrx_word' id='word_1_571' title='bbox 1139 2177 1199 2205; x_wconf 86' lang='lat' dir='ltr'><strong>cap.</strong></span> <span class='ocrx_word' id='word_1_572' title='bbox 1219 2169 1245 2197; x_wconf 83' lang='lat'><strong>9.</strong></span> 
     </span>
    </p>
   </div>
   <div class='ocr_carea' id='block_1_83' title="bbox 61 2259 1655 2297">
    <p class='ocr_par' dir='ltr' id='par_1_83' title="bbox 61 2259 1655 2297">
     <span class='ocr_line' id='line_1_83' title="bbox 61 2259 1655 2297; baseline -0.001 -9"><span class='ocrx_word' id='word_1_573' title='bbox 61 2259 92 2288; x_wconf 85' lang='lat' dir='ltr'><strong>Et</strong></span> <span class='ocrx_word' id='word_1_574' title='bbox 105 2261 133 2289; x_wconf 91' lang='lat' dir='ltr'><strong>in</strong></span> <span class='ocrx_word' id='word_1_575' title='bbox 142 2260 218 2289; x_wconf 80' lang='lat' dir='ltr'><strong>Petri</strong></span> <span class='ocrx_word' id='word_1_576' title='bbox 233 2260 386 2294; x_wconf 80' lang='lat' dir='ltr'><strong>itinerario,</strong></span> <span class='ocrx_word' id='word_1_577' title='bbox 400 2261 434 2289; x_wconf 86' lang='lat' dir='ltr'><strong>de</strong></span> <span class='ocrx_word' id='word_1_578' title='bbox 443 2260 594 2290; x_wconf 85' lang='lat' dir='ltr'><strong>Clementis</strong></span> <span class='ocrx_word' id='word_1_579' title='bbox 608 2265 686 2296; x_wconf 85' lang='lat' dir='ltr'><strong>patre</strong></span> <span class='ocrx_word' id='word_1_580' title='bbox 700 2261 811 2297; x_wconf 76' lang='lat' dir='ltr'><strong>legitur;</strong></span> <span class='ocrx_word' id='word_1_581' title='bbox 827 2265 850 2293; x_wconf 84' lang='grc' dir='ltr'>ι)</span> <span class='ocrx_word' id='word_1_582' title='bbox 864 2261 964 2290; x_wconf 85' lang='lat' dir='ltr'><strong>Petrus</strong></span> <span class='ocrx_word' id='word_1_583' title='bbox 977 2268 1040 2290; x_wconf 91' lang='lat' dir='ltr'><strong>eum</strong></span> <span class='ocrx_word' id='word_1_584' title='bbox 1060 2261 1108 2297; x_wconf 85' lang='lat' dir='ltr'><strong>qui</strong></span> <span class='ocrx_word' id='word_1_585' title='bbox 1118 2264 1177 2290; x_wconf 88' lang='lat' dir='ltr'><strong>erat</strong></span> <span class='ocrx_word' id='word_1_586' title='bbox 1193 2261 1367 2289; x_wconf 87' lang='lat' dir='ltr'><strong>intuebatur:</strong></span> <span class='ocrx_word' id='word_1_587' title='bbox 1381 2264 1410 2288; x_wconf 91' lang='lat' dir='ltr'><strong>et</strong></span> <span class='ocrx_word' id='word_1_588' title='bbox 1423 2266 1517 2293; x_wconf 85' lang='lat' dir='ltr'><strong>orans,</strong></span> <span class='ocrx_word' id='word_1_589' title='bbox 1533 2259 1655 2294; x_wconf 84' lang='lat' dir='ltr'><strong>discipu-</strong></span> 
     </span>
    </p>
   </div>
   <div class='ocr_carea' id='block_1_84' title="bbox 30 2306 1656 2343">
    <p class='ocr_par' dir='ltr' id='par_1_84' title="bbox 30 2306 1656 2343">
     <span class='ocr_line' id='line_1_84' title="bbox 30 2306 1656 2343; baseline -0.002 -8"><span class='ocrx_word' id='word_1_590' title='bbox 30 2307 136 2342; x_wconf 85' lang='lat' dir='ltr'><strong>quodut</strong></span> <span class='ocrx_word' id='word_1_591' title='bbox 153 2316 169 2336; x_wconf 84' lang='lat' dir='ltr'><strong>a</strong></span> <span class='ocrx_word' id='word_1_592' title='bbox 183 2308 308 2336; x_wconf 81' lang='lat' dir='ltr'><strong>fidelibus</strong></span> <span class='ocrx_word' id='word_1_593' title='bbox 321 2307 533 2342; x_wconf 85' lang='lat' dir='ltr'><strong>interficeretur,</strong></span> <span class='ocrx_word' id='word_1_594' title='bbox 555 2315 571 2335; x_wconf 91' lang='lat' dir='ltr'><strong>a</strong></span> <span class='ocrx_word' id='word_1_595' title='bbox 601 2307 714 2336; x_wconf 86' lang='lat' dir='ltr'><strong>Simone</strong></span> <span class='ocrx_word' id='word_1_596' title='bbox 731 2307 812 2343; x_wconf 73' lang='lat' dir='ltr'><strong>Mago</strong></span> <span class='ocrx_word' id='word_1_597' title='bbox 867 2309 909 2337; x_wconf 86' lang='lat' dir='ltr'><strong>los</strong></span> <span class='ocrx_word' id='word_1_598' title='bbox 920 2308 955 2336; x_wconf 92' lang='lat' dir='ltr'><strong>ad</strong></span> <span class='ocrx_word' id='word_1_599' title='bbox 968 2315 1063 2336; x_wconf 92' lang='lat' dir='ltr'><strong>eorum</strong></span> <span class='ocrx_word' id='word_1_600' title='bbox 1075 2309 1171 2336; x_wconf 86' lang='lat' dir='ltr'><strong>oculos</strong></span> <span class='ocrx_word' id='word_1_601' title='bbox 1195 2307 1351 2342; x_wconf 84' lang='lat' dir='ltr'><strong>revocavit;</strong></span> <span class='ocrx_word' id='word_1_602' title='bbox 1364 2311 1391 2335; x_wconf 92' lang='lat' dir='ltr'><strong>et</strong></span> <span class='ocrx_word' id='word_1_603' title='bbox 1402 2307 1499 2335; x_wconf 83' lang='lat' dir='ltr'><strong>deluso</strong></span> <span class='ocrx_word' id='word_1_604' title='bbox 1523 2306 1656 2342; x_wconf 65' lang='lat' dir='ltr'><strong>phantas—</strong></span> 
     </span>
    </p>
   </div>
   <div class='ocr_carea' id='block_1_85' title="bbox 30 2350 1663 2392">
    <p class='ocr_par' dir='ltr' id='par_1_85' title="bbox 30 2350 1663 2392">
     <span class='ocr_line' id='line_1_85' title="bbox 30 2350 1663 2392; baseline 0 -10"><span class='ocrx_word' id='word_1_605' title='bbox 30 2359 103 2388; x_wconf 77' lang='lat' dir='ltr'><strong>quem</strong></span> <span class='ocrx_word' id='word_1_606' title='bbox 114 2356 283 2388; x_wconf 81' lang='lat' dir='ltr'><strong>deseruerat,</strong></span> <span class='ocrx_word' id='word_1_607' title='bbox 301 2361 440 2392; x_wconf 72' lang='lat' dir='ltr'><strong>unguento</strong></span> <span class='ocrx_word' id='word_1_608' title='bbox 455 2360 617 2391; x_wconf 85' lang='lat' dir='ltr'><strong>perunctus,</strong></span> <span class='ocrx_word' id='word_1_609' title='bbox 628 2355 751 2391; x_wconf 76' lang='lat' dir='ltr'><strong>ejusdem</strong></span> <span class='ocrx_word' id='word_1_610' title='bbox 767 2355 812 2383; x_wconf 78' lang='lat' dir='ltr'><strong>Si-</strong></span> <span class='ocrx_word' id='word_1_611' title='bbox 865 2359 949 2388; x_wconf 88' lang='lat' dir='ltr'><strong>mate,</strong></span> <span class='ocrx_word' id='word_1_612' title='bbox 966 2355 1131 2383; x_wconf 85' lang='lat' dir='ltr'><strong>intuentium</strong></span> <span class='ocrx_word' id='word_1_613' title='bbox 1145 2354 1288 2383; x_wconf 85' lang='lat' dir='ltr'><strong>obtutibus</strong></span> <span class='ocrx_word' id='word_1_614' title='bbox 1303 2354 1423 2389; x_wconf 90' lang='lat' dir='ltr'><strong>speciem</strong></span> <span class='ocrx_word' id='word_1_615' title='bbox 1439 2353 1578 2389; x_wconf 83' lang='lat' dir='ltr'><strong>propriam</strong></span> <span class='ocrx_word' id='word_1_616' title='bbox 1589 2350 1663 2382; x_wconf 64' lang='grc' dir='ltr'><strong>τεὼ.</strong></span> 
     </span>
    </p>
   </div>
   <div class='ocr_carea' id='block_1_86' title="bbox 30 2401 1402 2438">
    <p class='ocr_par' dir='ltr' id='par_1_86' title="bbox 30 2401 1402 2438">
     <span class='ocr_line' id='line_1_86' title="bbox 30 2401 1402 2438; baseline 0 -10"><span class='ocrx_word' id='word_1_617' title='bbox 30 2402 113 2431; x_wconf 81' lang='lat' dir='ltr'><strong>monis</strong></span> <span class='ocrx_word' id='word_1_618' title='bbox 140 2403 287 2438; x_wconf 69' lang='lat' dir='ltr'><strong>imaginem</strong></span> <span class='ocrx_word' id='word_1_619' title='bbox 302 2402 425 2431; x_wconf 85' lang='lat' dir='ltr'><strong>omnium</strong></span> <span class='ocrx_word' id='word_1_620' title='bbox 440 2403 528 2431; x_wconf 82' lang='lat' dir='ltr'><strong>oculis</strong></span> <span class='ocrx_word' id='word_1_621' title='bbox 553 2403 706 2437; x_wconf 88' lang='lat' dir='ltr'><strong>referebat;</strong></span> <span class='ocrx_word' id='word_1_622' title='bbox 735 2403 811 2432; x_wconf 83' lang='lat' dir='ltr'><strong>solus</strong></span> <span class='ocrx_word' id='word_1_623' title='bbox 865 2401 945 2430; x_wconf 84' lang='lat' dir='ltr'><strong>didit.</strong></span> <span class='ocrx_word' id='word_1_624' title='bbox 958 2401 1093 2438; x_wconf 75' lang='lat' dir='ltr'><strong>Reeognit.</strong></span> <span class='ocrx_word' id='word_1_625' title='bbox 1111 2401 1158 2430; x_wconf 76' lang='lat' dir='ltr'><strong>lib.</strong></span> <span class='ocrx_word' id='word_1_626' title='bbox 1173 2409 1202 2434; x_wconf 75' lang='grc' dir='ltr'>ι,</span> <span class='ocrx_word' id='word_1_627' title='bbox 1215 2408 1274 2436; x_wconf 71' lang='lat' dir='ltr'><strong>sap.</strong></span> <span class='ocrx_word' id='word_1_628' title='bbox 1291 2401 1336 2434; x_wconf 78' lang='lat'><strong>55,</strong></span> <span class='ocrx_word' id='word_1_629' title='bbox 1349 2404 1402 2428; x_wconf 89' lang='lat' dir='ltr'><strong>etc.</strong></span> 
     </span>
    </p>
   </div>
   <div class='ocr_carea' id='block_1_87' title="bbox 801 2490 871 2519">
    <p class='ocr_par' dir='ltr' id='par_1_87' title="bbox 801 2490 871 2519">
     <span class='ocr_line' id='line_1_87' title="bbox 801 2490 871 2519; baseline 0.014 -1"><span class='ocrx_word' id='word_1_630' title='bbox 801 2490 871 2519; x_wconf 79' lang='lat' dir='ltr'><strong>XIX.</strong></span> 
     </span>
    </p>
   </div>
   <div class='ocr_carea' id='block_1_88' title="bbox 268 2578 1394 2619">
    <p class='ocr_par' dir='ltr' id='par_1_88' title="bbox 268 2578 1394 2619">
     <span class='ocr_line' id='line_1_88' title="bbox 268 2578 1394 2619; baseline -0.005 -8"><span class='ocrx_word' id='word_1_631' title='bbox 268 2582 444 2616; x_wconf 73' lang='lat' dir='ltr'><strong>ﬂunssarus,</strong></span> <span class='ocrx_word' id='word_1_632' title='bbox 457 2584 606 2619; x_wconf 85' lang='lat' dir='ltr'><strong>episcopus</strong></span> <span class='ocrx_word' id='word_1_633' title='bbox 622 2581 712 2619; x_wconf 66' lang='lat' dir='ltr'><strong>Sylva:</strong></span> <span class='ocrx_word' id='word_1_634' title='bbox 724 2581 866 2614; x_wconf 65' lang='lat' dir='ltr'><strong>Candida,</strong></span> <span class='ocrx_word' id='word_1_635' title='bbox 880 2581 908 2608; x_wconf 91' lang='lat' dir='ltr'><strong>in</strong></span> <span class='ocrx_word' id='word_1_636' title='bbox 923 2580 1100 2616; x_wconf 62' lang='lat' dir='ltr'><strong>Respondent</strong></span> <span class='ocrx_word' id='word_1_637' title='bbox 1116 2580 1150 2606; x_wconf 83' lang='lat' dir='ltr'><strong>ad</strong></span> <span class='ocrx_word' id='word_1_638' title='bbox 1169 2578 1274 2606; x_wconf 69' lang='lat' dir='ltr'><strong>Nicen:</strong></span> <span class='ocrx_word' id='word_1_639' title='bbox 1287 2579 1394 2606; x_wconf 79' lang='lat' dir='ltr'><strong>librum.</strong></span> 
     </span>
    </p>
   </div>
   <div class='ocr_carea' id='block_1_89' title="bbox 62 2668 1647 2704">
    <p class='ocr_par' dir='ltr' id='par_1_89' title="bbox 62 2668 1647 2704">
     <span class='ocr_line' id='line_1_89' title="bbox 62 2668 1647 2704; baseline -0.003 -5"><span class='ocrx_word' id='word_1_640' title='bbox 62 2669 122 2700; x_wconf 72' lang='lat' dir='ltr'><strong>Nam</strong></span> <span class='ocrx_word' id='word_1_641' title='bbox 142 2671 291 2701; x_wconf 78' lang='lat' dir='ltr'><strong>Clementis</strong></span> <span class='ocrx_word' id='word_1_642' title='bbox 312 2672 392 2704; x_wconf 83' lang='lat' dir='ltr'><strong>liber,</strong></span> <span class='ocrx_word' id='word_1_643' title='bbox 411 2672 439 2700; x_wconf 94' lang='lat' dir='ltr'><strong>id</strong></span> <span class='ocrx_word' id='word_1_644' title='bbox 468 2675 510 2699; x_wconf 89' lang='lat' dir='ltr'><strong>est</strong></span> <span class='ocrx_word' id='word_1_645' title='bbox 534 2670 706 2698; x_wconf 90' lang='lat' dir='ltr'><strong>ltinerarium</strong></span> <span class='ocrx_word' id='word_1_646' title='bbox 733 2669 807 2697; x_wconf 89' lang='lat' dir='ltr'><strong>Petri</strong></span> <span class='ocrx_word' id='word_1_647' title='bbox 861 2668 1028 2704; x_wconf 83' lang='lat' dir='ltr'><strong>apocrypha.</strong></span> <span class='ocrx_word' id='word_1_648' title='bbox 1050 2668 1113 2696; x_wconf 66' lang='lat' dir='ltr'><strong>Vide</strong></span> <span class='ocrx_word' id='word_1_649' title='bbox 1125 2668 1233 2697; x_wconf 82' lang='lat' dir='ltr'><strong>Decroti</strong></span> <span class='ocrx_word' id='word_1_650' title='bbox 1247 2670 1362 2703; x_wconf 70' lang='lat' dir='ltr'><strong>primum</strong></span> <span class='ocrx_word' id='word_1_651' title='bbox 1375 2668 1570 2704; x_wconf 67' lang='lat' dir='ltr'><strong>partem,dut.</strong></span> <span class='ocrx_word' id='word_1_652' title='bbox 1603 2668 1647 2700; x_wconf 73' lang='grc' dir='ltr'>ιδ,</span> 
     </span>
    </p>
   </div>
   <div class='ocr_carea' id='block_1_90' title="bbox 30 2715 959 2756">
    <p class='ocr_par' dir='ltr' id='par_1_90' title="bbox 30 2715 959 2756">
     <span class='ocr_line' id='line_1_90' title="bbox 30 2715 959 2756; baseline -0.008 -6"><span class='ocrx_word' id='word_1_653' title='bbox 30 2719 147 2754; x_wconf 72' lang='grc' dir='ltr'>-ικηιοιι,</span> <span class='ocrx_word' id='word_1_654' title='bbox 160 2725 188 2749; x_wconf 84' lang='lat' dir='ltr'><strong>et</strong></span> <span class='ocrx_word' id='word_1_655' title='bbox 199 2719 327 2749; x_wconf 84' lang='lat' dir='ltr'><strong>Canones</strong></span> <span class='ocrx_word' id='word_1_656' title='bbox 341 2719 527 2756; x_wconf 75' lang='lat' dir='ltr'><strong>apostolorum</strong></span> <span class='ocrx_word' id='word_1_657' title='bbox 541 2722 722 2746; x_wconf 89' lang='lat' dir='ltr'><strong>numerantur</strong></span> <span class='ocrx_word' id='word_1_658' title='bbox 734 2718 805 2745; x_wconf 87' lang='lat' dir='ltr'><strong>inter</strong></span> <span class='ocrx_word' id='word_1_659' title='bbox 859 2724 918 2751; x_wconf 72' lang='lat' dir='ltr'><strong>cap.</strong></span> <span class='ocrx_word' id='word_1_660' title='bbox 932 2715 959 2744; x_wconf 77' lang='lat'><strong>3.</strong></span> 
     </span>
    </p>
   </div>
   <div class='ocr_carea' id='block_1_91' title="bbox 67 2846 1645 2886">
    <p class='ocr_par' dir='ltr' id='par_1_91' title="bbox 67 2846 1645 2886">
     <span class='ocr_line' id='line_1_91' title="bbox 67 2846 1645 2886; baseline -0.002 -11"><span class='ocrx_word' id='word_1_661' title='bbox 67 2849 118 2886; x_wconf 72' lang='grc' dir='ltr'><strong>ῌϐι</strong></span> <span class='ocrx_word' id='word_1_662' title='bbox 130 2851 246 2886; x_wconf 77' lang='grc' dir='ltr'>Μυρίων</span> <span class='ocrx_word' id='word_1_663' title='bbox 260 2850 456 2886; x_wconf 70' lang='grc' dir='ltr'>ἀτοπημάτων</span> <span class='ocrx_word' id='word_1_664' title='bbox 470 2850 559 2885; x_wconf 54' lang='grc' dir='ltr'>τέμει.</span> <span class='ocrx_word' id='word_1_665' title='bbox 569 2849 617 2886; x_wconf 55' lang='lat' dir='ltr'><strong>ﬁl.</strong></span> <span class='ocrx_word' id='word_1_666' title='bbox 640 2848 808 2886; x_wconf 57' lang='lat' dir='ltr'><strong>unum-</strong></span> <span class='ocrx_word' id='word_1_667' title='bbox 854 2849 954 2885; x_wconf 70' lang='grc' dir='ltr'>τότ-ητα</span> <span class='ocrx_word' id='word_1_668' title='bbox 973 2848 1099 2886; x_wconf 14' lang='grc' dir='ltr'><strong>τῆξ-Θεοῦ</strong></span> <span class='ocrx_word' id='word_1_669' title='bbox 1112 2847 1269 2886; x_wconf 29' lang='grc' dir='ltr'>Α’ξέςκκλησία</span> <span class='ocrx_word' id='word_1_670' title='bbox 1281 2847 1408 2886; x_wconf 43' lang='lat' dir='ltr'><strong>deflerem</strong></span> <span class='ocrx_word' id='word_1_671' title='bbox 1426 2846 1471 2876; x_wconf 79' lang='lat' dir='ltr'><strong>Sic</strong></span> <span class='ocrx_word' id='word_1_672' title='bbox 1487 2847 1521 2875; x_wconf 86' lang='lat' dir='ltr'><strong>ad</strong></span> <span class='ocrx_word' id='word_1_673' title='bbox 1544 2847 1645 2883; x_wconf 65' lang='grc' dir='ltr'><strong>111111πί-</strong></span> 
     </span>
    </p>
   </div>
   <div class='ocr_carea' id='block_1_92' title="bbox 34 2884 806 2923">
    <p class='ocr_par' dir='ltr' id='par_1_92' title="bbox 34 2884 806 2923">
     <span class='ocr_line' id='line_1_92' title="bbox 34 2884 806 2923; baseline -0.004 -9"><span class='ocrx_word' id='word_1_674' title='bbox 34 2884 160 2919; x_wconf 68' lang='grc' dir='ltr'>υρθωκὼς</span> <span class='ocrx_word' id='word_1_675' title='bbox 173 2884 277 2922; x_wconf 65' lang='grc' dir='ltr'>ταύτην</span> <span class='ocrx_word' id='word_1_676' title='bbox 293 2886 307 2913; x_wconf 77' lang='grc' dir='ltr'><strong>ό</strong></span> <span class='ocrx_word' id='word_1_677' title='bbox 326 2884 529 2923; x_wconf 68' lang='grc' dir='ltr'>μεταφραστὴς,</span> <span class='ocrx_word' id='word_1_678' title='bbox 549 2884 661 2912; x_wconf 80' lang='grc' dir='ltr'>πλοῦτον</span> <span class='ocrx_word' id='word_1_679' title='bbox 678 2884 724 2912; x_wconf 81' lang='grc' dir='ltr'>καὶ</span> <span class='ocrx_word' id='word_1_680' title='bbox 743 2892 806 2912; x_wconf 83' lang='grc' dir='ltr'>ταυ-</span> 
     </span>
    </p>
   </div>
   <div class='ocr_carea' id='block_1_93' title="bbox 856 2876 1438 2914">
    <p class='ocr_par' dir='ltr' id='par_1_93' title="bbox 856 2876 1438 2914">
     <span class='ocr_line' id='line_1_93' title="bbox 856 2876 1438 2914; baseline -0.007 -1"><span class='ocrx_word' id='word_1_681' title='bbox 856 2876 918 2913; x_wconf 67' lang='lat' dir='ltr'><strong>ueni</strong></span> <span class='ocrx_word' id='word_1_682' title='bbox 930 2876 1118 2913; x_wconf 65' lang='lat' dir='ltr'><strong>eod.&quot;Maximi</strong></span> <span class='ocrx_word' id='word_1_683' title='bbox 1132 2876 1277 2912; x_wconf 68' lang='lat' dir='ltr'><strong>lanuuii.</strong></span> <span class='ocrx_word' id='word_1_684' title='bbox 1294 2881 1414 2912; x_wconf 74' lang='lat' dir='ltr'><strong>HOIICI.</strong></span> <span class='ocrx_word' id='word_1_685' title='bbox 1434 2911 1438 2914; x_wconf 65' lang='grc'><strong>,</strong></span> 
     </span>
    </p>
   </div>
  </div>
