1892 3105
228 144 295 173 1171

639 146 668 175 S.
686 145 883 174 CLEMENTIS
899 145 910 173 l
926 145 1010 174 ROM.
1029 144 1131 174 PONT.
1149 144 1264 174 OPERA
1279 145 1395 175 DUBIA.

1794 146 1854 174 ηπ

1011 235 1072 265 XX.

510 294 649 326 Genucius
661 293 816 329 Genusus,
828 294 857 323 in
873 294 1035 331 Campeudio
1051 293 1246 328 Historiarum,
1265 293 1333 323 edit.
1346 293 1444 328 Basil.,
1459 302 1487 331 p.
1499 294 1563 324 {70.

259 374 321 402 Alia
335 381 445 409 quoque
457 373 591 401 miracula
607 373 724 410 (Petrus
734 377 762 401 et
787 372 882 401 Simon
900 371 1015 409 uagus)
1030 377 1053 405 Α
1100 373 1156 400 Καὶ
1173 372 1223 408 μέν
1236 381 1275 400 τοι

1100 373 1156 400 Καὶ
1173 372 1223 408 μέν
1236 381 1278 400 τοι
1296 373 1344 400 καὶ
1366 372 1433 401 ἀλλα
1449 375 1550 410 σημεῖα
1573 373 1713 410 ἐποίησαν
1729 374 1809 401 πολλὰ
1827 374 1852 402 οὔ

224 419 386 448 ediderunt:
401 427 490 455 neque
501 419 530 447 id
543 419 640 447 Roma:
656 419 749 451 modo.
764 419 812 447 sed
838 424 902 447 ante
930 420 1014 448 etiam

224 467 254 494 in
270 465 364 502 Syria;
385 474 447 501 quae
472 465 599 494 Clemens
613 465 766 498 Romanus,
793 466 1015 501 sapientissimus

224 511 299 540 Petri
314 511 467 547 discipulus
481 515 563 548 atque
578 519 684 544 comes.
702 512 841 540 recitavit:
866 520 900 540 ex
913 512 1016 548 quibus

225 565 313 594 pauca
337 557 382 585 hie
405 565 549 593 ponemus.
575 558 677 592 Quibus
702 559 815 593 prolati:
842 558 935 586 addit:
952 558 1016 586 Hac

225 603 310 639 igitur
325 607 353 631 et
368 603 422 631 alia
434 604 535 631 similia
545 604 685 637 Clemens,
698 605 930 640 quemadmodum
945 604 1015 638 dili,

226 649 338 685 scripsit
347 649 421 677 dicta
441 653 523 685 atque
539 650 611 678 facta
623 650 710 678 fuisse
728 651 757 678 in
772 651 863 686 Syria,
880 650 947 687 Lege
961 650 1017 679 Be-

226 697 332 732 cognit.
350 696 398 723 lib.
415 703 446 728 ll,
457 704 516 731 cap.
529 696 574 729 57,
589 700 657 730 etc.;
675 697 721 724 lib.
737 704 778 729 Ill,
790 705 848 731 cap.
864 696 910 730 L7;
927 696 974 724 lib.
987 705 1016 730 ι,

226 751 285 774 cap.
299 743 352 777 53;
367 742 514 774 Clemeuu,
535 743 607 771 hom.
619 743 647 776 5,
664 752 692 771 π.
709 743 754 775 58,
769 747 825 772 etc.

1070 419 1150 455 μόνον
1162 420 1191 446 ἑν
1206 419 1310 456 Ῥώμῃ,
1327 419 1395 447 ἀλλὰ
1405 420 1453 448 καὶ
1463 421 1493 447 ὲν
1502 420 1741 457 Συρίᾳ-πράξεων
1752 429 1759 436 ·
1777 421 1794 448 ἆ
1803 429 1853 448 τινι

1068 465 1185 502 Κλήμης
1199 466 1214 492 ὁ
1233 465 1368 501 Ῥωμαῖος
1389 466 1439 493 καὶ
1451 466 1589 502 πάνσοφος
1609 466 1739 503 μαθητὴς
1762 467 1852 503 Πέτρα»

1069 511 1117 538 καὶ
1131 511 1299 547 συνέκδημος
1311 512 1470 548 διηγήσατο·
1487 513 1534 547 ἀφ’
1551 509 1589 540 ὧν
1598 513 1684 548 ὀλίγα
1702 513 1852 549 συντάεομεν

1069 558 1198 585 ὲνταῦθα.
1229 558 1337 592 Quibus
1354 558 1538 594 interpositis,
1553 559 1714 594 subiungit,
1728 567 1788 594 pag.
1801 560 1850 587 in:

1069 603 1162 631 Ταῦτα
1173 604 1263 640 μέντοι
1273 605 1321 632 καὶ
1334 604 1416 642 ἕτερα
1428 604 1540 632 τοιαῦτα
1549 605 1745 641 γεγράφηκεν,
1758 605 1794 637 ὡς
1805 605 1853 641 (ll)

1069 650 1132 686 ἔφη.
1162 650 1279 687 Κλήμης
1306 650 1435 687 λεχθῆναι
1450 652 1498 678 καὶ
1522 651 1685 687 πραχθῆναι
1712 653 1743 678 ἑν
1771 652 1852 687 Συρίᾳ.

1068 696 1140 732 Lege
1158 697 1344 729 Autsnsiul,
1361 701 1460 733 quast.
1471 697 1507 725 20
1519 718 1527 731 ,
1546 696 1744 732 Nicsruonun,
1759 696 1851 725 Ηὸσιοι.

1067 744 1144 775 εισι,
1155 743 1203 772 lib.
1218 751 1250 778 ιι,
1267 751 1329 780 cap.
1341 744 1379 772 27
1392 753 1400 778 ;
1428 743 1656 773 assuto-Anu:
1665 763 1678 776 ,
1688 744 1743 773 lib.
1756 751 1775 772 ι.

1007 836 1079 865 XXI.

547 915 683 945 Honoaius
693 915 962 948 Aueusronunnsts,
975 915 1024 943 lib.
1034 914 1074 942 De
1090 915 1266 943 luminaribut
1282 913 1420 949 Ecclesia,
1437 922 1500 952 cap.
1513 915 1558 944 l5.

262 995 392 1024 Clemens
407 995 520 1031 scripsrt
532 994 678 1030 epistolam
690 993 723 1022 ad
741 993 948 1022 Corinthiorum
964 992 1017 1020 Ec-
1032 997 1054 1026 Β
1067 992 1140 1020 inter
1155 993 1312 1030 apocrypha
1324 997 1515 1022 numerantur.
1534 993 1587 1021 Adi
1606 993 1702 1021 Vitam
1711 993 1850 1027 Clematii,

225 1042 349 1074 clesiam.
364 1041 443 1070 valde
454 1042 548 1070 utilem
560 1051 568 1075 ;
580 1046 608 1070 et
621 1040 795 1068 itinerarium
809 1039 894 1072 Petri,
907 1043 936 1068 et
952 1038 1016 1067 Dis-

225 1089 394 1124 putationem
423 1087 497 1117 Petri
511 1092 539 1117 et
562 1087 696 1124 Apionis;
720 1091 748 1115 et
758 1085 843 1114 multa
868 1086 934 1120 alia,
953 1091 1016 1120 qua

261 1167 319 1203 (l7)
335 1167 422 1202 Ἔφη.
432 1166 498 1202 Leg.
511 1166 590 1202 ἔφην.

1069 1039 1098 1067 in
1118 1039 1278 1075 Ponti/iu“
1288 1039 1366 1068 libro.

783 1347 1263 1407 DISSERTATIO

267 1461 314 1494 De
336 1461 454 1494 decem
465 1461 561 1493 libris
576 1460 840 1501 Recognin'onum
865 1461 898 1493 S.
917 1459 1104 1501 Clementis,
1120 1460 1158 1492 ad
1173 1459 1328 1492 Iacobum
1347 1459 1478 1492 fratrem
1492 1459 1639 1498 Domini,
1657 1469 1679 1492 tr
1707 1460 1819 1491 Ruﬁno

660 1499 850 1541 presbytero
867 1500 1072 1541 Aquileiensx
1088 1499 1120 1531 in
1137 1500 1287 1532 Latinum
1300 1501 1415 1532 versis.

390 1583 478 1617 lpum.
488 1584 525 1610 Le
546 1583 658 1615 Non”,
670 1585 810 1617 Apparatus
819 1582 853 1608 ad
865 1581 1039 1610 Bibliotheca":
1048 1589 1116 1609 mas.
1130 1583 1185 1609 γει.
1197 1583 1280 1614 Putta,
1290 1588 1316 1615 ι).
1326 1582 1389 1615 2H;
1402 1582 1498 1614 Parit,
1510 1582 1580 1614 1705,
1594 1582 1693 1615 ill-fol.)

437 1745 638 1774 ARTICULUS
656 1745 800 1774 PRIMUS.

415 1793 541 1828 Analytit
565 1793 660 1820 horum
683 1792 824 1822 librorum.

257 1839 361 1869 Auctor
383 1839 468 1874 hujus
483 1839 576 1875 operis
590 1839 625 1867 ab
639 1839 700 1875 ipso
713 1839 778 1867 libri
796 1839 878 1876 primi
901 1839 1016 1868 exordio

221 1887 274 1916 sibi
288 1894 388 1915 nomen
408 1886 554 1919 Clementi,
569 1885 685 1914 Romam
706 1894 773 1914 vero
793 1886 911 1923 patriam
926 1886 1016 1916 fuisse

220 1934 310 1962 dicit:
333 1936 486 1969 narratque
509 1940 565 1968 quo
585 1923 762 1968 ipse-modo,
778 1937 806 1961 et
821 1941 838 1961 a
858 1933 960 1969 quibus
985 1933 1015 1962 in

219 1980 323 2008 Christi
338 1979 522 2015 cognitionem
536 1979 572 2007 sit
585 1979 732 2007 adductus.
744 1979 790 2007 Ait
803 1983 895 2008 autem
907 1987 938 2008 se
950 1987 1014 2008 cum

219 2026 324 2055 frustra
339 2026 567 2062 philosophorum
582 2026 703 2058 scholas,
715 2029 746 2053 ut
760 2025 794 2054 de
807 2027 1015 2056 immortalitate

219 2074 330 2106 animae,
341 2073 493 2109 mundique
507 2072 646 2100 creatione
660 2077 688 2100 et
698 2072 843 2101 (iuratione
855 2073 1012 2107 doceretur,

219 2120 431 2156 frequentasset,
446 2119 480 2147 ad
492 2118 648 2146 Barnabam
660 2118 763 2146 Christi
773 2118 950 2155 discipulum,
965 2120 1013 2155 qui

219 2173 285 2195 tunc
293 2167 409 2195 Romam
423 2166 582 2198 advenerat,
595 2172 659 2194 sese
667 2165 828 2194 contulisse.
841 2165 919 2194 Hunc
930 2174 1013 2201 porro

217 2217 250 2241 ut
270 2214 329 2249 ipse
352 2212 436 2245 fatur,
456 2212 582 2247 publicos
603 2211 636 2239 ad
655 2211 785 2247 populum
807 2219 949 2241 sermones
964 2212 1014 2240 ba-

217 2260 328 2288 bentem
343 2259 467 2291 offendit,
485 2265 603 2294 eumque
615 2258 747 2287 adversus
763 2258 948 2294 philosophos.
965 2268 1013 2288 ru-

217 2306 280 2333 dem
294 2309 322 2334 et
335 2305 489 2341 impolitum
506 2304 581 2333 illius
595 2304 706 2333 dicendi
726 2312 830 2333 morem
853 2306 1009 2339 irridentes.

216 2352 305 2380 tuitus
319 2355 372 2384 est,
385 2359 418 2378 ac
431 2351 459 2379 in
474 2351 585 2379 domum
601 2358 681 2380 suam
695 2355 791 2387 postea
805 2352 929 2380 deduxit.
945 2351 1012 2380 inde

217 2398 295 2426 illum
309 2398 338 2425 in
352 2397 486 2430 Iudaeam,
502 2397 594 2433 magni
605 2397 762 2426 Judaeorum
779 2397 841 2426 festi
853 2398 1011 2427 celebrandi

1027 1754 1049 1784 ο
1066 1748 1125 1773 trus
1142 1748 1196 1772 tam
1210 1743 1330 1773 dilucide
1345 1744 1482 1780 probavit,
1502 1751 1534 1772 ac
1554 1744 1672 1780 insuper
1687 1749 1764 1773 tanta
1779 1745 1849 1773 claii-

1067 1795 1124 1820 tate
1137 1792 1196 1827 quis
1207 1797 1274 1819 esset
1288 1800 1363 1819 cem
1376 1791 1518 1827 Propheta,
1532 1792 1653 1820 ostendit
1666 1802 1675 1826 ;
1687 1792 1847 1823 utClemens.

1067 1837 1254 1866 Christianam
1281 1838 1360 1866 ﬁdem
1388 1838 1577 1873 amplexatus.
1603 1838 1712 1866 librum
1741 1839 1778 1866 De
1799 1846 1847 1865 rem
1881 1837 1882 1858 ἕ

1069 1883 1211 1920 Propheta.
1228 1892 1309 1920 quem
1328 1884 1545 1921 Hierosolymam
1563 1884 1640 1912 misit
1658 1885 1698 1913 ad
1716 1884 1845 1916 Iacobum,

1065 1931 1158 1959 statim
1173 1932 1371 1968 composuerit.

1100 1978 1150 2007 Die
1167 1978 1304 2014 sequenti,
1321 1978 1427 2006 nuntiis
1447 1977 1568 2013 acceptis
1583 1976 1729 2007 Simonem
1754 1977 1844 2014 nasum

1065 2024 1197 2053 iudictam
1218 2033 1234 2052 a
1259 2033 1290 2054 se
1310 2032 1373 2052 cum
1391 2024 1474 2052 Petro
1497 2024 1718 2060 disputationem
1739 2029 1797 2061 post
1810 2032 1843 2052 te-

1065 2076 1138 2107 ptem
1152 2071 1212 2100 dies
1225 2071 1379 2104 distulisse,
1392 2071 1530 2104 Clemens,
1545 2076 1660 2106 rogante
1675 2071 1770 2104 Petro,
1782 2069 1843 2107 quid-

1064 2117 1130 2153 quid
1144 2117 1274 2146 hesterna
1293 2118 1338 2147 die
1356 2118 1391 2146 ab
1406 2125 1440 2146 eo
1454 2118 1590 2153 audierat,
1610 2119 1774 2147 memoriter
1793 2116 1842 2144 ml—

1063 2164 1143 2192 didit.
1158 2164 1228 2192 Tum
1242 2163 1352 2199 Petrus,
1376 2165 1487 2193 laudata
1508 2165 1569 2200 ejus
1588 2166 1734 2194 memorie
1755 2163 1842 2194 tenaci-

1063 2215 1129 2244 tate,
1150 2211 1202 2248 ipsi
1224 2220 1395 2248 quaacunque
1417 2215 1513 2240 notatu
1533 2211 1659 2247 digniora
1686 2220 1703 2239 a
1721 2212 1840 2240 creatione

1062 2258 1159 2286 mundi
1181 2258 1216 2287 ad
1236 2264 1357 2288 extrema
1382 2266 1470 2294 usque
1484 2258 1541 2286 veri
1565 2257 1713 2294 Propheta
1735 2262 1838 2292 tempm

1063 2309 1225 2338 evenerant.
1249 2306 1385 2338 narravit,
1410 2307 1579 2342 planumque
1595 2305 1662 2334 iecit
1678 2313 1735 2341 qua
1750 2305 1839 2332 ratium

1062 2352 1168 2387 primus
1180 2356 1208 2380 et
1222 2353 1362 2381 secundus
1376 2352 1481 2380 Christi
1503 2352 1639 2381 adventus
1653 2352 1838 2388 praenuntiatus

1062 2398 1157 2432 fuerit,
1171 2403 1200 2427 et
1212 2407 1295 2434 quem
1308 2399 1338 2427 in
1351 2400 1443 2428 locum
1457 2399 1556 2428 ammte
1573 2400 1720 2429 hominum
1735 2403 1792 2436 post
1801 2405 1838 2426 eo-

216 2453 311 2477 causa.
324 2447 506 2473 revertentem
523 2444 680 2480 quindecim
695 2448 759 2480 post
772 2444 871 2472 diebus
886 2448 1008 2477 secutus,
1026 2437 1047 2465 θ
1061 2453 1122 2474 rum
1139 2449 1255 2475 mortem
1269 2446 1327 2475 sint
1341 2446 1549 2483 congreganda.

215 2491 348 2520 Cesarea:
366 2491 503 2520 Stratonis
522 2495 691 2520 consecutus
711 2495 766 2519 est.
784 2491 925 2520 Barnabas
941 2499 1011 2520 vero

215 2547 278 2568 eum
304 2538 450 2567 confestim
464 2538 542 2566 ducit
560 2537 595 2566 ad
616 2537 739 2570 Petrum,
760 2544 776 2564 a
799 2545 854 2573 quo
867 2537 1007 2573 benignis-

215 2586 286 2614 sime
311 2586 458 2621 excipitur,
479 2585 647 2620 iubeturque
671 2591 813 2612 sermones
831 2587 859 2611 et
880 2584 1005 2620 disputa-

216 2633 305 2660 tiones
316 2639 423 2664 omnes,
435 2639 504 2667 quas
519 2631 660 2666 deinceps.
677 2630 766 2658 donec
780 2628 894 2657 Romam
911 2637 1008 2665 perve-

211 2679 324 2711 nerint,
349 2678 495 2706 habiturus
513 2680 590 2709 erat,
620 2679 723 2704 attente
751 2676 856 2705 audiat.
883 2676 1007 2713 Spondet

214 2724 352 2757 Clemens,
373 2728 506 2760 rogatque
529 2723 653 2754 Petrum,
678 2726 708 2750 ut
731 2723 829 2751 animae
848 2729 952 2753 nostra:
978 2724 1005 2752 in

215 2771 319 2798 Christi
336 2770 470 2806 judicium
485 2773 547 2805 post
569 2773 685 2797 mortem
703 2769 870 2798 adducenda!
891 2771 1005 2799 immor-

215 2816 363 2849 talitatem,
376 2825 408 2845 ac
420 2816 552 2844 mundum
568 2815 649 2843 ﬁnem
665 2815 813 2851 aliquando
827 2821 1005 2852 accepturum

217 2869 278 2890 esse
303 2863 356 2891 sibi
377 2863 558 2891 demonstret.
575 2861 641 2895 Qua
657 2863 767 2898 quidem
787 2864 935 2901 derepente
949 2864 1003 2893 Pe.

1096 2492 1218 2529 Longam
1242 2497 1306 2529 post
1330 2493 1388 2522 haec
1403 2493 1630 2529 disputationem,
1653 2500 1739 2529 quam
1757 2497 1835 2520 omnes

1060 2544 1088 2568 et
1101 2540 1204 2576 singuli
1218 2540 1322 2576 quique
1338 2541 1457 2576 apostoli
1476 2541 1505 2568 in
1520 2539 1768 2576 Hierosolymitano
1781 2543 1836 2566 teni-

1060 2587 1106 2622 plo
1123 2594 1172 2623 per
1196 2591 1260 2615 octo
1283 2587 1342 2616 dies
1364 2595 1427 2615 cum
1439 2587 1542 2616 Iudaeis
1563 2587 1695 2620 inierant,
1718 2587 1834 2621 integram

1059 2637 1200 2669 totamque
1223 2634 1352 2669 exponit,
1376 2634 1555 2670 declaratque
1579 2633 1718 2670 quomodo
1740 2635 1768 2661 in
1793 2631 1835 2660 line

1058 2679 1150 2713 illius,
1170 2679 1305 2708 seditione
1331 2684 1408 2713 orta,
1437 2680 1490 2716 ipsi
1517 2680 1645 2709 Hiericho
1670 2678 1833 2708 eecesserinL

1058 2724 1124 2754 lnde
1146 2730 1239 2755 autem
1252 2726 1372 2756 Iacobus
1386 2727 1509 2760 Petrum,
1526 2732 1557 2756 ut
1580 2727 1736 2760 Simonem,
1758 2725 1799 2762 qui
1812 2731 1834 2751 sc

1057 2772 1198 2801 Christum
1217 2777 1245 2802 et
1265 2782 1402 2802 summam
1428 2775 1530 2803 excelsi
1551 2774 1600 2803 Dei
1624 2775 1755 2803 virtutem
1784 2778 1833 2801 esse

1055 2819 1189 2855 iactabat,
1212 2820 1378 2853 confutaret,
1403 2821 1556 2850 Caesaream
1571 2821 1678 2850 direxit.
1693 2820 1736 2848 Ad
1757 2822 1832 2848 extre-

1058 2874 1134 2895 mum
1153 2866 1282 2897 Clemens
1301 2868 1336 2897 de
1356 2868 1401 2898 his
1429 2869 1559 2898 omnibus
1580 2875 1640 2904 qua:
1660 2875 1676 2895 a
1698 2866 1780 2896 Petra
1795 2871 1830 2892 It-
