1892 3105
39 139 97 169 ηπ.

37 197 145 233 ceperat,
169 191 237 219 actis
262 188 372 226 gratiis,
393 185 511 222 primum
541 183 614 210 hunc
633 181 734 209 librum
753 179 804 206 ab-

37 242 113 272 solvit.

64 287 89 315 lu
103 291 214 314 ascenso
234 286 324 310 autem
350 286 430 308 Lisso
453 279 548 305 narrat
571 272 720 310 quomodo,
733 274 805 299 stata

37 330 211 369 disputationis
235 327 310 356 Petri
337 326 472 353 adversus
498 322 639 350 Simonem
663 318 724 350 die,
748 317 806 352 ipse

37 366 172 416 apostolus,
194 375 292 412 primis
312 373 446 410 gallorum
462 369 591 398 cantibus
613 374 629 395 e
649 366 721 394 lecto
743 370 807 392 sur-

36 412 99 463 gens,
111 428 135 452 et
153 430 239 459 pauca
258 419 383 456 quaedam
403 418 438 445 de
452 417 478 445 vi
493 412 702 444 consuetudinis
717 413 807 437 matu-

35 458 84 500 rius
96 458 218 505 surgendi
232 467 375 503 praefatus,
393 464 428 492 ab
439 462 539 498 Aquila
554 464 582 489 et
595 458 702 505 Niceta.
719 463 807 505 quon-

35 519 86 546 dam
100 501 217 544 Simonis
230 501 384 548 discipulis,
396 517 465 538 tunc
477 512 569 537 autem
584 506 618 534 ad
635 504 714 550 [idem
727 501 808 530 Chri-

35 565 135 592 stianam
154 560 305 592 conversis,
319 558 382 594 quis
395 557 441 585 ille
455 563 563 591 magus,
580 556 608 581 et
623 545 725 587 quibus
748 556 808 575 mo—

35 610 96 638 ribus
111 614 136 637 et
149 607 253 636 actibus
261 610 339 638 esset,
355 604 458 632 certior
472 601 532 629 ﬁeri
547 598 674 627 voluerit.
691 596 738 624 Sic
753 595 807 622 ita-

35 664 78 692 que
90 655 182 684 Petrus
194 654 229 681 ad
242 651 456 688 disputationem
471 648 635 676 instructus.
651 642 686 671 ad
708 642 807 670 atrium

34 702 124 734 domat,
145 702 173 728 in
192 708 244 735 quo
265 703 323 726 erat
342 695 486 724 multitudo
500 702 561 722 cum
576 692 684 721 Simone
699 697 807 724 congre-

33 753 95 783 gata,
102 746 283 782 progreditur.
296 744 335 772 lbi
346 742 498 778 apostolus,
509 743 572 775 post
580 739 691 767 brevem
704 736 738 764 de
744 742 810 771 pace

35 781 47 823 ξι
63 781 166 823 Christo
180 794 210 821 in
225 791 358 820 mundum
380 789 462 816 allata
483 785 707 822 disputationem,
724 781 809 809 Deum

34 841 86 869 εωιί
98 846 123 869 et
136 844 217 868 terra;
230 841 384 866 creatorem
406 842 469 862 esse
484 832 596 860 invictis
618 828 745 866 probavit
765 835 811 854 ar-

35 887 168 925 sumentis;

35 921 60 963 ex
77 934 214 969 Scriptura
228 938 318 964 sacra,
329 933 389 957 tum
401 935 433 956 ex
450 927 557 954 ratione
571 924 671 961 petitas
689 921 770 950 diluit
784 924 812 948 et

35 981 128 1009 evertit.
152 979 201 1011 His
224 981 316 1006 autem
340 975 408 1004 illud
433 973 549 1010 adjecit,
572 970 645 1007 quod
670 969 812 997 immensae

35 1028 92 1055 lucis
104 1026 240 1055 aeternitas
252 1032 284 1052 ex
309 1022 370 1059 lege
385 1021 473 1058 possit
487 1019 604 1048 ostendi.
618 1017 698 1045 Tunc
714 1014 812 1043 Siinon

34 1074 142 1110 apostolo
153 1071 297 1108 respondit
311 1077 410 1105 magna
423 1075 486 1096 eum
497 1065 631 1102 polliceri,
651 1061 813 1099 spopondit-

35 1129 79 1156 que
96 1120 152 1148 fore
172 1123 204 1147 ut
224 1118 248 1147 si
264 1117 308 1146 die
321 1115 442 1144 crastina
460 1117 488 1142 et
508 1113 613 1141 factum
634 1110 768 1138 mundum
785 1112 814 1136 et

35 1167 128 1194 animas
144 1166 315 1193 immortales
336 1171 398 1191 esse
419 1161 611 1189 demonstrare
626 1157 757 1188 voluerit,
778 1156 812 1183 ad

35 1212 235 1249 disputationem
264 1211 322 1247 ipse
345 1213 419 1238 esset
443 1214 616 1236 reversurus.
640 1204 691 1233 Bis
713 1204 812 1236 dictis,

36 1260 119 1287 Simon
132 1267 193 1287 eum
209 1257 314 1294 populi,
330 1256 376 1292 qui
399 1262 493 1283 secum
512 1256 635 1284 venerat,
650 1251 731 1279 tertia
753 1255 815 1277 tan-

36 1311 84 1333 tum
95 1309 169 1342 parte
182 1304 264 1332 abiit:
277 1302 368 1331 caeteri
378 1308 476 1330 omnes
486 1299 608 1331 Petrum,
620 1297 668 1334 qui
681 1296 815 1333 plurimos

37 1352 188 1380 mirabiliter
202 1350 321 1381 sanavit,
339 1348 412 1376 ultro
424 1346 512 1376 secuti
526 1349 601 1374 sunt.

65 1398 180 1427 Turius
193 1405 274 1425 usin
287 1395 434 1424 secundam
447 1398 475 1421 et
488 1393 596 1421 tertiam
607 1390 682 1419 Petri
696 1397 759 1418 cum
772 1388 816 1416 Si-

37 1452 108 1473 mone
115 1443 346 1479 disceptationem
355 1440 477 1469 exhibet.
491 1438 544 1467 Sed
559 1442 705 1473 antequam
721 1435 754 1463 ad
769 1442 817 1463 ea-

38 1499 89 1518 rum
96 1490 213 1526 priorem
223 1487 426 1524 aggrederetur.
436 1492 545 1514 summo
555 1491 636 1512 mane
645 1482 679 1510 de
689 1481 816 1509 maximis

37 1544 119 1564 coram
133 1537 248 1565 confusa
270 1534 358 1570 plebis
371 1532 549 1561 multitudine
567 1528 728 1565 disputandi
747 1527 816 1556 ditii-

38 1584 185 1616 eultatibus,
201 1588 229 1611 et
247 1582 282 1610 de
294 1582 384 1609 tribus
398 1578 582 1608 sanctissimae
598 1575 743 1604 Trinitatis
758 1582 818 1610 per—

39 1630 106 1658 sonis
126 1630 197 1666 apud
219 1636 285 1657 suos
304 1626 422 1655 breviter
444 1623 586 1653 disseruit.
608 1621 674 1650 Orta
692 1621 764 1653 luce,
790 1620 818 1647 in

39 1676 153 1704 eumdem
170 1676 308 1704 hesterna:
326 1671 522 1708 disputationis
539 1670 630 1697 locum
645 1676 675 1697 se
689 1667 817 1699 contulit,

39 1724 122 1758 Ibique
142 1722 237 1750 Simon
269 1723 415 1756 postquam
437 1716 562 1753 apostolo
585 1714 706 1750 magicas
733 1716 817 1744 artes,

40 1769 110 1803 queis
123 1772 162 1796 tot
175 1767 340 1803 populorum
366 1764 473 1792 animos
491 1765 547 1789 tam
571 1761 627 1788 cito
650 1759 702 1788 sibi
724 1759 819 1786 conci-

41 1816 155 1847 liaverat,
167 1814 272 1842 frustra
292 1811 497 1847 exprobrasset,
514 1809 549 1836 ab
567 1807 627 1843 ipso
648 1805 725 1842 petiit
741 1809 772 1833 ut
793 1805 822 1832 ii-

41 1861 110 1895 dem,
129 1869 181 1897 qua
193 1859 226 1887 de
242 1858 417 1886 immensitate
442 1855 509 1883 lucis
522 1859 627 1882 wtemaa
645 1855 772 1880 acturum
791 1858 821 1879 se

40 1915 96 1936 esse
108 1907 282 1943 promiserat,
293 1905 351 1940 jam
364 1903 502 1931 liberaret.

73 1953 123 1982 Sed
147 1953 182 1981 ad
198 1952 281 1980 aliam
306 1949 484 1986 quaestionem
511 1946 644 1975 continuo
667 1944 820 1980 digressus,

42 2001 153 2035 postulat
175 1999 211 2027 ab
235 2006 277 2030 eo,
293 2004 352 2024 cum
377 1994 448 2022 Deus
472 1993 564 2028 fecerit
587 1991 693 2023 omnia,
713 1994 743 2018 ut
764 1990 822 2025 ipse

42 2046 133 2079 aiebat,
149 2045 223 2072 unde
241 2044 277 2072 sit
292 2043 404 2070 malum.
423 2040 501 2074 Quod
516 2038 626 2074 quidem
645 2044 708 2064 cum
724 2035 829 2064 Petrus

43 2096 129 2120 contra
147 2095 254 2119 rectum
275 2087 470 2124 disputationis
486 2085 610 2113 ordinem
625 2082 761 2119 postulari
776 2083 824 2110 de—

42 2138 260 2167 monstravisset,
284 2140 352 2162 tunc
384 2133 480 2161 Simon
507 2137 732 2166 unumquemque
755 2128 823 2161 fato.

42 2185 104 2212 sicut
119 2185 143 2212 ei
161 2183 321 2213 decernitur,
345 2179 466 2215 pertrahi
491 2177 657 2213 quibusdam
682 2180 824 2203 rationum

43 2231 186 2259 momentis
207 2229 324 2265 probare
345 2227 423 2254 nisus
441 2229 494 2253 est.
517 2224 623 2252 Contra
642 2230 707 2251 vero
723 2222 824 2250 Petrus
841 2219 863 2246 D
878 2216 963 2245 millia
990 2213 1078 2241 sacris
1105 2208 1262 2246 regeneraVi

43 2277 152 2304 liberum
170 2275 290 2303 hominis
305 2272 450 2300 arbitrium
469 2269 632 2299 certissimis
654 2268 826 2304 argumentis

44 2322 165 2351 asseruit.
179 2321 244 2349 Pest
258 2321 316 2348 haec
331 2319 365 2346 ab
381 2318 441 2353 ipso
457 2317 551 2344 Simon
571 2314 707 2350 quaesivit,
723 2314 747 2341 si
769 2313 830 2341 visi-

45 2370 90 2397 bile
102 2368 173 2398 istud
188 2367 280 2395 caelum
293 2365 445 2396 resolvetur,
458 2372 506 2390 cur
520 2363 552 2389 ob
565 2361 644 2389 initio
658 2361 759 2396 factum
777 2364 828 2387 est.

45 2415 76 2443 Et
100 2423 197 2444 rursus
211 2414 246 2442 ab
269 2412 365 2441 eodem
386 2410 468 2446 paulo
491 2413 555 2444 post
578 2407 684 2443 rogavit
708 2413 759 2433 cur
784 2405 830 2433 ille

47 2461 136 2495 Deum,
148 2468 230 2496 quem
245 2458 387 2493 Scriptura
403 2463 418 2483 a
432 2455 508 2483 nullo
523 2453 611 2482 videri
627 2459 708 2487 posse
721 2451 797 2484 dicit,
814 2459 828 2478 a

45 2507 123 2542 iustis
138 2512 228 2534 tamen
248 2509 310 2541 post
329 2511 424 2532 eorum
449 2504 585 2534 mortem,
607 2499 754 2528 videndum
771 2497 831 2525 fore

47 2553 198 2580 aﬂlrmaret.
215 2551 321 2585 Quibus
336 2550 410 2578 clare
423 2556 439 2576 a
454 2547 536 2575 Petro
557 2545 713 2580 explicatis,
729 2544 830 2572 iterum

47 2599 111 2634 petit
132 2598 227 2634 Magna
252 2602 343 2625 utrum
369 2593 535 2622 immortalis
553 2595 626 2620 esset
639 2591 742 2618 anima.
764 2589 829 2620 Sed,

49 2644 128 2680 hujus
147 2643 307 2681 quaestionis
327 2641 454 2670 examine
474 2640 502 2667 in
523 2639 597 2667 diem
621 2637 773 2665 crastinum
789 2634 831 2662 di-

50 2692 111 2727 lato,
126 2692 242 2728 populus
260 2689 376 2726 proiecit
388 2695 418 2715 se
435 2686 469 2714 ad
482 2686 566 2721 pedes
580 2683 666 2716 Petri,
678 2682 725 2718 qui
740 2681 833 2717 plures

50 2745 110 2766 cum
121 2742 249 2774 aegrotos,
264 2740 322 2764 tum
342 2734 473 2762 obsessos
492 2740 508 2760 a
524 2731 658 2762 daemone,
672 2735 766 2764 _sanos
787 2735 833 2754 re-

52 2785 122 2813 misit
131 2789 160 2813 et
176 2783 338 2812 incolumes.

86 2830 213 2866 Sequenti
234 2829 318 2864 igitur
337 2827 394 2862 die,
415 2833 478 2852 cum
502 2824 600 2852 Petrus
620 2829 653 2849 ea
666 2828 728 2858 qua:
746 2818 835 2855 pridie

54 2864 186 2913 disputata
209 2876 331 2914 fuerant,
359 2871 507 2902 comitibus
532 2870 590 2899 suis
615 2868 774 2901 recitasset,
800 2864 835 2893 ad

547 120 870 153 BECOGNITIONES.—-
888 116 1070 146 PROLEMTA.

818 186 843 215 Α
855 178 1017 205 consuetum
1033 170 1228 208 disputationis
1242 170 1333 197 locum
1355 167 1482 195 accessit.
1501 166 1541 194 lbi
1556 170 1649 194 autent

1576 108 1648 137 H73

857 223 975 252 salutato
1000 219 1113 256 populo,
1135 222 1162 246 et
1183 216 1279 253 paucis
1293 216 1328 243 de
1348 214 1445 242 ordine
1461 213 1489 241 in
1509 213 1649 247 discepta-

856 268 980 297 tionibus
992 264 1110 294 tenendo
1122 263 1284 300 praemissis,
1300 260 1533 289 immortalitatem
1553 259 1651 285 anima:

856 322 891 342 ex
915 314 949 341 iis
972 320 1034 348 quae
1055 311 1128 339 Deus
1151 309 1300 344 unicuique
1323 307 1430 335 homini
1449 309 1513 342 post
1536 309 1652 332 mortem

857 359 1016 389 redditurus
1037 362 1091 390 est,
1108 357 1228 393 primum
1250 353 1461 383 demonstravit.
1480 351 1584 379 Dehinc
1607 349 1650 377 Si-

856 405 948 438 moni,
968 404 1102 432 nonnulla
1126 403 1211 431 variis
1231 401 1346 437 argutiis
1372 404 1468 427 contra
1491 397 1651 432 obiicienti,

858 451 1006 480 confestim
1021 450 1164 486 respondit
1180 449 1261 476 illum
1271 447 1305 475 de
1320 447 1372 474 hac
1395 445 1494 473 animae
1511 445 1654 472 immorta-

858 499 935 526 litate
947 505 980 525 οε
993 497 1068 532 pueri
1082 496 1208 524 violenter
1224 494 1310 522 necati
1326 493 1455 527 imagine,
1469 498 1551 526 quam
1565 490 1592 517 in
1611 490 1654 516 in-

859 544 954 572 teriori
967 551 1019 571 suo
1035 542 1165 570 cubiculo
1187 540 1359 571 asservabat.
1375 545 1457 574 posse
1478 536 1536 564 iieri
1555 535 1654 564 certio-

859 599 928 619 rem.
951 589 1000 617 His
1017 589 1098 617 dictis
1115 588 1219 619 Simon,
1242 585 1406 613 conscientia
1432 591 1588 619 percussus,
1607 589 1654 608 ve-

860 637 933 665 niam
947 644 963 663 a
977 636 1070 666 Petro.
1093 642 1174 670 quem
1196 632 1268 660 istud
1285 630 1448 667 prophetico
1464 629 1562 664 spiritu
1584 628 1655 656 didi-

860 683 932 711 cisse
954 681 1099 714 credebat,
1125 680 1241 715 supplex
1257 677 1393 714 poposcit.
1415 676 1469 704 Sed
1486 675 1533 703 ubi
1556 674 1655 702 Petrus

861 730 888 757 id
905 729 939 756 ab
953 729 988 756 iis
1003 727 1051 764 qui
1072 735 1135 755 cum
1151 734 1184 754 eo
1200 726 1326 753 vixerant
1349 731 1379 752 se
1399 722 1541 758 accepisse
1564 721 1655 757 palam

860 774 1004 811 professus
1014 774 1122 806 fuisset,
1142 776 1210 800 tunc
1226 771 1332 803 Simon,
1350 770 1392 797 ira
1412 769 1545 805 percitus,
1566 772 1593 795 et
1607 775 1655 794 va-

862 821 911 849 riis
933 820 1108 848 contumeliis
1128 826 1232 846 vexans
1256 816 1411 852 apostolum
1433 825 1440 842 :
1457 814 1597 847 Fortunae,
1613 813 1656 840 in-

190 890 274 921 atque
295 891 390 912 omnes
409 881 528 909 Simonis
545 877 726 915 obiectiones,
744 881 808 903 cum
827 869 848 897 Β
861 867 930 901 quit,
947 874 1000 894 non
1014 866 1133 893 veritatis
1151 868 1191 892 est
1208 865 1262 891 ista
1280 863 1402 891 victoria.
1418 861 1517 889 Petrus
1537 867 1603 887 vero
1621 867 1656 887 ex

864 913 879 919 "
995 913 1000 919 '
1092 912 1114 921 ιν
1144 920 1150 921 κ
1182 911 1323 921 μέμ--.4-
1349 913 1404 921 Α-,ρ
1443 908 1519 921 ξιιμ...
1541 912 1653 921 mnum,

863 913 897 940 iis
911 921 972 948 quas
993 912 1154 948 imprudens
1178 911 1325 940 confessus
1347 913 1417 942 erat,
1443 908 1520 935 illum
1541 912 1654 941 magum

863 967 924 988 esse
939 959 1020 995 plane
1043 958 1172 986 convicit.
1195 956 1301 990 Quibus
1322 955 1416 982 Simon
1435 951 1600 981 commotior
1615 951 1657 978 fa-

863 1010 935 1039 ctus,
958 1006 1083 1041 repetitis
1108 1003 1243 1032 conviciis
1267 1001 1430 1030 seditionem
1452 999 1556 1026 frustra
1577 997 1656 1025 exei-

863 1057 923 1080 tare
941 1052 1066 1080 tentavit.
1092 1051 1162 1078 Nam
1186 1050 1220 1077 ab
1244 1051 1353 1076 astante
1384 1046 1464 1082 plebe
1484 1044 1607 1080 eiectus,
1628 1047 1657 1070 et

864 1098 1011 1127 derelictus
1028 1098 1064 1126 ab
1080 1097 1226 1129 omnibus,
1254 1101 1339 1122 unum
1361 1090 1552 1120 tantummodo
1561 1089 1658 1117 habuit

865 1152 921 1173 suae
936 1144 1006 1181 fugae
1017 1144 1157 1172 comitem.
1169 1142 1236 1170 Post
1251 1141 1309 1168 haec
1320 1139 1419 1167 Petrus
1439 1137 1517 1165 brevi
1528 1143 1657 1164 sermone

865 1191 959 1220 docuit
972 1195 999 1219 et
1014 1191 1149 1226 irrogatas
1164 1189 1199 1216 ab
1211 1184 1373 1215 hominibus
1391 1184 1519 1219 injurias,
1538 1186 1566 1210 et
1583 1182 1658 1217 ipsos

865 1237 1097 1274 pravoshomiues
1112 1235 1249 1272 patienter
1264 1240 1326 1261 esse
1339 1229 1509 1260 tolerandos.
1523 1228 1658 1263 Denique,

866 1292 916 1321 pro
937 1284 1039 1320 populo
1061 1285 1206 1320 precatus,
1229 1287 1326 1308 omnes
1345 1281 1375 1306 ut
1397 1276 1533 1304 maturius
1552 1275 1596 1302 die
1615 1281 1660 1302 se—

866 1331 960 1368 quenti
976 1330 1167 1362 convenirent,
1184 1326 1337 1356 admonuit.

901 1377 950 1405 Ille
967 1385 1033 1405 vero
1054 1379 1117 1404 ante
1133 1375 1222 1402 lucem
1237 1376 1339 1404 ortam,
1361 1375 1390 1399 ut
1409 1369 1512 1398 Nicetes
1532 1365 1661 1404 petitioni

867 1423 970 1451 faceret
994 1423 1078 1457 satis,
1099 1421 1165 1457 quid
1189 1420 1261 1447 inter
1291 1418 1361 1446 falsa
1383 1421 1411 1445 et
1433 1423 1498 1444 vera
1523 1413 1661 1441 miracuia

868 1474 942 1498 esset
960 1469 1141 1501 discriminis,
1157 1467 1219 1496 fuse
1242 1465 1372 1494 ostendit.
1396 1463 1490 1490 Primo
1509 1465 1600 1488 autem
1620 1459 1663 1486 di-

869 1516 962 1545 luculo
976 1515 1117 1543 Simonem
1135 1513 1238 1545 navim,
1251 1514 1282 1539 ut
1304 1510 1422 1538 Romam
1447 1510 1569 1544 peteret,
1595 1513 1664 1533 eon-

871 1563 1021 1596 scendisse,
1030 1566 1058 1590 et
1072 1561 1164 1589 omnia
1173 1559 1270 1595 magia
1282 1565 1339 1586 sua:
1350 1560 1455 1585 secreta
1469 1555 1497 1582 in
1509 1561 1585 1581 mare
1601 1560 1664 1588 pro-

866 1610 978 1645 iecisse,
989 1615 1064 1636 certo
1074 1607 1179 1643 accepit
1192 1606 1300 1634 nuntio.
1315 1603 1377 1631 Hec
1394 1601 1494 1638 populo
1505 1600 1561 1635 jam
1570 1603 1666 1626 coacto

870 1657 916 1684 ille
935 1659 1058 1683 actutum
1078 1654 1198 1686 nuntiat,
1215 1651 1344 1686 additque
1360 1656 1398 1682 se,
1406 1647 1532 1684 quamvis
1555 1645 1666 1681 fugien-

870 1707 926 1731 tem
940 1702 1060 1738 Magum,
1083 1708 1118 1729 ne
1142 1699 1285 1728 hominum
1308 1699 1414 1724 mentes
1435 1694 1608 1730 depravaret,
1623 1691 1667 1718 in-

872 1749 950 1785 sequi
974 1752 1134 1784 eogeretur;
1162 1745 1234 1782 apud
1256 1751 1304 1772 eos
1329 1747 1420 1770 tamen
1440 1740 1528 1768 donec
1555 1737 1583 1765 in
1602 1737 1666 1765 ﬁdei

872 1797 998 1826 doctrina
1013 1798 1108 1823 essent
1122 1791 1288 1822 conﬁrmati,
1301 1791 1537 1817 commoraturum

907 1843 960 1871 Per
980 1843 1033 1870 hoc
1055 1842 1148 1876 itaque
1162 1834 1296 1874 temporis
1321 1838 1454 1870 spatium,
1469 1837 1612 1859 sermones
1631 1829 1666 1856 ad

874 1897 921 1918 eos
941 1875 1136 1919 consolandos,
1151 1889 1178 1913 et
1201 1883 1264 1912 ﬁdei
1283 1880 1408 1910 doctrina
1429 1883 1593 1912 morumque
1607 1875 1666 1911 pie-

873 1941 929 1965 tate
943 1933 1116 1965 imbuendos,
1138 1930 1255 1967 singulis
1270 1928 1426 1964 quibusque
1441 1924 1538 1953 diebus
1553 1922 1667 1955 habuit;

874 1984 1018 2014 Zachmum
1038 1977 1209 2016 episcopum,
1227 1974 1371 2004 duodecim
1392 1971 1579 2008 presbyteros,
1600 1976 1669 2004 qna-

874 2034 993 2064 tuorque
1018 2015 1122 2054 creavit
1150 2025 1301 2055 diaconos;
1330 2018 1475 2048 duodecim
1501 2016 1586 2044 sociis
1609 2015 1668 2043 suis

875 2082 932 2105 tres
947 2060 1017 2102 alios
1030 2071 1170 2108 adiunxit;
1186 2074 1269 2104 atque
1280 2075 1315 2096 ex
1330 2066 1364 2093 iis
1378 2063 1508 2093 omnibus
1522 2060 1669 2089 duodecim

876 2124 911 2152 ad
935 2107 1135 2157 praedicandam
1159 2115 1262 2145 Christi
1287 2114 1383 2145 tidem,
1408 2110 1604 2144 Simonemque
1622 2107 1670 2135 dc-

877 2155 1033 2199 bellandum
1049 2165 1195 2202 praemisit,
1209 2171 1242 2190 ac
1261 2168 1344 2196 supra
1360 2157 1504 2186 duodecim
1527 2155 1668 2183 hominum

1266 2213 1276 2235 t
1298 2203 1428 2241 baptismi
1452 2202 1543 2238 aquis.
1568 2199 1670 2228 Tribus

879 2264 989 2292 demum
1006 2259 1108 2294 elapsis
1128 2256 1283 2288 mensibus,
1304 2252 1447 2283 Clemens,
1467 2248 1564 2277 eodem
1588 2246 1670 2274 Petro

876 2310 999 2345 iubente,
1018 2293 1164 2334 sermones
1184 2309 1256 2337 quos
1272 2299 1305 2327 ab
1324 2296 1357 2326 e'o
1378 2296 1562 2324 concionantc
1579 2293 1672 2321 Caesa-

879 2343 933 2384 reae
957 2354 1122 2388 exceperat,
1140 2349 1236 2376 decem
1261 2344 1367 2380 redegit
1390 2343 1418 2370 in
1443 2343 1544 2374 libros,
1568 2348 1672 2375 eosque

879 2401 956 2429 misit
969 2399 1004 2426 ad
1023 2386 1167 2425 jacobum.
1184 2394 1283 2423 Petrus
1295 2397 1362 2419 vero
1377 2388 1521 2423 Tripolim,
1544 2387 1591 2414 ubi
1612 2386 1672 2413 bie-

880 2450 978 2479 maret,
995 2444 1134 2481 profectus
1148 2445 1202 2470 est.

916 2480 1022 2527 Qum:
1050 2497 1123 2517 unm
1150 2487 1231 2515 initio
1255 2488 1352 2514 narrat
1374 2482 1446 2510 idem
1464 2480 1593 2508 Clemens
1616 2485 1672 2513 quo

882 2525 980 2569 itinere
1002 2537 1102 2564 Petrus
1126 2533 1260 2569 Tripolim
1277 2530 1393 2563 venerit,
1406 2536 1487 2565 quos,
1511 2527 1540 2554 in
1556 2525 1672 2553 urbibus

882 2594 931 2622 per
945 2591 1014 2620 quas
1027 2580 1166 2613 transivit,
1185 2578 1329 2607 adduxerit
1344 2577 1377 2604 ad
1392 2575 1496 2603 Christi
1511 2573 1601 2603 fidem.
1618 2578 1672 2606 qua

883 2620 1001 2666 denique
1016 2635 1115 2664 pompa
1126 2625 1229 2661 Tripoli
1245 2627 1377 2658 exceptus
1397 2622 1443 2649 sit.
1456 2620 1596 2653 lbi,altera
1611 2621 1673 2652 post

884 2663 1029 2706 adventum
1053 2681 1134 2702 suum
1160 2672 1214 2703 die,
1227 2671 1336 2701 Petrus,
1359 2667 1519 2704 prmitiissis.
1540 2664 1579 2691 uti
1600 2663 1672 2690 dixi-

885 2732 957 2755 mus,
974 2721 1059 2750 sociis
1073 2720 1141 2750 suis,
1154 2723 1326 2753 quaacunque
1339 2718 1503 2750 posteorum
1519 2710 1673 2738 discessum

885 2773 988 2806 egerat,
999 2771 1062 2795 ante
1076 2766 1165 2793 lucem
1176 2767 1265 2791 ortam
1279 2761 1383 2791 retulit,
1395 2759 1429 2786 ab
1440 2759 1528 2792 iisque
1541 2763 1572 2783 ea
1582 2753 1674 2781 omnia

885 2800 982 2843 didicit
991 2821 1052 2850 quae
1062 2821 1077 2840 a
1089 2812 1200 2839 Simone
1208 2808 1310 2843 Tripoli
1322 2807 1430 2833 fuerant
1442 2806 1560 2838 patrata.
1583 2800 1674 2827 Prizna

887 2866 977 2900 autem
1000 2861 1070 2897 luce,
1092 2857 1234 2887 nuntiatur
1254 2855 1335 2883 Petro
1352 2850 1480 2880 eumdem
1506 2848 1624 2885 Maximi,
1641 2845 1677 2873 de
