1892 3105
205 110 275 141 ’ΠΒ

617 109 646 138 S.
663 109 860 138 ΕΠΙΜΕΝΉὸ
877 109 888 138 ι
905 109 988 138 ROM.
1007 109 1111 138 PONT.
1128 109 1244 138 OPEBA
1260 109 1376 138 DUBIA.

1783 110 1847 138 Ιίῗδ

204 172 322 199 adventu
347 169 408 204 ejus
433 169 579 198 certiorem
604 168 725 202 factum,
749 169 777 197 in
801 168 911 206 Syriam
939 174 999 198 ten-
1013 172 1037 202 Α
1052 170 1126 198 bere.
1150 169 1216 198 Illos
1236 174 1328 197 autem
1351 169 1398 204 qui
1422 167 1476 196 hoc
1500 168 1725 204 regenerationis
1751 177 1846 196 sacra-

203 218 311 246 dentem
334 215 490 251 aufugisse;
511 219 539 244 et
558 216 690 251 pupulum
714 215 884 252 frequentem
899 215 934 243 ad
955 216 999 251 ja-

203 273 297 296 nuam,
315 267 345 291 ut
367 270 508 291 sermones
531 263 592 297 ejus
615 262 740 294 audiret,
761 262 814 298 ipsi
837 263 999 291 avidissime

203 310 367 348 praestolari.

238 357 422 392 Quamobrem
449 360 638 392 opportunum
660 356 705 384 ille
725 356 934 388 nactuslocum,
952 359 997 382 at-

202 412 256 440 que
271 412 303 432 ex
323 403 358 431 iis
381 411 451 438 quos
472 403 508 430 ah
533 403 661 438 corporis
684 401 893 438 argritudinihus
916 402 958 429 vel
981 409 997 429 a

201 450 334 479 daemonis
355 449 533 486 possessione
547 449 722 482 liberaverat,
737 451 930 484 argumentum
945 448 998 475 du-

202 504 278 528 cens,
294 496 407 532 planum
424 495 554 523 omnibus
573 494 638 523 fecit
653 495 849 530 aagrotationes
869 495 997 523 morbos-

201 551 254 580 que
274 543 429 575 hominum,
447 542 546 570 iisdem
568 542 671 578 quibus
684 550 701 569 a
715 550 781 570 vero
796 541 845 570 Dei
864 543 939 570 cultu
956 551 998 571 re-

201 593 352 621 cesserant,
372 588 405 616 ad
420 596 470 616 eos
481 589 634 616 accessisse
655 588 803 624 gradibus;
826 596 859 616 ac
882 589 996 617 tandem

201 645 235 665 eo
250 636 325 664 cultu
346 636 456 671 penitus
473 635 616 670 derelicto,
636 639 718 670 atque
732 635 900 668 idololatria,
916 636 996 670 cujus

202 682 282 710 sicuti
299 686 327 710 et
341 682 435 717 magia:
451 679 585 717 originem
599 681 705 716 pandit,
723 680 890 716 introducta,
904 682 996 710 datam

201 728 374 756 daemonibus
395 728 502 756 animas
522 735 618 756 eorum
641 727 800 763 possidendi
827 727 994 756 facultatem.

202 775 325 802 Subinde
339 782 369 802 se
384 781 507 810 suosque
525 773 559 801 ad
582 781 679 801 verum
701 774 802 802 summi
819 773 866 801 Dei
891 774 995 802 cultum

201 820 402 849 restituendum
423 820 527 848 missos
542 828 604 848 esse
619 820 678 848 suis
694 821 870 848 annuntiavit
887 821 994 849 audito-

202 867 290 899 ribus,
307 867 431 902 ipsisque
450 866 517 903 quid
536 867 609 894 inter
624 865 709 894 falsas
726 874 862 901 verasque
875 866 994 902 prophe-

202 914 255 941 tias
278 917 305 941 et
325 913 456 945 visiones,
481 913 554 941 inter
575 913 749 941 sanationem
767 919 833 940 vero
855 916 903 939 aut
924 912 995 940 falso

200 960 336 987 miraculo
360 959 498 987 redditam
517 959 628 987 intersit
648 958 836 992 discriminis,
853 959 992 994 patefecit.

200 1006 324 1043 Denique
339 1007 401 1034 illos
419 1007 453 1034 ad
469 1014 562 1034 veram
585 1006 748 1042 religionem
767 1004 993 1041 amplexandam',

200 1054 333 1089 apostolis
347 1053 448 1081 Christi
464 1052 616 1089 gerendum
631 1059 747 1084 morem,
767 1051 910 1087 vitamque
927 1059 995 1087 pure

199 1103 226 1126 et
247 1099 373 1136 religiose
397 1098 608 1132 instituendam,
625 1098 806 1130 adhortatus,
830 1101 860 1125 ut
882 1097 927 1125 die
951 1106 995 1126 se-

199 1146 293 1181 quenti
309 1145 344 1173 ad
359 1145 486 1174 eumdem
501 1146 592 1173 locum
613 1145 751 1173 maturius
773 1152 803 1172 se
817 1145 993 1179 conferrent,

200 1192 351 1221 admonuit.

234 1239 336 1267 Exorta
359 1239 444 1274 igitur
464 1238 525 1273 die,
548 1238 620 1266 idem
639 1238 698 1274 ipse
717 1238 827 1271 Petrus,
851 1238 994 1275 praemissa

200 1285 310 1313 mentali
325 1286 456 1318 oratione,
472 1285 555 1312 aliam
575 1293 636 1320 qua:
662 1292 742 1312 uno
759 1293 861 1317 QUINTO
882 1285 995 1313 exhibe-

199 1337 256 1365 tur,
270 1331 305 1359 ad
320 1331 453 1367 populum
475 1330 573 1358 habuit
591 1331 767 1358 concionem.
787 1330 818 1358 In
836 1338 869 1358 ea
883 1331 919 1358 ob
934 1338 995 1358 om-

200 1378 276 1406 nium
300 1379 398 1405 oculos
426 1377 504 1412 ponit
527 1377 686 1410 hominem,
711 1378 746 1406 ad
775 1378 924 1413 imaginem
945 1378 994 1406 Dei

200 1427 313 1457 factum,
333 1424 429 1452 tandiu
452 1424 480 1452 in
501 1432 548 1452 res
568 1428 695 1452 terrenas
715 1424 848 1452 habuisse
868 1424 994 1452 domina-

199 1474 267 1504 tum,
289 1470 412 1506 quandiu
427 1470 487 1506 ipse
506 1470 621 1506 justitiae
643 1470 751 1506 legibus
775 1470 993 1505 obtemperavit;

200 1516 247 1545 ubi
260 1525 327 1545 vero
341 1517 376 1544 ab
389 1517 424 1545 iis
439 1516 580 1550 discessit,
595 1517 728 1544 continuo
742 1515 894 1552 fragilitati,
908 1516 992 1545 animi
1007 1531 1028 1560 ε

200 1564 465 1600 perturbationibus,
484 1563 701 1595 tentationibus,
723 1563 916 1591 vexationibus
937 1562 992 1590 daa-

199 1618 329 1643 monum,
355 1610 532 1645 miseriisque
556 1609 686 1637 omnibus
715 1608 865 1636 obnoxium
889 1607 992 1636 factum

197 1665 270 1686 esse.
282 1657 374 1685 Monet
388 1660 480 1685 tamen
496 1663 581 1692 parvo
593 1656 656 1684 fidei
670 1663 758 1692 grano
772 1655 885 1683 morbos
896 1662 993 1683 omnes

198 1713 279 1740 posse
294 1704 398 1732 sanari.
414 1703 491 1731 lianc
509 1704 594 1739 igitur
613 1702 693 1730 ﬁdem
707 1702 744 1731 ab
761 1702 892 1730 omnibus
907 1702 994 1730 susci-

198 1750 325 1786 piendam
342 1758 407 1778 esse
421 1749 572 1782 concludit,
593 1753 622 1777 ct
637 1756 703 1776 vero
721 1747 875 1783 Propheta.
891 1755 992 1783 quem,

197 1797 278 1826 sicuti
295 1798 509 1833 praenuntiatum
532 1796 637 1829 fuerat,
655 1795 713 1831 jam
729 1795 895 1823 adventasse
908 1802 993 1823 nove-

197 1847 276 1876 rant,
297 1843 379 1871 unice
407 1842 594 1871 serviendum.
621 1841 727 1870 Deinde
751 1842 834 1870 docet
859 1850 916 1870 non
941 1850 992 1869 au-

197 1889 312 1918 diendas
331 1897 405 1922 esse,
424 1897 494 1926 quas
510 1889 555 1917 ille
581 1889 739 1925 singulatim
759 1893 903 1920 recenset,
927 1896 993 1925 sug-

196 1941 288 1973 gestas
306 1943 322 1963 a
342 1936 467 1964 daemone
482 1936 659 1964 tentationes.
684 1935 812 1963 Dimissis
834 1943 918 1971 porro
932 1943 993 1963 om-

197 1982 290 2015 nibus,
306 1981 340 2009 ad
359 1990 409 2010 sua
426 1982 484 2017 ipse
500 1982 658 2013 revertitur,
679 1981 726 2009 ubi
743 1982 827 2009 sociis
844 1982 905 2010 suis
924 1990 993 2009 con-

196 2029 269 2057 cedit
283 2029 467 2064 quodcunque
481 2028 619 2060 libuisset,
636 2027 796 2056 sciscitandi
820 2028 990 2061 facultatem,

197 2080 223 2103 et
236 2076 368 2103 continuo
378 2074 412 2102 ad
426 2075 533 2110 singula
551 2081 667 2109 quaeque
680 2073 823 2109 respondit
838 2082 933 2102 eorum
949 2075 992 2102 in-

198 2126 345 2157 terrogata.
357 2122 484 2149 Clemens
496 2127 563 2148 vero
580 2125 680 2147 cuncta
693 2128 754 2155 quae
771 2121 805 2147 ab
819 2128 852 2148 eo
868 2129 992 2156 pronun-

197 2168 263 2195 tiata
279 2168 397 2200 fuerant,
413 2168 441 2194 in
461 2167 574 2200 librum,
594 2173 676 2202 quem
690 2166 766 2194 misit
785 2165 819 2194 ad
843 2165 990 2202 Jacobum,

197 2215 407 2242 accuratissime
419 2213 537 2249 redegit.

234 2260 342 2287 Senos
368 2267 448 2286 Lini-2n
472 2259 554 2286 aliam
584 2267 694 2295 quoque
721 2259 797 2289 Petri
829 2261 991 2289 concionem

197 2305 328 2333 continet.
342 2305 368 2334 ls
382 2313 446 2333 cum
461 2306 568 2334 tardius
589 2306 672 2334 solito
695 2307 731 2335 ob
754 2311 877 2335 noctium
905 2307 993 2335 brevi-

197 2355 282 2379 tatem
303 2354 480 2384 surrexisset,
501 2351 536 2380 ad
551 2357 715 2380 consuetum
740 2354 885 2382 concionis
899 2354 990 2381 locum

197 2399 326 2432 perrexit.
340 2399 429 2434 Atque
452 2399 490 2426 ibi
515 2399 604 2434 primo
630 2400 764 2434 explicuit
781 2399 923 2435 quomodo
942 2399 992 2427 ho-

166 2457 170 2461 -
196 2445 286 2472 mines
301 2446 408 2480 possint
423 2445 508 2473 falsas
526 2446 671 2482 opiniones
686 2446 836 2482 deponere,
856 2450 884 2474 et
898 2446 927 2473 in
942 2454 990 2474 ve-

195 2491 287 2519 ritatis
307 2492 419 2528 verique
434 2492 483 2520 Dei
498 2493 643 2528 pervenire
657 2493 796 2521 notitiam.
813 2492 989 2520 Manifestum

195 2536 296 2565 deinde
326 2537 476 2566 fecit.illos
499 2538 573 2566 haud
601 2538 748 2566 difﬁculter
770 2540 843 2567 scire
865 2539 990 2574 potuisse

195 2591 251 2611 non
274 2585 383 2620 quidem
403 2584 467 2620 quid
489 2586 524 2612 sit
547 2585 629 2618 Deus,
653 2586 698 2613 sed
720 2586 790 2622 quod
812 2594 865 2614 non
886 2587 936 2620 sit,
958 2594 991 2614 ac

195 2630 313 2666 proinde
335 2631 411 2658 illum
435 2632 463 2659 in
489 2631 589 2665 idolis,
606 2633 727 2660 humana
753 2638 811 2661 arte
834 2633 988 2665 fabricatis,

195 2685 250 2705 non
283 2678 397 2706 includi.
423 2679 458 2706 At
482 2687 547 2707 vero
574 2681 639 2714 quia
670 2680 760 2707 omnia
787 2681 930 2716 gignuntur
958 2687 990 2707 ex

195 2731 275 2758 aqua.
290 2732 349 2759 qua
368 2730 457 2752 creata
477 2730 517 2753 est
532 2726 564 2752 ab
587 2726 661 2752 initio
679 2733 726 2760 per
749 2726 926 2763 Unigenitum.
943 2734 990 2761 per

195 2777 271 2800 quem
290 2771 438 2805 pervenitur
456 2772 491 2799 ad
513 2771 633 2805 Patrem,
655 2773 753 2801 exinde
769 2774 861 2802 intulit
883 2774 990 2809 genita-

195 2814 269 2843 libus
286 2816 432 2851 baptismi,
453 2817 534 2852 cujus
559 2820 753 2847 necessitatem
786 2821 989 2856 utilitatemque

198 2859 388 2891 demonstrara
413 2866 529 2892 conatus
552 2867 610 2897 est,
633 2871 684 2893 nos
705 2866 783 2901 aquis
804 2867 911 2896 renasci
937 2866 987 2895 de-

1047 219 1143 244 mento
1159 216 1259 243 initiati
1277 219 1366 248 erant,
1382 215 1609 248 commonefecit,
1627 216 1698 251 ipsis
1721 224 1780 243 non
1801 224 1845 244 so-

1049 261 1105 289 lum
1123 263 1215 289 omnia
1229 269 1314 297 opera
1328 261 1400 289 bona
1415 269 1477 296 quae
1491 261 1630 289 hactenus
1644 265 1764 296 egerant
1777 269 1844 289 con-

1048 308 1127 336 tinuo
1137 316 1198 336 esse
1214 308 1350 341 facienda,
1363 308 1411 337 sed
1426 308 1461 336 ad
1476 308 1654 335 sublimiores
1671 308 1845 343 perfectioris

1047 354 1157 382 virtutis
1174 354 1276 390 gradus
1297 362 1407 390 semper
1419 362 1482 383 esse
1501 354 1722 382 ascendentium.
1740 353 1808 382 Hec
1820 357 1844 382 et

1047 403 1088 430 his
1111 402 1228 433 similia,
1245 402 1334 436 inquit
1349 401 1490 432 Clemens,
1511 408 1572 427 cum
1591 400 1709 428 ausisset
1735 399 1843 431 Petrae,

1047 448 1148 476 dimisit
1162 447 1265 476 turbas.
1277 447 1329 475 Per
1340 451 1398 476 tres
1408 450 1499 474 autem
1512 446 1636 482 integros
1648 453 1765 474 menses
1776 447 1843 482 apud

1047 494 1244 530 Tripolitanos,
1263 501 1380 529 quorum
1403 493 1537 529 plurimos
1554 492 1671 520 adduxit
1692 492 1729 520 ad
1749 492 1842 525 tidau,

1046 541 1142 569 eodem
1163 542 1245 568 modo
1260 540 1442 568 concionatus
1453 543 1506 567 est.
1526 538 1594 566 Post
1610 539 1681 570 haec.
1703 537 1843 566 Clemente

1046 588 1162 623 aliisque
1178 587 1305 623 pluribus
1320 594 1400 615 sacro
1415 586 1581 622 baptismate
1604 585 1724 617 ablutis,
1741 584 1842 620 Tripoli

1047 634 1185 662 Maronem
1206 634 1377 670 episcopum,
1395 637 1423 661 et
1435 632 1582 660 duodecim
1601 632 1798 667 presbyteros,
1813 639 1843 658 ac

1045 681 1178 717 quosdam
1185 679 1437 712 diaconoscreavit,
1448 683 1543 714 atque,
1555 677 1620 707 inde
1630 678 1750 706 tandem
1758 686 1845 713 egres-

1046 735 1104 760 sus,
1117 728 1193 755 venit
1204 726 1392 754 Antiochiam.

1081 773 1193 801 Serum
1211 781 1284 800 manu
1306 772 1387 800 initio
1401 775 1532 799 narratur
1551 773 1682 803 Petrum,
1702 778 1770 798 cum
1783 768 1843 798 Tri-

1046 821 1101 856 poli
1123 819 1293 848 Antaradum
1317 819 1496 851 accessisset,
1518 818 1610 846 socios
1624 824 1708 849 suos,
1728 824 1845 852 quorum

1045 867 1135 902 major
1153 870 1279 895 creverat
1300 873 1445 898 numerus,
1473 865 1554 896 duas,
1576 871 1640 900 qua
1665 863 1765 899 ipsum
1782 871 1845 898 pra-

1045 913 1186 947 cederent,
1202 913 1332 941 divisisse
1352 912 1380 939 in
1395 916 1523 945 turmas;.
1533 915 1616 947 atque
1631 912 1683 939 uni
1707 910 1842 942 Nieetam.

1045 959 1172 995 Aquilam
1193 959 1275 987 alteri
1299 958 1466 995 praelecisse.
1486 958 1615 986 Clemens
1635 965 1724 989 vero,
1751 957 1847 993 gratiis

1045 1004 1137 1039 Petro,
1159 1007 1224 1042 quia
1246 1013 1309 1034 eum
1330 1004 1403 1040 apud
1425 1012 1456 1032 se
1483 1004 1656 1037 retinuerat,
1677 1004 1772 1035 actis,
1795 1003 1848 1038 ipsi

1045 1054 1171 1088 poscenti
1193 1052 1332 1088 quomodo
1355 1056 1471 1087 patrem,
1486 1056 1514 1079 et
1529 1055 1660 1083 matrem,
1684 1058 1722 1078 ac
1747 1050 1849 1077 fratres

1045 1098 1198 1132 amisisset,
1223 1098 1370 1126 confestim
1393 1097 1555 1125 declaravit.
1572 1097 1623 1125 Die
1644 1096 1847 1132 subsequenti,

1044 1144 1141 1173 Petrus
1165 1145 1194 1173 in
1217 1145 1337 1174 insulam
1351 1144 1485 1176 Aradum,
1514 1144 1602 1172 viteas
1616 1144 1771 1171 immense
1791 1150 1847 1169 ma-

1044 1192 1196 1228 gnitudinis
1219 1192 1364 1220 columnas
1391 1191 1502 1219 videndi
1527 1191 1629 1226 gratia,
1649 1197 1681 1218 se
1710 1191 1844 1222 contulit,

1044 1238 1136 1274 ibique
1157 1238 1289 1266 Clemens
1308 1238 1418 1274 agnovit
1432 1242 1549 1264 matrem
1566 1244 1647 1265 suam
1679 1235 1847 1264 Iathldiaat

1045 1284 1110 1312 illuc
1133 1284 1279 1320 naufragio
1301 1284 1458 1320 expulsam,
1483 1287 1566 1318 atque
1590 1283 1785 1319 eleemosynia
1805 1283 1846 1310 vi—

1043 1335 1119 1358 etum
1143 1335 1323 1366 quaerentem.
1344 1330 1393 1359 Illa
1408 1338 1475 1358 vero
1495 1337 1559 1357 cum
1579 1337 1670 1357 uxore
1692 1329 1775 1358 Petri
1794 1337 1847 1357 u-

1044 1377 1165 1413 terisque
1181 1378 1310 1405 mnibus
1324 1376 1490 1405 laodiceam
1506 1376 1628 1408 ducitur.
1644 1383 1705 1412 qua
1729 1376 1761 1404 in
1780 1377 1846 1404 urbe

1044 1431 1060 1450 a
1074 1424 1181 1452 duobus
1204 1424 1267 1452 aliis
1288 1423 1352 1452 ﬁliis
1377 1424 1448 1456 suis,
1473 1423 1641 1459 quibuscum
1666 1423 1847 1459 naufragium

1044 1470 1159 1504 fecerat,
1180 1471 1274 1507 agnita
1293 1478 1404 1506 quoque
1418 1475 1472 1498 est.
1493 1469 1525 1497 lli
1545 1473 1638 1497 autem
1658 1474 1845 1498 narravenmt

1045 1525 1075 1546 se
1097 1523 1160 1553 post
1181 1518 1356 1553 naufragium
1375 1517 1530 1545 Caesaream
1550 1515 1672 1548 delatos,
1689 1519 1723 1543 et
1737 1515 1847 1543 cuidam

1044 1563 1144 1597 viduae,
1159 1565 1204 1592 cui
1225 1572 1325 1592 nomen
1345 1562 1432 1591 lusus
1445 1567 1521 1595 erat,
1543 1562 1684 1596 venditos,
1708 1562 1776 1596 ejus
1798 1570 1846 1598 po-

1044 1613 1103 1638 stea
1117 1618 1185 1638 cura
1201 1611 1303 1639 litteris
1316 1614 1342 1638 et
1359 1609 1540 1645 philosophiae
1551 1616 1615 1636 cum
1632 1607 1756 1637 Simone
1770 1609 1847 1644 Mago

1043 1664 1157 1692 operam
1179 1657 1302 1691 dedisse,
1317 1657 1447 1692 illiusque
1470 1655 1612 1684 imbibisse
1633 1655 1842 1689 errores;sed,

1044 1703 1152 1731 Zachzei
1166 1711 1229 1739 ope,
1245 1703 1297 1732 fide
1310 1703 1414 1731 Christi
1428 1707 1569 1738 suscepta,
1581 1709 1612 1730 se
1629 1701 1718 1729 Petro
1733 1702 1844 1730 tandem

1043 1749 1131 1778 fuisse
1148 1750 1271 1778 oblatos.
1285 1749 1392 1784 Quibus
1416 1749 1528 1781 auditis,
1551 1748 1652 1776 Petrus
1669 1747 1844 1779 lathidiam,

1043 1797 1172 1832 baptismi
1199 1797 1289 1832 gratia
1311 1796 1408 1824 donari
1436 1796 1642 1832 postulantem.
1669 1800 1738 1830 post
1766 1797 1846 1823 unius

1043 1843 1097 1871 diei
1109 1843 1247 1879 jejunium
1259 1849 1292 1871 eo
1307 1842 1525 1878 regenerationis
1534 1845 1715 1870 sacramento
1730 1850 1762 1870 in
1777 1841 1845 1869 mari

1043 1890 1173 1918 initiavit.

1079 1936 1128 1964 Die
1143 1937 1334 1972 subscquenti,
1349 1941 1380 1964 ut
1394 1937 1423 1964 in
1438 1943 1523 1964 uano
1535 1942 1647 1963 ocnvo
1659 1939 1766 1964 auctor
1778 1942 1842 1963 nar-

1043 1986 1102 2015 rat,
1124 1981 1234 2015 Petrus,
1259 1982 1401 2010 Clemente
1426 1983 1592 2018 du‘ohusque
1616 1981 1681 2010 aliis
1707 1982 1841 2010 fratribus

1043 2030 1102 2058 suis
1117 2029 1276 2061 comitibus,
1292 2029 1365 2056 lavat
1386 2030 1413 2056 in
1435 2029 1522 2062 mari,
1545 2033 1628 2064 atque
1651 2028 1680 2056 in
1699 2034 1839 2057 secretum

1042 2076 1133 2103 locum
1153 2075 1188 2103 ad
1212 2075 1367 2103 orationem
1391 2075 1505 2103 secedit.
1528 2074 1593 2102 Inde
1620 2074 1661 2102 illi
1683 2075 1838 2111 egredienti

1043 2123 1164 2149 occurrit
1177 2130 1263 2150 senex
1276 2122 1387 2157 quidam
1406 2130 1521 2157 pauper,
1532 2129 1565 2148 ex
1579 2122 1671 2148 habili:
1687 2123 1838 2156 operarius,

1043 2169 1091 2204 qui
1111 2176 1209 2203 preces
1228 2168 1263 2196 ad
1286 2168 1372 2196 Deum
1395 2176 1538 2204 perperam
1563 2167 1652 2199 fundi,
1666 2172 1693 2195 et
1711 2168 1836 2196 mundam

1008 2216 1030 2244 D
1045 2223 1097 2241 non
1115 2214 1258 2242 secundum
1280 2215 1329 2242 Dei
1350 2215 1543 2250 providentiam
1567 2215 1783 2250 gubernari...”
1799 2215 1836 2242 tbi

1042 2263 1147 2297 genesin
1170 2270 1226 2289 esse
1247 2270 1307 2297 qua:
1327 2262 1418 2288 omnia
1436 2262 1490 2297 agit
1509 2266 1535 2288 et
1553 2262 1686 2293 continet,
1708 2262 1837 2290 andactet

1042 2307 1170 2335 asseruit.
1186 2306 1228 2334 Fit
1250 2307 1365 2335 interim
1379 2315 1497 2344 magnus
1517 2308 1610 2344 populi
1626 2315 1798 2340 concursus.
1812 2312 1836 2335 et

1041 2353 1161 2385 Nicetas,
1178 2354 1242 2381 data
1256 2361 1271 2380 a
1283 2353 1378 2385 Petro.
1394 2355 1441 2390 qui
1457 2354 1516 2382 seni
1533 2354 1704 2390 respondere
1719 2356 1834 2385 volebat.

1041 2400 1150 2429 dicendi
1167 2400 1310 2433 facultate,
1332 2400 1428 2428 docuit
1444 2400 1577 2428 mundum
1600 2407 1616 2427 a
1634 2399 1692 2428 Deo
1718 2400 1833 2430 factum.

1041 2451 1068 2474 et
1083 2447 1118 2474 ab
1133 2448 1193 2482 ipso
1214 2447 1381 2483 quandoque
1404 2447 1583 2479 solvendum,
1605 2455 1657 2474 nec
1677 2454 1711 2474 ex
1739 2447 1835 2475 indivi-

1040 2493 1104 2521 duis
1124 2493 1298 2528 corpusculis
1323 2501 1372 2522 scu
1392 2494 1509 2525 atomis,
1532 2497 1562 2520 ut
1586 2493 1693 2521 ferebat
1726 2493 1833 2530 Epicuri

1041 2539 1187 2572 sententia,
1201 2541 1332 2576 quaelibet
1342 2547 1468 2576 corpora,
1480 2544 1641 2575 mentesque
1657 2539 1833 2576 intelligentia

1041 2587 1183 2622 przeditas,
1196 2587 1266 2615 fieri.
1287 2586 1378 2614 Variis
1398 2587 1498 2615 deinde
1517 2587 1688 2622 argumentis
1709 2586 1830 2621 probavit

1040 2635 1172 2662 mundum
1185 2634 1223 2661 ab
1235 2635 1294 2669 ipsa
1312 2634 1445 2669 sapientia
1465 2638 1491 2661 et
1523 2633 1638 2666 ratione,
1656 2633 1774 2668 quando
1787 2630 1831 2667 ipsi

1040 2681 1153 2717 placuit,
1169 2681 1257 2709 fuisse
1272 2680 1425 2708 conditum.

1075 2726 1222 2758 Postridie,
1243 2731 1316 2755 metu
1339 2727 1366 2754 in
1382 2726 1507 2763 primarii
1530 2725 1675 2760 cujusdam
1697 2725 1771 2753 civis
1785 2723 1830 2751 do-

1040 2781 1114 2801 mum
1135 2778 1243 2805 coacto.
1263 2781 1346 2802 senex
1365 2781 1397 2802 ea
1422 2781 1485 2809 quas
1499 2773 1610 2801 Nieetas
1627 2772 1739 2799 dixerat
1762 2777 1829 2799 εωηο

1040 2820 1135 2848 matim
1152 2821 1260 2855 repetit,
1274 2824 1366 2856 atque,
1383 2820 1516 2848 adversus
1536 2820 1583 2847 illa
1597 2819 1757 2854 disputans,
1770 2824 1827 2845 ωηο

1039 2866 1128 2895 tendit
1143 2866 1268 2903 quaedam
1288 2867 1385 2903 injuste
1398 2871 1421 2894 et
1440 2866 1591 2894 inordinatr
1611 2865 1684 2894 facta
1706 2871 1785 2898 esse;
1799 2869 1826 2889 ει
