1892 3105
51 166 104 194 ΗΠ

569 161 857 191 RECOGNITIONES.
870 178 905 184 -—
921 162 1103 193 PROCIZMIA.

1572 169 1638 196 ’ἶτῆ

48 223 75 250 iis
85 224 165 250 autem
188 227 246 256 qua
266 219 344 255 juxta
368 219 491 247 ordinem
511 219 596 251 ﬁunt,
620 219 744 254 quaedam
770 220 805 248 ab
819 223 842 251 Α
857 228 916 249 rum
931 222 1064 257 sepulcra.
1080 221 1120 248 Ad
1135 220 1191 250 hac
1210 221 1308 258 Aquila
1331 223 1470 257 respondit
1491 223 1552 252 illas
1571 226 1638 253 deo-

46 269 90 296 alio
100 274 173 302 quam
186 267 218 294 ab
232 267 286 294 ulla
301 270 393 294 mente
408 265 492 293 fuisse
509 270 611 293 creata.
624 265 726 292 Contra
740 273 804 293 vero

46 313 125 348 Aquila
145 320 174 340 ex
195 313 227 340 iis
242 320 301 348 quae
325 311 475 340 secundum
494 312 618 339 ordinem
639 311 698 339 ﬁeri
721 319 804 339 senex

45 363 209 391 concesserat,
231 359 431 394 agnoscendam
454 366 516 386 esse
531 358 580 386 Dei
606 359 804 394 providentiam

45 406 224 434 demonstravit.
246 405 331 432 Porro
352 413 384 432 ex
401 405 434 432 iis
458 413 519 440 qum
539 405 695 432 inordinate
721 405 804 438 ﬁunt,

45 453 173 480 luculenter
189 452 323 483 ostendit,
339 452 372 478 ab
393 452 493 487 origine
515 452 606 479 mundi
629 452 696 479 nihil
715 460 805 480 eorum

44 498 122 529 fuisse.
133 499 177 526 sed
192 506 224 526 ex
238 499 375 533 impietate
392 498 534 525 hominum
551 506 630 526 suum
645 498 717 525 mala
731 506 806 525 sum-

43 546 116 580 psisse
130 545 242 573 initium.
258 545 377 580 Denique
392 553 458 572 cum
473 544 601 572 omnibus
618 553 679 580 qum
693 545 744 572 sibi
760 545 805 572 ob-

42 592 193 626 jiciebantur,
219 591 278 619 fuse
295 591 493 626 respondisset,
516 591 638 618 ultimam
663 591 738 619 senis
757 592 806 618 ob-

41 638 166 672 jectionem
185 645 237 673 qua
250 638 338 664 omnia
351 645 384 665 ea:
397 639 549 664 necessitate
559 638 658 672 genesis
670 637 720 664 sibi
736 638 807 664 occi-

42 684 99 711 disse
110 684 222 714 dicebat,
238 683 315 710 fratri
331 691 382 710 suo
400 683 545 715 Clementi,
559 687 670 718 postero
691 683 734 710 die
752 683 807 711 sol-

41 730 138 757 vendam
153 729 272 764 reliquit.
285 728 333 757 His
347 729 440 760 dictis.
452 728 550 757 Petrus
566 729 634 756 nulli
650 729 804 762 hominum,

41 776 82 803 nisi
95 776 140 803 soli
156 782 220 803 vero
233 775 381 810 prophetae,
393 783 453 810 qua:
466 782 482 801 a
498 774 552 802 Deo
567 775 610 802 vel
624 775 680 802 ﬁeri
692 775 734 802 vel
750 782 805 802 non

41 821 86 849 ﬁeri
98 830 148 850 non
167 820 289 857 possint,
308 825 448 856 comperta
463 828 524 849 esse
538 821 621 855 dixit;
640 828 691 849 nec
708 829 805 856 quem-

40 875 107 902 quam
124 868 157 895 ab
174 868 222 895 illo
240 867 371 902 propheta
391 867 444 894 hac
464 866 497 894 de
511 874 549 899 re,
565 867 629 898 nisi,
644 866 728 893 variis
745 866 806 901 phi—

855 275 916 294 rum
940 267 1047 296 fabulas
1068 276 1083 295 a
1107 268 1278 304 philosophis
1303 270 1418 304 aliisque
1441 270 1507 297 viris
1529 271 1640 305 sapien-

855 315 928 342 tibus
942 315 1085 349 allegorice
1099 313 1184 342 fuisse
1199 315 1361 350 explicatas.
1373 315 1474 342 Contra
1490 320 1579 344 autem
1595 316 1640 345 Ni-

855 365 931 388 cetas
946 361 984 387 illi
1001 361 1131 388 continuo
1145 361 1267 388 ostendit
1287 361 1343 389 haec
1359 362 1471 389 deorum
1494 363 1608 390 crimina
1624 369 1641 392 tt

855 407 1017 441 pit-toribus,
1036 407 1221 442 sculptoribus
1244 413 1270 435 et
1291 408 1382 442 poetis
1403 416 1457 435 non
1483 409 1639 444 allegorice,

855 452 902 479 sed
915 460 1011 487 reapse
1022 456 1048 479 et
1062 453 1095 480 ad
1112 453 1229 480 litteram
1244 454 1306 488 poni
1323 458 1386 481 ante
1398 454 1519 481 omnium
1532 455 1639 484 oculos.

855 497 964 526 Nicetas
983 503 1073 526 tamen
1097 499 1149 527 has
1169 500 1330 535 allegoricas
1358 500 1511 528 fabularum
1530 502 1641 537 exposi-

856 545 953 577 tiones,
969 550 1080 580 roganu:
1094 545 1241 578 Clemente,
1258 552 1300 573 est
1314 551 1487 582 prosecutus.
1503 547 1571 575 Tum
1592 547 1642 576 Pe-

855 595 914 618 trus
930 590 1098 626 Scripturam
1121 599 1226 619 sacram
1242 600 1297 619 non
1318 600 1351 620 eo
1372 600 1454 620 sensu
1479 593 1640 628 allegoria»,

854 636 902 663 sed
917 636 981 667 alia,
1003 644 1084 672 quam
1104 638 1162 672 ipse
1177 637 1282 670 docuit,
1303 638 1433 666 methodo
1447 640 1641 674 explicandam

852 693 916 714 esse
937 685 1140 713 demonstravit.
1163 684 1265 711 Deinde
1289 685 1321 712 ad
1344 684 1551 712 Faustinianum
1572 692 1640 712 con-

855 738 961 764 versus,
973 731 1062 765 ipsum
1081 730 1113 757 ad
1133 731 1311 765 proﬁtendam
1333 731 1490 766 religionem
1508 731 1643 758 Christia-

854 785 929 811 nam,
944 784 1004 812 qua:
1019 776 1086 803 nihil
1100 776 1151 803 uisi
1167 781 1291 803 sanctum
1307 781 1333 803 et
1350 776 1494 803 honestum
1509 777 1643 811 praecipit,

855 828 1026 857 summopere
1038 821 1197 848 adhortatus
1208 825 1260 848 est.
1271 820 1401 855 Denique,
1414 820 1518 847 reddita
1533 820 1642 854 aegrotis

854 871 936 901 atque
950 874 966 893 a
983 867 1105 894 daemone
1121 865 1240 893 obsessis
1264 866 1396 899 sanitate,
1419 865 1550 900 populum
1575 873 1642 900 gau-

41 913 199 948 losophorum
221 913 422 941 subtilitatibus
435 912 541 946 missis,
555 913 664 939 sincero
682 912 805 940 veritatis
821 907 841 934 Β
855 913 961 940 dentem
975 912 1121 948 laetumque
1135 912 1248 939 dimisit.

40 967 117 988 amore
134 960 259 992 ducatur,
279 959 338 987 fore
359 966 478 994 unquam
494 959 657 986 docendum.
672 958 807 986 Caeterum

39 1006 65 1033 ad
79 1006 285 1041 investigandam
298 1006 437 1033 veritatem
450 1005 477 1032 id
490 1004 679 1032 tantummodo
690 1004 804 1039 requiri,

39 1056 62 1078 nt
73 1052 189 1080 homines
204 1060 269 1079 num
288 1052 420 1087 propheta
436 1051 481 1078 ille
497 1058 561 1078 vera
576 1058 684 1086 semper
707 1050 807 1085 prtedi-

39 1098 104 1131 verit,
116 1099 258 1134 diligenter
273 1099 423 1133 inquirant.

64 1143 132 1172 Lini
146 1152 207 1172 uorti
219 1144 297 1172 initio
306 1144 423 1172 traditur
436 1143 560 1178 sequenti
576 1143 620 1171 die
635 1150 710 1170 more
725 1143 807 1170 solito

37 1190 188 1225 disputatum
206 1190 302 1223 fuisse,
318 1193 408 1217 utrum
425 1190 491 1216 nihil
504 1194 580 1216 extra
603 1189 707 1224 genesin
721 1189 805 1223 ﬁeret.

37 1235 200 1269 Quamobrem
217 1236 342 1264 Clemens
353 1235 435 1264 variis
450 1236 585 1263 rationum
601 1235 745 1263 momentis
760 1234 808 1263 de-

38 1283 182 1310 monstravit
198 1283 335 1310 hominem
350 1282 436 1309 libero
452 1281 601 1309 voluntatis
616 1281 738 1314 arbitrio,
753 1289 807 1316 quo

39 1328 157 1362 quidlibet
169 1336 251 1364 agere
270 1331 360 1364 potest
373 1328 416 1355 vel
434 1335 488 1355 non
513 1335 603 1362 agere.
625 1335 687 1355 esse
707 1327 806 1362 praedi-

39 1378 96 1402 tum.
117 1374 205 1403 Senex
226 1381 291 1402 vero
314 1374 403 1410 arguit
424 1381 458 1402 ex
481 1373 737 1401 constellationibus
758 1381 807 1400 va-

38 1420 127 1456 riisque
146 1425 284 1449 astrorum
301 1420 469 1456 aspectibus,
487 1427 557 1455 quos
571 1423 698 1447 accurate
712 1427 808 1447 recen-

37 1467 95 1499 suit,
109 1467 233 1495 homines
255 1467 299 1494 vel
321 1466 409 1493 bonos
433 1465 508 1498 ﬁeri,
524 1465 567 1492 vel
591 1465 687 1492 malos.
705 1464 807 1493 Contra

35 1513 147 1542 Clemens
160 1514 242 1548 longa
257 1513 424 1544 inductione,
442 1519 495 1547 qua
510 1512 593 1539 variae
608 1512 734 1539 nationes
746 1519 808 1540 eas-

36 1560 88 1587 dem
106 1568 211 1595 semper
225 1560 298 1595 leges
312 1563 339 1587 et
357 1559 572 1587 consuetudines
603 1561 809 1593 quantumcun-

36 1613 80 1640 que
93 1593 216 1642 aspectus
236 1593 356 1633 siderum
375 1605 444 1633 varii
460 1604 576 1637 fuerint,
601 1604 730 1631 inviolate
749 1612 809 1631 ser-
821 1593 842 1621 ο

35 1656 164 1684 vaverunt,
185 1652 215 1680 id
230 1652 328 1679 falsum
343 1659 405 1679 esse
423 1650 551 1678 convicit.
569 1650 709 1677 Summam
724 1657 808 1685 argu—

37 1698 108 1725 menti
129 1699 203 1727 illius
225 1699 281 1726 vim
301 1701 328 1725 et
348 1697 457 1732 pondus
479 1696 590 1732 agnovit
611 1703 706 1723 senex.
732 1695 807 1729 Qua-

36 1749 134 1778 propter
155 1748 185 1771 ut
207 1743 234 1771 id
258 1743 423 1778 experientia
448 1751 497 1770 sua
517 1743 615 1770 falsum
641 1750 702 1770 esse
723 1743 810 1777 magis

36 1790 166 1826 magisque
179 1790 367 1825 persuaderet,
379 1789 432 1817 sibi
447 1796 545 1816 nomen
558 1796 619 1816 esse
631 1788 811 1816 Faustiniano

36 1835 167 1864 confessus
183 1840 238 1867 est,
258 1839 285 1863 et
299 1843 467 1871 quaecunque
487 1835 539 1863 sibi
561 1835 728 1867 acciderant.
745 1835 809 1863 bre-

36 1882 96 1910 riter
109 1883 239 1911 narravit.
256 1882 296 1909 Ab
311 1889 397 1909 uxore
412 1881 504 1916 itaque
520 1889 570 1908 sua
586 1881 716 1908 Mathidia
736 1880 812 1909 ﬁliis-

35 1936 80 1962 Que
89 1930 144 1957 suis
156 1929 266 1965 agnitus
275 1932 327 1959 est,
340 1928 422 1963 iique,
432 1927 546 1955 dimisso
559 1927 669 1962 populo,
681 1935 734 1953 una
747 1934 809 1954 cum

35 1973 116 2007 Petro,
136 1975 164 2002 in
179 1974 285 2006 eadem,
301 1974 347 2001 ubi
365 1973 544 2009 disceptatum
560 1973 660 2008 fuerat,
673 1973 754 2002 domo
768 1982 812 2002 re-

35 2025 194 2048 manserunt.

65 2065 178 2094 DECIIUS
202 2074 283 2094 mum
310 2066 389 2094 docet
418 2065 556 2101 quomodo
583 2065 695 2097 Petrus.
715 2069 813 2093 exorto

35 2113 96 2145 sole,
109 2112 343 2147 Faustinianoque
357 2112 446 2139 adhuc
461 2112 626 2144 dormiente,
644 2112 812 2139 Clementem

36 2158 179 2194 fratresque
201 2159 263 2194 ejus
281 2159 316 2187 de
337 2158 456 2186 ineunda
477 2166 539 2185 cum
562 2159 609 2185 illo
627 2158 813 2192 disputatione

35 2206 167 2238 erudierit,
193 2205 375 2240 statueritque
398 2205 486 2232 eidem
511 2204 703 2237 Faustiniano,
722 2208 751 2231 ut
778 2204 811 2232 ad

889 958 954 986 Post
968 959 1025 986 hate
1042 963 1133 986 autem
1152 959 1223 985 inter
1239 957 1345 993 prandii
1367 961 1514 992 apparatus
1533 956 1642 984 Fausti-

855 1005 973 1038 nianus,
1001 1010 1139 1032 annuente
1162 1004 1265 1038 Petro,
1289 1004 1438 1039 Appionem
1463 1007 1491 1030 et
1516 1003 1642 1030 Anubin-

854 1060 932 1087 nem,
944 1052 989 1088 qui
1009 1052 1152 1080 Antiochia
1168 1051 1330 1078 Laodiceam
1347 1058 1410 1077 cum
1423 1050 1536 1077 Simone
1557 1057 1642 1077 vene-

853 1105 926 1133 rant,
946 1100 1048 1128 invisit.
1065 1099 1134 1126 Tum
1147 1099 1254 1130 Simon,
1269 1103 1297 1126 ut
1310 1097 1426 1125 ministri
1441 1097 1567 1129 Caesaris,
1592 1096 1640 1131 qui

852 1154 915 1173 eum
929 1146 963 1173 ad
978 1153 1072 1173 necem
1082 1145 1255 1180 quaerebant,
1270 1143 1479 1171 Faustinianum
1496 1143 1523 1170 in
1549 1143 1641 1170 locum

854 1200 935 1221 suum
947 1192 1028 1219 morti
1044 1192 1197 1224 traderent,
1219 1191 1270 1226 ipsi
1286 1190 1399 1225 magicis
1413 1191 1518 1218 artibus
1541 1189 1638 1217 faciem

854 1239 1014 1274 vultumque
1038 1246 1118 1266 suum
1145 1237 1286 1272 imposuit.
1311 1236 1378 1264 Tam
1415 1236 1548 1271 stupenda
1574 1244 1641 1264 vero

854 1285 1027 1313 Faustiniani
1052 1283 1291 1311 trausl‘ormatione
1316 1290 1401 1310 uxore
1434 1282 1552 1317 ﬁliisque
1579 1282 1640 1318 ejus

854 1330 1069 1366 obstupefactis,
1097 1329 1223 1365 promisit
1254 1328 1351 1356 Petrus
1377 1336 1407 1356 se
1439 1327 1641 1362 Faustiniano,

853 1367 998 1414 postquam
1014 1377 1134 1405 Simonis
1150 1376 1227 1403 vultu
1243 1375 1277 1403 ad
1296 1382 1404 1403 errores
1423 1374 1483 1410 ejus
1498 1374 1642 1401 destruen-

853 1425 903 1452 dos
931 1431 1000 1452 usus
1032 1427 1124 1456 esset,
1158 1422 1301 1457 pristinam
1331 1420 1428 1448 faciem
1459 1419 1640 1447 redditurum.

853 1470 1038 1505 Quamobrem
1067 1469 1193 1497 eumdem
1226 1467 1434 1495 Faustiniunum
1468 1466 1642 1494 Antiochiam

855 1517 940 1549 misit,
957 1524 1012 1551 quo
1026 1516 1121 1543 turbas
1136 1521 1231 1542 omnes
1252 1521 1266 1540 ιι
1286 1512 1364 1548 Mago
1381 1513 1527 1540 adversum
1548 1519 1578 1539 se
1595 1519 1644 1538 ca-

854 1563 967 1590 lumniis
981 1562 1166 1590 acerbissimis
1181 1562 1331 1589 concitatas
1343 1582 1350 1594 ,
1372 1559 1499 1588 simulata
1520 1557 1645 1593 ejusdem

855 1608 911 1636 veri
941 1608 1062 1636 Simonis
1091 1607 1251 1643 paenitentia
1283 1607 1400 1635 sedaret.
1427 1605 1506 1639 Quod
1532 1604 1645 1640 quidem

855 1653 1051 1682 Faustinianus
1072 1654 1157 1681 variis
1183 1653 1338 1681 fictionibus
1353 1658 1380 1680 et
1403 1651 1555 1679 mendaciis
1574 1658 1646 1684 pro.

860 1695 938 1727 stitit,
961 1702 994 1722 ac
1009 1699 1105 1730 postea
1123 1696 1216 1724 vultus
1238 1696 1371 1731 pristinus
1393 1705 1408 1723 a
1430 1696 1510 1724 Petro
1531 1697 1569 1724 illi
1586 1705 1647 1725 om-

859 1743 925 1769 nino
939 1743 1083 1770 restitutus
1097 1746 1149 1770 est.
1165 1742 1268 1769 Dehinc
1282 1742 1380 1770 Petrus
1391 1743 1489 1770 creatis
1505 1742 1649 1771 Laodicea

859 1788 988 1823 episcopo
1005 1793 1032 1816 et
1048 1789 1226 1824 presbyteris,
1244 1797 1275 1816 ac
1291 1789 1396 1816 reddita
1413 1789 1494 1824 aegris
1510 1789 1647 1816 obsessis—

860 1842 914 1869 que
929 1835 1056 1866 sanitate,
1072 1834 1260 1866 Antiochiam,
1280 1842 1334 1869 qua
1358 1834 1452 1862 Simon
1470 1835 1566 1869 pulsus
1589 1835 1647 1863 fue-

860 1885 914 1913 rat,
930 1881 1084 1913 contendit,
1107 1885 1189 1916 atque
1204 1881 1242 1908 illi
1260 1881 1353 1909 urbem
1376 1881 1540 1916 ingredienti
1557 1882 1653 1910 omnis

862 1927 988 1963 populus,
1003 1930 1030 1954 et
1050 1935 1145 1954 omnes
1161 1927 1277 1962 majores
1292 1930 1370 1959 natu,
1386 1934 1418 1954 ac
1432 1927 1537 1955 nobiles
1558 1928 1648 1962 paeni-

861 1974 974 2000 tentiam
999 1977 1121 2009 agentes,
1137 1973 1245 2001 iverunt
1269 1974 1388 2001 obviam.
1403 1974 1462 2009 Ipse
1476 1982 1542 2001 vero
1559 1974 1592 2001 de
1608 1978 1649 2001 tot

862 2018 1002 2046 hominum
1028 2019 1206 2047 conversione
1230 2020 1332 2054 gratias
1356 2019 1411 2048 Deo
1426 2020 1529 2053 retulit,
1553 2028 1652 2050 omnes

862 2069 978 2099 aegrotos
992 2066 1107 2098 sanavit,
1123 2070 1204 2101 atque
1219 2066 1290 2093 intra
1310 2071 1411 2101 septem
1430 2067 1488 2095 dies
1505 2067 1650 2094 duodecim

862 2111 946 2137 millia
959 2111 1099 2138 hominum
1117 2119 1196 2139 sacro
1213 2112 1298 2139 abluit
1320 2112 1493 2147 baptismate.
1508 2112 1564 2141 Hos
1579 2113 1650 2140 inter

863 2156 1040 2192 Theophilus,
1055 2158 1098 2185 vir
1114 2158 1204 2193 populi
1227 2159 1387 2193 primarius,
1411 2158 1505 2186 dorum
1529 2167 1584 2186 aute
1607 2160 1656 2186 in-~

863 2208 963 2238 gentem
988 2203 1126 2231 basilicam
1155 2203 1271 2231 ecclesia
1293 2205 1396 2232 nomine
1419 2206 1597 2238 consecravit,
1622 2207 1656 2232 in

36 2251 233 2286 amplexandam
250 2251 407 2286 religionem
424 2250 607 2278 Christianam
622 2258 682 2278 sese
703 2258 814 2285 compa-
831 2260 851 2286 ι)
865 2258 917 2285 qua
933 2249 1013 2277 Petro
1034 2250 1153 2285 apostolo
1176 2251 1320 2277 constituta
1341 2256 1379 2278 est
1405 2251 1437 2278 ab
1462 2252 1533 2278 omni
1554 2252 1657 2286 popula

35 2301 118 2330 raret,
138 2297 258 2325 dandum
282 2305 342 2325 esse
357 2297 439 2325 unius
455 2297 517 2324 anni
535 2296 664 2331 spatium.
680 2296 748 2324 Cum
765 2303 814 2323 au—

36 2346 84 2369 tem
98 2343 293 2371 Faustinianus
310 2351 325 2370 e
340 2343 410 2370 lecto
433 2342 609 2374 surrexisset,
625 2342 660 2368 ab
682 2342 717 2369 iis
737 2349 813 2377 qua:-

36 2389 93 2417 sivit
111 2397 145 2416 an
160 2390 197 2417 sit
212 2390 240 2416 in
255 2389 407 2416 substantia
426 2392 454 2416 et
472 2388 578 2415 actibus
597 2388 698 2415 bonum
713 2391 739 2414 et
756 2395 816 2414 ma-

36 2436 96 2464 lum.
115 2435 186 2463 Huic
199 2435 341 2471 qmtioni
357 2434 496 2470 respondit
513 2433 651 2463 Clemens.
671 2427 751 2467 atque
767 2441 816 2460 es-

35 2483 127 2517 positis
140 2483 175 2510 de
190 2483 263 2510 bono
277 2486 304 2510 et
325 2482 397 2509 malo
417 2481 557 2509 stellarum
579 2483 690 2515 aspectu
713 2479 817 2514 princic

36 2528 93 2562 piis.
107 2529 232 2564 probavit
246 2528 349 2556 nullam
365 2528 428 2555 inde
443 2527 601 2554 hominibus
618 2526 719 2560 imponi
736 2532 816 2560 posse

36 2575 233 2604 necessitatem.
248 2574 333 2602 Porro
356 2577 445 2601 autem
461 2581 523 2600 cum
539 2573 597 2600 haec
610 2572 739 2606 utrinque
757 2571 817 2598 dis-

37 2625 222 2655 coptarentur,
247 2620 360 2652 Petrus,
389 2624 513 2648 coactum
541 2619 640 2646 videns
664 2617 816 2652 populum,

37 2667 160 2703 deinceps
171 2668 205 2696 de
217 2667 369 2695 idololatria
382 2666 513 2701 falsisque
529 2665 646 2693 deorum
657 2663 818 2691 numinibus

36 2713 114 2745 jussit
126 2715 270 2749 disputari.
290 2713 422 2747 Quocirca
436 2712 564 2740 Clemens
582 2710 714 2745 originem
732 2710 820 2738 idolo-

39 2759 122 2788 latriae
135 2760 246 2792 evolvit,
266 2760 389 2795 dixitque
409 2766 472 2786 vera
487 2757 618 2786 falsorum
635 2757 748 2784 deorum
766 2756 819 2784 cri-

39 2806 121 2839 mina,
142 2807 171 2834 iu
187 2807 336 2842 primisque
355 2805 434 2833 Jovisv
454 2807 549 2840 stupra
563 2808 590 2832 et
605 2804 738 2831 adulteria
760 2810 821 2830 om-

39 2852 117 2881 nibus
131 2861 194 2893 esse
219 2854 375 2885 notissima,
397 2859 430 2880 ac
451 2851 558 2878 tandem
575 2851 722 2878 etiamnum
747 2854 821 2877 stare

41 2896 117 2930 Plura
135 2898 252 2927 ﬁliorum
266 2899 336 2936 ejus,
358 2898 498 2927 hominum
520 2898 613 2934 utique
636 2897 819 2934 nequissimo-

864 2295 1002 2323 cathedra.
1024 2295 1146 2331 Denique
1164 2295 1370 2324 Faustinianum
1387 2297 1523 2332 baptismo
1547 2297 1650 2324 initiari

865 2342 1058 2377 postulantem,
1079 2342 1187 2375 Petrus,
1203 2343 1307 2370 indicto
1331 2343 1401 2378 plebi
1422 2343 1538 2378 jejunio,
1562 2344 1653 2378 bapti-

865 2388 946 2420 zavit,
961 2392 988 2416 et
1005 2395 1174 2423 quaecunque
1196 2388 1329 2416 hactenus
1342 2389 1367 2416 ei
1380 2389 1562 2425 contigerant,
1576 2389 1658 2417 omni.

867 2434 965 2469 populo
978 2435 1114 2469 exposuit.

1134 2479 1332 2508 ARTICULUS
1350 2479 1382 2508 ll.

998 2527 1068 2561 Quid
1084 2532 1180 2554 veteres
1193 2527 1225 2554 de
1236 2527 1276 2554 liis
1295 2527 1370 2554 libris
1389 2527 1528 2554 senserint.

902 2574 1014 2601 Auctori
1032 2573 1146 2609 hujusce
1166 2574 1258 2609 operis
1270 2574 1293 2601 si
1307 2573 1372 2601 ﬁdes
1392 2573 1535 2604 habeatur,
1553 2571 1658 2599 Roma-

867 2627 920 2647 nus
936 2620 980 2646 ille
998 2618 1059 2650 fuit,
1080 2626 1096 2646 e
1115 2617 1233 2645 Caesaris
1257 2617 1370 2649 familia,
1390 2617 1500 2644 nomine
1516 2616 1653 2647 Clemens,

868 2665 913 2692 cui
938 2668 1015 2700 pater
1028 2663 1222 2692 Faustinlanus
1236 2684 1244 2696 ,
1268 2667 1354 2691 mater
1375 2663 1502 2690 Mathidia
1516 2682 1524 2695 ,
1555 2661 1657 2689 fratres

868 2711 983 2739 Nicetas.
998 2714 1025 2738 et
1036 2709 1142 2745 Aquila,
1167 2710 1225 2745 ipse
1245 2710 1398 2745 praecipuus
1424 2708 1656 2742 charissimusque

869 2751 941 2784 Petri
969 2756 1137 2791 discipulus;
1166 2756 1212 2790 qui
1240 2756 1333 2791 plures
1358 2754 1480 2788 ejusdem
1509 2752 1653 2787 apostolici

869 2804 1017 2831 conciones
1040 2802 1295 2837 disputationesque
1319 2801 1430 2835 scriptis
1457 2799 1580 2830 tradidit,
1606 2805 1656 2825 va-

870 2851 982 2885 riosque
1000 2848 1105 2888 redegit
1130 2849 1158 2876 in
1181 2848 1275 2875 libros.
1300 2847 1363 2874 Haec
1386 2846 1432 2873 ille
1454 2849 1531 2876 tanta
1555 2843 1654 2872 ﬁducia

872 2900 1000 2930 tantaque
1014 2894 1216 2923 asseveratione
1230 2892 1355 2926 allirmat,
1369 2895 1399 2919 ut
1411 2891 1488 2919 multi
1506 2890 1658 2927 scriptores
