1892 3105
215 164 287 194 H79

660 158 687 188 8.
705 157 902 187 CLEMENTIS
919 158 929 186 l
946 156 1030 187 κοιι.
1047 157 1150 187 ΡΟΝΤ.
1168 158 1285 188 OPERA.
1301 158 1416 187 DUBIA.

1783 162 1845 193 H80

215 224 307 251 varias
330 220 455 255 ejusdem
485 219 579 255 operis
606 218 758 246 sententias
782 217 870 253 ipsius
899 216 1010 244 nomine
1023 219 1047 248 Α
1060 221 1123 244 nota
1139 217 1166 244 in
1177 217 1232 244 illis
1244 225 1369 252 expressa
1388 217 1528 252 reperitur.
1545 217 1580 245 Et
1591 217 1738 247 Clementis
1749 221 1848 256 quidem

215 270 320 304 absque
338 267 395 295 ullo
408 266 540 301 scrupulo
558 266 647 292 citare
666 272 721 291 non
735 264 932 291 dubitaverint.
947 262 1007 290 Pri-

214 323 277 343 mus
292 315 364 342 inter
377 320 426 340 eos
445 312 527 339 nobis
550 311 672 338 occurrit
685 309 829 345 Origenes,
845 309 890 344 qui
904 309 955 337 hos
973 309 1007 336 li-

214 362 280 390 bros
301 360 342 388 sic
363 358 477 386 laudat:
492 358 557 385 Tale
580 356 682 392 aliquid
698 356 763 384 dicit
784 361 810 383 et
822 355 916 383 Petrus
937 353 1008 388 apud

214 405 384 436 Clementem,
407 403 532 438 quoniam
557 401 625 428 bona
648 409 726 436 opera
740 409 799 436 quc
810 400 877 435 ﬁunt
894 408 910 426 a
921 399 1008 434 ﬁdeli-

214 452 262 478 bus
274 451 309 480 .in
328 450 376 476 hoc
395 449 493 476 seculo
514 448 552 475 eis
574 451 684 482 prosunt
710 446 750 478 “,
766 450 821 474 etc.
845 445 918 474 Alibi
943 452 1009 472 vero

213 495 288 523 aliud
301 494 494 529 fragmentum,
505 493 645 529 superiore
656 494 735 529 longe
745 494 887 528 prolixius,
901 494 928 522 in
939 494 998 527 haec

212 541 358 575 esscripsit
382 539 464 568 verba
478 539 522 566 "z
546 538 579 566 Et
604 539 722 567 Clemens
750 539 900 572 Romanus,
922 539 997 567 Petri

213 587 326 621 apostoli
339 586 496 621 discipulus,
508 586 536 613 in
548 586 615 612 lianc
626 587 794 621 quaestionem
804 591 828 613 et
841 586 997 613 sententiam

213 641 273 659 cum
285 637 360 667 patre
373 632 510 659 Laodicea
522 633 550 658 in
561 632 779 664 Circuitionibus,
791 632 820 658 ὲν
830 632 891 663 ταῖς
901 631 999 667 Περιό-

212 678 267 711 dots
280 678 393 711 loeutus.
409 683 461 706 etc.
476 678 516 705 Ab
532 683 642 705 auctore
661 682 751 704 autem
768 677 861 711 Operis
876 677 999 712 imperfe—

214 723 251 750 cti
265 724 292 750 in
304 722 461 750 Hau/neum
474 722 544 749 idem
556 722 651 750 titulus
663 723 706 750 his
716 722 793 750 libris
803 723 949 757 pmﬂgitur
957 723 996 750 “‘z

215 768 310 797 Petrus
323 770 395 804 apud
408 769 583 801 Clementem,
597 769 638 796 vel
653 778 659 796 :
675 768 748 796 Sicut
761 769 788 796 in
806 768 926 796 Historia
940 769 999 797 Cle-

215 816 309 842 mentis
325 815 420 843 Petrus
437 816 557 850 exponit.
571 814 619 842 His
633 815 742 850 adjungi
761 820 875 850 possunt
888 815 999 843 Αιιιιιει.

215 869 294 892 Inus,
310 860 478 888 Venerabilis
501 861 590 893 Beda,
617 866 715 889 auctor
737 861 860 888 Chronici
881 861 999 888 Alexan-

1058 271 1117 298 quae
1126 263 1252 298 genuino,
1265 268 1290 290 et
1303 264 1422 291 omnium
1441 272 1570 292 consensu
1588 269 1694 300 recepta
1711 267 1766 292 sint
1786 268 1851 293 scri-

1056 313 1103 343 pta
1111 309 1171 343 jam
1185 309 1252 337 satis
1266 309 1357 345 liquet.
1376 309 1455 338 Unde
1468 309 1593 339 Valesius
1612 310 1656 338 his
1672 311 1767 339 verbis
1782 312 1852 340 Petti

1057 360 1083 383 et
1116 354 1227 389 Apionis
1252 355 1446 391 disputationes
1473 357 1562 384 libros
1581 356 1801 392 Recoqnitionarn
1819 358 1853 387 alt

1060 400 1181 429 Eusebio
1197 401 1358 438 designatos
1367 403 1506 438 opinatur.
1521 402 1600 437 Quod
1616 403 1639 431 si
1655 404 1764 432 dixeris
1778 412 1806 432 ιιι
1820 406 1851 433 iis

1058 454 1113 474 non
1129 446 1245 474 inveniri
1258 455 1329 482 quas
1341 446 1476 475 Eusebius
1489 447 1514 463 ”
1533 447 1603 475 dicit
1616 446 1694 474 Petri
1717 452 1745 474 et
1774 446 1852 483 Apio—

1058 493 1100 519 nis
1110 492 1315 527 disputationes,
1330 493 1477 528 respondet
1492 492 1634 527 Ruﬁnum,
1658 493 1748 528 hujus
1763 495 1851 529 operis

1057 538 1246 574 interpretem,
1266 539 1320 566 alia
1334 546 1419 574 penes
1438 547 1468 567 se
1483 539 1613 567 habuisse
1634 539 1802 566 earumdem
1822 540 1852 566 li-

1057 583 1168 612 brorum
1183 585 1349 620 exemplaria
1377 585 1406 613 in
1420 585 1521 620 quibus
1531 585 1620 620 plura,
1630 593 1694 621 qua
1708 586 1740 613 in
1754 587 1852 613 nostris

1055 636 1215 664 occurrunt,
1231 639 1286 659 non
1301 631 1581 667 repraesentabatur.

1092 675 1289 705 Verumtamen
1311 677 1435 712 quandiu
1451 685 1505 705 non
1525 677 1677 705 exstabth
1697 678 1748 706 illa
1765 686 1852 706 exstas

1056 721 1153 756 plaria,
1172 730 1188 749 a
1202 722 1304 750 nostris
1321 726 1464 758 tantopere
1479 723 1679 758 discrepantia,
1699 724 1801 751 tandiu
1815 725 1852 751 in-

1055 770 1161 795 certum
1175 767 1228 794 erit
1244 772 1335 794 llli'tlm
1358 768 1386 795 in
1401 768 1442 796 eis
1457 768 1500 795 vel
1515 768 1543 795 in
1558 769 1620 796 aliis
1633 768 1766 803 ejusdem
1788 769 1851 797 scri-

1056 813 1144 848 ptoris
1173 813 1253 842 libris
1276 814 1318 841 lue
1341 813 1544 850 disputationes
1572 815 1786 847 contineantur,
1809 819 1852 842 aut

1057 859 1166 887 tandem
1183 859 1236 887 illa:
1255 860 1319 887 sola:
1337 860 1456 895 speciale
1475 860 1587 896 aliquod
1601 861 1737 889 volumen
1753 862 1852 890 consti-

214 907 297 939 drini,
311 906 462 939 Freculfus,
474 905 654 941 Nicephorus,
667 906 800 942 Georgius
813 906 962 939 Cedrenus,
973 911 999 934 et
1021 895 1043 922 Β
1057 905 1168 932 tuerint.
1183 904 1218 934 Ut
1230 909 1258 932 ut
1269 906 1318 938 sit,
1334 907 1476 934 nonnullis
1498 895 1616 935 forsitan
1632 907 1708 934 idetn
1720 907 1853 936 Eusebius

212 953 260 981 alii
278 952 414 984 nonnulli,
431 960 446 979 a
459 952 560 987 quibus
575 952 628 979 hoc
642 959 711 986 opus
728 950 824 978 eodetu
838 950 949 977 nomine
965 950 1007 977 iu-

213 1000 344 1035 signitum
356 1003 410 1027 est.

233 1045 302 1072 ‘Alii
327 1052 393 1073 vero
419 1043 487 1071 illud
518 1043 591 1071 inter
618 1042 775 1078 apocrypha
799 1042 939 1077 rejiciunt.
967 1042 1006 1070 ita

211 1093 286 1121 enim
302 1092 337 1120 de
351 1099 383 1119 eo
396 1091 491 1119 Patres
510 1090 620 1118 concilii
636 1088 752 1116 Romani
765 1089 817 1117 sub
827 1088 937 1117 Gelasio
951 1094 1008 1117 sta—

214 1143 299 1167 tuunt
312 1148 318 1166 :
336 1137 511 1165 [litterarium
526 1135 632 1163 nomine
647 1135 723 1162 Petri
739 1135 864 1170 apostoli,
876 1135 945 1171 quod
959 1143 1006 1170 ap-

211 1184 327 1220 pellatur
361 1183 447 1211 sancti
476 1181 618 1209 Clementis
647 1181 710 1208 libri
734 1180 1005 1217 octo,apocrypltum.

212 1231 267 1258 Pro
289 1235 348 1258 octo
372 1229 462 1256 critici
488 1228 637 1263 scriptores
661 1231 758 1262 putant
778 1227 923 1262 legendum
944 1235 1007 1255 csse

210 1277 309 1304 decem.
332 1275 436 1302 Auctor
457 1281 523 1302 vero
550 1272 753 1304 Sticnotnetrite,
783 1276 845 1308 post
859 1272 1006 1308 Nicephori

210 1321 512 1358 Constantinopolitani
538 1320 793 1355 Chronographiam
823 1320 924 1348 additae
946 1319 1006 1348 :Et

209 1378 268 1406 qure
285 1368 362 1401 Novi,
378 1369 483 1396 scilicet
497 1365 677 1396 Testamenti,
689 1370 751 1393 sunt
766 1366 937 1401 apocrypha:
953 1365 1005 1393 Iti-

211 1415 348 1443 nerariunt
361 1413 435 1441 Petri
450 1421 539 1440 versus
555 1412 636 1440 2700.
658 1412 822 1448 Agobardus
837 1419 948 1447 quoque
963 1411 1003 1440 ‘7:

209 1461 284 1489 Licet
314 1460 393 1488 iidem
417 1460 498 1492 libri,
526 1459 626 1496 inquit,
651 1459 704 1486 sint
726 1458 885 1493 apocryphi;
914 1458 1005 1492 plera-

209 1515 259 1543 que
275 1512 362 1534 tamen
377 1513 410 1533 ea:
426 1506 459 1532 iis
476 1505 626 1532 testimonia
644 1503 812 1531 inueniuntur
827 1510 843 1529 ιι
853 1502 1004 1529 doctoribus

1057 950 1145 978 libros
1158 950 1376 987 Recognitionum
1394 953 1504 980 nomine
1513 953 1595 980 Actus
1605 952 1683 980 Petri
1699 955 1853 989 appellasse

1057 996 1206 1029 videbitur,
1223 1004 1286 1024 cum
1306 997 1418 1032 scripsit
1427 997 1588 1025 ":Librutn
1611 1006 1692 1031 vero,
1709 1000 1758 1034 qui
1772 999 1852 1026 Actus

1057 1043 1133 1071 Petri
1146 1043 1255 1077 dicitur,
1267 1049 1293 1071 et
1305 1043 1478 1080 Evangelium
1493 1046 1551 1080 ejus
1563 1046 1669 1074 nomine
1681 1047 1852 1081 inscriptum,

1049 1089 1252 1118 Pra'dicationis
1277 1098 1377 1125 quoque
1395 1095 1419 1117 et
1427 1091 1602 1118 Reoelationis
1618 1091 1741 1126 ejusdem
1774 1093 1852 1119 libros

1057 1143 1105 1170 pro
1119 1135 1258 1162 catholicis
1273 1135 1380 1170 scriptis
1395 1144 1531 1171 nunquam
1545 1137 1651 1164 habitos
1664 1145 1726 1165 esse
1738 1144 1851 1166 constat.

1056 1181 1113 1210 Nec
1129 1182 1313 1210 vetustiorum
1328 1182 1475 1217 siquidem,
1492 1191 1544 1211 nec
1556 1185 1748 1212 recentiorum
1760 1185 1852 1213 Eccle-

1058 1228 1105 1256 sia:
1122 1228 1289 1264 scriptorum
1305 1229 1464 1264 quisquam,
1490 1230 1637 1266 desumpto
1658 1238 1692 1258 es
1717 1231 1756 1259 iis
1777 1231 1853 1258 libris

1057 1276 1214 1303 testimonio
1230 1283 1298 1303 usus
1310 1283 1432 1311 unquam
1449 1275 1535 1305 fuisse
1550 1277 1660 1312 legitur.
1677 1276 1742 1305 Non
1757 1285 1853 1306 sumus

1056 1322 1166 1357 quidem
1185 1322 1288 1355 nescii,
1324 1329 1373 1350 eos
1393 1322 1427 1350 de
1449 1323 1550 1358 quibus
1568 1323 1706 1352 Eusebius
1729 1324 1853 1359 disputat

1057 1368 1153 1401 libros.
1168 1369 1202 1397 ab
1216 1369 1347 1404 antiquis,
1364 1373 1394 1396 ut
1409 1369 1491 1404 paulo
1505 1373 1569 1397 ante
1581 1369 1713 1402 vidimus,
1732 1370 1853 1406 scriptu-

1056 1414 1132 1442 ribus
1156 1413 1241 1442 fuisse
1265 1415 1375 1442 citatos.
1398 1414 1527 1442 Attamen
1550 1422 1606 1442 non
1629 1415 1694 1442 inde
1717 1416 1853 1443 continuo

1056 1461 1150 1489 inferri
1176 1461 1267 1493 debet,
1290 1461 1378 1494 illum,
1402 1468 1458 1488 non
1483 1461 1519 1489 de
1542 1460 1709 1494 Clementis,
1742 1461 1794 1490 sed
1820 1462 1854 1489 de

1056 1507 1169 1535 alterius
1188 1507 1331 1542 cujusdam
1355 1507 1435 1535 libris
1459 1507 1582 1534 locutum
1607 1515 1678 1535 esse.
1699 1506 1774 1535 Nam
1790 1528 1800 1540 ,
1826 1512 1855 1534 at
1891 1516 1892 1519 η

209 1558 350 1588 usurpata.
377 1551 545 1579 Humbertus
569 1550 652 1578 etiam
666 1549 813 1585 episcopus
829 1547 918 1584 Sylva:
932 1548 1004 1576 Can-
1017 1564 1038 1593 ο
1056 1552 1207 1589 prudenter
1221 1553 1350 1580 observa;
1360 1552 1504 1587 Valesius,
1523 1553 1560 1581 ibi
1575 1554 1688 1586 enavit,
1706 1558 1735 1581 ει
1750 1562 1855 1582 meno.

209 1599 281 1628 dida:
294 1598 489 1627 “:Clementis
518 1597 593 1629 liber,
620 1596 648 1623 id
672 1600 713 1623 est
738 1594 911 1622 Itinerarium
927 1594 1002 1622 Patri

210 1645 324 1680 apostoli
347 1649 372 1672 et
394 1643 514 1672 Canones
537 1642 718 1678 apostolorum
741 1646 915 1669 numerantur
934 1642 1002 1669 inter

209 1691 369 1727 apocrypha.
398 1690 447 1717 His
477 1689 584 1717 accedit
610 1688 750 1716 Honorius
769 1686 1002 1723 Augustodunen-

209 1739 294 1767 sis":
307 1737 428 1766 Clemens
439 1737 580 1772 scripsit...
597 1734 773 1762 Itinerarium
785 1734 860 1761 Petri
873 1739 898 1761 et
909 1733 1002 1769 dispu-

209 1786 336 1812 tationem
350 1784 432 1815 Petri,
451 1786 476 1809 et
505 1783 627 1816 Arionis,
641 1786 666 1809 et
679 1781 764 1808 multa
779 1780 845 1812 alia,
860 1788 919 1816 qua
933 1780 1002 1807 inter

209 1830 357 1866 apocrypha
382 1833 564 1857 numerantur.
587 1829 657 1856 Ante
680 1835 728 1855 eos
748 1834 813 1854 vero
829 1826 999 1854 Athanasius

209 1877 313 1905 dixisse
328 1876 414 1904 fertur
423 1875 458 1901 ⁸⁸.
479 1875 579 1902 Iterum
595 1874 657 1901 libri
673 1874 743 1901 Novi
755 1872 926 1904 Testamenti,
942 1872 1002 1907 qui-

208 1923 256 1951 bus
273 1922 476 1953 contradicitur,
494 1926 556 1948 sunt
572 1920 706 1948 Circuitus
722 1919 806 1952 Petri,
822 1922 876 1946 etc.

474 1977 672 2005 ARTICULUS
691 1976 736 2004 Ill.

226 2025 297 2059 Quid
315 2024 454 2058 Eusebius,
468 2023 660 2058 Hieronymus,
679 2027 704 2049 et
717 2021 881 2056 Epiphanius
896 2020 928 2048 de
941 2020 982 2048 Itis

502 2059 578 2086 libris
594 2059 735 2085 senserint.

244 2107 423 2135 Arbitrantur
447 2104 573 2132 nonnulli
598 2103 794 2138 Hieronymum
818 2102 942 2130 eamdem
967 2103 1001 2131 de

203 2153 252 2181 illis
267 2153 343 2180 libris
361 2152 458 2179 tulisse
476 2150 652 2181 sententiam,
665 2149 711 2176 ubi
725 2148 795 2175 dixit
805 2149 827 2164 "
840 2158 847 2176 :
859 2147 934 2176 Libri
948 2157 999 2176 au-

208 2204 258 2226 tem
267 2208 280 2226 e
288 2199 381 2234 quibus
392 2205 459 2224 unus
465 2197 484 2223 Α
490 2201 591 2223 ctorum
598 2195 655 2230 ejus
662 2194 826 2227 inscribitur,
836 2195 906 2222 alius
914 2194 1000 2222 Euan-

1052 1600 1094 1628 ria
1109 1600 1204 1635 lapsus
1222 1603 1265 1627 est
1280 1598 1434 1633 Eusebius;
1450 1600 1552 1635 quippe
1566 1600 1613 1635 qui
1635 1600 1764 1628 eamdem
1776 1601 1854 1637 Apo-

1052 1646 1188 1682 calypsin,
1206 1653 1254 1674 seu
1266 1645 1461 1673 Revelationem
1475 1646 1561 1678 Petri,
1574 1654 1656 1682 quam
1667 1647 1713 1674 hic
1730 1647 1767 1675 ab
1777 1649 1854 1676 anti-

1051 1694 1116 1729 quis
1134 1692 1248 1720 citatam
1264 1696 1357 1728 negat,
1373 1692 1437 1720 alibi
1453 1700 1468 1719 a
1479 1692 1619 1720 Clemente
1637 1692 1748 1720 laudari
1761 1698 1854 1722 testa-

1051 1744 1097 1768 tur
1106 1740 1130 1756 "
1143 1749 1150 1768 :
1162 1739 1282 1768 Clemens
1303 1739 1331 1766 in
1346 1738 1421 1766 libris
1434 1738 1637 1775 Hypotyposeon
1651 1739 1729 1766 Petri
1743 1743 1855 1775 Apoca-

1053 1786 1140 1822 lypsin
1165 1784 1270 1813 laudat.
1294 1784 1406 1812 Certum
1433 1788 1476 1812 est
1499 1789 1630 1820 praeterea
1651 1785 1769 1816 librum,
1805 1786 1854 1822 qui

1052 1832 1217 1860 Prtedicatio
1229 1831 1305 1858 Petri
1326 1830 1499 1862 inscribitur,
1519 1831 1554 1857 ab
1574 1829 1690 1865 Origene
1704 1831 1729 1847 "
1744 1837 1772 1859 et
1787 1833 1854 1860 aliis

1051 1877 1193 1906 nonnullis
1205 1876 1292 1904 fuisse
1307 1876 1431 1904 citatum.
1443 1875 1536 1903 Potuit
1547 1884 1613 1912 ergo
1622 1875 1764 1904 Eusebius
1776 1883 1811 1905 et
1824 1878 1852 1905 in

1052 1924 1114 1951 aliis
1136 1923 1247 1951 duobus
1269 1921 1364 1954 libris,
1388 1929 1458 1956 quos
1482 1925 1690 1954 commemorat,
1717 1923 1853 1951 similiter

1051 1970 1152 2005 decipi.
1179 1968 1228 1996 His
1252 1972 1344 1996 tamen
1365 1968 1467 2003 opponi
1486 1971 1587 2003 potest.
1612 1967 1687 1995 illum
1706 1967 1743 1995 de
1767 1968 1852 1997 libris

1051 2023 1067 2042 a
1081 2015 1172 2047 Petro,
1188 2023 1244 2042 non
1263 2018 1355 2042 autem
1371 2021 1387 2041 a
1398 2013 1540 2041 Clemente
1559 2013 1671 2048 scriptis
1691 2013 1733 2041 ibi
1748 2014 1846 2050 displi-

1051 2065 1119 2089 tare.
1147 2061 1282 2089 Caeterum
1308 2061 1332 2089 si
1354 2059 1489 2088 Eusebius
1505 2060 1533 2087 in
1547 2060 1639 2088 allatis
1664 2060 1736 2088 locis
1758 2061 1849 2089 libros

1050 2107 1267 2143 Recognitionum
1288 2106 1438 2135 Clementis
1466 2106 1576 2139 laudat,
1604 2107 1668 2134 illos
1689 2108 1849 2142 genuinum

1049 2153 1201 2181 Clementis
1226 2161 1295 2189 opus
1319 2160 1382 2181 esse
1405 2153 1516 2188 penitus
1543 2152 1690 2180 inliciatur.
1724 2152 1757 2180 Si
1779 2162 1849 2182 rem

1051 2207 1145 2227 eorum
1164 2206 1220 2226 non
1240 2199 1375 2232 meminit,
1397 2199 1468 2227 idem
1482 2207 1514 2227 es
1532 2198 1593 2233 ejus
1603 2198 1714 2226 silentio
1731 2198 1847 2227 ducitur

206 2245 283 2280 gelii,
303 2243 394 2270 tertius
414 2241 656 2269 Prw-litationis...
668 2241 736 2268 inter
750 2241 912 2277 apocrypha:
930 2243 998 2269 scri-
1014 2244 1035 2271 ι)
1051 2247 1253 2278 argumentum
1278 2242 1374 2278 Neque
1396 2242 1469 2270 enim
1494 2242 1541 2269 ille
1565 2246 1621 2269 tam
1644 2242 1744 2278 longas
1766 2244 1846 2272 lucu—

205 2296 298 2326 pturas
325 2293 492 2323 rcpulantur.
523 2286 631 2315 Rursus
660 2294 725 2314 vero
749 2286 796 2313 ubi
820 2287 854 2315 de
879 2287 997 2322 ipsemet

206 2337 348 2363 Clemente
360 2334 473 2362 disserit
484 2333 523 2361 ἰι
536 2333 570 2360 Et
584 2333 729 2368 disputatio
737 2332 810 2359 Petri
823 2336 850 2360 et
873 2333 994 2368 Apionis,

206 2381 307 2416 inquit,
329 2388 409 2414 quam
424 2379 552 2406 Eusebius
572 2379 599 2405 in
622 2378 698 2405 tertio
712 2377 841 2405 Historite
868 2379 994 2406 ecclesia-

205 2428 280 2454 ειη-αξ
301 2425 432 2453 volumine
454 2424 586 2460 coarguit.
609 2423 642 2450 Et
658 2431 688 2451 re
703 2423 812 2458 quidem
834 2425 893 2460 ipsa
908 2424 994 2453 Euse-

205 2473 267 2500 bius
285 2473 314 2500 in
328 2471 438 2503 eodem.
455 2478 536 2506 quem
554 2469 734 2505 Hieronymus
753 2471 830 2503 citat,
846 2471 916 2498 libro
936 2471 993 2498 haec

205 2520 290 2547 habet
310 2519 353 2544 ":
379 2518 495 2551 Quidam
516 2525 596 2551 porro
616 2516 673 2543 alia
693 2516 774 2543 etiam
794 2524 872 2551 opera
887 2517 995 2550 prolixa

204 2565 253 2593 sub
274 2565 330 2600 ejus
354 2564 458 2592 nomine
483 2563 539 2590 heri
576 2571 608 2589 ac
637 2562 830 2590 nudiustertius
856 2571 883 2589 ιη
905 2565 992 2590 lumen

203 2612 387 2648 protulerunt,
410 2615 475 2646 puta
499 2610 571 2637 Petri
598 2614 625 2637 et
652 2609 764 2644 Apionis
787 2608 989 2643 disputationes,

203 2666 316 2694 quarum
336 2657 405 2693 apud
427 2658 549 2693 antiquos
565 2656 640 2683 nulla
655 2656 760 2683 omnino
777 2659 864 2682 exstat
881 2657 990 2683 mentio.

203 2705 295 2741 Neque
308 2705 378 2732 enim
394 2705 496 2731 sincera
511 2707 589 2730 recta:
601 2701 674 2738 ﬁdei,
687 2702 719 2729 ab
731 2702 859 2737 apostolis
873 2702 990 2736 tradita,

238 2777 260 2794 δ’
280 2776 399 2804 Tractat.
415 2775 488 2802 55in
502 2773 598 2800 Matth.
616 2776 677 2808 post
692 2773 761 2808 init.
789 2771 819 2808 1'7
831 2771 1064 2808 Pltiiocal._c._22,
1080 2773 1108 2799 in
1128 2772 1190 2800 line.
1228 2771 1338 2808 "_Cap.
1356 2772 1451 2799 l0-2i.
1489 2772 1512 2789 "
1530 2771 1594 2808 Lib._
1609 2770 1770 2808 Derludais.
1788 2780 1822 2799 s-

218 2813 318 2842 erstit..
334 2819 395 2846 cap.
413 2811 457 2838 16.
497 2809 520 2825 ⁸⁸
537 2809 566 2836 Ιιι
583 2805 761 2846 ζζεξιροιιεηρά
783 2805 932 2846 Nicet._lib.
970 2806 1070 2846 ‘3__Lib.
1086 2807 1124 2835 De
1138 2807 1238 2846 lumine
1247 2805 1365 2846 ρει-(ἐι,
1381 2815 1444 2846 cap.
1462 2808 1506 2846 ἆῤ.
1542 2807 1572 2846 ⁵⁸-
1584 2805 1615 2831 In

809 2841 832 2857 "
851 2841 919 2879 Lib._
929 2849 959 2879 ιιι
978 2841 1062 2879 Hist.)
1083 2851 1145 2879 cap.
1163 2843 1208 2871 58.
1226 2843 1270 2879 _“
1290 2842 1320 2870 in
1347 2841 1439 2879 eumd.
1468 2843 1533 2879 Eus.
1565 2843 1666 2870 locum.

205 2892 233 2910 ιιι
256 2882 340 2913 llist..
356 2877 416 2917 cap.
441 2882 467 2909 5.
517 2881 540 2898 ⁵⁵
570 2879 632 2908 Lib.
663 2887 689 2907 v1
719 2877 806 2911 ilist.,
835 2885 895 2913 cap.
910 2877 952 2904 li.
982 2878 1012 2918 ’⁸³
1036 2877 1126 2907 Τοιηί
1143 2887 1204 2913 sui,
1221 2877 1343 2912 Exposit.
1357 2878 1383 2906 in
1399 2878 1499 2914 Evang.
1514 2877 1613 2906 loann.

225 2850 261 2875 ib.
282 2847 320 2874 De
332 2843 423 2880 script.
439 2846 531 2873 cccles.
573 2844 610 2880 7"?
629 2843 696 2871 Eod.
714 2843 761 2880 lib.

202 2919 248 2950 zu,
266 2918 280 2952 δ
302 2918 343 2944 is.

1048 2289 1199 2321 brationes,
1212 2296 1282 2324 quas
1297 2296 1313 2316 a
1324 2288 1464 2316 Clemente
1479 2287 1618 2323 profectas
1632 2296 1694 2317 esse
1703 2295 1844 2321 tiortsset,

1045 2338 1102 2362 tam
1117 2336 1172 2363 alto
1185 2336 1275 2371 potuit
1285 2343 1406 2371 unquam
1419 2335 1560 2371 praeterire
1577 2335 1697 2364 silentio.

1081 2381 1187 2415 Quibus
1202 2386 1293 2409 antem
1309 2382 1475 2409 accuratiori
1489 2382 1631 2417 diligentia
1644 2382 1697 2410 hoc
1708 2382 1843 2412 Clemen-

1045 2428 1081 2456 tis
1095 2435 1165 2463 opus
1182 2428 1342 2455 examinare
1362 2427 1451 2459 licuit,
1465 2427 1484 2455 ii
1500 2428 1644 2456 certiorem
1658 2427 1693 2456 de
1713 2429 1766 2457 illo
1779 2438 1841 2458 sen-

1046 2475 1159 2502 tentiam
1176 2474 1276 2502 ferunt.
1293 2473 1350 2501 Hos
1364 2474 1844 2511 interEpiphaniustnenioriaaplv~

1046 2520 1116 2547 didit
1132 2519 1300 2548 Clementem
1321 2524 1446 2548 nostrum
1461 2521 1496 2548 de
1506 2520 1580 2548 Petri
1596 2521 1769 2550 Circuitibus
1791 2523 1843 2550 aii-

1045 2566 1112 2602 quid
1131 2574 1226 2594 revera
1244 2567 1356 2601 scriptis
1370 2566 1529 2598 tradidisse,
1544 2567 1591 2595 sed
1607 2567 1669 2601 ejus
1682 2569 1793 2603 scripta
1807 2569 1843 2596 ab

1045 2612 1182 2640 Ebionitis
1198 2613 1334 2640 haereticis
1352 2613 1422 2640 adeo
1438 2612 1524 2641 fuisse
1540 2617 1681 2648 corrupta,
1696 2617 1730 2639 ut
1741 2615 1842 2647 paucis

1044 2658 1117 2686 veris
1128 2659 1244 2691 relictis,
1256 2663 1354 2686 caetera
1369 2658 1423 2693 ipsi
1438 2658 1508 2686 falso
1519 2658 1713 2693 supposuerint
1721 2659 1760 2685 ³⁸ε
1770 2659 1841 2687 Seu

1043 2708 1070 2730 et
1083 2703 1132 2730 alii
1146 2703 1219 2736 libri,
1232 2703 1335 2739 inquit,
1348 2703 1445 2739 quibus
1461 2708 1582 2737 utuntur,
1599 2703 1669 2730 uelut
1679 2703 1759 2731 Petri
1775 2704 1840 2732 Cir-

1730 2828 1763 2856 δ’
1775 2841 1839 2870 Lib.

1684 2877 1706 2892 ³³
1729 2876 1837 2906 Haeres.
