1892 3105
44 165 100 194 “Si

44 221 117 247 cuiius
136 227 151 246 ι
167 218 296 247 Clemente
315 220 475 255 conscripti,
489 220 622 254 Περιόδοι
643 220 805 256 καλούμεναι
823 223 846 251 Α

44 266 151 300 Πέτρου.
166 264 222 297 Quo
239 265 266 291 in
282 265 362 296 libro,
385 265 476 300 paucis
491 266 558 293 veris
581 266 679 293 relictis
691 287 698 298 ,
714 271 807 293 ctztera

43 315 233 345 supposuerant;
248 310 467 345 quemadmodum
480 309 599 338 Clemens
621 311 675 345 ipse
688 311 808 338 omnibus

42 356 91 383 illos
111 356 192 383 modis
210 356 341 392 redarguit
357 356 391 383 iis
412 356 534 391 epistolis
550 356 736 388 circularibus.
750 365 809 393 quia

42 401 104 428 abeo
117 402 228 436 scriptu,
243 403 270 429 in
287 403 463 429 sacrosanctis
478 402 604 430 Ecclesiis
618 403 752 438 leguntur.
766 402 809 429 Ea:

42 448 122 483 quibus
137 453 239 475 constat
253 449 327 484 longe
346 449 378 475 ab
393 449 438 481 iis,
451 457 510 484 quia
529 449 556 476 in
572 448 737 476 Circuitibus
752 449 808 476 illis

42 494 79 521 sub
94 493 146 528 ejus
170 495 275 521 nomine
290 495 442 522 adulterina
460 499 579 528 exstant,
596 495 668 522 illius
685 495 762 529 ﬁdem
778 503 810 522 ac

42 548 171 567 sermonem
190 541 365 568 abhorruisse.
382 540 486 568 Etenim
498 541 676 576 virginitatem
690 541 809 568 Clemens

41 586 127 619 docuit,
141 586 187 613 isti
203 586 341 620 repudiant
357 595 367 614 :
378 587 423 613 ille
439 586 539 619 Eliam,
553 586 679 613 Daoidem
693 592 717 614 et
729 587 807 614 Sam-

41 641 134 663 sonem,
156 641 294 667 omnesque
317 632 456 667 prophetas
475 633 658 664 commendat,
679 631 811 660 Ebionitas

41 678 199 705 detestantur.
217 678 305 711 Quare
319 679 346 705 in
361 678 527 706 Circuitibus
543 678 602 705 istis
621 686 697 704 suum
718 679 752 705 ad
768 679 811 705 in-

40 724 147 751 stitutum
164 725 397 751 accommodarunt
409 725 507 758 omnia,
519 732 550 751 ac
561 724 592 751 de
603 723 681 751 Petro
692 724 811 760 plurima

39 766 156 793 mendacia
174 767 368 802 conﬁnxerunt.
391 766 548 801 Cujusmodi
570 771 608 793 est
628 767 696 793 inter
717 771 812 794 cretera

38 813 99 839 illum
124 813 290 840 castimonia
313 821 396 840 causa
422 813 534 845 lavisse,
559 813 628 848 quod
652 814 697 841 isti
725 814 812 849 facere

38 864 218 887 consueverunt.
235 859 302 887 Tum
314 859 346 886 ab
361 860 488 887 animatis
506 860 637 892 omnibus,
650 865 675 888 et
685 860 810 888 carnibus

576 160 861 190 RECOGNITIONES.
881 176 915 182 —
930 159 1115 189 ΡΒοίΕΜΙᾹ.

1577 161 1648 189 ηδε

860 216 976 244 homines
1002 217 1037 244 ad
1060 221 1232 244 assertsonem
1261 223 1414 255 aognratum
1437 226 1563 251 suorum.
1600 221 1649 247 sub

860 265 977 292 virorum
999 268 1153 292 sanctorum
1175 265 1279 292 nomine
1303 270 1428 300 tanquam
1456 265 1562 300 facilius
1592 274 1650 293 cro-

860 310 946 337 denda
975 310 1141 337 inseruerunt
1171 318 1218 343 ea,
1247 319 1305 346 qua
1336 312 1378 338 illi
1397 320 1443 339 nec
1470 312 1582 339 sensisse
1603 320 1651 339 nec

861 356 1001 391 scripsisse
1024 356 1147 383 censendi
1170 361 1242 384 sunt.
1273 357 1303 384 In
1333 357 1492 393 praefatione
1508 366 1573 385 vero
1594 365 1652 386 sua

860 402 1019 429 earumdem
1042 402 1176 431 librorum
1202 402 1439 438 interpretationis
1461 404 1520 431 haec
1547 404 1649 432 habet:

861 446 930 474 Sunt
946 451 971 473 et
987 447 1108 482 quaedam
1122 447 1155 474 de
1171 448 1287 483 ingenito
1301 447 1356 475 Deo
1373 449 1509 484 genitoque
1523 449 1650 483 dissertl.

859 497 884 519 et
903 492 936 519 de
956 493 1018 520 aliis
1038 493 1184 526 nonnullis,
1210 502 1279 529 quae,
1295 499 1324 521 ut
1335 495 1401 522 nihil
1419 496 1533 529 amplius
1550 495 1650 529 dicam,

860 544 1025 566 excesserunt
1047 539 1250 573 intelligentiam
1273 545 1403 568 nostram.
1429 541 1493 568 Harc
1507 549 1568 576 ergo
1590 546 1652 569 tan-

860 592 940 618 quam
951 591 1031 618 supra
1045 585 1112 610 oires
1127 592 1198 611 meas
1212 589 1314 617 essent,
1329 586 1391 613 aliis
1403 594 1538 613 reservare
1553 587 1650 620 malui,

861 638 940 663 quam
953 630 1039 656 minus
1052 630 1130 664 plena
1143 630 1271 664 proferre.
1297 630 1404 663 Quibus
1427 631 1473 658 ille
1489 632 1652 666 posteriori-

862 675 913 702 bus
933 675 1024 703 verbis
1050 683 1106 702 non
1131 675 1251 703 obscure
1277 676 1377 708 innuit,
1399 676 1458 704 haec
1483 678 1575 704 omnia
1590 685 1605 705 a
1622 686 1652 705 se

862 721 982 751 omissa.
1009 728 1060 748 nec
1076 720 1172 748 Latine
1201 721 1317 749 reddita.
1342 721 1438 750 Varios
1467 722 1579 758 insuper
1606 723 1652 751 ille

863 767 957 794 habuit
981 767 1185 802 manuscriptos
1208 767 1333 800 codices,
1357 775 1372 795 a
1387 776 1417 796 se
1433 769 1550 796 invicem
1573 769 1652 806 longe

862 814 998 846 diversos,
1014 817 1096 849 atque
1111 814 1139 840 in
1153 813 1317 848 quibusdam
1330 814 1474 846 nonnulla,
1489 822 1521 841 ac
1535 822 1568 842 ea
1582 823 1652 850 pra»

863 861 957 888 sertim
980 868 1041 895 quas
1056 860 1090 887 de
1105 860 1349 888 transformatione
1367 861 1460 888 vultus
1479 860 1651 889 Faustiniani

38 904 172 939 reliquoque
196 905 286 937 omni,
309 904 378 940 quod
403 913 482 932 carne
505 910 615 936 constet,
633 906 808 937 abstinuisse;
825 897 846 923 Β
860 905 1000 937 dicuntur,
1024 912 1079 932 non
1099 906 1255 933 occurrisse
1280 906 1429 933 observat:
1446 905 1525 936 Puto.
1549 906 1649 940 inquit,

38 952 142 983 quoniam
153 950 185 977 ab
201 951 235 978 iis
249 956 303 979 tam
320 950 403 978 Ebion
416 951 481 978 olim
492 959 572 987 quam
588 951 664 979 hodie
679 951 810 979 Ebionitas

36 1005 112 1024 ontnes
129 996 282 1024 abhorrent.
305 996 346 1024 Re
358 1001 448 1024 autem
466 1004 539 1028 vera,
560 997 587 1025 in
599 997 642 1025 his
657 998 735 1025 lihris
746 998 809 1024 dili-

35 1046 115 1076 genter
136 1042 300 1070 observatur
329 1042 438 1070 Petrum
469 1050 552 1071 mane
578 1043 689 1071 lavisse.
713 1043 744 1070 ln
765 1044 809 1072 his

34 1087 103 1115 etiam
110 1087 208 1116 Petrus
221 1087 325 1116 dixisse
340 1087 426 1115 fertur
435 1088 475 1114 ":
489 1087 573 1115 Panis
589 1088 653 1115 mihi
664 1089 737 1116 solus
749 1097 809 1116 cum

35 1134 108 1166 elisis,
129 1139 153 1162 et
174 1143 240 1162 raro
261 1134 341 1161 etiam
362 1142 422 1161 cum
449 1134 563 1161 oleribus
589 1135 617 1161 in
634 1142 684 1161 usu
703 1139 753 1162 est.
779 1134 809 1163 lu

34 1180 69 1208 liis
81 1180 193 1216 denique
208 1181 337 1209 Christus
364 1181 440 1209 solus
461 1181 562 1216 ubique
573 1188 656 1209 verus
672 1180 808 1216 Propheta

35 1225 110 1255 fuisse
134 1227 279 1255 asseritur.
305 1226 392 1255 Porro
418 1227 440 1254 si
464 1226 634 1262 Epiphanius
663 1228 807 1259 nonnulla,

34 1279 85 1306 quae
98 1274 124 1300 in
138 1273 181 1301 his
196 1273 276 1300 libris
301 1272 414 1300 minime
428 1277 588 1305 occurrunt,
618 1273 746 1300 retulisse
768 1273 810 1300 vi-

33 1314 125 1349 deatur,
143 1316 189 1344 ille
203 1316 328 1352 profecto
344 1317 372 1344 in
385 1317 510 1344 diversos
524 1317 558 1344 ab
570 1317 614 1350 iis,
635 1318 737 1353 quibus
751 1317 809 1345 Ru-

33 1362 93 1391 ﬁnus
106 1371 181 1392 suam
196 1365 282 1393 edidit
298 1365 463 1398 versionem,
480 1365 592 1394 codices
616 1366 747 1395 incidisse
766 1367 809 1395 di-

33 1409 123 1437 cendus
136 1413 188 1438 est.

282 1454 482 1484 ARTICULUS
500 1455 545 1485 IV.

125 1500 260 1530 Sententia
275 1501 364 1537 Rufini
377 1507 402 1530 et
414 1502 504 1530 Photii
514 1503 546 1531 de
558 1504 598 1531 his
615 1503 701 1532 libris.

62 1544 152 1600 gpinio
175 1548 301 1583 ejusdem
330 1556 438 1600 quoque
452 1548 545 1576 Ruﬁni
570 1554 623 1581 est,
645 1550 696 1578 hos
720 1550 807 1578 libros
819 1568 843 1600 ο

33 1600 46 1619 a
55 1593 186 1623 Clemente
201 1595 325 1622 Romano
335 1594 465 1630 pontiﬁce
487 1599 625 1631 exaratos,
641 1604 743 1633 eosque
757 1597 807 1625 de-

33 1643 146 1672 pravatas
160 1639 245 1668 luisse
260 1640 294 1667 ab
309 1640 462 1674 haereticis;
479 1641 526 1668 sed
540 1642 618 1677 plura
634 1650 715 1677 quam
729 1647 806 1678 putat

33 1683 195 1720 Epiphanius,
220 1686 335 1720 integra,
347 1690 375 1713 et
389 1686 423 1714 ab
438 1686 498 1721 ipso
512 1687 653 1715 Clemente
666 1696 730 1715 vere
742 1697 806 1724 pro-

32 1729 103 1762 tecta,
116 1731 141 1758 in
157 1732 191 1759 iis
204 1739 256 1759 suo
270 1734 391 1766 tempore
410 1731 567 1759 occurrisse
590 1736 719 1759 testatur.
739 1732 805 1767 Ejus

31 1776 115 1808 verba,
128 1777 190 1804 licet
206 1777 289 1812 paulo
303 1777 463 1811 prolixiora,
480 1777 544 1812 quia
561 1777 595 1804 ad
610 1785 667 1805 rem
681 1781 805 1805 nostram

32 1828 78 1848 non
92 1830 185 1858 parum
215 1823 330 1854 iaciunt,
346 1823 390 1850 hic
402 1823 610 1852 transcribenda
624 1831 684 1852 esse
699 1824 806 1859 putavi-

33 1875 85 1895 mus
98 1869 129 1894 ":
145 1869 282 1900 Clemens,
305 1869 413 1903 inquit,
439 1869 620 1903 apostolorum
647 1869 804 1904 discipulus,

31 1915 70 1947 qui
83 1914 204 1942 Romanas
221 1915 346 1943 Ecclesia:
362 1921 421 1950 post
441 1917 574 1951 apostolos
590 1921 614 1943 et
630 1916 766 1951 episcopus
780 1921 806 1943 et

32 1964 123 1995 martyr
134 1961 252 1995 prefuit,
272 1960 352 1988 libros
365 1960 458 1994 edidit,
471 1962 516 1997 qui
531 1961 621 1989 Grmce
638 1962 806 1996 appellantur

38 2003 258 2043 Ἀναγνωρισμός,
269 2006 296 2033 id
315 2005 569 2042 estBecognitio;in
590 2007 682 2043 quibus
702 2016 761 2034 cum
774 2015 807 2035 es:

33 2058 133 2084 persona
145 2051 218 2079 Petri
230 2052 344 2086 apostoli
354 2052 477 2079 doctrina
494 2053 571 2088 quasi
588 2061 646 2080 vere
660 2054 807 2087 apostolica

33 2095 55 2121 in
70 2104 143 2131 quam
159 2098 281 2131 plurimis
295 2103 452 2131 exponetur.
469 2099 498 2125 in
512 2098 643 2134 aliquibus
663 2099 702 2126 ita
715 2098 806 2127 Euno-

32 2142 72 2167 ntii
81 2141 172 2178 dogma
181 2144 321 2175 scribitur,
337 2149 366 2170 ut
386 2144 453 2171 nihil
466 2144 540 2171 aliud
553 2153 632 2180 quam
645 2145 699 2179 ipse
714 2144 806 2173 Euno-

32 2189 91 2214 mius
111 2189 246 2222 disputare
268 2191 401 2222 credatur,
420 2190 522 2217 Filium
541 2190 591 2218 Dei
610 2196 759 2218 creaturam
773 2200 805 2219 ea:

860 950 929 986 quod
945 955 970 977 te
983 958 1035 977 non
1051 951 1134 978 lateat
1145 950 1287 978 Clementis
1301 951 1380 985 hujus
1395 952 1422 978 in
1435 950 1526 978 Gra'co
1534 951 1652 985 ejusdem

860 996 945 1031 operis
970 995 1171 1029 Ἀναγνώσεων,
1195 995 1244 1023 hoc
1266 1000 1305 1023 est
1326 995 1565 1031 Recognitionum,
1582 997 1651 1024 duas

858 1041 986 1069 editiones
1011 1041 1113 1073 haberi,
1136 1046 1160 1068 et
1180 1041 1233 1068 duo
1253 1049 1363 1076 corpora
1386 1050 1443 1069 esse
1468 1042 1606 1075 librorum,
1622 1043 1652 1070 in

859 1088 1005 1123 aliquantis
1021 1087 1126 1122 quidem
1140 1087 1257 1121 diuersa,
1270 1088 1298 1114 in
1316 1088 1408 1115 multis
1431 1093 1517 1115 tamen
1534 1088 1651 1122 ejusdem

859 1134 1025 1161 narrationis
1039 1133 1173 1168 :dettique
1188 1141 1251 1168 pars
1275 1133 1371 1160 ultima
1394 1133 1474 1168 hujus
1501 1135 1598 1168 operis,
1624 1135 1652 1162 in

858 1187 910 1214 qua
922 1178 954 1206 de
968 1179 1203 1214 transformatione
1219 1179 1335 1207 Simonis
1346 1179 1470 1214 refertur,
1482 1180 1511 1207 in
1522 1189 1574 1208 uno
1588 1189 1650 1207 cor-

856 1232 919 1258 pore
935 1224 1056 1257 habetur,
1081 1226 1109 1252 in
1134 1225 1188 1252 alio
1210 1233 1262 1252 non
1280 1224 1402 1253 habetur.
1424 1225 1516 1253 Monet
1533 1225 1653 1261 denique

857 1269 1001 1305 epistolam
1025 1269 1173 1298 Clementis
1201 1270 1234 1298 ad
1244 1269 1376 1298 Jacoburn
1402 1269 1513 1299 fratrem
1530 1270 1651 1304 Domini,

859 1322 920 1349 qua:
941 1314 1007 1342 huic
1026 1314 1103 1350 operi
1128 1315 1239 1350 praeﬁxa
1259 1320 1328 1347 erat,
1353 1323 1367 1343 a
1382 1323 1412 1344 se
1427 1315 1515 1344 fuisse
1538 1320 1653 1352 praster-

859 1360 994 1388 missam:
1008 1360 1158 1395 Epistolam
1177 1369 1242 1388 sane
1264 1361 1291 1388 in
1307 1370 1359 1397 qua
1380 1361 1449 1389 idem
1466 1361 1597 1396 Clemens,
1617 1362 1652 1390 ad

857 1405 991 1433 Iacobum
1006 1406 1118 1442 fratrem
1126 1407 1235 1434 Domini
1250 1407 1413 1435 scribens....
1428 1407 1486 1435 ideo
1502 1408 1562 1435 huic
1580 1409 1652 1443 operi

858 1461 911 1480 non
923 1453 1087 1487 premium.
1099 1453 1161 1488 quia
1176 1457 1201 1480 et
1216 1457 1329 1488 tempore
1342 1454 1472 1488 posterior
1486 1460 1538 1487 est,
1552 1460 1577 1482 et
1588 1455 1652 1482 olint

858 1506 875 1524 a
890 1506 930 1525 me
950 1499 1124 1533 interpretata
1140 1502 1219 1533 atque
1230 1498 1313 1526 edita.

892 1542 1007 1572 Photius
1027 1551 1104 1576 vero,
1120 1544 1168 1579 qui
1188 1544 1282 1579 plures
1302 1544 1385 1572 etlam
1410 1544 1546 1573 habuerat
1569 1545 1653 1582 hujus

858 1589 949 1624 operis
970 1589 1081 1618 codices
1101 1597 1185 1617 manu
1198 1594 1338 1624 exaratos,
1350 1589 1385 1618 de
1404 1598 1438 1618 eo
1452 1592 1492 1619 sic
1505 1591 1601 1619 deﬁnit
1611 1592 1651 1619 “:

858 1636 980 1671 Epistola
1005 1637 1154 1672 prie/igitur
1179 1642 1307 1672 tanquam
1332 1636 1367 1663 ad
1384 1635 1515 1665 Iacobum
1540 1639 1652 1673 fratrem

856 1682 976 1714 Domini,
989 1687 1013 1709 et
1024 1682 1079 1710 ha’c
1091 1690 1173 1717 neque
1185 1682 1287 1715 eadem,
1303 1690 1385 1718 neque
1399 1688 1427 1710 ut
1442 1684 1474 1710 ab
1489 1686 1579 1711 eodem
1589 1692 1652 1719 pro-

856 1727 936 1762 fecta,
948 1727 993 1755 sed
1014 1728 1042 1755 in
1060 1727 1136 1755 libris
1149 1728 1287 1755 nonnullis
1307 1728 1389 1755 veluti
1408 1738 1425 1755 a
1438 1729 1518 1756 Petro
1531 1731 1651 1765 apostolo

857 1777 890 1800 ad
901 1773 1032 1801 Iacobum
1053 1775 1156 1802 missa:
1170 1776 1196 1802 in
1219 1775 1282 1803 aliis
1305 1784 1398 1803 rursus
1418 1781 1546 1812 tanquam
1563 1776 1651 1804 aCle-

856 1824 941 1846 mente
952 1819 986 1847 ad
996 1819 1173 1849 Iacobum...
1186 1820 1281 1847 harum
1296 1821 1370 1855 prior
1383 1821 1500 1849 ostendit
1511 1822 1650 1856 ipsummet

857 1865 968 1893 Petrum
983 1875 1024 1894 res
1039 1875 1056 1893 a
1071 1875 1098 1894 se
1117 1871 1205 1901 gestas
1228 1868 1417 1901 conscripsisse
1427 1887 1434 1899 ,
1451 1872 1476 1895 et
1486 1866 1588 1894 Iacobo
1603 1876 1648 1895 eas

856 1912 1005 1947 postulanti
1030 1913 1136 1939 misisse
1159 1920 1169 1940 :
1190 1912 1278 1939 altera
1307 1921 1366 1940 vero
1387 1913 1468 1948 refert
1490 1912 1649 1940 Clementem

857 1957 931 1984 Petri
953 1958 1033 1992 jussu
1064 1957 1170 1985 easdem
1198 1966 1239 1984 res
1270 1962 1357 1993 gestas
1388 1958 1484 1985 litteris
1514 1958 1647 1992 proditas,

855 2010 994 2040 postquam
1021 2004 1066 2031 ille
1086 2004 1146 2039 jam
1176 2004 1209 2031 ad
1240 2003 1419 2031 immortalem
1449 2006 1649 2039 commigrasset

855 2049 1246 2082 vitam,.lacobotransmisisse.
1274 2048 1316 2076 Es:
1328 2058 1379 2084 quo
1401 2049 1553 2084 conjectura
1574 2050 1649 2084 capi-

857 2102 900 2124 tur
910 2098 992 2129 fuisse
1006 2105 1047 2123 res
1058 2101 1145 2130 gestas
1159 2096 1188 2124 S.
1199 2096 1272 2123 Petri
1287 2095 1393 2128 editas;
1405 2102 1432 2123 at
1448 2105 1509 2123 cum
1522 2096 1648 2130 temporis

857 2143 1048 2178 longinquitate
1061 2143 1180 2177 periisset
1197 2144 1293 2174 altera,
1310 2142 1387 2169 illam
1402 2142 1546 2170 Clementis
1562 2142 1648 2169 solam

857 2188 1024 2223 perdurasse.
1048 2187 1083 2214 In
1103 2188 1223 2214 omnibus
1249 2188 1319 2214 enim
1344 2186 1429 2218 libris.
1454 2196 1518 2223 qttos
1544 2187 1648 2223 quidem

32 2233 103 2260 nullis
114 2236 277 2263 exstantibus
290 2244 453 2263 asseverans.
465 2236 532 2262 Tum
542 2235 634 2263 deinde
646 2237 726 2263 etiam
739 2237 806 2264 illud
822 2238 845 2267 Ι)
859 2234 923 2261 mihi
945 2234 1030 2261 videre
1050 2234 1161 2268 contigit
1180 2233 1246 2268 (non
1265 2241 1365 2268 paucos
1388 2233 1449 2259 illos
1468 2234 1567 2267 certe).
1589 2238 1648 2267 post

31 2278 145 2306 adulterii
156 2288 236 2315 genus
251 2281 386 2312 inseritur,
403 2285 433 2307 ut
447 2285 572 2308 naturam
583 2281 684 2309 diaboli
696 2287 806 2310 cwtero-

31 2332 129 2360 rumque
144 2326 293 2353 dwmonum
313 2335 365 2353 non
383 2327 514 2360 propositi
536 2327 729 2363 uoluntatisque
747 2337 806 2355 nta—

32 2370 92 2403 litia,
112 2372 156 2399 sed
176 2378 283 2407 excepta
303 2381 334 2400 ac
353 2378 477 2408 separata
503 2379 632 2400 creatura:
649 2374 805 2408 produxerit

31 2416 146 2450 qualitas,
164 2418 209 2452 qui
224 2417 313 2452 utique
331 2418 358 2444 in
373 2418 475 2444 cteteris
496 2426 598 2444 omnem
619 2418 805 2446 rationabilem

31 2461 146 2489 docuerat
179 2462 253 2489 libari
285 2464 391 2489 arbitrii
419 2463 546 2497 facultate
570 2464 707 2491 donatam.
739 2465 806 2491 Sunt

30 2508 101 2534 etiam
116 2509 243 2536 nonnulla
263 2510 337 2535 libris
353 2510 410 2544 ejus
427 2511 539 2540 inserta,
556 2519 614 2545 qum
629 2511 807 2538 ecclesiastica

31 2554 111 2587 regula
129 2555 233 2582 omnino
249 2564 301 2582 non
321 2556 424 2589 recipit.
452 2555 808 2591 Quid,qumso,apostolicus

31 2600 74 2630 Uir.
94 2601 145 2627 imo
158 2609 220 2635 pene
243 2601 379 2635 apostolus
400 2610 452 2627 non
467 2610 498 2627 ea
513 2601 605 2627 scribit
623 2611 678 2635 qum
694 2603 809 2636 apostoli

31 2645 128 2678 dicunt;
147 2647 188 2673 cui
204 2646 306 2673 Paulus
324 2646 458 2680 apostolus
475 2647 654 2673 testimonium
669 2647 740 2673 dedit
761 2648 805 2674 di-

31 2692 203 2720 cens:sCum
220 2693 349 2720 Clemente
369 2697 393 2719 et
413 2692 579 2726 adjutoribus
606 2694 669 2720 meis
691 2694 803 2725 cartcris,

32 2745 131 2769 quorum
147 2739 253 2766 nomina
266 2743 326 2765 sunt
345 2739 371 2764 in
391 2738 457 2764 libro
481 2739 559 2769 vitm;
573 2749 581 2763 ›
598 2744 622 2765 et
642 2739 740 2766 scribat
757 2740 804 2767 hac

32 2783 93 2814 quod
111 2785 185 2813 libris
206 2786 264 2814 uiue
285 2786 446 2813 contrarium
461 2786 572 2812 est?Au
593 2787 619 2812 ia
636 2787 722 2821 potius
744 2796 801 2813 cre-

34 2827 135 2857 dendum
157 2837 210 2865 est,
235 2831 304 2866 quod
331 2840 412 2866 supra
436 2829 569 2863 diximus,
595 2832 664 2866 quod
690 2833 803 2862 perversi

858 2281 977 2307 diuersas
1009 2280 1071 2307 illas
1093 2279 1238 2314 epistolas,
1262 2284 1339 2314 atque
1365 2279 1549 2313 inscriptiones
1578 2278 1647 2306 idem

859 2326 966 2354 omnino
993 2326 1049 2353 sine
1077 2325 1225 2352 variatione
1240 2324 1289 2351 hoc
1307 2325 1390 2359 operis
1420 2325 1526 2351 initium
1544 2326 1646 2359 reperi:

859 2382 869 2399 s
884 2372 938 2407 Ego
953 2371 1090 2402 Ctemens,
1104 2380 1114 2396 ι
1135 2375 1160 2397 et
1174 2378 1233 2405 qute
1248 2370 1340 2397 ordine
1355 2370 1475 2405 deinceps
1489 2375 1644 2406 sequuntur.

857 2418 991 2452 Refertum
1005 2422 1042 2444 est
1059 2421 1146 2443 autem
1158 2416 1207 2443 hoc
1219 2423 1282 2450 opus
1299 2415 1421 2442 absurdis
1434 2415 1511 2450 nugis
1525 2424 1576 2442 non
1589 2416 1647 2443 sine

858 2463 979 2497 plurimis
994 2470 1027 2489 ex
1042 2462 1099 2489 Arii
1113 2462 1236 2496 opinione
1250 2461 1276 2487 in
1288 2460 1390 2487 Filium
1405 2460 1644 2495 blasphemiis......

857 2507 923 2535 liber
939 2513 1026 2535 tamen
1041 2507 1167 2534 Actorum
1180 2507 1253 2533 Petri
1264 2507 1449 2541 perspicuitate
1461 2515 1492 2533 ac
1505 2507 1644 2542 gravitate,

859 2554 946 2581 adhuc
959 2554 1076 2589 puritate
1090 2558 1115 2580 et
1131 2553 1290 2580 vehementia
1307 2553 1419 2587 aliisque
1434 2553 1562 2580 orationis
1575 2552 1645 2578 doti—

860 2600 918 2632 bus,
934 2609 1022 2627 rerum
1044 2600 1105 2627 item
1122 2600 1257 2627 variarum
1277 2599 1399 2627 doctrina
1418 2603 1520 2626 tantum
1535 2599 1645 2626 Consti-

859 2647 978 2674 tutiones
1002 2651 1128 2681 superat,
1155 2646 1231 2673 nulla
1253 2650 1282 2671 ut
1303 2645 1349 2672 hos
1374 2646 1443 2672 inter
1462 2645 1642 2679 comparatio,

858 2693 893 2719 ad
913 2701 1057 2720 sermonem
1084 2692 1153 2728 quod
1181 2692 1285 2723 attinet,
1309 2691 1369 2726 ﬁeri
1398 2691 1547 2718 debeat.....
1564 2689 1643 2716 Hunc

857 2738 1016 2766 Clementem
1040 2739 1155 2765 alterum
1176 2747 1193 2764 a
1205 2737 1284 2764 Petro
1301 2736 1374 2763 urbis
1384 2736 1474 2763 Roma:
1493 2736 1642 2769 episcopum

856 2785 938 2819 fuisse
967 2785 1074 2819 quidam
1088 2788 1238 2815 autumant,
1255 2783 1303 2809 alii
1317 2790 1376 2808 vero
1390 2786 1530 2816 quartum;
1545 2780 1640 2807 Linum

855 2831 924 2859 enim
943 2834 967 2858 et
978 2830 1133 2857 Anaclctunt
1154 2830 1222 2856 inter
1241 2833 1379 2863 utrumque
1399 2828 1534 2862 pontiﬁces
1557 2827 1640 2855 exsti-

66 2900 87 2918 "
100 2900 158 2931 Lib.
170 2911 206 2933 vn
218 2904 311 2942 Recog.
351 2905 374 2921 °°
387 2904 447 2933 Lib.
463 2905 500 2934 De
513 2903 597 2932 adult.
614 2904 658 2931 lib.
680 2903 786 2938 Origcu.
826 2903 846 2919 “
866 2900 994 2930 Biblioth.
1008 2901 1067 2929 cod.
1082 2909 1145 2928 cxu.
