1892 3105
221 165 293 193 1183

665 162 694 190 S.
712 161 914 190 CLEMENTIS
930 163 938 190 l
956 161 1039 190 ROM.
1058 158 1158 189 l'ONT.
1176 159 1288 187 OPERA
1310 160 1423 189 DUBIA.

1776 162 1836 192 nu

220 227 293 257 tisse,
314 231 346 252 ac
364 223 440 251 tertio
458 222 561 249 demum
577 221 598 248 1'
599 221 689 255 raJani
709 229 779 248 anno
801 221 881 249 vitam
902 220 1002 255 ﬁnisse.
1018 223 1039 250 Α
1055 218 1153 247 Petrus
1176 218 1349 246 dialecticum
1372 217 1576 254 sophistamqne
1602 218 1638 246 ibi
1669 219 1742 254 agit,
1781 219 1837 254 ipso

219 270 290 298 Hinc
303 270 416 305 colligas
433 269 460 296 in
479 267 606 295 omnibus
621 266 709 294 Photii
727 266 868 295 codicibus
885 266 955 294 idem
973 273 1006 293 ac

219 318 247 345 in
261 316 341 345 editis
357 315 460 342 nostris
474 313 558 341 fuisse
574 313 665 347 operis
681 312 763 346 hujus
781 312 898 340 initium.
920 311 1006 339 Porro

219 367 309 390 autem
324 362 426 393 nullus,
443 359 481 386 uti
495 359 649 393 opinamur,
667 358 718 386 sibi
739 358 818 385 facile
831 358 1005 393 persuadebit

220 407 272 435 hoc
287 407 357 434 idem
371 412 441 440 opus
456 404 490 431 ab
503 403 689 430 eruditissimo
707 403 753 430 illo
768 403 827 429 viro
845 403 929 430 fuisse
943 403 1005 431 Cle-

218 454 303 481 menti
318 452 520 487 adjudicatum;
535 453 564 476 ut
577 453 639 484 pote
653 449 699 483 qui
720 449 786 476 illud
799 449 887 483 ipsum
903 451 1001 476 absur-

217 501 260 528 dis
274 500 354 535 nugis
368 503 395 526 et
406 498 570 525 Arianorum
584 495 761 530 blasphemiis
780 496 917 530 oppletum
940 503 1003 523 esse

216 550 341 574 testetur.

483 612 680 641 AﬂTlCULUS
699 611 731 640 V.

216 661 358 690 Sententitc
370 661 543 688 recentiorum
560 665 696 686 auctorum
707 657 738 684 de
748 658 788 684 his
801 656 887 689 libris,
899 661 923 684 et
940 656 1002 692 quid

424 695 455 722 de
468 695 560 722 iisdem
572 695 605 721 sit
619 693 793 722 sentiendum.

251 753 343 788 Neque
373 760 438 780 vero
461 753 625 788 scriptorum
650 752 834 779 recentiorum
860 750 1002 778 sententiae

214 800 306 827 minus
325 806 406 834 quam
431 798 617 834 antiquiorum
636 806 651 825 a
675 805 705 826 se
728 797 844 824 invicem
868 796 1002 824 dissident

213 853 361 880 secumque
376 844 546 872 discordant.
570 843 686 877 Quidam
709 843 780 871 enim
797 851 812 870 a
828 842 919 869 Ruﬁni
943 842 1002 877 opi-

214 892 295 919 nione
314 900 368 919 non
383 892 463 927 longe
490 891 610 922 abeunt,
630 894 659 918 ut
680 889 842 917 Lambertus
864 888 998 916 Gruterus
1013 890 1034 917 Β

214 937 367 966 Venradius
379 959 386 971 ,
403 938 449 973 qui
466 936 499 964 de
517 937 560 964 bis
578 937 655 964 libris
676 937 716 964 sic
739 936 823 964 sentit
840 945 847 963 :
865 935 1000 968 Quantum

213 983 247 1010 ad
270 983 497 1018 ltecognitionum
527 982 752 1010 Clementinarum
787 982 867 1008 libros
894 981 998 1011 attinet,

211 1037 256 1057 eos
281 1037 337 1056 vere
354 1029 481 1056 Clementi
497 1034 588 1056 nostra
603 1028 719 1060 ascribo,
737 1027 840 1054 tametsi
861 1031 998 1060 corruptos

208 1084 265 1104 eu:
280 1083 432 1111 agnoscam,
453 1080 482 1101 ut
497 1075 598 1102 dicetur
623 1075 707 1109 infra.
729 1073 763 1100 Et
777 1077 850 1101 certe
867 1073 998 1108 quasdam

211 1122 257 1150 ille
273 1125 348 1149 notat
361 1122 563 1157 corruptiones.
578 1121 676 1157 quibus
698 1128 731 1148 ea
752 1120 844 1147 omnia
860 1119 998 1154 subjungit

211 1176 272 1204 qua
287 1169 320 1197 de
337 1167 506 1195 Faustiniani
520 1168 611 1195 vultus
632 1166 873 1195 transformatione
898 1165 998 1192 ibidem

211 1215 348 1250 lcgantur.
375 1213 490 1247 Quidam
503 1219 594 1240 autem
619 1221 681 1240 cum
699 1211 865 1240 Bellarmino
885 1211 919 1238 ad
934 1210 999 1246 Epi-

210 1260 303 1295 phanii
314 1260 476 1288 sententiam
486 1260 573 1295 magis
589 1259 741 1292 inclinant;
756 1263 838 1293 atque
848 1258 898 1286 bos
913 1258 997 1286 libros

210 1306 246 1333 ab
274 1305 410 1333 haereticis
438 1305 509 1333 foede
537 1310 682 1340 corruptos
704 1312 765 1332 esse
779 1308 917 1333 asserunt.
944 1303 997 1331 Sed

210 1352 383 1378 communior
406 1351 523 1378 aliorum
546 1350 660 1386 hujusce
685 1351 816 1385 temporis
839 1350 998 1377 criticorum

209 1397 302 1432 opinio
316 1397 482 1425 Clementem
501 1397 633 1424 librorum
648 1396 756 1423 illorum
782 1400 920 1423 auctorem
935 1403 997 1423 esse

210 1447 302 1478 negat,
331 1443 500 1478 allirmatque
525 1443 585 1470 illos
605 1442 639 1469 ab
652 1442 743 1477 aliquo
769 1442 882 1470 secundi
904 1441 997 1469 saeculi

209 1489 343 1524 scriptore
363 1489 448 1516 fuisse
472 1489 645 1523 depravatos,
669 1495 772 1524 eosque
794 1488 911 1524 repletos
935 1495 997 1516 esse

210 1535 319 1567 fabulis,
337 1538 428 1571 nugis.
445 1535 572 1567 somniis,
589 1535 752 1567 mendaciis.
767 1539 848 1570 atque
860 1535 995 1563 sermoni-

208 1581 261 1609 bus
277 1581 563 1617 disputationibusque
580 1582 691 1617 ineptis,
712 1582 839 1610 absurdis
852 1586 880 1610 et
892 1582 996 1610 ridicu-

209 1627 261 1660 lis;
277 1635 308 1655 ac
322 1628 439 1664 denique
451 1629 478 1656 in
496 1629 529 1656 iis
547 1629 659 1663 reperiri
676 1628 858 1664 fragmentum
873 1637 907 1657 ex
924 1630 995 1657 libro

208 1673 373 1702 Bardesanis
398 1673 480 1710 Syri,
504 1674 637 1701 adversus
660 1674 784 1710 Abydam
808 1680 997 1702 astronomum

209 1720 301 1753 edito,
326 1720 437 1748 totidem
456 1720 548 1748 verbis
570 1721 777 1756 transcriptum.
800 1720 995 1756 Fragmentum

208 1771 298 1794 autem
314 1766 377 1794 illul
393 1767 428 1794 ab
443 1766 485 1794 his
500 1766 593 1794 verbis
608 1767 704 1802 incipit
720 1767 742 1782 “
759 1766 896 1802 :Denique
914 1767 996 1802 primi

208 1812 296 1846 Seres,
312 1814 356 1848 qui
371 1813 447 1840 initio
463 1812 533 1840 orbis
552 1817 640 1845 terra.
658 1817 713 1841 etc.

243 1859 302 1886 Jam
317 1867 382 1889 vero
397 1859 430 1886 de
443 1859 486 1887 bis
504 1860 583 1887 libris
604 1859 670 1895 quid
692 1860 876 1893 sentiendum,
893 1860 935 1888 vel
950 1860 995 1888 cul

207 1905 329 1941 opinioni
345 1905 537 1933 adherendum
549 1905 596 1937 sit,
615 1906 638 1934 si
654 1910 778 1941 rogetur,
795 1907 918 1934 dicemus
933 1907 995 1935 illos

207 1960 241 1981 eo
256 1952 348 1986 modo,
357 1960 412 1987 quo
426 1960 511 1984 nunc,
527 1956 554 1980 et
575 1959 591 1979 a
608 1955 649 1979 tot
672 1953 782 1981 saeculis
794 1957 995 1988 repraesentan-

207 2002 263 2031 tur.
290 1997 324 2026 ab
348 1997 488 2026 Clemente
514 1998 639 2025 Romano
671 1999 811 2034 profectos
837 2007 894 2027 non
921 2007 991 2028 esse.

207 2043 321 2072 Constat
336 2044 410 2072 enim
419 2051 590 2079 quaecunque
606 2044 639 2071 de
654 2045 805 2073 mutatione
816 2046 908 2074 vultus
923 2045 994 2073 Fau-

207 2090 331 2122 stiniani,
356 2094 383 2117 et
406 2093 500 2124 postea
524 2090 560 2116 ibi
585 2094 744 2122 narrantur,
769 2092 880 2120 omnino
897 2092 992 2119 ﬁctilia

205 2144 278 2168 esse,
303 2140 330 2164 et
346 2140 439 2171 aperte
457 2136 536 2163 falsa.
559 2135 593 2162 Et
615 2143 679 2163 vero
701 2136 744 2163 vel
769 2137 827 2164 sola
850 2137 993 2165 mendacia

206 2190 267 2217 quae
279 2181 360 2209 Petro
369 2181 555 2216 apostolorum
570 2181 687 2216 principi
704 2181 804 2210 ibidem
821 2183 991 2217 tribuuntur,

1056 265 1167 293 Simone
1181 264 1260 300 Mago
1272 265 1352 300 longe
1367 264 1555 292 subtiliorem?
1567 264 1638 297 Quid
1655 272 1722 293 vero
1732 264 1767 292 de
1782 265 1839 300 ejus

1055 311 1161 338 ratione
1176 310 1297 341 vivendi,
1312 318 1393 338 mane
1407 310 1547 346 surgendi,
1577 310 1784 345 disputationes
1798 312 1839 338 in-

1055 356 1185 384 stituendi
1196 361 1223 384 et
1237 356 1398 388 ordinandi,
1419 356 1448 384 in
1468 357 1550 384 urbes
1565 356 1751 392 ingrediendi,
1762 360 1842 392 atque

1054 404 1089 430 ab
1102 403 1138 431 iis
1147 403 1193 438 qui
1208 403 1338 438 baptilati
1352 411 1407 430 non
1419 407 1508 434 erant,
1525 411 1585 431 sese
1603 404 1766 438 separandi,
1789 404 1840 432 dici

1053 449 1161 484 potest?
1174 448 1270 476 Nonne
1286 449 1343 476 haec
1362 449 1454 476 omnia
1468 450 1559 484 operis
1575 449 1658 484 hujus
1676 450 1840 485 suppositio-

1053 502 1115 522 nem
1129 494 1271 522 evidenter
1286 495 1424 530 arguunt?
1437 494 1507 528 Quid
1519 495 1609 522 adhuc
1626 496 1718 532 magis
1735 496 1842 523 fabulo-

1053 548 1113 569 sum
1130 548 1212 576 quam
1230 548 1262 568 ea
1276 540 1425 576 disputatio
1444 549 1498 576 qua
1512 541 1614 577 singuli
1635 542 1774 576 apostoli,
1794 551 1840 570 suo

1052 587 1154 622 quique
1182 587 1297 619 ordine,
1328 591 1424 615 contra
1448 587 1599 623 Caipham,
1629 587 1839 620 Samaritanos,

1053 632 1184 665 Scribas,
1212 633 1338 668 aliosque
1366 633 1471 662 Iudaeos
1496 633 1656 662 decertasse
1682 634 1841 670 ﬁnguntur?

1053 678 1175 713 Denique
1189 679 1216 706 in
1233 683 1290 706 toto
1311 679 1357 706 illo
1373 687 1455 714 opere
1474 680 1563 707 nullas
1586 680 1839 715 deprehendimus,

1051 725 1112 759 ejus
1134 725 1180 752 cui
1207 725 1364 757 ascribitur.
1394 726 1524 753 nimirum
1549 726 1702 754 Clementis
1725 725 1839 754 Romani

1052 770 1201 805 pontiﬁcis,
1226 771 1414 806 apostolorum
1426 771 1567 807 discipuli,
1588 777 1670 800 notas
1692 773 1838 809 nullosque

1051 817 1235 845 characteres.
1260 817 1338 851 Quod
1355 817 1465 854 quidem
1480 826 1514 846 es
1534 819 1593 847 sola
1608 827 1695 854 quam
1715 819 1838 847 dedimus

1053 862 1134 898 hujus
1146 864 1236 899 operis
1252 864 1356 899 analysi
1375 864 1488 893 cuilibet
1508 873 1588 901 aequo
1611 873 1709 894 rerum
1722 867 1839 894 aestima-

1050 909 1104 936 tori
1121 908 1202 937 facile
1214 910 1386 945 probabitur.

1308 955 1508 984 ARTICULUS
1523 956 1568 985 Vl.

1051 1000 1124 1028 Nam
1146 1001 1246 1041 aliquid
1258 1011 1280 1041 a_
1287 1001 1418 1030 Clemente
1429 1003 1574 1037 profectum
1597 1003 1639 1031 his
1654 1004 1684 1030 in
1710 1004 1786 1031 libris
1800 1013 1841 1041 ss-

1082 1039 1180 1098 ρογξῐῖς
1195 1042 1219 1064 et
1234 1039 1293 1073 quis
1313 1046 1403 1066 eorum
1421 1043 1524 1072 auctor,
1540 1047 1570 1065 ac
1590 1047 1644 1074 quo
1659 1044 1781 1074 tempore
1790 1040 1840 1066 sint

1085 1079 1154 1106 scrip
1167 1080 1186 1099 ι.

1086 1117 1195 1150 Verum.
1216 1118 1335 1154 inquies,
1359 1120 1464 1148 nihilne
1487 1119 1559 1156 quod
1573 1120 1608 1148 ab
1620 1120 1684 1156 ipso
1702 1120 1839 1148 Clemente

1048 1163 1202 1198 profectum
1215 1165 1261 1197 sit,
1277 1170 1335 1194 toto
1352 1166 1379 1194 in
1391 1174 1473 1202 opere
1489 1167 1626 1202 reliquum
1643 1171 1689 1195 est
1705 1167 1841 1203 amplius!

1048 1207 1084 1236 Ut
1100 1210 1163 1238 huic
1186 1211 1331 1246 quaestioni
1355 1212 1402 1239 ﬁat
1426 1214 1506 1245 satis,
1522 1213 1734 1242 animadvertas
1763 1214 1839 1241 velim

1048 1263 1082 1283 e1
1096 1255 1130 1283 iis
1144 1264 1205 1292 qua:
1229 1258 1394 1293 protulimus
1416 1259 1553 1286 rationum
1569 1259 1725 1287 momentis
1739 1259 1838 1294 colligi.

1047 1309 1094 1330 eos
1117 1310 1134 1330 a
1157 1311 1222 1331 vero
1244 1304 1323 1340 longe
1348 1304 1477 1332 aberrare
1505 1305 1553 1340 qui
1578 1304 1733 1332 maximam
1759 1305 1840 1340 hujus

1047 1348 1137 1382 Operis
1161 1353 1282 1384 partem,
1308 1350 1396 1385 iisque
1419 1353 1526 1378 tantum
1552 1358 1613 1386 qua:
1641 1350 1837 1378 haereticorum

1047 1394 1181 1428 pravitate
1201 1395 1308 1431 adjecta
1328 1400 1402 1429 sunt,
1425 1397 1558 1432 exceptis,
1581 1397 1723 1425 Clementi
1746 1400 1839 1425 nostro

1047 1440 1256 1475 adjudicandam
1272 1450 1333 1471 esse
1346 1444 1526 1472 arbitrantur.

1081 1485 1120 1514 De
1145 1486 1289 1522 Epiphanii
1314 1495 1404 1517 autem
1431 1490 1577 1522 sententia,
1601 1498 1666 1525 qua:
1697 1490 1840 1518 haereticos

1048 1538 1133 1566 pauca
1147 1533 1190 1561 his
1205 1534 1232 1561 in
1249 1535 1336 1569 libris,
1351 1543 1366 1562 a
1381 1535 1520 1563 Clemente
1534 1536 1657 1572 scriptis,
1676 1537 1785 1564 intacta
1795 1545 1839 1564 reo

1047 1578 1160 1613 liquisse
1181 1582 1349 1615 pronuntiat,
1368 1583 1435 1610 certi
1456 1582 1558 1617 aliquid
1581 1583 1701 1611 delinire
1729 1583 1839 1613 difﬁcile

1045 1629 1097 1652 est.
1123 1626 1191 1653 Cum
1214 1627 1286 1654 enim
1307 1628 1427 1663 epistolm
1448 1629 1548 1664 quibus
1572 1629 1702 1657 Clemens
1732 1629 1769 1657 de
1797 1630 1840 1656 sui

1045 1671 1138 1706 operis
1161 1671 1235 1699 facta
1265 1673 1299 1701 ab
1320 1673 1455 1702 haereticis
1479 1676 1656 1711 corruptione
1680 1683 1840 1711 conquere-

1046 1716 1137 1749 batur,
1164 1718 1198 1745 ad
1220 1727 1270 1747 nos
1300 1720 1484 1755 pervenerint,
1509 1721 1634 1749 divinare
1657 1722 1760 1757 utique
1785 1730 1841 1750 non

1045 1770 1192 1798 possumus
1207 1772 1267 1800 quae
1283 1765 1339 1794 sint
1355 1766 1400 1793 illa
1414 1774 1501 1802 pauca
1516 1775 1577 1802 quae
1587 1767 1711 1795 haeretici
1731 1769 1842 1804 integra

1045 1809 1226 1844 reliquerunt.
1244 1810 1416 1847 Quapropter
1435 1813 1488 1840 nisi
1504 1821 1537 1840 ea
1563 1821 1650 1848 pauca
1664 1814 1745 1841 clare
1760 1815 1841 1850 sigil-

1044 1854 1176 1890 latimque
1192 1856 1424 1890 demonstrentur,
1446 1859 1527 1886 nobis
1548 1858 1658 1887 facilius
1680 1861 1840 1895 persuade-

1044 1900 1118 1928 bitur
1134 1901 1203 1929 nihil
1223 1902 1252 1929 in
1272 1907 1331 1931 toto
1350 1911 1432 1939 opere
1455 1912 1566 1937 sanum,
1588 1905 1637 1933 sed
1656 1906 1755 1934 omnia
1777 1915 1841 1935 cor-

1044 1949 1125 1981 rupta
1148 1954 1211 1975 esse
1228 1951 1255 1975 et
1269 1948 1427 1984 depravata.
1449 1949 1585 1978 Ceterum
1610 1952 1635 1978 si
1660 1950 1840 1988 Epiphanius

1044 2000 1131 2028 pauca
1160 1994 1283 2028 quedam
1313 2003 1363 2024 suo
1390 2000 1511 2032 tempore
1536 1997 1645 2025 sincera
1667 2003 1699 2026 et
1717 2001 1839 2035 genuina

1044 2041 1217 2075 compererit,
1233 2041 1279 2069 ille
1289 2042 1317 2069 ln
1329 2043 1407 2075 alios.
1423 2045 1457 2071 ab
1470 2043 1516 2076 iis,
1529 2044 1576 2080 qui
1586 2052 1660 2072 nunc
1670 2052 1837 2081 supersunt,

1044 2086 1152 2115 codices
1165 2089 1365 2124 manuscriptos
1386 2089 1517 2118 incidisse
1539 2091 1612 2118 haud
1634 2092 1783 2121 immerito
1799 2093 1838 2120 vi-

1043 2132 1134 2162 detur.

1078 2177 1163 2206 Porro
1177 2184 1268 2208 autem
1282 2182 1407 2216 quamvis
1421 2182 1553 2215 auctoris,
1570 2190 1585 2210 a
1604 2191 1660 2218 quo
1675 2191 1752 2219 opus
1770 2185 1834 2212 illud

205 2228 233 2256 id
256 2228 437 2255 invictissime
457 2227 657 2256 demonstrant.
680 2227 773 2263 Neque
789 2229 872 2256 etiam
892 2233 990 2257 caetera
1007 2220 1029 2248 Ῑ)
1043 2229 1202 2260 corruptum
1227 2227 1344 2261 Ρΐοάίίῑν
1373 2235 1472 2255 nomen
1498 2228 1630 2257 helenus
1658 2230 1834 2266 incognitum

206 2274 308 2306 omnia,
327 2282 389 2309 quae
403 2273 429 2301 in
446 2274 552 2308 reliquo
570 2281 652 2309 opere
675 2275 799 2310 legimus,
816 2275 903 2310 magis
928 2275 991 2303 Cle-

205 2322 289 2349 menti
305 2320 487 2355 adjudicanda
507 2321 586 2349 nobis
607 2321 743 2349 videntur.
768 2321 836 2348 Nam
859 2321 911 2349 iter
935 2321 989 2348 Ma-

205 2367 307 2398 thidiaa,
322 2367 450 2402 illiusque
466 2374 528 2394 cum
554 2366 616 2395 ﬁliis
641 2367 699 2395 suis
721 2366 817 2394 Niceta
842 2371 870 2395 et
892 2367 990 2402 Aquila

204 2412 386 2447 naufragium,
403 2413 442 2440 illi
457 2413 566 2440 tandem
591 2412 697 2440 fortuiti
721 2420 866 2446 occursus,
889 2413 990 2448 quibus

205 2466 266 2487 sese
277 2459 392 2486 invicem
407 2466 439 2486 ac
455 2462 559 2494 patrem
569 2466 650 2486 suum
662 2457 869 2486 Faustinianum
885 2459 990 2494 ipsum-

203 2511 258 2540 que
272 2504 438 2533 Clementem
454 2505 599 2540 agnovisse
610 2504 746 2536 feruntur,
764 2505 848 2539 plane
862 2504 990 2533 fabulosa

203 2554 232 2578 et
244 2551 329 2585 gratis
341 2550 403 2578 ﬁcta
419 2555 495 2579 snnt.
518 2550 572 2577 Fac
587 2554 678 2577 tamen
694 2557 726 2577 ea
741 2557 802 2577 esse
825 2551 968 2578 verissima
981 2559 989 2584 ;

203 2595 269 2632 quid
303 2600 393 2624 autem
424 2597 511 2631 magis
536 2603 551 2622 a
577 2595 818 2623 verisimilitudine
840 2596 989 2628 abhorret,

203 2649 285 2678 quam
310 2643 392 2670 verba
412 2646 439 2669 et
459 2649 600 2670 sermones
620 2649 691 2676 quos
714 2641 812 2670 Petrus
833 2642 865 2669 ad
882 2650 948 2670 suos
962 2646 990 2670 et

203 2688 237 2716 ad
261 2689 390 2724 p0pulum
412 2688 543 2715 habuisse
574 2687 751 2722 perhibetur?
785 2688 872 2721 Quam
898 2688 991 2716 multa:

202 2734 285 2767 enim,
303 2734 375 2762 Deus
386 2734 467 2764 bone,
485 2733 521 2760 ibi
545 2738 696 2761 occurrunt
709 2741 798 2769 nugae,
814 2734 933 2769 ineptiae.
947 2734 990 2761 fa-

203 2780 289 2808 bulati
305 2788 388 2816 quam
401 2779 488 2807 multa
505 2779 628 2814 puerilia,
640 2780 806 2815 perridicula
822 2785 849 2808 et
864 2782 984 2809 insulsal

202 2833 284 2861 quam
307 2825 386 2854 multi
406 2833 512 2854 errores
532 2830 614 2860 atque
631 2826 790 2854 mendacia?
812 2834 893 2862 quam
916 2827 988 2856 belle

274 2903 296 2918 ι’
315 2902 391 2938 Apud
406 2903 505 2932 Euseb.
521 2904 567 2933 lib.
586 2913 612 2933 νι
629 2905 717 2941 Ρνωρ.
734 2905 854 2941 erangel.

1042 2276 1125 2307 atque
1139 2272 1338 2308 incompertum
1354 2274 1447 2307 fuerit,
1463 2276 1528 2310 quia
1539 2279 1631 2303 tamen
1647 2276 1719 2305 illud
1737 2277 1834 2307 Graec

1042 2318 1159 2353 primum
1172 2320 1335 2354 composuit,
1350 2327 1412 2348 eum
1434 2319 1558 2348 Graecum
1575 2322 1726 2356 quemdam
1744 2324 1834 2351 homi-

1042 2372 1104 2392 nem
1118 2364 1204 2393 iuisse
1219 2373 1285 2393 vero
1304 2371 1377 2394 certe
1391 2370 1434 2394 est
1453 2375 1583 2402 perquam
1604 2368 1798 2398 simillimum.
1812 2370 1836 2398 is

1042 2417 1124 2444 porro
1152 2409 1313 2439 dialecticus
1339 2411 1391 2439 fuit
1413 2412 1625 2448 disputatorque
1652 2416 1835 2447 acerrimus.

1041 2458 1089 2493 qui
1112 2458 1202 2485 varias
1221 2458 1446 2494 philosophorum
1468 2459 1622 2495 opiniones,
1638 2462 1835 2498 astrologiam.

1042 2504 1246 2539 mythologiam,
1264 2512 1360 2533 omnes
1384 2512 1553 2540 paganorum
1573 2505 1680 2534 fabulas
1703 2507 1837 2544 allegori-

1041 2557 1142 2584 casque
1162 2557 1256 2578 earum
1278 2550 1526 2586 interpretationes,
1551 2559 1584 2579 ac
1605 2552 1698 2580 varias
1721 2554 1836 2581 tandem

1041 2596 1178 2623 variorum
1190 2596 1351 2631 populorum
1367 2597 1450 2632 leges,
1475 2604 1580 2630 mores,
1597 2599 1835 2628 consuetudines-

1041 2650 1095 2678 que
1117 2643 1240 2677 apprime
1270 2642 1396 2670 callebat.
1421 2641 1474 2670 Sed
1501 2643 1547 2671 ille
1576 2643 1778 2672 haereticorum
1805 2653 1835 2672 ac

1042 2688 1178 2723 praecipue
1194 2687 1383 2716 Ebionitarum
1403 2689 1544 2717 erroribus
1567 2690 1677 2717 omnino
1696 2690 1833 2720 addictus

1041 2738 1110 2766 erat,
1126 2739 1207 2770 atque
1220 2742 1269 2762 eos
1283 2735 1311 2762 in
1324 2735 1383 2762 suis
1407 2735 1645 2763 lucubrationibus
1670 2734 1792 2766 facilius
1807 2744 1834 2765 ut

1042 2781 1211 2817 propinaret,
1235 2781 1344 2809 easdem
1360 2782 1490 2809 ementito
1500 2781 1660 2812 Clementis.
1681 2783 1832 2817 apostolo-

1042 2835 1102 2855 rum
1120 2826 1264 2864 discipuli,
1278 2834 1377 2864 magno
1390 2828 1500 2857 nomine
1510 2827 1623 2857 inscribi
1639 2827 1740 2858 voluit.
