1892 3105
48 160 105 189 “85

560 157 725 187 RECOGNl'i
734 158 845 187 lONES.
863 174 898 180 —
917 158 1094 187 ΡΒΟαΞΜῙΛ.

1574 159 1640 188 “$6

76 218 182 252 Denique
196 223 249 252 quo
271 219 394 252 tempore
407 215 519 244 eosdem
539 216 600 245 illos
621 217 706 244 libros
721 217 748 244 in
765 217 805 244 lu-
819 222 842 250 Α
859 217 892 246 iis
907 225 954 253 qut
970 217 1031 245 illos
1043 217 1174 248 citarunt,
1197 216 1266 245 varii
1289 217 1361 244 titult
1374 216 1560 252 praeﬁguntur.
1581 218 1640 245 Ali-

46 274 94 293 cetu
112 264 165 300 ipse
187 263 318 295 emiserit,
343 262 424 298 paulo
449 262 597 298 proclivius
617 266 660 290 est
681 263 804 291 deﬁnire.

47 311 130 338 Verum
144 310 279 337 enimvero
294 317 355 336 cum
363 307 495 343 Origenes
506 317 560 336 non
571 308 659 337 solum
671 309 732 337 illos
738 310 805 336 cita~

47 357 111 388 terit,
127 356 171 384 sed
184 356 293 391 longum
307 355 389 383 etiam
405 363 438 382 ex
461 356 496 383 iis
513 355 717 390 transcripserit
733 355 806 390 frag-

45 406 270 434 mentum,constat
278 402 387 429 eosdem
399 400 516 436 Origene
527 402 586 436 ipso
597 409 658 429 esse
668 402 807 436 antiquio-

45 456 89 477 res.
99 447 151 475 Non
166 452 265 475 temere
283 448 365 483 igitur
378 448 415 474 illi
434 448 554 475 secundo
568 447 695 475 Ecclesiae
706 449 806 476 saeculo

46 496 67 523 in
81 496 169 530 vulgus
192 495 326 530 prodiisse
347 495 487 522 dicuntur.
512 494 589 527 Quod
612 494 722 529 quidem
742 494 807 523 inde

45 549 126 569 rursus
141 541 294 568 conﬁrmari
320 544 420 576 potest,
443 540 516 575 quod
534 540 703 568 Bardesanes
720 539 806 576 Syrus

45 587 105 614 aliud
117 595 231 622 quoque,
247 587 286 614 uti
305 586 434 620 diximus,
452 585 634 621 fragmentum
645 594 699 613 non
716 586 806 614 minus

44 633 180 668 prolixum,
205 633 233 660 in
251 640 331 660 suum
349 631 483 661 adversus
514 631 681 659 Marcionem
706 633 805 661 librum

43 679 175 706 transtulit.
194 678 261 706 Nam
285 678 453 706 Bardesanes
476 679 522 707 ille
547 679 621 706 hunc
633 679 758 708 eumdem
773 680 806 708 li-

42 724 108 751 brum
119 725 168 752 sub
185 724 290 752 Soletis
303 724 473 759 pontiﬁcatu,
489 724 570 760 paulo
581 728 643 759 post
656 725 805 754 secundum

42 771 154 797 saeculum
167 770 285 798 medium
305 770 424 798 Antonio
444 770 603 805 imperatori
626 773 804 807 nuncupavit.

40 814 90 843 Jatn
103 824 164 852 ergo
181 816 333 852 pervulgati
353 821 433 844 erant
454 816 493 844 illi
517 816 732 852 Recognitiouum
745 819 806 847 Cleo

41 862 203 890 mentinarum
218 862 290 890 libri.

279 918 477 948 ARTICULUS
495 919 551 949 Vll.

41 963 100 990 Nam
113 964 138 992 Iti
146 964 207 992 libri
227 965 263 992 ad
278 974 324 1002 nos
335 985 342 998 ,
366 967 457 1002 quales
476 966 509 993 ab
527 972 636 995 auctore
654 969 807 1002 prodierunt

66 1001 232 1037 pervenerint;
249 1009 280 1028 ac
295 1001 327 1028 de
343 1010 434 1029 eorum
452 1002 585 1037 utilitate,
604 1001 690 1031 titulis
700 1009 725 1032 et
747 1005 806 1032 edi-

67 1035 181 1064 tionibus.

67 1091 191 1120 Caterum
207 1093 235 1120 hi
251 1093 325 1126 libri,
339 1095 524 1129 quamtumvis
538 1094 686 1123 adulterini
705 1095 807 1124 fuerint

39 1141 60 1164 et
78 1139 203 1174 corrupti,
222 1139 258 1167 ad
282 1147 332 1168 nos
343 1144 434 1168 tamen
458 1142 554 1176 quales
578 1142 613 1170 ab
633 1146 745 1171 auctore
756 1150 808 1171 suo

39 1184 119 1219 scripti
133 1184 240 1213 fuerant
257 1194 310 1214 non
327 1194 485 1222 pervenere.
500 1188 571 1216 Nulli
583 1189 717 1224 siquidem
733 1197 808 1217 nunc

38 1236 169 1259 occurrunt
183 1240 279 1260 eorum
297 1232 383 1261 Graeci
398 1234 507 1262 codices
522 1236 718 1271 manuscripti,
737 1244 807 1272 quos

38 1285 80 1305 suo
93 1281 208 1314 tempore
223 1278 380 1314 frequentes
396 1279 481 1308 fuisse
509 1279 624 1309 Rufinus
638 1280 807 1317 Photiusque

38 1327 157 1352 testantur
167 1325 190 1341 ⁸³
209 1333 215 1351 :
234 1320 320 1353 solam
336 1325 468 1354 habemus
485 1326 566 1361 hujus
579 1327 670 1362 operis
682 1326 807 1355 Latinam

38 1370 173 1398 versionem
184 1370 288 1404 Ruﬁni,
304 1371 352 1407 qui
375 1372 479 1406 plures,
501 1376 531 1399 ut
550 1373 716 1407 monuimus,
731 1373 807 1401 locos

38 1416 202 1450 seomisisse,
225 1424 278 1445 nec
300 1416 397 1445 Latine
414 1417 528 1446 reddere
549 1418 670 1446 voluisse
691 1419 808 1454 ingenue

38 1460 164 1490 confessus
177 1466 230 1491 est.
252 1462 285 1490 Et
299 1471 328 1491 re
340 1463 451 1499 quidem
467 1472 530 1492 vera
551 1464 702 1495 Cotelerius
718 1466 745 1493 in
758 1473 806 1494 sua

38 1505 121 1534 horum
133 1508 266 1537 librorum
275 1510 395 1538 editione
410 1518 443 1538 ex
459 1511 547 1539 tribus
559 1519 626 1539 mss.
642 1511 805 1546 Sorbonico,

38 1549 152 1581 Thuaneo
165 1575 172 1588 ,
189 1559 217 1582 et.
239 1555 437 1584 Candeleriano
462 1557 583 1585 restituit
611 1558 804 1594 fragmentum,

38 1599 100 1631 quod
113 1599 176 1628 illud
191 1601 282 1636 ipsum
306 1609 368 1630 esse
391 1606 480 1638 putat.
503 1611 558 1639 quo
583 1609 680 1632 auctor
699 1610 805 1640 noster,

37 1646 97 1672 teste
112 1643 218 1680 Ruﬁno,
243 1646 275 1674 de
292 1647 408 1683 ingenito
432 1649 485 1676 Deo
500 1650 637 1686 genimque
658 1651 806 1686 disseruit;

37 1691 107 1724 atque
119 1691 178 1719 ideo
196 1693 272 1728 quod
285 1693 395 1722 Arianis
409 1694 522 1728 faveret,
542 1696 576 1724 ab
588 1697 683 1724 eodem
707 1697 807 1725 Ruﬁno

39 1733 68 1762 de
81 1736 208 1765 industria
224 1738 314 1766 fuerat
329 1741 553 1775 praetermissum.
580 1741 713 1770 Praeterea
730 1743 752 1771 si
768 1744 807 1771 ei-

37 1780 88 1808 dem
109 1782 203 1812 Ruﬁno
224 1784 376 1821 Pltotioque
391 1787 456 1814 ﬁdes
472 1787 603 1815 habeatur
620 1808 628 1820 ,
642 1788 669 1815 hi
687 1788 748 1816 libri
773 1790 807 1817 ab

38 1826 200 1858 Eunomianis
213 1835 242 1858 et
261 1830 379 1864 Arianis,
392 1832 552 1867 primigenio
572 1833 680 1860 illorum
697 1838 808 1862 auctore

36 1872 104 1908 longe
115 1877 321 1911 posterioribus,
335 1878 475 1912 depravati
489 1883 553 1906 sunt
564 1884 591 1906 et
606 1879 760 1908 adulterati.

66 1919 228 1958 Quapropter
252 1924 378 1958 quamvis
403 1924 484 1951 iidem
510 1925 573 1952 libri
601 1926 727 1953 maximae
753 1926 808 1954 sint

36 1968 207 2003 antiquitatis,
233 1970 322 1997 cautis
343 1975 434 1998 tamen
467 1970 700 2006 prudentibusque
721 1972 808 2000 oculis

36 2011 128 2047 legendi
141 2020 215 2049 sunt,
239 2016 339 2051 quippe
359 2016 407 2051 qui
431 2017 465 2044 ab
486 2017 520 2045 iis
542 2017 589 2053 qui
606 2026 716 2047 errores
741 2027 808 2047 suos

36 2065 133 2095 quoquo
144 2062 251 2089 tandem
268 2062 349 2090 modo
362 2063 541 2090 disseminarc
556 2065 707 2097 tentabant,
724 2067 807 2093 variis

34 2107 190 2140 temporibus
223 2114 347 2143 nequiter
380 2110 502 2145 corrupti
537 2109 649 2138 fuerint.
688 2111 809 2139 Possunt

35 2153 114 2178 tamen
125 2153 273 2188 aliquibus,
291 2162 345 2181 non
357 2156 469 2183 omnino
487 2156 717 2191 imprudentibus,
738 2166 808 2186 non-

35 2196 93 2224 nihil
117 2200 252 2228 utilitatis‘
268 2200 371 2229 idcirco
395 2202 520 2237 adferre,
544 2203 617 2238 quod
641 2203 808 2232 Christiana:

34 2241 161 2278 religionis
174 2247 299 2281 apologis
314 2247 369 2274 sint
384 2252 411 2275 et
425 2248 558 2283 defensio,
569 2258 624 2285 qua
644 2249 744 2278 fabulae
756 2259 806 2286 pa-

34 2294 165 2323 ganorum,
173 2291 338 2325 idololatria,
352 2294 496 2330 cultusque
508 2295 638 2324 falsorum
649 2298 805 2332 numinum,

35 2338 105 2368 atque
117 2343 212 2364 eorum
226 2338 273 2373 qui
287 2340 369 2367 astris
383 2341 558 2370 inﬂuentibus
572 2342 681 2370 fatalem
701 2343 806 2371 homini

35 2381 213 2410 necessitatem
232 2384 333 2419 imponi
349 2385 443 2414 dicunt
460 2407 467 2421 ,
483 2395 592 2416 errores
612 2389 808 2424 impugnantur

34 2428 57 2450 et
68 2425 251 2457 destruuntur.
274 2429 329 2459 Nec
352 2432 434 2460 etiam
448 2433 558 2461 inutiles
571 2435 683 2462 omnino
700 2435 734 2463 iis
746 2443 807 2464 esse

34 2475 150 2503 poterunt
165 2475 214 2510 qui
231 2477 320 2505 varias
342 2478 565 2514 philosophorum
585 2481 738 2515 opiniones,
757 2489 806 2508 va-

33 2516 81 2544 rios
100 2519 269 2549 diversorum
291 2524 455 2559 populorum
472 2533 563 2554 mores
581 2527 808 2555 consuetudines-

34 2570 79 2596 (ωε
115 2571 197 2602 atque
230 2569 389 2605 allegoricas
422 2571 578 2600 fabularum
612 2574 807 2609 explicationes

35 2609 158 2641 voluerint
173 2614 324 2644 addiscere.

66 2657 109 2686 His
127 2659 205 2689 libris
224 2666 251 2689 et
274 2662 302 2690 in
327 2666 522 2701 manuscriptis
541 2667 700 2701 codicibus,
731 2672 758 2696 et
772 2668 807 2696 ab

65 2735 84 2751 “
101 2735 128 2765 ln
142 2738 270 2769 Bibliolh.
285 2741 349 2770 cod.
361 2742 413 2770 U2
425 2747 453 2771 et
468 2744 534 2772 H3.

856 264 965 299 quando
976 264 1047 291 enim
1058 263 1199 291 Clementis
1212 263 1371 299 Recognitio,
1382 264 1424 292 vel
1433 263 1640 299 Recognitiones,

857 309 1000 337 Clementis
1018 309 1202 342 Itinerarium,
1216 310 1281 338 liber
1297 309 1454 337 ltinerarists
1467 310 1643 337 Prwdicatio—

857 356 898 382 nis
918 355 1002 389 Petri,
1023 355 1164 383 Clementis
1183 361 1267 391 gesta,
1281 356 1323 383 vel
1342 355 1474 389 Historia,
1495 362 1542 383 aut
1559 356 1643 384 Chro-

857 402 927 433 nica,
943 403 984 429 vel
1003 401 1145 435 Narratio,
1167 402 1314 437 aliquando
1336 410 1400 430 vero
1421 402 1492 429 Petri
1521 403 1642 438 Periodi,

856 449 898 475 vel
914 447 1058 480 Circuitus,
1072 449 1112 475 \‘cl
1125 448 1352 482 ltinerarium,vcl
1365 449 1445 475 Actus
1460 449 1641 484 appellantur.

857 494 876 521 li
894 502 976 530 porro
991 503 1024 522 ex
1044 495 1152 522 duobus
1174 503 1241 523 mss.
1270 503 1332 522 cum
1361 495 1445 523 variis
1470 503 1642 524 summorum

857 542 1038 575 quorumdam
1052 541 1209 577 pontiﬁcutn
1235 541 1375 576 epistolis,
1402 546 1515 569 curante
1538 540 1643 569 Joanne

859 587 1003 618 Sicltardo,
1026 595 1097 614 anno
1116 587 1185 615 {526
1199 588 1269 623 typis
1286 587 1350 615 editi
1364 593 1436 615 sunt.
1450 587 1546 615 Postea
1561 587 1642 615 Lam-

857 633 950 660 bertus
980 632 1113 660 Gruterus
1137 633 1290 661 Venradius
1316 635 1425 661 eosdem
1455 642 1552 661 rursus
1572 634 1643 669 typis

857 678 977 711 excudit,
995 683 1076 714 atque
1090 679 1116 706 in
1130 680 1171 706 cis
1193 679 1317 714 quiedam
1337 687 1366 707 se
1388 679 1548 707 emendasse
1569 679 1645 706 afﬁr-

858 729 924 752 mat.
957 723 1056 752 Verum
1083 733 1144 752 cum
1169 725 1213 752 ille
1235 725 1285 754 has
1305 726 1508 752 emendationes
1534 733 1587 752 non
1610 733 1644 752 ex

858 772 1054 807 manuscriptis
1070 779 1100 799 se
1114 772 1238 799 hausisse
1253 772 1362 804 dixerit,
1378 779 1425 799 eas
1438 772 1496 798 suis
1508 771 1643 800 duntaxat

859 817 1026 852 coniecturis
1039 818 1146 845 videtur
1160 817 1245 845 fuisse
1258 822 1411 845 assecutus.
1435 817 1473 844 Ex
1488 818 1540 845 hac
1552 823 1643 848 tamen

857 863 978 891 editione
1001 864 1028 891 in
1053 863 1218 891 Bibliotheca
1240 863 1409 899 Lugdunensi
1427 863 1454 890 hi
1470 863 1531 890 libri
1547 871 1644 891 rursus

821 909 844 942 B
858 909 953 936 emissi
967 914 1031 937 sunt
1044 910 1072 936 in
1090 910 1190 937 lucem.
1211 909 1365 937 Cotelerius
1387 914 1477 937 autem
1497 910 1558 938 illos
1581 918 1643 937 cum

857 956 987 991 operibus
1008 955 1131 989 Patrum,
1155 956 1202 991 qui
1226 957 1396 991 temporibus
1417 957 1575 991 apostolicis
1595 955 1645 984 ﬁo-

857 1007 982 1036 ruerunt,
997 1003 1130 1038 publicari
1150 1003 1249 1035 voluit,
1277 1003 1403 1038 hancqtte
1425 1003 1571 1030 editionem
1592 1010 1644 1037 ope

857 1057 906 1076 sex
931 1057 998 1077 mss.
1015 1049 1160 1081 codicum,
1186 1048 1318 1076 Sorbonz
1336 1049 1478 1081 nimirum,
1499 1047 1643 1081 Thuaneo,

857 1093 929 1122 Petri
941 1094 1107 1128 Candelerii,
1133 1094 1226 1130 Regis,
1254 1094 1328 1122 Petri
1347 1094 1440 1126 Petiti,
1462 1098 1489 1123 et
1510 1094 1645 1122 Carmeli~

858 1145 948 1168 tarum
976 1140 1211 1169 Discalceatorum
1238 1149 1268 1169 se
1295 1141 1444 1168 adornasse
1469 1140 1643 1169 testiﬁcatur.

857 1187 948 1214 Alium
961 1191 1092 1222 praeterea
1107 1187 1240 1221 codicem,
1253 1191 1315 1215 ante
1329 1195 1416 1215 annos
1428 1188 1645 1222 quadringentos

857 1237 1021 1266 exaratum,
1047 1241 1082 1262 ex
1105 1233 1272 1262 bibliotheca
1299 1233 1457 1261 Colbertina
1483 1241 1567 1269 penes
1593 1240 1645 1261 nos

858 1279 1014 1308 habuimus.

1109 1335 1308 1364 ARTICULUS
1328 1334 1396 1363 Vlll.

858 1382 897 1410 De
911 1383 992 1410 variis
1007 1383 1034 1409 in
1048 1382 1095 1410 hos
1112 1382 1195 1409 libros
1208 1383 1278 1409 notis
1292 1387 1316 1410 et
1327 1381 1564 1414 observationibus,
1578 1386 1602 1408 et
1613 1380 1646 1408 ds

984 1418 1046 1445 aliis
1062 1418 1137 1445 libris
1153 1419 1185 1445 ab
1201 1418 1291 1445 eodem
1308 1422 1417 1444 auctore
1430 1417 1519 1444 editis.

895 1463 1028 1492 Gruterus
1049 1464 1173 1499 quzedam
1199 1464 1227 1491 in
1245 1465 1296 1492 hos
1317 1463 1405 1491 libros
1418 1463 1506 1491 edidit
1528 1462 1644 1495 scholia,

858 1518 920 1546 qua
931 1518 981 1538 nec
996 1511 1087 1546 magni
1103 1514 1167 1538 sunt
1178 1510 1320 1542 momenti,
1336 1517 1386 1537 nec
1401 1510 1493 1536 multae
1507 1508 1644 1536 utilitatis.

859 1556 1055 1585 AtCotelerius
1078 1556 1214 1584 doctiores
1237 1556 1417 1591 utilioresque
1438 1555 1467 1583 in
1489 1555 1540 1583 hos
1561 1554 1646 1582 libros

821 1594 842 1624 (ἶ
859 1603 970 1639 scripsit
997 1607 1077 1631 notas
1101 1606 1129 1630 et
1151 1602 1357 1630 observationes
1370 1622 1378 1633 ,
1403 1601 1504 1636 quibus
1524 1600 1646 1628 auctoris

858 1653 950 1676 textus
966 1648 1113 1683 corrigitur
1125 1652 1151 1675 et
1162 1648 1304 1675 enodatur.
1316 1647 1407 1674 Monet
1417 1651 1506 1673 tamen
1518 1645 1646 1680 majorem

859 1695 1085 1731 Recognitionum
1116 1699 1230 1729 partem,
1253 1693 1323 1729 quod
1345 1692 1380 1720 ad
1402 1692 1532 1729 humanas
1557 1691 1645 1726 potius

857 1741 1014 1777 disciplinas
1031 1745 1158 1775 spectent.
1181 1748 1261 1776 quam
1282 1740 1317 1766 ad
1341 1738 1509 1774 theologiam,
1525 1738 1595 1764 notis
1611 1736 1646 1764 il-

858 1788 1001 1815 lustratum
1012 1795 1039 1814 δε
1053 1795 1105 1814 non
1119 1787 1206 1814 ivisse.
1226 1785 1286 1813 Non
1309 1792 1411 1820 paucas
1434 1788 1524 1811 tamen
1554 1783 1582 1810 in
1599 1789 1644 1811 res

857 1833 1061 1870 philosophicas
1071 1832 1157 1860 edidit
1169 1831 1432 1859 animadversiones.
1443 1829 1536 1864 Neque
1550 1828 1646 1856 forsan

856 1879 911 1906 alia
925 1879 1002 1914 plura
1019 1879 1054 1906 ab
1066 1886 1098 1906 eo
1114 1879 1259 1906 observata
1276 1877 1425 1905 lectoribus
1446 1876 1538 1904 minus
1551 1879 1644 1903 essent

856 1920 977 1961 jucunda
988 1925 1110 1959 etutilia,
1122 1925 1146 1952 si
1158 1932 1173 1951 a
1180 1924 1321 1959 proposito
1332 1923 1453 1951 auctoris
1464 1927 1538 1950 textu
1553 1921 1645 1949 rarius

857 1972 1055 2008 digrederetur.

894 2018 983 2046 Unum
1000 2018 1044 2046 his
1060 2017 1188 2046 omnibus
1204 2015 1371 2048 addendum,
1385 2021 1482 2050 nempe
1503 2018 1643 2041 auctorem

859 2069 994 2097 nostrum,
1008 2064 1031 2091 si
1044 2064 1125 2091 ﬁdem
1150 2064 1269 2098 aliquam
1291 2065 1439 2093 mereatur,
1459 2060 1552 2095 plures
1575 2059 1644 2086 alios

858 2117 891 2137 ex
907 2110 941 2138 iis
954 2118 1014 2145 quae
1028 2118 1043 2137 a
1057 2109 1139 2138 Petro
1153 2109 1276 2136 audierat
1301 2107 1387 2135 libros
1407 2105 1569 2134 confecisse.
1587 2103 1645 2132 Hos

858 2160 950 2184 autem
963 2157 1008 2184 ille
1024 2160 1151 2184 accurate
1160 2160 1302 2182 enumerat
1312 2153 1372 2188 (lib.
1396 2160 1415 2185 l,
1431 2159 1472 2184 Ill,
1488 2151 1525 2186 v),
1542 2150 1644 2177 librum

858 2201 897 2229 De
911 2210 970 2229 vero
988 2201 1133 2237 Propheta,
1154 2201 1253 2228 librum
1281 2199 1319 2226 De
1340 2197 1517 2234 prceﬁnitione
1541 2195 1598 2227 Dei,
1613 2197 1643 2222 et

823 2251 949 2295 Ddecem
961 2249 1029 2276 alios
1044 2249 1078 2275 ab
1098 2248 1191 2279 editis,
1216 2246 1434 2295 Recognitionum
1453 2244 1644 2295 libros‘,lqtto-

859 2303 920 2322 rum
931 2295 1037 2330 singula
1048 2295 1148 2330 promit
1158 2297 1317 2329 argumenta
1330 2301 1337 2319 :
1349 2291 1418 2319 alios
1433 2294 1524 2318 autem
1536 2287 1645 2315 libellos

859 2350 892 2370 ex
913 2341 987 2370 Petri
1012 2341 1045 2369 ad
1062 2341 1258 2376 discipulorum
1283 2345 1395 2366 suorum
1412 2337 1584 2369 ‘interrogata
1599 2339 1645 2360 re-

859 2390 968 2424 sponsis
984 2388 1159 2423 compositas.
1175 2386 1272 2414 Utrum
1287 2390 1378 2413 tamen
1393 2384 1420 2411 hi
1433 2383 1495 2410 libri
1508 2382 1537 2408 in
1555 2380 1645 2407 lucem

860 2435 1007 2470 aliquando
1036 2434 1130 2462 emissi
1156 2433 1259 2461 fuerint
1286 2431 1328 2458 vel
1354 2437 1425 2457 vana
1453 2424 1645 2455 tantummodo

860 2480 1003 2509 mendacis
1015 2480 1157 2516 scriptoris
1171 2478 1354 2506 ostentatione
1374 2476 1436 2503 ﬁcte
1455 2473 1645 2516 fallaciterque

858 2527 1045 2559 venditentur,
1059 2511 1087 2554 in
1100 2526 1212 2554 dubium
1236 2524 1333 2552 merito
1350 2520 1473 2550 revocari
1492 2521 1592 2555 potest.
1608 2511 1644 2543 At

860 2574 882 2601 si
895 2572 1042 2609 aliquando
1056 2572 1216 2608 prodierttnt
1230 2571 1259 2597 in
1269 2569 1420 2605 publicum,
1432 2566 1461 2594 hi
1483 2572 1539 2592 non
1550 2562 1643 2591 minus

858 2629 940 2657 quam
955 2620 993 2647 illi
1008 2620 1041 2648 de
1061 2620 1163 2655 quibus
1184 2618 1317 2645 hactenus
1341 2613 1557 2650 disputavimus,
1577 2616 1643 2644 sup-

859 2668 940 2704 positi
957 2671 1020 2695 sunt
1033 2671 1059 2695 et
1073 2663 1229 2695 adulteriui.
