1892 3105
245 145 316 174 “87

676 144 706 174 S.
726 144 926 174 ειιϋιεΝτιε
944 145 954 174 ἰ
974 146 1058 176 R0“.
1077 145 1180 175 PONT.
1200 146 1317 175 OPERA
1336 146 1450 176 DUBlA.

1814 147 1873 174 MSS

561 289 617 348 J.
669 274 734 346 Β.
779 288 1165 347 COTELERII
1207 288 1550 348 JUDICIUM

771 402 817 430 DE
847 401 963 432 LlBRlS
993 401 1327 432 RECOGNITIONUM.

597 483 708 519 (Patres
721 484 871 518 apostolici,
883 487 904 510 t.
917 483 940 516 I,
954 491 982 519 p.
998 483 1062 517 490,
1077 480 1290 511 ed.Amstalod.
1302 483 1383 516 172$,
1399 482 1505 520 in-fol.)

276 634 415 668 Quantum
431 642 465 662 ex
478 642 509 662 re
521 641 593 670 Ipsa.
608 638 731 662 veterum
751 635 928 668 testimomis.
942 643 974 664 ac
987 643 1032 664 re-
1047 637 1070 666 Α
1086 634 1226 662 Chronicis
1256 634 1410 664 Clementis.
1444 633 1562 663 Ruﬁnus
1590 642 1660 663 vero
1687 642 1825 670 perorans
1846 633 1873 662 ad

241 681 395 709 centiorum
409 680 521 716 iudieiis
531 680 660 716 colligere
672 681 746 715 licet,
762 681 825 708 libri
847 681 893 709 isti
916 681 1033 718 pseude-

242 727 368 762 pigraphi
379 731 444 755 sunt
456 731 484 755 et
499 727 658 763 apocryphi,
672 727 793 756 secundo
805 727 907 756 seculo
921 734 1034 763 compo-

241 773 288 801 siti
300 781 316 800 ε
331 774 390 802 viro
401 774 483 801 docto
496 773 606 809 quidem
621 774 700 808 juxta
721 781 754 802 ac
774 774 888 803 diserto.
898 773 947 802 sed
969 774 1032 809 phi-

241 819 357 855 losopho
385 820 471 856 magis
501 823 528 848 et
559 820 697 855 philologo
726 827 809 855 quam
838 820 976 855 theologo,
1003 819 1032 846 in

240 867 431 903 excogitandis
457 870 548 895 autem
569 866 820 902 connectendisque
842 866 913 894 ﬁctis
935 873 1030 893 narra-

238 914 362 942 tionibus
384 914 464 949 plane
492 914 563 941 rudi.
587 913 668 949 Isque
703 912 813 941 videtur
838 913 1032 949 plerorumque

240 964 289 988 aut
302 961 399 988 saltem
412 959 595 996 quorumdam
611 959 829 996 apocrypborum
842 966 952 994 parens,
971 966 1032 994 quae

240 1014 341 1035 nomen
366 1006 440 1034 Petri
465 1006 508 1034 vel
533 1006 682 1034 Clementis
707 1005 911 1042 praeferebant:
939 1005 1031 1041 qualia

238 1053 323 1080 etiam
337 1052 420 1080 Actus
437 1052 522 1084 Petri,
548 1051 677 1079 Doctrina
690 1051 776 1084 Petri,
793 1051 930 1079 Iudicium
944 1051 1029 1084 Petri,

239 1101 414 1136 Apoealypsis
437 1108 485 1129 seu
508 1099 642 1128 Revelatio
664 1100 748 1133 Petri,
770 1100 931 1128 Praedicatio
944 1100 1029 1133 Petri,

241 1146 414 1183 Erangelium
445 1146 531 1180 Petri,
567 1146 742 1179 Clementina,
767 1150 851 1182 atque
877 1146 1030 1181 Disputatio

241 1193 315 1221 Petri
334 1198 360 1221 et
385 1194 505 1228 Apionis.
534 1193 640 1227 Quibus
663 1201 738 1221 nunc
755 1193 825 1221 addc
835 1201 869 1221 ex
881 1198 1031 1229 conspectu

239 1238 360 1274 Operum
383 1239 418 1267 Β.
446 1239 476 1267 Ρ.
491 1238 607 1267 Joannis
635 1239 776 1268 Michaelis
804 1238 944 1269 Vsnslebii
967 1241 1028 1270 ord.

239 1284 464 1317 Prtedicatorum,
495 1285 645 1320 Epistolam
666 1285 741 1313 Petri
755 1286 790 1314 ad
801 1286 960 1316 Clementem
976 1288 1031 1316 lin-

239 1340 292 1368 gua
308 1332 476 1369 Ethiopicn.
500 1333 665 1362 Inscribitur
678 1341 749 1369 opus
761 1341 794 1362 ex
806 1338 863 1362 toto
874 1339 902 1362 et
915 1343 949 1363 ex
963 1343 1029 1371 par-

238 1380 325 1412 tibus,
352 1379 434 1415 idque
461 1380 504 1407 vel
524 1387 539 1406 a
553 1379 707 1413 Clemente,
731 1381 774 1409 vel
797 1388 813 1408 a
827 1381 919 1410 Petro.
932 1382 954 1410 A
968 1382 1031 1411 Cle-

239 1429 333 1453 mente
356 1428 482 1458 vocatur,
511 1424 654 1454 Clementis
677 1425 876 1463 Recognitiones
897 1431 926 1456 et
953 1427 1032 1456 Reco-

238 1472 501 1507 gnitio;Clementis
539 1471 725 1505 Itinerarium,
765 1472 856 1506 Gesta,
896 1473 1030 1506 Historia.

239 1517 379 1551 Ηίιιονῑω,
395 1517 528 1546 Chronica
544 1539 552 1551 .
565 1522 594 1546 et
606 1518 735 1547 Clemens.
747 1518 771 1546 Α
783 1518 876 1552 Petro,
892 1519 966 1548 Petri
979 1520 1031 1548 Pe—

238 1564 309 1592 τίς)άὶ
331 1568 359 1593 et
381 1564 554 1593 Itinerarium
570 1574 580 1598 ,'
596 1565 671 1593 Petri
685 1566 779 1600 Actus,
795 1574 846 1602 per
861 1566 1030 1595 Clementem

238 1611 356 1644 scilicet,
372 1612 418 1639 alii
433 1612 468 1640 ab
483 1612 597 1640 Actibus
621 1612 697 1641 Petri
725 1610 805 1649 quasi
819 1612 902 1641 Petro
916 1618 1029 1648 actore;

238 1663 265 1686 et
279 1658 431 1693 Disputatio
447 1659 521 1687 Petri
535 1668 595 1687 cum
608 1660 720 1695 Apione.
748 1664 823 1689 recte
834 1661 907 1688 enim
918 1664 1032 1696 putatur

239 1711 303 1739 pars
316 1712 379 1732 esse
394 1705 497 1740 operis.
521 1705 613 1733 Codex
635 1705 800 1734 Oxoniensis
815 1716 822 1734 :
838 1706 872 1734 Β.
886 1706 1030 1734 Clementis

240 1749 353 1778 Romani
371 1749 545 1779 Itinerarium
563 1754 598 1779 ad
619 1751 750 1780 Iacobum
775 1753 887 1788 fratrem
909 1753 1028 1782 Domini.

238 1796 449 1825 Carmelitarum
474 1797 703 1826 discalceatorum
725 1799 754 1827 in
774 1799 827 1827 hac
841 1800 929 1828 urbe:
947 1799 1030 1828 Itine-

238 1842 341 1869 rarium
352 1842 505 1872 Clementis.
519 1843 694 1872 Bibliotheca:
712 1843 850 1873 Thuaneaa
866 1854 874 1873 :
887 1844 966 1873 Liber
976 1845 1029 1873 Iti-

238 1889 361 1916 nerarius
377 1888 584 1918 Prtedicationis
599 1890 682 1918 Petri.
702 1890 754 1919 Ms.
772 1890 806 1919 V.
821 1891 857 1919 cl.
872 1890 947 1920 Petri
960 1892 1031 1920 Can-

237 1935 359 1964 delerii:
384 1935 465 1964 Gesta
495 1936 650 1965 Clementis.
678 1936 763 1974 Regis
785 1937 1027 1972 Christianissimi,

1083 681 1293 710 translationem
1311 689 1390 709 suam
1417 681 1690 709 Commentariorum
1714 681 1840 717 Origeuis
1852 682 1874 708 iu

1083 727 1234 763 Epistolam
1245 728 1279 755 ad
1292 726 1432 755 Romanos
1446 735 1502 755 non
1516 727 1627 762 quidem
1635 727 1722 762 juxta
1739 727 1873 757 editiones,

1084 781 1178 802 verum
1191 782 1226 802 ex
1240 774 1346 809 optimo
1361 782 1414 802 ms.
1438 773 1612 802 bibliothecae
1630 773 1773 806 Thoante,
1788 774 1828 802 sic
1841 773 1875 800 lo-

1083 821 1197 856 quitur:
1211 819 1279 848 Post
1306 820 1356 848 Itoc
1381 829 1447 848 sane
1470 825 1548 848 uocat
1569 829 1618 848 nos
1635 828 1718 855 opus,
1734 819 1807 856 quod
1820 820 1875 847 oli-

1083 867 1189 902 quidem
1209 867 1357 900 iniunctum
1377 871 1428 898 est.
1452 866 1498 895 sed
1523 875 1622 895 κακία
1637 866 1719 894 beato
1736 866 1875 895 Galati-

1082 914 1204 949 episcopo
1227 914 1399 942 vehementius
1416 917 1592 949 perurgetur,.
1610 912 1767 941 Clementis
1785 914 1876 941 uilici

1082 961 1198 988 Romani
1223 961 1350 996 episcopi,
1377 961 1560 995 apostolorum
1583 960 1692 987 comitis
1723 969 1759 987 ac
1780 968 1877 987 utau-

1083 1007 1165 1040 soris,
1179 1007 1212 1035 de
1233 1007 1418 1043 Recognitione
1438 1006 1511 1041 libri,
1533 1012 1561 1034 ut
1585 1007 1614 1034 in
1627 1006 1765 1034 Latinum
1780 1011 1875 1034 mtas-

1083 1059 1136 1082 tur.
1154 1053 1189 1081 In
1211 1062 1263 1089 quo
1288 1061 1375 1089 opere,
1400 1053 1464 1081 bene
1489 1053 1551 1080 noui
1574 1052 1647 1088 quod
1666 1052 1794 1080 laborem
1810 1052 1876 1080 labor

1082 1100 1260 1135 multiplicata
1280 1105 1352 1128 sorte
1375 1099 1510 1134 suscipiet.
1537 1099 1720 1134 Satisfaciam
1731 1107 1801 1126 sane
1815 1100 1840 1126 iu
1851 1106 1875 1125 eo

1082 1147 1177 1174 amicis
1198 1147 1273 1175 meis.
1296 1146 1372 1173 Dabo
1399 1146 1479 1173 titulo
1506 1154 1600 1174 nomen
1633 1154 1741 1178 meum.
1767 1145 1875 1173 auctoris

1082 1192 1254 1220 nihilominus
1280 1193 1408 1220 uocabulo
1433 1197 1611 1226 permanente.
1631 1191 1711 1219 Nam
1723 1191 1818 1226 Ruﬁni
1826 1190 1874 1218 Cl:-

1082 1248 1154 1268 mens
1178 1240 1346 1268 inscribetur.
1365 1238 1478 1268 Accedit
1498 1239 1532 1267 ad
1559 1239 1683 1267 nominis
1707 1239 1874 1268 varietatem.

1082 1286 1169 1314 multo
1192 1286 1307 1321 majoris
1332 1285 1466 1313 momenti
1489 1284 1635 1313 diversitas
1660 1287 1764 1311 textus
1780 1290 1876 1318 δαμείη

1046 1319 1068 1346 Β
1081 1332 1173 1360 versio
1189 1342 1196 1360 :
1211 1319 1286 1360 varie
1310 1332 1412 1368 quippe
1427 1336 1454 1360 et
1467 1331 1578 1359 miseris
1600 1330 1696 1358 modis
1718 1330 1875 1359 distractus

1081 1378 1198 1411 divisus,
1227 1377 1419 1413 interpolatus,
1448 1380 1558 1409 auctus,
1582 1376 1725 1408 minutus,
1758 1374 1875 1410 atquein

1081 1423 1274 1460 compendium
1299 1425 1427 1452 redactus
1451 1423 1513 1458 fuit,
1528 1431 1580 1451 nec
1593 1430 1651 1450 non
1668 1430 1725 1458 per
1739 1422 1876 1450 haereticos

1081 1474 1238 1506 corruptus,
1251 1470 1363 1498 insertis
1376 1469 1471 1497 multis
1491 1468 1632 1497 erroribus
1648 1476 1657 1502 ;
1672 1475 1803 1503 quorum
1823 1474 1877 1502 per-

1080 1523 1134 1547 tem
1162 1519 1259 1547 tollere
1282 1518 1360 1545 labor
1389 1517 1496 1545 exstitit
1507 1523 1572 1544 cum
1593 1514 1689 1543 Ruﬁni
1706 1514 1876 1550 interpretis,

1080 1569 1138 1594 tum
1148 1566 1220 1593 illius
1236 1565 1285 1600 qui
1299 1564 1442 1600 Epitomen
1457 1563 1534 1592 fecit.

1116 1611 1208 1640 Ruﬁni
1233 1610 1347 1643 Torani,
1367 1611 1435 1642 sive,
1459 1613 1490 1637 ut
1513 1609 1561 1636 alii
1583 1608 1742 1644 appellant.
1757 1607 1877 1636 Tenuit.

1082 1658 1221 1691 Torannii,
1256 1657 1402 1690 Turranii,
1434 1656 1574 1692 Tyrannii.
1600 1663 1664 1683 esse
1683 1655 1877 1690 prafationem

1080 1712 1143 1733 cum
1159 1704 1284 1740 sequenti
1297 1705 1423 1731 versione
1443 1703 1532 1739 stylus
1546 1703 1658 1734 clamat.
1669 1702 1878 1736 ostendunth

1081 1750 1250 1784 Gennadius,
1266 1750 1427 1782 Adhelmus,
1453 1749 1616 1778 Anastasius
1631 1747 1877 1776 Bibliotheca-int.

1080 1801 1164 1834 atque
1178 1797 1237 1833 ipse
1250 1796 1367 1824 Ruﬁnus
1384 1806 1392 1824 :
1407 1795 1529 1831 itemque
1553 1794 1794 1822 Excalceatorum
1821 1793 1879 1821 Car-

1080 1843 1235 1872 melitarum
1251 1842 1331 1875 liber,
1347 1841 1394 1877 qui
1405 1841 1446 1870 sic
1465 1840 1562 1876 incipit
1579 1848 1587 1868 :
1612 1839 1711 1870 Rufini
1736 1838 1892 1875 presbyteri

1079 1889 1204 1925 prwfatio
1217 1889 1252 1916 ad
1272 1887 1449 1916 Gaudentium
1475 1888 1624 1922 pontiﬁcem
1648 1887 1677 1914 in
1702 1885 1880 1915 Itinera-iul

1081 1935 1233 1968 Clementis,
1246 1935 1279 1963 ab
1288 1944 1318 1963 eo
1328 1942 1360 1962 es:
1375 1934 1465 1962 Graeco
1477 1935 1505 1961 in
1522 1933 1649 1961 Latinum
1663 1941 1842 1961 conversum.
1854 1931 1880 1959 Β

238 1986 265 2009 et
277 1980 410 2010 Sorbonae
428 1986 542 2014 nostrae,
557 1986 639 2016 atque
661 1983 736 2011 Petri
759 1983 840 2012 Petiti
866 1985 1029 2021 typographi
1043 1995 1066 2024 ο
1081 1986 1144 2018 post
1161 1982 1361 2018 praefationem,
1379 1980 1585 2015 Clementisque
1599 1979 1633 2006 ad
1648 1978 1800 2007 Jacobum
1829 1978 1879 2012 epi-

236 2027 305 2064 regii
319 2037 326 2056 :
340 2027 464 2056 Historia
488 2027 642 2058 Clementis.
666 2029 747 2058 Liber
772 2030 964 2059 Monachensis
985 2031 1028 2059 bi-

236 2072 401 2102 bliothecae:
418 2074 448 2102 S.
471 2073 602 2112 Martyris
631 2075 772 2103 Clementis
801 2077 917 2112 episcopi
936 2078 1028 2107 Roma:

238 2119 268 2148 S.
284 2119 360 2148 Petri
371 2119 498 2156 discipuli
512 2120 642 2149 Narratio
666 2123 750 2149 missa
769 2122 805 2150 ad
823 2122 953 2152 Iacobum
970 2125 1028 2160 fra-

238 2170 305 2193 trem
320 2166 439 2199 Domini.
452 2168 601 2203 episcopum
628 2168 883 2204 Hierosolymorum.
907 2170 1029 2200 Joannes

237 2211 427 2241 Antiochenus
444 2213 472 2240 in
486 2212 645 2249 Appendice
671 2213 780 2242 concilii
805 2214 982 2249 Basilcensis.
998 2215 1027 2244 in

1082 2029 1193 2061 stolam.
1205 2029 1337 2064 scriptum
1351 2027 1434 2056 habet
1450 2037 1457 2055 :
1471 2026 1610 2054 Itinerarii
1631 2024 1791 2053 Clementis
1816 2024 1880 2052 Petri

1081 2075 1196 2110 apostoli
1225 2074 1385 2103 successoris
1418 2073 1485 2101 liber
1503 2073 1605 2108 primus
1634 2072 1739 2106 incipit
1756 2081 1774 2099 α
1793 2071 1878 2105 Rufino

1082 2121 1229 2149 traductus.
1244 2120 1323 2154 Quod
1337 2120 1361 2149 si
1375 2119 1438 2155 quis
1456 2119 1586 2154 obiecerit
1608 2118 1767 2153 epistolam
1781 2116 1877 2145 Paulini

1080 2169 1126 2201 ι7,
1142 2167 1166 2196 is
1180 2175 1344 2203 responsum
1366 2166 1433 2195 feret
1445 2173 1496 2194 nec
1510 2166 1584 2194 illam
1606 2172 1670 2193 esse
1691 2165 1824 2193 indubia
1838 2170 1876 2190 su-

1081 2214 1228 2247 ctoritatis,
1242 2213 1369 2242 necinea
1388 2212 1554 2241 mentionem
1569 2211 1629 2239 ﬁeri
1645 2210 1875 2248 Recognitio-n.

618 2410 710 2467 DE
749 2409 1087 2469 AUGTORE
1126 2408 1482 2468 ANONYMO

498 2528 1013 2578 BECOGNITIONUM
1049 2526 1602 2576 CLEMENTINARUM.

276 2623 440 2664 (Gutum,
467 2622 526 2654 Vet.
551 2626 631 2655 Patr.
658 2627 693 2660 li,
721 2634 810 2660 nm,
827 2633 862 2653 ea:
887 2624 1171 2697 Ηὶσιονέἒέιίἒῗγθήα
1186 2624 1347 2660 Aquiteiensi
1362 2623 1397 2653 ν.
1411 2624 1443 2653 C.
1456 2623 1529 2652 Iusti
1551 2620 1717 2658 Fontanini,
1744 2622 1799 2653 lib.
1821 2634 1846 2655 r.

1037 2683 1044 2690 -
1097 2676 1117 2696 'I

837 2799 1026 2831 SYNOPSIS
1041 2798 1232 2831 CAPITUM.

273 2858 295 2895 ξς
310 2858 637 2895 Auctorrliecognitionum
650 2859 814 2895 inquifitur.’

275 2893 306 2923 ιι.
333 2894 458 2930 Ejusdem
475 2893 542 2924 auos
557 2893 695 2925 statuitur.
714 2894 769 2924 Cur
781 2902 844 2925 opus
855 2895 932 2924 titulo
945 2894 1161 2932 Recognitionum
1177 2894 1343 2932 inscriptum.
