1892 3105
51 153 106 182 1189

573 152 861 183 ιιιῑίιουΝιτιοΝΕδ.

877 168 913 174 --
930 153 1111 182 PROGIMIA.
1586 154 1650 183 I100

78 210 115 247 ill.
130 209 238 247 Censura
267 210 452 246 Gelasiipapte
461 210 494 238 dc
507 210 747 247 Recognitionibus.
778 211 871 247 Opem
898 212 1022 247 pretium.
1048 211 1148 239 Auctor
1163 209 1318 239 catholicus.
1342 211 1448 247 Aliquot
1478 209 1650 238 recentiorum

110 245 230 273 iudicium.

78 280 113 307 IV.
125 280 312 316 Recognitiones
327 280 435 309 Gra'cas
446 285 505 316 post
519 289 612 308 eorum
629 282 841 315 translationem,
855 291 872 309 α
898 281 1015 310 Paulino
1032 281 1140 309 Nolano
1160 281 1264 316 [rustra
1280 286 1419 314 tentatam,
1431 281 1542 317 Ruﬁnus
1558 281 1653 308 Latine

77 321 328 392 Vfliifgziij'sanctw
338 351 448 385 Saluiw,
472 351 562 387 Ruﬁni
574 352 693 387 praefecti
719 353 845 388 pra-torio

104 394 212 422 episcopo
227 393 372 422 nuncupat.

865 354 977 386 sororis,
1004 361 1070 388 opus
1088 352 1250 389 aggreditur,
1269 351 1338 387 quod
1355 351 1502 380 Gaudentio
1523 352 1651 379 Briaiano

132 419 204 458 [erus
219 419 386 456 prwfat'ionis
403 426 505 458 auctor,
518 427 543 449 et
556 422 772 458 Recognitionum
785 425 924 458 interpres,
938 422 1061 458 Ruﬁnus.

135 455 285 493 Bellarmini
307 458 381 484 locus
393 459 465 484 circa
481 455 836 493 Clementis'liecognitiones
849 455 1016 493 erpenditur.

75 490 130 519 \lll.
149 491 185 518 De
201 493 313 527 epistola
331 492 550 528 Recognitionum
577 494 655 520 libris
679 490 796 521 adium.
810 490 904 529 Operi:
915 494 995 521 editio
1011 493 1140 530 quomodo
1155 494 1297 520 adornata.

817 579 854 587 .-

70 645 87 674 l.
104 645 173 673 Libri
188 645 400 682 Recoynitionum
417 647 500 675 alium
513 646 593 683 plane
603 655 619 675 a
632 651 729 676 sancto
745 647 807 675 Cle-
819 650 843 679 Α
857 650 911 674 tem
923 647 989 675 illuc
1003 655 1067 675 eum
1082 648 1242 676 convolasse
1254 648 1443 676 animadvertit
1458 648 1653 686 Huetius(25).

44 695 126 725 mente,
152 696 211 727 post
231 691 343 720 Petrum
377 693 460 722 tertio
481 693 526 721 vel
548 697 648 729 quarto
678 693 810 721 Romana:

42 735 151 765 Ecclesiae
165 738 302 773 pontifice,
318 739 497 767 architectum
518 739 681 768 habuerunt.
694 739 735 767 Ad
749 740 810 775 ejus

43 788 130 811 atatem
144 786 214 820 quod
230 786 336 816 attinet.
355 793 416 814 eum
431 790 494 814 ante
512 785 655 822 Origenem
683 786 812 815 ﬂoruisse

42 828 63 854 in
73 834 200 864 comperto
214 833 266 858 est.
283 829 416 866 Origenes
429 831 514 863 enim,
535 831 581 867 qui
598 831 650 859 sub
663 830 810 866 Elagabalo

40 873 122 902 ﬂorere
134 876 223 910 cmpit,
239 876 346 911 primus
373 878 495 904 omnium
525 877 681 905 testimonia
701 885 735 905 ex
750 877 808 909 illo,

40 922 150 955 tanquam
162 922 361 958 scriptorejam
373 926 449 955 noto,
471 926 498 951 et
529 921 673 951 Clementis
698 923 810 951 nomine

41 967 133 1000 quidem
147 968 286 1001 distincto,
303 969 386 997 semel
404 973 485 1004 atque
497 969 596 997 iterum
620 968 721 1005 promit
739 969 808 1005 (18).

39 1010 202 1044 Quamobrem
216 1013 381 1041 Clementini
395 1014 487 1050 operis
513 1013 610 1042 artifex
634 1014 749 1050 Origene
762 1014 810 1049 ju-

40 1056 89 1084 nior
112 1059 162 1087 dici
186 1067 243 1087 non
263 1063 363 1095 potest,
388 1061 436 1089 sed
453 1061 536 1096 paulo
550 1060 642 1088 senior
657 1069 666 1094 ;
682 1059 755 1096 quod
767 1060 811 1087 ni-

39 1101 122 1129 mirum
133 1102 167 1130 ad
180 1106 290 1138 tempus
304 1103 462 1139 scriptionis
475 1103 604 1139 pertinet.
629 1102 700 1131 Ante
711 1102 810 1138 Orige-

36 1153 98 1180 nem,
113 1157 159 1177 seu
183 1150 296 1177 tertium
323 1149 428 1178 Christi
447 1150 557 1177 Domini
575 1149 716 1182 saeculum,
729 1157 810 1177 nemo

37 1201 141 1230 unquam
166 1195 367 1231 Recognitionu
391 1196 522 1229 laudavit,
547 1203 629 1224 nemo
660 1195 811 1224 Clementi-

37 1243 121 1267 norum
144 1241 310 1268 mentionem
343 1240 417 1269 fecit.
460 1240 536 1269 Libri
562 1244 703 1269 auctorem
727 1241 810 1269 tertio

36 1283 131 1312 demum
145 1285 248 1314 Christi
264 1286 363 1314 saeculo
376 1286 489 1320 vixisse,
498 1286 553 1314 duo
566 1286 696 1322 produnt.
706 1285 808 1319 Unum,

36 1330 98 1364 quod
118 1338 151 1358 ex
176 1331 342 1359 Bardesanis
369 1330 432 1368 Syri
460 1332 569 1368 dialogo
590 1332 630 1359 De
645 1332 701 1367 fato
714 1337 810 1359 contra
827 1325 850 1354 Β

36 1375 134 1404 Abidam
154 1377 334 1413 astrologum,
363 1378 492 1405 laciniam
516 1378 586 1406 bene
600 1378 709 1413 longam
724 1377 811 1405 sull‘u‘

37 1425 112 1454 ratus,
134 1429 213 1450 suam
235 1423 311 1452 fecit.
339 1423 476 1458 Alterum,
490 1423 564 1459 quod
581 1423 616 1452 de
629 1424 742 1452 civitate
755 1424 813 1451 Ro-

36 1474 114 1500 mana,
141 1469 273 1497 universo
301 1470 361 1497 orbi
390 1470 540 1503 dominata,
569 1477 625 1498 non
640 1470 758 1498 obscure
771 1471 813 1499 lo-

36 1517 131 1546 quatur.
156 1514 241 1551 Atqui
267 1516 437 1545 Bardesanes
449 1518 502 1545 sub
517 1517 551 1545 M.
564 1517 676 1545 Aurelio
689 1516 813 1553 Augusto

36 1558 114 1587 lloruit
134 1561 206 1589 circa
233 1570 335 1590 annum
359 1563 421 1596 171,
433 1564 478 1591 cui
489 1563 633 1599 Dialogum
646 1571 727 1592 suum
740 1571 812 1591 nun-

35 1604 142 1638 cupavit.
167 1606 313 1635 Caracalla
340 1615 407 1635 vero
432 1608 505 1635 circa
521 1607 700 1642 annum‘215,
715 1612 811 1644 gentes

36 1646 146 1678 llomano
173 1652 290 1687 imperio
314 1653 462 1688 subjectas,
485 1653 661 1690 propriisque
675 1658 756 1682 antea
771 1655 811 1682 le-

33 1693 104 1727 gibus
115 1703 189 1729 usas,
201 1697 232 1724 in
248 1696 331 1725 Urbis
344 1705 437 1726 rerum
451 1698 569 1726 domina.-
589 1698 664 1734 jura,
675 1699 813 1727 constituc

34 1740 99 1768 tione
115 1742 196 1776 edita,
214 1743 321 1778 primus
340 1745 462 1773 omnium
478 1745 596 1774 transire
604 1746 698 1781 jussit.
714 1745 755 1773 Ex
768 1745 813 1774 his

33 1788 203 1822 perspicimus
225 1794 394 1827 quantopere
419 1791 560 1825 fallantur,
580 1792 627 1828 qui
649 1791 813 1822 Clementinl

33 1834 164 1868 scriptoris
192 1839 301 1865 aetatem
329 1837 429 1865 saeculo
455 1845 476 1866 ιι
496 1839 632 1874 praeﬁnire
656 1839 812 1868 voluerunt.

34 1877 125 1908 llorum
141 1889 242 1917 agmen
262 1883 340 1911 ducit
367 1884 526 1913 Blondellus
545 1884 613 1921 (19),
631 1885 676 1913 cui
687 1893 812 1914 accesse-

33 1929 89 1953 runt
102 1926 256 1957 Cotelerius
267 1929 323 1965 (2ο)
334 1932 362 1957 et
373 1928 490 1959 Grabius
510 1930 579 1967 (21).
594 1931 708 1959 Cunctis
722 1934 814 1959 tamen

33 1972 62 1998 ad
80 1972 148 2001 hanc
172 1974 297 2003 eamdem
320 1977 483 2004 sententiam
497 1978 640 2012 pmiverat
657 1977 752 2007 Sixtus
767 1977 814 2007 Se-

32 2020 117 2048 nensis
136 2021 207 2057 (22).

63 2063 91 2094 ll.
107 2065 265 2096 Dodwellus
275 2074 431 2104 compactas
441 2074 535 2099 censet
544 2070 742 2107 Reeogm‘tiones
756 2071 814 2108 (25)

31 2109 95 2139 inter
106 2120 170 2142 ann.
187 2122 251 2142 aera:
266 2116 386 2151 vulgaris
400 2115 453 2144 218
463 2120 490 2145 et
508 2117 572 2145 251.
587 2117 685 2146 Verius
699 2117 816 2149 dixisset

31 2154 94 2185 inter
106 2167 171 2188 ann.
186 2159 239 2188 211
257 2165 284 2188 et
293 2161 358 2189 217.
373 2161 479 2190 Etenim
504 2171 576 2191 anno
597 2163 647 2192 211
674 2165 751 2193 solus
764 2165 816 2193 im-

31 2209 120 2235 perare
140 2205 228 2242 ccepit
248 2206 398 2240 Caracalla.
427 2216 513 2242 novae,
544 2217 627 2246 quam
648 2209 716 2243 dixi,
746 2218 816 2238 con-

32 2248 290 2287 stitutionisauntur,
309 2253 336 2280 in
350 2253 567 2290 Recognitionum
593 2255 672 2284 libris
686 2256 814 2285 laudatae.

31 2294 86 2322 Mox
108 2296 206 2325 eodem
228 2305 302 2326 anno
320 2300 384 2333 217,
397 2300 541 2329 Caracalla
552 2302 697 2330 occiditur.
715 2300 763 2331 His
776 2311 818 2331 re-

31 2340 133 2373 pellitur
148 2342 289 2371 maximus
304 2343 378 2372 Petri
394 2345 484 2374 Allixii
499 2347 604 2383 lapsus.
631 2349 731 2376 aientis
746 2348 815 2384 (24),

33 2386 316 2421 pseudo-Clementem
333 2389 437 2418 vixisse
455 2399 506 2418 non
519 2392 566 2419 diu
581 2398 642 2420 ante
658 2393 815 2428 Sulpicium,

30 2436 87 2460 ante
100 2441 182 2468 quem
196 2438 288 2463 tamen
304 2443 337 2463 cc
357 2444 445 2466 annos
463 2438 541 2467 vixit.
553 2438 695 2475 Origenes,
709 2441 815 2475 primus

30 2478 244 2514 lluognitionum
280 2489 381 2517 praeco,
409 2482 557 2512 Caracallae
592 2485 661 2513 iram
696 2486 814 2522 fugiens.

30 2524 191 2554 Alexandria
205 2528 234 2555 in
248 2527 421 2557 Palaestinam
442 2531 531 2565 primo
552 2531 680 2560 secessit.
704 2531 750 2560 Bis
764 2540 815 2560 au-

827 2002 850 2033 C

63 2611 118 2646 (18)
133 2611 271 2648 Origen,
286 2617 353 2648 tom.
378 2621 408 2641 tu
431 2612 578 2643 Comment.
604 2616 633 2643 in
654 2616 760 2648 Genu.
781 2616 814 2643 ad
831 2621 853 2648 ι)

31 2651 85 2685 gap.
95 2653 122 2685 _l,
141 2646 199 2681 16$
213 2646 385 2685 in_PIiilocal.
400 2656 460 2685 cap.
472 2651 518 2684 22,
533 2655 560 2679 et
574 2650 602 2678 in
618 2646 764 2679 Comment.
781 2651 812 2678 ad

31 2680 122 2709 Matth.
139 2690 220 2713 xxvt,
237 2682 264 2711 6.

63 2716 134 2756 (19_)__
148 2717 282 2756 Blon_dell.
295 2738 303 2751 ,
332 2717 499 2756 lirolegomL
516 2720 550 2748 ad
587 2721 813 2756 pseudo-lsidor.,

31 2751 192 2791 paglA5_9,_et
208 2753 322 2791 Censu_r.
334 2751 427 2791 Epist:
441 2755 454 2782 1
470 2751 645 2791 Clem.,7pag.
659 2757 704 2784 28.

64 2787 119 2828 (eo)
139 2787 260 2815 Coteler.
289 2787 378 2817 Judié.
411 2789 445 2817 de
472 2790 535 2819 libr.
562 2787 723 2828 ’ωεόςηὶιη
753 2799 812 2828 pag.

31 2821 117 2929 alii}
135 2857 525 2930 giiii'si’iff‘hi‘ii'ia'tﬂif“
540 2865 671 2898 ³⁷⁷’²⁷⁹’

850 1640 863 1655 f

859 691 940 720 Prius
969 692 1099 728 Origenis
1124 694 1176 721 iter
1203 694 1230 721 in
1251 693 1437 726 Palaestinam,
1459 695 1504 722 ubi
1521 695 1654 723 Cresareae

860 737 955 773 pedem
969 738 1037 770 fixit,
1050 743 1201 775 sanctoque
1217 739 1373 768 Alexandro
1400 739 1652 777 Hierosolymorum

865 788 994 816 episcopo
1019 781 1155 816 innotuit,
1178 783 1213 810 ab
1241 782 1338 810 Huetio
1355 783 1474 818 illigatur
1500 791 1572 810 alino
1600 782 1653 809 Do-

866 827 936 855 mini
949 828 1013 856 215.
1031 828 1069 855 Ex
1087 828 1138 856 hoc
1161 829 1268 862 itinere,
1290 834 1353 864 post
1367 838 1467 858 caesum
1483 830 1652 859 Caracallam

864 881 938 902 anno
957 873 1020 907 217,
1034 874 1164 910 Origenes
1186 874 1380 911 Hierosolymis
1399 877 1589 905 Alexandriam
1613 885 1654 904 re

865 919 940 953 dux,
967 928 1059 948 secum
1087 921 1286 957 Recognitiones
1315 923 1410 950 tulisse
1436 923 1568 950 dicendus
1593 926 1652 955 est,

866 965 938 992 unde
967 966 1025 1001 ipse
1052 966 1159 994 illarum
1187 968 1335 995 sententias
1362 968 1420 995 suis
1443 968 1653 996 Commentariis

866 1012 1030 1046 admiscuit;
1045 1022 1163 1049 quorum
1179 1019 1240 1043 octo
1254 1015 1359 1049 priores
1377 1019 1466 1042 tomos
1481 1015 1508 1042 in
1524 1015 1652 1043 Genesim

866 1057 1004 1086 Eusebius
1030 1066 1063 1086 ex
1086 1064 1161 1087 torno
1175 1067 1270 1087 eorum
1288 1067 1361 1087 nono
1375 1059 1494 1087 ostendit
1511 1060 1567 1095 (26)
1588 1060 1652 1087 Ale-

866 1104 987 1132 xandria:
1007 1104 1093 1133 fuisse
1119 1105 1308 1141 conscriptos,
1327 1110 1356 1133 et
1381 1106 1490 1141 quidem
1510 1111 1569 1142 post
1589 1105 1652 1134 Ori-

865 1152 942 1187 genis
961 1151 1012 1178 iter
1031 1151 1097 1178 illud
1126 1151 1246 1186 primum
1274 1153 1302 1180 in
1321 1152 1504 1181 Palaestinam.
1525 1152 1653 1188 Βεροαηί-

867 1201 951 1224 tiones
970 1204 1036 1224 vero
1056 1196 1083 1224 in
1111 1195 1255 1225 Palaestina
1275 1199 1470 1230 concinnatas,
1489 1206 1551 1226 cum
1571 1191 1653 1225 Blon-

865 1243 937 1271 dello
956 1243 1036 1270 facile
1053 1243 1203 1275 credimus.
1223 1244 1442 1279 quariquuidem
1462 1245 1489 1272 in
1510 1244 1563 1272 illis
1584 1245 1654 1271 thro-

866 1297 915 1317 nm
940 1288 1190 1325 Hierowlymitante
1213 1289 1339 1318 Eeclesie
1365 1298 1446 1326 supra
1472 1295 1585 1318 caeteros
1603 1299 1652 1318 ex-

866 1337 981 1364 tollitur.

901 1383 1035 1410 (laruarum
1051 1382 1127 1417 operi
1144 1390 1178 1410 ex
1190 1386 1351 1418 argumento
1363 1390 1417 1410 vox
1436 1381 1654 1417 Recognitionum

865 1429 990 1457 adhaesit.
1006 1427 1157 1464 Recognitio
1168 1429 1250 1462 enim,
1263 1429 1320 1456 sive
1331 1428 1450 1464 Agnitio,
1463 1436 1496 1456 ex
1510 1427 1654 1456 Aristotele

865 1475 894 1504 in
908 1476 973 1504 Arte
989 1477 1103 1512 poetica,
1119 1475 1218 1509 oritur,
1233 1484 1293 1504 cum
1310 1476 1435 1504 homines
1456 1476 1521 1503 olim
1537 1475 1607 1503 inter
1623 1482 1654 1503 se

866 1523 1099 1558 coniunctissimi,
1117 1523 1226 1551 tandem
1249 1523 1350 1550 multos
1369 1527 1431 1557 post
1450 1529 1532 1550 casus
1549 1521 1576 1549 in
1598 1525 1654 1549 tra-

866 1568 965 1604 goediis
989 1573 1016 1596 et
1037 1568 1181 1596 comoediis
1205 1575 1235 1596 se
1253 1572 1349 1595 mutuo
1373 1575 1422 1595 nec
1441 1568 1552 1603 opinato
1569 1575 1654 1602 agno-

866 1618 957 1642 scunt.
972 1614 1011 1642 ita
1029 1615 1107 1650 plane
1120 1614 1150 1642 in
1164 1614 1217 1642 hac
1236 1613 1501 1650 pseudo-Clementis
1514 1621 1654 1641 commen-

865 1660 968 1688 tatione
991 1659 1189 1693 Faustiniano,
1206 1659 1343 1688 Malhidiae
1361 1667 1395 1687 ac
1415 1659 1496 1692 ﬁliis,
1519 1658 1664 1692 Clementi,

863 1701 968 1730 Fausto
984 1707 1011 1730 et
1023 1701 1156 1730 Faustino
1173 1703 1318 1738 contingit.
1342 1702 1436 1738 Itaque
1465 1710 1528 1730 cum
1554 1701 1657 1729 inscri-

864 1746 969 1781 ptione,
999 1746 1115 1773 formam
1144 1747 1227 1774 etiam
1252 1746 1387 1782 poeticam
1412 1754 1482 1782 opus
1505 1746 1655 1782 accepisse,

864 1799 930 1820 vero
945 1799 1076 1828 perquam
1093 1792 1184 1820 simile
1200 1792 1230 1819 fit
1245 1791 1385 1819 Dodwello
1402 1792 1470 1828 (27).

900 1838 944 1867 lll.
966 1837 1091 1867 Gelasius
1118 1838 1239 1874 pontifex
1267 1839 1295 1866 in
1320 1838 1438 1867 Decreto
1463 1838 1593 1874 genuino,
1621 1845 1656 1866 ex

864 1885 1012 1914 veterrimo
1041 1885 1137 1913 codice
1162 1884 1306 1917 Vaticano,
1327 1885 1392 1912 olim
1406 1892 1422 1912 a
1440 1893 1483 1912 me
1497 1884 1571 1912 edito
1587 1884 1656 1920 (28),

865 1931 938 1959 hanc
960 1937 1107 1959 censuram
1131 1931 1164 1958 de
1186 1929 1417 1967 Recognitionibus
1439 1938 1455 1958 a
1473 1930 1572 1958 Rufino
1586 1937 1656 1957 con-

865 1977 954 2005 versis
993 1976 1203 2012 pronuutiavit:
1231 1976 1422 2009 Itinerart'um,
1453 1977 1557 2003 nomine
1580 1975 1657 2003 Petri

866 2023 990 2058 apostoli,
1017 2022 1086 2059 quod
1107 2022 1258 2058 appellatur
1295 2023 1382 2050 sancti
1409 2022 1561 2054 Clementis,
1591 2030 1658 2058 apo-

865 2070 1004 2106 cryphum.
1031 2069 1128 2098 Nullus
1156 2070 1211 2103 hic,
1234 2074 1265 2097 ut
1285 2070 1314 2098 in
1339 2070 1447 2098 caeteris
1476 2069 1655 2102 editionibus,

865 2116 1001 2143 librorum
1020 2124 1153 2145 numerus
1170 2116 1333 2152 explicatur,
1354 2116 1418 2151 quia
1433 2115 1458 2143 is
1472 2115 1607 2150 pendebat
1622 2122 1658 2143 ex

866 2163 982 2190 arbitrio
1009 2162 1196 2192 librariorum.
1231 2162 1369 2196 Gelasius,
1397 2162 1483 2190 sancti
1513 2161 1657 2189 Clementis

868 2217 938 2244 opus
961 2208 1071 2244 quidem
1094 2209 1234 2243 appellari,
1250 2217 1307 2236 non
1321 2217 1386 2240 esse,
1403 2207 1491 2241 dixit;
1507 2208 1586 2243 eique
1604 2215 1651 2243 pu~

866 2255 965 2282 blicam
988 2254 1133 2282 lectionem
1160 2259 1187 2282 et
1210 2255 1372 2283 canonicam
1399 2254 1592 2282 auctoritatem
1607 2260 1658 2280 vo-

865 2300 965 2328 cabulo
978 2300 1121 2335 apocryphi
1139 2299 1319 2335 abjudicavit.
1344 2300 1483 2329 Gelasium
1497 2299 1526 2327 in
1539 2299 1658 2327 concilio

865 2346 990 2374 Romano
1017 2354 1070 2374 ιιι
1099 2346 1292 2381 episcoporum
1319 2346 1360 2375 sic
1383 2346 1568 2379 dellnientcm,
1595 2345 1658 2374 Cle-

866 2393 1003 2421 mentinas
1033 2391 1234 2428 Recognitiones
1255 2400 1271 2420 a
1299 2391 1400 2420 Ruﬁno
1430 2392 1579 2420 translatas
1604 2391 1658 2420 sub

868 2440 980 2468 nomine
1007 2438 1146 2466 ltincrarii
1187 2439 1336 2470 indicasse,
1365 2438 1439 2466 haud
1463 2438 1655 2466 dubitandum.

867 2485 928 2514 Non
941 2485 1002 2514 ideo
1016 2491 1108 2514 tamen
1131 2487 1236 2521 privata
1262 2486 1412 2514 auctoritas
1439 2485 1510 2521 apud
1523 2486 1656 2521 plurimos

868 2532 999 2561 Ecclesiae
1027 2532 1130 2560 Latina:
1154 2533 1305 2569 scriptores
1325 2533 1380 2561 illis
1393 2532 1488 2560 deluit.
1502 2531 1541 2560 De
1555 2532 1658 2560 Graecis

904 2619 960 2682 $23)
980 2619 1087 2653 Dodw.,
1118 2620 1234 2649 Dissert.
1264 2629 1293 2648 Vl
1319 2621 1348 2648 in
1373 2621 1459 2656 Iram,
1487 2620 1501 2658 §
1526 2630 1565 2655 xl,
1593 2631 1655 2659 pag.

903 2690 960 2726 (24)
980 2690 1075 2723 Allix.,
1089 2691 1178 2718 Diatr.
1196 2691 1228 2719 de
1247 2700 1310 2720 ann.
1325 2697 1350 2719 et
1364 2701 1448 2721 mens.
1462 2693 1548 2721 natat.
1564 2692 1631 2720 Dom
1647 2713 1655 2725 ,

868 2727 1062 2800 Ρθῗὲδῗξηηρι.
1092 2762 1246 2799 Origenian.
1275 2763 1323 2791 lib.
1349 2771 1369 2796 ι,
1392 2763 1476 2799 capit.
1499 2763 1528 2795 σε.
1544 2763 1572 2798 ι,
1589 2762 1655 2800 ενι.

866 2797 1096 2940 ρὶξέδωὲυεεὺη
1113 2833 1185 2862 Hist.
1206 2834 1282 2865 eccl..
1294 2834 1342 2862 lih.
1358 2841 1398 2866 vr,
1411 2841 1472 2869 cap.
1487 2832 1531 2861 19.

915 2833 963 2939 27;
983 2867 1089 2901 Dodw.,
1106 2869 1124 2896 ι.
1143 2877 1179 2910 ετ
1196 2877 1257 2905 ρας).
1270 2869 1332 2897 444.

914 2902 950 2931 28
980 2902 1096 2933 Fontan.
1114 2904 1220 2940 Anltqq.
1239 2904 1330 2938 Hort.,
1342 2911 1421 2939 pagg.
1438 2904 1531 2933 517-32

916 2833 951 2859 26
983 2833 1096 2866 Euseb.,
1113 2833 1185 2862 Hist.
1206 2834 1332 2865 eccl..lih

915 2833 963 2939 27;
983 2867 1089 2901 Dodw.,
1106 2869 1124 2896 ι.
1143 2877 1179 2910 ετ
1196 2877 1257 2905 ρας).
1270 2869 1332 2897 444.

915 2902 950 2931 28
980 2902 1096 2933 Fontan.
1114 2904 1220 2939 Anltqq.
1239 2904 1330 2938 Hort.,

914 2902 961 2939 28)
980 2902 1096 2933 Fontan.
1114 2902 1220 2941 Antiqq.
1233 2902 1330 2938 Ἡρη,
1342 2911 1421 2939 pagg.
1438 2904 1567 2933 511-351.
