1892 3105
47 157 102 186 1195

586 155 868 186 RECOGNITIONES.
887 175 918 178 —
935 158 1114 186 PROOEMIA.

1566 161 1634 190 1194

45 225 90 248 m,
102 215 161 242 hanc
183 218 206 240 te
227 213 391 248 potissimum
418 213 556 247 imperitia:
576 221 640 242 metu
667 215 802 249 penuriam
819 220 838 246 Α
855 215 899 242 cui
915 215 1037 243 eamdem
1054 216 1112 250 ipse
1131 215 1325 251 spoponderat,
1339 215 1437 243 Brixia:
1452 216 1479 243 in
1491 217 1555 244 sede
1565 217 1634 245 Gau-

42 261 207 293 considerasse,
235 259 304 294 quod
329 258 421 294 aliqua
440 259 467 285 in
487 259 580 294 quibus
609 260 752 295 intelligere
763 261 801 287 rel

41 308 162 342 erprimere
171 305 244 333 verba
257 314 308 332 non
324 306 406 340 potui,
433 313 510 332 sensu
524 306 611 340 potius
631 306 799 340 apprehenso,

41 354 71 381 rel
83 358 106 379 ut
117 353 195 379 verius
210 352 309 382 dicunt,
341 351 449 381 opinata
469 351 666 378 transtulerint:
681 360 732 387 quo
743 360 800 378 nta-

39 399 70 433 gis
79 406 131 433 egeo
145 397 325 433 misericordia
342 397 401 428 Dei,
413 400 441 422 ut
452 396 593 430 pleniorem
609 396 674 423 mihi
704 397 742 423 tui
754 405 798 424 co-

39 445 95 479 piam
109 444 218 475 tribuat;
232 444 294 478 quia
307 450 355 477 pro
369 442 469 469 divitiis
488 443 538 469 erit
554 443 677 476 pauperi,
706 447 735 469 ut
749 443 799 469 mi-

39 498 73 516 ras
88 497 103 516 tt
115 488 198 516 divitis
212 496 302 515 mensa
329 488 462 519 cadentes,
491 488 568 515 arido
583 488 698 522 famelici
710 488 797 516 cordis

38 542 72 560 ore
82 533 202 568 colligere.
227 532 264 560 De
278 533 420 560 Clemente
445 532 570 560 Romano
593 533 736 560 Paulinum
751 533 797 560 hic

37 578 96 613 loqui
108 585 156 605 non
168 581 209 606 est
219 586 270 606 cur
295 579 440 614 quisquam
455 579 560 607 dubitet
581 587 642 608 cum
655 579 796 608 Heriberto

37 624 175 660 Rosweydo.
199 623 256 652 Suo
278 624 353 652 enim
372 625 396 652 is
417 624 527 652 nomine
554 625 589 653 ab
610 625 795 654 Alexandrino

37 670 142 704 aliisque,
158 670 227 705 apud
241 674 347 698 veteres
359 671 578 698 antonomastice
599 678 629 699 se
642 671 795 707 distingue-

35 716 79 744 bat.
87 715 202 748 Ruﬁnus,
217 717 264 752 qui
277 716 462 744 Clementinas
469 715 665 752 Reeognitiones
674 718 700 745 in
708 718 793 746 libros

35 762 182 790 sdistinctas
208 769 262 789 una
275 770 338 790 cum
356 763 417 790 aliis
438 763 508 790 bene
530 764 623 791 multis
637 763 793 792 Graecorum

34 807 152 835 codicibus
171 815 203 835 ex
228 807 339 836 Oriente
364 816 457 836 secum
485 809 624 843 attulerat,
646 810 793 838 inltaliam

34 853 111 886 redux,
125 853 236 881 Paulino
267 854 366 889 hospiti
391 854 611 890 interpretandas
638 857 794 884 commoda-

33 903 102 927 verat.
129 899 179 927 Sed
206 899 339 928 Paulinus
363 900 615 936 interpretationem
643 909 798 937 aggressus,

33 945 135 973 ultimam
145 946 170 973 ei
182 953 292 973 manum
305 954 477 982 nequaquam
497 948 640 983 imposuit,
656 949 729 984 quod
740 948 799 976 Ru-

33 990 90 1018 ﬁnus
100 998 130 1018 es
145 993 294 1027 specimine
310 993 344 1019 ad
361 1000 391 1020 se
415 994 501 1021 misso
511 1014 519 1026 ,
532 1001 592 1021 eam
612 995 704 1022 minus
717 1002 802 1023 accu-

31 1041 77 1064 rate
86 1037 234 1066 conlectam
260 1038 497 1074 deprehendisset,
522 1044 648 1067 sanctum
663 1041 752 1068 virum
765 1046 794 1068 ut

32 1083 104 1118 majus
119 1084 239 1111 studium
254 1084 282 1112 in
294 1084 397 1113 Graecis
420 1085 519 1114 litteris
533 1091 655 1121 poneret,
670 1087 800 1116 benevole

31 1128 143 1158 hortatus.
152 1129 213 1158 Haec
228 1131 319 1158 omnia
331 1131 410 1159 nobis
421 1132 512 1167 prodit
519 1131 660 1160 Paulinus.
671 1132 785 1169 Roswey
793 1147 801 1154 -

30 1172 71 1201 dus
80 1179 163 1202 monet
178 1176 205 1203 in
220 1176 305 1210 notis,
320 1176 445 1212 Rufinum
461 1177 499 1205 uel
513 1177 658 1205 Paulinum
669 1179 795 1214 interpre-

30 1219 326 1257 tationeminterpolasse,
343 1223 382 1250 uel
403 1222 436 1250 de
455 1231 520 1250 novo
544 1223 721 1252 Clementinos
736 1225 798 1252 illos

29 1267 127 1294 uertisse.
144 1267 190 1295 Vir
202 1269 302 1296 doctus
318 1269 346 1296 in
360 1277 390 1296 re
406 1269 480 1296 clara
505 1269 606 1298 haerere
622 1278 677 1298 non
692 1271 795 1299 debuit.

29 1310 149 1340 llocenim
164 1316 302 1350 posterius
326 1315 512 1343 certissimum
539 1319 591 1343 est.
619 1316 712 1352 Neque
723 1317 798 1345 Rull~

29 1364 71 1386 nus
81 1360 188 1388 alienam
202 1361 470 1396 interpretationem,
487 1365 514 1389 et
529 1363 562 1390 ab
585 1371 615 1391 se
626 1370 681 1391 non
698 1364 798 1399 proba-

28 1406 82 1436 tam,
96 1405 144 1433 sibi
158 1410 328 1442 usurpasset.
344 1406 421 1434 Hanc
438 1405 582 1444 Rosweydi
599 1409 796 1438 dubitationem

28 1449 82 1478 illud
95 1452 158 1480 satis
172 1453 312 1486 convellit,
333 1453 406 1489 quod
425 1453 568 1487 Paulinus,
586 1455 675 1490 aliqua
689 1458 716 1483 in
738 1457 796 1492 qui-

28 1494 67 1522 bus
80 1496 217 1533 intelligere
247 1498 324 1525 verba
353 1507 404 1525 non
426 1500 521 1533 potuit,
545 1508 623 1527 sensu
647 1501 735 1534 potius
749 1508 797 1536 ap—

852 261 936 289 dentii
953 262 1024 289 diem
1050 262 1173 293 obiisset,
1203 262 1250 289 ubi
1274 262 1334 297 ejus
1361 270 1461 297 corpus
1476 263 1592 297 quiescit
1606 264 1633 291 in

850 307 907 335 abde
923 306 1015 334 Sancti
1029 306 1180 338 Laurentii,
1193 307 1376 342 recoliturque
1397 308 1526 335 memoria
1545 309 1589 335 die
1601 309 1635 336 15

852 352 1008 380 Decembris
1024 351 1091 387 (47).
1105 351 1254 385 Palladius,
1264 352 1311 387 qui
1329 352 1357 379 in
1372 352 1493 380 Historia
1503 352 1636 380 Lausiaca

849 403 879 425 se
905 403 968 424 cum
997 396 1080 424 Silvia
1106 402 1140 422 LX
1168 404 1257 424 annos
1287 402 1383 432 agente
1406 396 1554 432 (Egyptum
1584 404 1633 431 pe-

851 442 926 469 tiisse
949 446 1065 469 testatur
1084 441 1158 477 (48),
1176 441 1312 474 Salvium,
1332 442 1399 469 alias
1423 440 1587 474 Silvaniarii',
1607 444 1635 468 et

850 487 939 522 Ruﬁni
953 488 1119 522 ex-prtefeeti
1143 496 1260 515 sororem
1286 492 1374 515 vocat.
1393 486 1422 513 In
1442 486 1526 514 veteri
1543 490 1634 513 tamen

851 533 973 569 ejusdem
998 533 1126 561 Historia:
1149 541 1206 561 suae
1229 533 1368 566 versione,
1395 540 1457 568 qua:
1485 531 1635 560 Paradisus

849 579 999 607 Heraclidis
1015 579 1185 611 inscribitur,
1211 585 1266 605 non
1281 576 1429 604 Silvauiam
1445 585 1491 604 aut
1504 575 1633 608 Saluiam,

846 625 893 654 sed
909 625 1020 653 Sili-iam
1041 625 1108 653 dicit
1133 624 1200 660 (49).
1214 623 1334 659 Uterque
1358 631 1441 656 vero,
1456 623 1596 650 Palladius
1609 627 1635 650 et

846 673 1015 705 Heraclides,
1029 672 1108 699 initio
1123 671 1222 707 capitis
1245 671 1439 706 subsequentis
1460 670 1488 697 ll.
1516 677 1558 697 cc.
1586 677 1635 696 au-

845 722 906 745 ctor
919 722 972 751 est,
990 722 1114 745 sanctam
1129 717 1316 752 Olympiadem
1340 716 1464 745 ecclesize
1479 715 1534 743 CP.
1546 715 1638 742 diaco-

846 766 962 797 nissam,
989 763 1080 792 Silviw
1108 764 1233 799 egregias
1259 763 1377 791 virtutes
1406 762 1458 790 sibi
1486 761 1634 789 imitandus

847 811 1036 846 proposuisse.
1053 811 1141 837 Tanta
1168 809 1298 836 nimirum
1318 808 1409 836 Silvia:
1425 807 1476 835 fuit
1498 807 1635 835 claritudo

848 862 876 886 et
888 858 960 885 fama
974 857 1140 889 sanctitatis,
1162 860 1193 884 ut
1205 857 1265 884 aliis
1288 857 1315 884 in
1337 855 1490 890 exemplum
1507 854 1633 882 daretur!

850 903 1020 932 Vocabulum
1042 903 1218 938 eI-prmfecli,
1243 902 1336 930 Grmce
1358 901 1404 928 τοῦ
1420 901 1473 927 ἀπὸ
1495 901 1634 936 ἐπάρχων,

850 958 905 978 non
925 954 966 978 est
978 957 1027 978 cur
1041 948 1231 977 Tillemontius
1257 947 1290 975 ad
1305 951 1413 982 tempus
1428 946 1534 973 itineris
1547 946 1636 972 Palla-

849 997 888 1025 dii
899 1004 962 1024 cum
977 996 1061 1024 Silvia
1080 996 1108 1023 in
1133 995 1291 1031 Egyptum,
1315 994 1372 1022 sive
1392 994 1426 1020 ad
1454 1000 1556 1020 antrum
1570 992 1633 1023 588,

849 1042 1023 1071 referendum
1047 1042 1121 1069 dicat
1136 1041 1205 1077 (50),
1224 1049 1285 1068 cum
1308 1048 1371 1068 vere
1386 1039 1418 1066 ad
1442 1046 1544 1066 annum
1568 1038 1633 1069 420,

849 1096 904 1124 quo
930 1088 1069 1116 scribebat
1089 1086 1237 1119 Palladius,
1264 1085 1360 1113 referri
1385 1085 1492 1112 debeat.
1518 1083 1634 1111 Ruﬁnus

849 1135 932 1166 enim,
945 1133 1037 1161 Silvia:
1052 1133 1146 1165 frater,
1154 1137 1181 1160 et
1190 1131 1334 1169 praefectus
1348 1131 1475 1166 praetorio
1489 1131 1516 1157 in
1524 1129 1635 1157 Oriente

849 1179 901 1207 sub
915 1179 1031 1207 Arcadio
1048 1179 1182 1214 Augusto,
1207 1178 1336 1205 aﬁ‘ectatte
1363 1176 1516 1210 tyrannidis
1539 1182 1634 1210 pronas

849 1226 898 1253 luit
908 1224 1159 1260 Constantinopoli,
1177 1232 1194 1252 v
1207 1223 1269 1251 Kal.
1286 1223 1458 1254 Decembris,
1481 1230 1509 1249 a.
1528 1220 1632 1252 (1.595.

848 1271 970 1308 adeoque
986 1275 1048 1307 post
1073 1278 1174 1298 annum
1190 1270 1253 1302 388,
1272 1277 1306 1298 ex
1331 1268 1513 1301 Pliilostorgio
1537 1267 1593 1304 (51)
1608 1270 1637 1295 et

847 1325 882 1347 es
896 1317 1009 1346 Socrate
1024 1316 1196 1354 (52).Ruﬁno
1209 1316 1294 1343 fratre
1316 1315 1436 1346 sublato,
1454 1313 1541 1341 Silvia
1556 1319 1637 1340 soror

847 1365 875 1392 in
889 1364 992 1392 Italiam
1009 1363 1127 1398 trajecit,
1141 1363 1188 1390 ubi
1200 1362 1295 1390 aderat
1310 1369 1381 1388 anno
1399 1361 1462 1392 598,
1473 1368 1505 1388 ex
1520 1359 1636 1387 Paulino

848 1410 915 1446 (55).
933 1410 990 1437 lloc
1003 1410 1077 1437 enim
1101 1417 1174 1436 anno
1194 1413 1257 1444 post
1286 1407 1385 1435 festum
1394 1407 1555 1434 Sanctorum
1569 1413 1635 1440 apo-

848 1457 981 1484 stolorum
995 1454 1069 1483 Petri
1086 1459 1112 1483 et
1123 1454 1213 1487 Pauli,
1240 1458 1270 1481 ut
1288 1453 1408 1480 diximus
1432 1453 1488 1488 (5-1)
1501 1451 1633 1479 Paulinus

846 1501 985 1529 Victorem
1003 1502 1031 1529 in
1054 1501 1230 1536 Aquitaniam
1245 1500 1279 1527 nd
1295 1499 1426 1527 Severum
1440 1497 1545 1525 dimisit
1572 1505 1635 1525 cum

28 1542 135 1589 prehenso
148 1551 178 1572 se
203 1544 323 1572 vertisse
350 1544 432 1572 dicat.
451 1545 566 1573 Ruﬁnus
590 1554 666 1578 vero,
684 1555 736 1574 non
750 1555 796 1574 so-
808 1561 829 1589 ο
846 1547 926 1574 citata
937 1547 1050 1582 epistola
1067 1547 1110 1578 5l,
1125 1547 1169 1573 cui
1179 1553 1229 1581 pro
1239 1545 1449 1572 consecratione
1465 1550 1541 1570 nove
1559 1542 1636 1571 basi-

28 1585 72 1612 lum
82 1597 95 1614 a
109 1590 252 1622 sententiis,
279 1590 324 1617 sed
343 1599 389 1618 nec
403 1599 419 1618 a
433 1591 595 1619 sermonibus
609 1592 714 1627 quidem
729 1593 794 1620 satis
811 1585 828 1589 “
846 1593 905 1621 lica:
917 1593 1020 1620 addidit
1034 1592 1196 1627 particulam
1210 1591 1393 1619 sanctissima:
1417 1589 1520 1621 crucis,
1532 1596 1566 1616 ex
1580 1588 1635 1616 Me-

26 1632 258 1672 clocstionibusque,
272 1645 302 1664 se
313 1637 476 1665 discessisse
487 1638 631 1673 proﬁtetur
643 1649 650 1666 :
666 1647 725 1674 qua
739 1647 792 1671 res,

27 1678 110 1715 inquit,
124 1682 241 1717 quamvis
257 1684 344 1710 minus
361 1688 484 1710 ornatum
497 1704 504 1716 ,
520 1685 604 1720 magis
618 1690 703 1713 tamen
719 1685 796 1720 fidele

26 1728 171 1756 narrationis
186 1729 273 1757 reddit
288 1729 430 1765 eloquium.

53 1771 199 1803 V.Ruﬁnus
225 1775 300 1802 hunc
322 1783 379 1804 suae
405 1775 581 1804 Clementinze
604 1776 794 1804 translationis

24 1817 128 1847 laborem
153 1826 323 1856 susceperat,
349 1827 462 1857 rogatus
485 1822 550 1849 olim
572 1828 587 1848 a
604 1826 697 1850 sancta
709 1822 794 1850 Silvia

24 1859 122 1896 Viriine,
135 1873 215 1901 quam
229 1864 361 1895 Paulinus
388 1867 482 1894 laudat
507 1867 632 1895 scribens
659 1868 693 1895 ad
711 1867 794 1896 Seve-

25 1911 75 1932 Πηῐι
89 1906 153 1943 (46)»
164 1919 224 1940 eam
237 1916 364 1944 testatus,
389 1912 533 1940 multorum
553 1921 585 1940 ea:
602 1913 708 1940 Oriente
721 1923 794 1940 mar-

25 1954 98 1984 "Jrum
110 1954 238 1990 reliquias
251 1958 279 1984 in
294 1957 398 1985 italiam
409 1959 582 1987 convexisse.
599 1959 638 1987 De
652 1959 698 1986 illa
714 1959 792 1986 Ruﬁ-

24 2004 67 2024 nus
81 1998 105 2025 in
120 2001 231 2037 prologo
258 2005 349 2038 operis
373 2004 536 2032 Clementini
562 2005 596 2032 ad
611 2004 792 2033 Gaudentium

24 2041 164 2072 Brixianum
187 2048 368 2084 episcopum:
396 2049 464 2084 Nos,
493 2050 594 2086 inquit,
618 2059 683 2087 quos
710 2057 736 2079 et
751 2053 793 2079 in-

22 2092 79 2124 genii
92 2093 203 2120 tenuitas
215 2095 301 2121 minus
312 2102 455 2130 promptos,
470 2102 495 2123 et
509 2102 612 2125 senecta
627 2099 686 2133 jam
702 2099 793 2126 tardos

22 2135 94 2163 reddit
105 2146 135 2164 ac
145 2146 246 2174 segnes,
256 2147 318 2173 opus
330 2141 399 2175 quod
413 2142 476 2168 olim
491 2143 643 2170 venerandae
661 2145 793 2171 memerita

22 2179 93 2209 Silvia
103 2183 264 2218 injunxerat.
291 2189 321 2211 ut
338 2185 496 2213 Clementem
512 2191 610 2214 nostra:
626 2187 722 2223 lingua:
733 2189 792 2215 red-

20 2224 136 2259 deremus,
149 2234 174 2256 et
192 2235 220 2255 tu
249 2228 370 2264 deinceps
383 2230 444 2264 jure
463 2230 632 2259 hwreditario
655 2234 790 2268 poscebas,

21 2270 71 2298 licet
95 2273 192 2301 multas
207 2281 265 2308 post
280 2283 379 2307 moras,
405 2279 493 2303 tamen
518 2277 661 2312 aliquando
674 2279 791 2306 restitui-

20 2323 78 2344 mus.
93 2318 216 2347 Prwdarn
241 2329 293 2348 non
320 2329 439 2355 parvam,
464 2322 616 2351 Graecorum
630 2324 790 2353 bibliothecis

18 2368 131 2396 ereptam,
147 2369 297 2392 nostrorum
320 2367 410 2394 usibus
433 2372 459 2394 et
472 2369 631 2396 utilitatibus
655 2374 792 2396 conuerta-

19 2414 78 2439 mus,
111 2414 139 2436 ut
167 2419 232 2446 quos
253 2413 368 2447 propriis
392 2421 443 2440 non
473 2421 622 2448 possumus,
647 2416 790 2451 peregrinis

18 2454 152 2483 nutriamus
173 2457 318 2485 alimentis.
334 2457 406 2485 Nam
423 2463 448 2486 et
474 2460 559 2487 solent
574 2462 696 2488 suaviora
709 2462 791 2489 videri

18 2502 151 2535 peregrina,
166 2503 297 2530 interdum
313 2508 338 2531 et
366 2505 486 2533 utiliora.
514 2506 559 2533 Ait
576 2506 701 2540 Ruﬁnus,
717 2506 791 2534 Gau-

18 2543 126 2574 dentium
149 2546 319 2576 htcredilario
341 2550 402 2585 jure
427 2551 462 2578 ab
491 2559 520 2580 se
544 2553 704 2587 poposcisse
717 2553 790 2581 hanc

19 2591 226 2627 translationem,
242 2599 385 2630 propterea
402 2597 476 2631 quod
492 2602 588 2625 sancta
603 2597 689 2626 Silvia
700 2599 788 2634 virgo,

51 2668 103 2706 illi)
117 2668 209 2706 Paul"
221 2672 303 2706 epist.
316 2671 362 2703 5i,
376 2673 412 2700 al.
428 2674 472 2701 11.

18 2703 98 2769 ωὲιτέ
110 2703 254 2767 3Bollandf,
284 2706 344 2734 Act.
371 2707 423 2736 SS.
445 2709 543 2744 April.,
568 2714 635 2738 tom.
653 2709 698 2744 Ill,
724 2718 786 2747 pag.

109 2774 237 2836 gallad"
259 2776 332 2804 Hist.
343 2776 438 2810 Laus.,
452 2786 513 2814 cap.
529 2779 590 2807 142.

133 2811 212 2838 arad.
242 2811 362 2841 Ηενατι..
377 2821 438 2841 can.
456 2814 502 2841 42.
518 2822 578 2841 nae.

18 2808 212 2867 R‘l‘tzz‘ﬁamd.
242 2811 362 2845 Heratl.,
377 2808 438 2848 cap.
456 2808 502 2846 ὁὶ,
518 2822 578 2851 pag.
594 2814 661 2847 977,
677 2815 742 2844 edit.
757 2817 786 2851 2,

37 2845 146 2880 osweyd.

49 2878 232 2914 450)'Tiltem.,
246 2883 326 2911 Mem.
341 2884 416 2917 eccl.,
431 2889 498 2913 tom.
520 2885 567 2920 XI,
585 2894 645 2922 pag.
661 2886 723 2917 639.

162 2929 298 2961 ΡΑτιιοι..
321 2931 380 2961 Gn.
400 2932 424 2962 Ι.

846 1639 918 1667 lania
933 1639 1115 1674 impetratam.
1129 1637 1183 1665 Sed
1200 1645 1254 1665 non
1280 1637 1318 1664 ita
1333 1635 1437 1664 addidit
1452 1642 1546 1662 sacros
1560 1635 1637 1662 eine-

845 1692 889 1712 res
903 1693 918 1712 a
932 1685 1034 1713 Severo
1048 1685 1193 1720 expetitos,
1214 1683 1314 1719 quibus
1340 1690 1434 1710 carere
1448 1689 1478 1709 se
1493 1681 1573 1708 dixit.
1587 1679 1636 1708 Vi-

845 1734 948 1759 ctorem
969 1734 1061 1758 tamen
1077 1731 1125 1763 ait,
1142 1739 1213 1765 spem
1235 1729 1353 1764 ejusdem
1380 1728 1475 1763 gratia:
1501 1727 1635 1761 copiosam

845 1776 938 1803 habere
965 1785 981 1803 a
1006 1780 1100 1803 sancta
1128 1778 1225 1808 Silvia,
1245 1783 1304 1811 qua:
1332 1774 1373 1801 illi
1397 1774 1428 1801 de
1450 1774 1593 1801 multarunt
1607 1773 1635 1800 in

846 1822 951 1850 Oriente
975 1826 1122 1857 martyrum
1142 1821 1261 1855 reliquiis
1286 1820 1477 1855 spopondisset.
1494 1819 1565 1854 Ergo
1579 1817 1634 1846 Sil-

844 1867 887 1895 via
896 1875 929 1894 ex
943 1866 1053 1894 Oriente
1072 1866 1100 1893 in
1122 1866 1228 1893 Italiam
1244 1865 1277 1892 ad
1296 1865 1364 1892 illud
1389 1869 1497 1898 tempus
1513 1868 1634 1891 reverte-

842 1917 894 1940 rat.
909 1912 966 1940 Hac
980 1920 1043 1940 vero
1057 1913 1129 1940 circa
1143 1912 1223 1939 tinem
1239 1912 1331 1939 saeculi
1359 1919 1385 1938 tv
1407 1910 1507 1938 Brixia;
1523 1909 1633 1937 demor-

843 1964 901 1992 tua,
921 1958 1090 1987 Gaudentius
1106 1959 1182 1986 urbis
1205 1959 1352 1993 cpiscopus
1373 1957 1434 1992 jure
1454 1955 1625 1984 hereditario

843 2005 1031 2034 Clementinas
1047 2005 1244 2041 Recognitiones
1271 2004 1408 2040 poposcit,
1432 2011 1501 2038 quas
1516 2002 1632 2030 Ruﬁnus

844 2056 938 2080 noster
965 2051 1057 2079 Silvia:
1085 2052 1187 2079 viventi
1211 2050 1316 2086 pridem
1338 2050 1532 2086 spoponderat.
1558 2047 1632 2075 Idem

844 2098 959 2126 Ruﬁnus
982 2099 1033 2126 sub
1050 2099 1129 2125 linem
1157 2097 1342 2133 perorationis
1370 2095 1631 2123 commentariorum

844 2143 969 2179 Origcnis
985 2144 1013 2171 in
1026 2143 1102 2170 Pauli
1118 2143 1267 2178 Epistolam
1282 2142 1315 2169 ad
1336 2142 1484 2174 Romanos,
1500 2141 1544 2168 bis
1569 2147 1632 2168 ver-

845 2189 886 2217 bis
903 2190 982 2216 ﬁdem
995 2197 1072 2217 suam
1095 2188 1248 2216 Gaudentio
1274 2188 1462 2222 obligavemt:
1493 2185 1557 2213 Post
1583 2185 1631 2212 hoc

811 2242 829 2268 ι)
843 2243 907 2262 sane
921 2240 995 2262 uocat
1024 2243 1070 2271 nos
1091 2243 1166 2269 opus,
1188 2234 1256 2269 quod
1273 2234 1337 2261 olim
1364 2232 1468 2268 quidem
1482 2232 1631 2267 injunctum

843 2286 882 2308 est
915 2281 941 2315 (a
957 2280 1063 2316 Silvia).
1090 2280 1142 2307 Sed
1167 2287 1235 2306 nunc
1263 2279 1334 2314 (post
1355 2279 1447 2306 Silviae
1470 2276 1598 2313 mortem)
1613 2285 1631 2304 α

843 2327 918 2353 beato
942 2325 1093 2353 Gaudentio
1119 2327 1240 2361 episcopo
1263 2325 1437 2352 uehementius
1464 2328 1628 2358 perurgetur,

842 2371 983 2399 Clententis
998 2371 1098 2398 scilicet
1109 2370 1222 2398 Romani
1241 2371 1364 2405 episcopi,
1379 2369 1559 2405 apostolorum
1585 2377 1630 2395 co-

842 2418 1057 2452 mitis:quorum
1070 2421 1100 2444 ut
1121 2416 1314 2444 successoribus
1334 2416 1426 2442 darem
1446 2415 1628 2451 cognitionem,

842 2462 903 2490 libri
917 2471 933 2489 a
949 2462 1061 2489 nobisin
1077 2462 1202 2489 Latinum
1219 2467 1364 2490 uertuntur.

876 2506 1048 2543 Rosweydus
1074 2508 1102 2534 in
1118 2508 1191 2536 notis
1219 2507 1254 2535 ad
1279 2507 1387 2535 Paulini
1413 2507 1556 2542 epistolam
1583 2505 1628 2538 47,

840 2560 901 2587 quae.
916 2552 943 2579 in
959 2560 1028 2580 nova
1043 2552 1162 2580 editione
1185 2557 1227 2580 est
1241 2553 1286 2585 46,
1317 2557 1433 2588 postque
1446 2560 1508 2580 eum
1524 2551 1628 2580 Gotele-

841 2599 899 2626 rius
926 2599 958 2627 ad
974 2599 1190 2634 Rccognitiones,
1215 2607 1292 2635 aeque
1315 2600 1449 2636 ancipites
1462 2602 1537 2630 sunt,
1557 2597 1628 2625 Gau-

839 2676 933 2739 ιῇἑῗέ.)
960 2676 1147 2712 Philostorg.,
1176 2677 1223 2706 lib.
1256 2686 1299 2710 Ix,
1322 2685 1382 2712 cap.
1412 2678 1446 2710 5,
1478 2677 1544 2705 edit.
1573 2674 1626 2702 Coo

887 2746 932 2781 52)
947 2746 1067 2782 Socrat.,
1080 2747 1128 2775 lib.
1146 2756 1173 2780 ν,
1187 2755 1248 2782 cap.
1264 2748 1290 2776 1.

887 2782 932 2813 55)
956 2781 1076 2815 Paulin.,
1090 2783 1175 2815 Epist.
1194 2781 1240 2814 51,
1257 2784 1294 2810 al.
1308 2783 1351 2809 11.

887 2817 932 2852 54)
945 2816 1074 2849 Fontan.,
1092 2816 1164 2846 Hist.
1195 2817 1288 2845 Litter.
1313 2817 1416 2852 Aquil.,
1441 2816 1488 2844 lib.
1507 2823 1543 2848 Iv,
1559 2821 1618 2850 cap.

838 2850 866 2885 ὅ,
883 2851 951 2887 5m,
975 2860 1035 2888 pag.
1055 2852 1113 2881 191.

1426 2933 1466 2964 38
