1892 3105
220 170 290 198 1195

648 162 678 190 S.
697 159 899 189 CLEMENTIS
915 158 926 186 l
945 155 1030 184 ROM.
1052 153 1154 183 ΗΟΝΤ.
1175 152 1289 181 OPERA
1304 150 1416 179 DUBIA.

1783 144 1851 175 uss
1891 139 1892 165 Ξ

219 228 308 256 dentio
328 227 460 254 Briaiano
486 224 618 260 episcopo,
650 229 685 248 an
712 218 871 247 Novariensi
893 216 1010 245 Ruﬁnus
1063 215 1189 247 superest
1217 210 1353 238 dubitatio
1380 209 1447 244 quin
1465 207 1628 235 Gaudentius
1651 205 1793 241 episeapu
1807 205 1851 232 cui
1891 206 1892 210 ‘

219 274 284 302 illud
299 278 369 308 opus
383 270 564 306 inscripserit.
586 269 646 296 Alio
659 267 726 295 abiit
745 267 850 301 primus
870 262 931 291 libri
943 261 1004 290 vul-

219 326 297 357 gator
312 319 432 348 Jacobus
447 317 536 345 Faber
555 314 739 350 Stapulensis.
758 310 934 340 Gaudentium
949 309 1007 344 glo-

219 367 320 395 riosum
345 364 446 394 Christi
475 367 620 397 martyrem
643 361 744 396 pariter
770 364 796 386 et
814 357 1007 384 Ariminensem

217 414 368 449 episcopum
389 419 446 447 pra:
458 410 546 437 oculis
559 409 664 436 habens
677 417 684 435 :
696 406 742 442 qui
767 409 859 432 tamen
875 403 926 431 sub
938 402 1007 430 Con-

218 460 321 489 stantio
328 458 462 493 Augusto,
479 460 556 483 tanto
569 457 642 486 ante,
661 461 710 489 pro
723 452 833 480 Christo
846 449 1006 484 sanguinem

219 507 338 535 fuderat.
352 504 436 532 Varie
447 503 533 531 variis
547 502 599 529 hoc
614 505 695 536 pacto
715 506 819 527 serram
830 495 1006 527 ducentibus,

218 558 321 589 quanto
333 551 431 580 melius
444 550 529 577 David
542 548 700 576 Blondellus
725 546 759 574 de
783 542 918 572 Brixiensi
948 548 1008 589 om:

218 586 286 627 nino
317 597 451 625 intellexit
472 595 542 631 (55)!
576 592 707 620 Ruﬁnum
733 592 760 618 in
789 589 947 625 praefatione
974 586 1008 614 ad

219 643 400 672 Gaudentium
413 643 466 669 hoc
480 641 582 668 diserte
597 638 820 674 comprobantem
838 635 983 664 audiamus
1000 643 1005 661 :

221 687 280 718 Tibi
295 689 401 726 quidem
412 686 554 719 Gaudenti,
579 689 736 713 nostrorum
749 683 828 711 decus
843 683 945 718 insigne
959 681 1009 709 do-

219 741 338 767 ctorum,
367 739 457 762 tantus
485 732 584 768 ingenii
613 732 695 767 uigor,
723 730 776 757 imo
805 734 880 756 tanta
899 728 1008 763 spiritus

221 782 310 819 gratia
324 784 378 811 est,
390 784 428 808 ,ut
445 779 469 806 si
485 777 547 813 quid
564 785 579 804 a
597 782 621 804 te
638 776 718 803 etiam
737 774 887 810 quotidiani
905 773 1005 808 eloquii

222 843 294 862 more
309 833 425 865 dicitur;
440 832 462 858 si
476 831 539 866 quid
554 831 582 857 in
602 828 715 856 ecclesia
734 827 912 857 declamatur,
932 825 960 853 id
978 826 1006 852 in

221 887 300 914 libris
312 885 418 917 haberi,
431 889 455 912 et
469 884 503 910 ad
523 881 730 910 instructionem
751 880 820 907 tradi
833 879 943 914 posteris
960 879 1007 906 de-
1022 898 1046 929 Β

223 937 292 965 beat.
307 935 379 963 Infra
390 942 456 963 vero
466 943 472 962 :
481 933 598 969 liquam
610 937 648 960 est
659 940 722 960 sane
734 931 794 964 tibi,
805 931 850 966 qui
861 930 916 957 haec
927 930 1006 956 etiam

222 989 315 1018 Griece
335 987 434 1024 legeris
447 987 492 1023 (ne
511 986 579 1021 forte
597 986 625 1013 in
649 985 781 1020 aliquibus
800 992 816 1010 a
830 983 903 1010 nobis
920 990 1007 1010 senta-

223 1041 279 1063 tum
304 1033 489 1062 translationis
513 1032 632 1060 ordinem
655 1030 759 1066 putes),
783 1029 1005 1064 interpretationis

222 1080 445 1108 nostraindicare
455 1078 604 1106 consilium.
616 1076 679 1104 Haec
688 1075 774 1111 elogia
785 1074 813 1102 in
825 1074 1005 1102 Gaudentium

219 1122 380 1157 episcopum
394 1128 408 1148 a
424 1120 524 1148 Ruﬁno
538 1123 679 1155 congesta,
704 1119 752 1146 uni
774 1117 904 1145 Brixiano
921 1116 1010 1151 aptari

220 1169 356 1202 possunt;
371 1170 504 1202 praeterea
521 1165 634 1193 nemini.
659 1163 684 1192 ls
700 1163 774 1192 enim
788 1162 841 1190 fuit
860 1162 954 1189 doctor
968 1161 1011 1188 vel

221 1217 354 1240 tractator
379 1212 508 1248 insignis.
534 1212 574 1239 ita
600 1210 674 1239 enim
698 1210 747 1245 qui
770 1209 883 1237 verbum
904 1206 952 1235 Dei
965 1214 1010 1235 sa-

220 1266 339 1294 arasque
353 1258 461 1286 litteras
476 1258 520 1285 vel
541 1264 608 1285 voce
622 1256 666 1284 vel
681 1256 783 1291 scripto
795 1256 964 1290 exponerent
978 1260 1011 1279 ac

220 1306 362 1338 docerent,
378 1305 413 1333 ah
424 1303 620 1333 ecclesiasticis
635 1302 816 1338 scriptoribus
829 1301 933 1336 passim
944 1299 1009 1332 dici,

222 1350 364 1382 adnotavit
391 1349 559 1378 Franciscus
581 1348 768 1377 Bernardinus
783 1346 928 1374 Ferrarius
941 1345 1010 1382 (56),

221 1402 256 1425 ex
270 1396 426 1424 Gaudentio
436 1395 568 1422 Brixiano
580 1393 734 1429 exemplum
759 1393 842 1420 etiam
859 1391 1009 1421 adducens,

221 1450 238 1470 a
251 1450 307 1479 quo
321 1441 461 1470 Sermones
477 1441 531 1474 sui,
548 1441 576 1468 in
601 1440 713 1468 ecclesia
726 1438 879 1470 declamati,
891 1440 922 1465 ut
936 1435 1011 1463 Ruﬁ-

221 1497 275 1517 nus
288 1489 363 1524 loqui
379 1491 464 1521 amat,
479 1491 609 1514 tractatus
619 1486 750 1514 dicuntur
764 1485 792 1512 in
805 1483 965 1520 praefatione
978 1482 1010 1509 ad

221 1535 395 1563 Benivolum.
417 1533 492 1562 idem
514 1532 632 1562 eximius
651 1531 766 1559 antistes
787 1537 817 1558 se
843 1528 1012 1564 comperisse

222 1582 271 1612 ait.
285 1590 302 1608 a
313 1581 425 1608 notariis
450 1579 563 1606 latenter
581 1577 720 1613 appositis,
736 1579 872 1604 tractatus
889 1579 955 1602 suos
979 1581 1012 1600 ex
1026 1574 1048 1603 (Ζ

221 1634 271 1655 ore
284 1626 420 1661 loquentis
435 1625 576 1654 collectos.
603 1623 662 1651 Hoc
686 1623 759 1650 idem
785 1621 874 1657 inquit
894 1620 1010 1648 Ruﬁnus

222 1671 266 1699 his
288 1671 380 1699 verbis
395 1680 402 1698 :
433 1669 464 1697 Si
478 1669 541 1705 quid
554 1677 571 1696 a
586 1673 621 1702 te,
636 1668 716 1696 etiam
743 1666 894 1702 quotidiani
915 1665 1012 1701 eloquii

223 1725 295 1746 more
309 1717 420 1750 dicitur,
434 1716 459 1744 si
471 1715 533 1752 quid
554 1716 583 1743 in
600 1715 712 1743 ecclesia
735 1713 912 1744 declamatur,
939 1717 964 1739 et
977 1711 1012 1739 ad

223 1763 423 1790 instructionem
449 1761 520 1788 tradi
539 1761 657 1789 videmus
673 1768 682 1787 :
710 1759 746 1787 ab
769 1759 803 1787 iis
819 1758 949 1786 nimirum
965 1757 1013 1793 qui

223 1810 357 1841 notarios,
371 1816 404 1836 ea
417 1809 509 1836 omnia
522 1808 593 1835 clam
614 1809 790 1842 excepturos,
805 1804 1013 1833 submittebant.

223 1855 405 1887 Gaudentius,
421 1859 493 1883 teste
520 1854 630 1887 Ruﬁno,
656 1853 763 1881 Graacas
776 1852 880 1879 litteras
908 1849 1013 1878 calluit.

224 1901 326 1935 Quidni
343 1909 417 1935 vero,
429 1901 477 1937 qui
494 1908 588 1929 sacras
614 1898 850 1936 peregrinationes
863 1904 912 1933 per
921 1896 1016 1924 Orien-

224 1954 279 1977 tem
295 1957 325 1976 se
340 1949 498 1984 suscepisse
514 1951 642 1980 testatur,
657 1946 703 1974 ubi
718 1952 840 1980 eousque
863 1943 935 1971 fama
954 1942 1016 1978 ejus

224 1996 358 2024 virtutum
372 1995 508 2031 pervenit,
523 1997 553 2021 ut
572 1993 751 2021 Orientalium
767 1991 915 2027 praesulum
931 1997 1016 2017 suasu

225 2042 375 2078 episcopali
388 2042 476 2074 oneri,
491 2045 553 2077 post
565 2039 705 2067 Philastrii
721 2038 836 2070 obitum,
850 2045 865 2064 a
879 2037 938 2064 suis
967 2043 1017 2071 per

226 2090 389 2126 legationem
413 2096 447 2116 eo
473 2088 586 2116 missam
612 2086 663 2114 sibi
685 2084 857 2116 denuntiato,
887 2083 1017 2110 humeros

226 2135 422 2172 supposuerit?
435 2134 538 2162 ibidem
548 2132 651 2160 Joanni
670 2131 869 2167 Chrysostomo
894 2129 1017 2157 nondum

225 2182 358 2218 episcopo
388 2181 485 2208 stricta
517 2177 722 2207 necessitudine
751 2175 882 2208 adhaesit;
913 2183 1018 2210 proque

226 2236 270 2260 eo,
282 2226 457 2263 postmodum
473 2226 634 2262 episcopatu
664 2223 783 2258 deiecto,
799 2222 906 2257 legatus
921 2221 1016 2249 Eccle-

228 2256 434 2302 siae-Romanae
461 2256 730 2306 Cdnstaittinopolim
765 2256 870 2296 missus
897 2271 950 2295 est.
973 2266 1014 2295 Ad
1033 2256 1055 2284 θ

227 2320 352 2356 ejusdem
380 2318 527 2347 Gaudentii
553 2324 708 2345 sermonem
737 2315 790 2349 l6,
826 2313 1017 2351 Chrysostomi

228 2367 372 2403 epistolam
386 2365 449 2399 184,
470 2364 585 2393 Palladii
607 2363 761 2399 Dialogum,
774 2370 835 2398 cap.
851 2363 878 2394 ι,
898 2366 925 2390 et
939 2360 1020 2388 Nice-

228 2414 345 2450 phorum
357 2412 501 2441 Callistum
516 2411 564 2439 lib.
589 2417 652 2442 xm,
679 2417 739 2445 cap.
766 2408 813 2437 2‘2.
834 2407 929 2444 Itaque
944 2407 1020 2434 nulla

347 2533 478 2568 Ferret,
508 2536 548 2564 De
573 2536 619 2563 rit.
655 2533 760 2562 sacrari
788 2533 886 2566 conc”
919 2533 967 2561 lih.
995 2541 1021 2567 ι,

229 2581 415 2645 εὛὲ-ῧίδίκι.
430 2607 509 2640 Sen.,
523 2606 595 2634 Bibl.
611 2606 659 2634 lib.
672 2613 704 2638 ιι,
719 2613 782 2641 pag.
793 2604 838 2638 85,
854 2604 902 2633 ubi
915 2603 949 2632 de
961 2603 1024 2631 Cle-

232 2649 318 2672 ment.
335 2644 470 2679 Recognit.

270 2680 327 2715 (68)
347 2674 487 2710 Bellium"
504 2677 606 2710 Catal.,
619 2677 652 2704 ad
663 2684 729 2704 ann.
746 2676 809 2709 390,
824 2683 886 2711 pag.
901 2674 963 2707 155,
978 2674 1024 2702 ubi

233 2714 267 2742 tle
285 2714 394 2742 Ruﬁno.

255 2749 424 2813 Ίὲὄθὲοῐὸίὼ..
437 2748 550 2776 Dissert.
563 2748 657 2782 philot.
669 2747 703 2775 de
713 2747 804 2782 script.
819 2745 896 2778 eccl.,
911 2749 977 2772 tom.
991 2743 1025 2777 ll,

237 2793 443 2855 Ρῃῗάυῗυῗνδεςη
456 2819 494 2847 De
510 2819 583 2848 Hist.
595 2818 654 2849 σν..
669 2818 720 2845 lib.
740 2825 771 2850 ιι,
785 2823 847 2851 cap.
860 2816 886 2844 9.

272 2855 331 2919 (61)
349 2856 454 2886 Barth.,
470 2854 655 2896 Aduersq'lib.
668 2861 730 2885 xcv,
747 2860 808 2887 cap.
825 2852 852 2879 5.

275 2891 320 2919 (62
349 2890 483 2919 Genuad..
497 2889 536 2917 De
548 2894 637 2919 script.
653 2888 730 2919 eccl.,
743 2895 802 2919 cap.
820 2886 862 2915 l7.

275 2886 331 2922 (62)
349 2890 483 2922 Genuad.,
497 2889 536 2917 De
548 2886 637 2923 script.
653 2888 730 2920 eccl.,
743 2886 802 2924 cap.
820 2886 862 2915 l7.

274 2926 332 2962 (65)
350 2927 460 2961 Anast,
472 2927 543 2955 inter
571 2922 639 2960 opp.
653 2922 804 2957 Sirmond.,
822 2927 890 2951 tom.
907 2922 950 2955 Ill,
968 2929 1029 2958 pag.

264 2503 311 2539 (55
335 2501 480 2534 Blondell.,
501 2498 735 2530 Pseudo—Isidar..
749 2507 811 2534 pag.
821 2498 867 2527 28.

265 2502 322 2600 (56$
347 2537 478 2568 Ferrar..
508 2536 548 2564 De
573 2536 619 2563 rit.
655 2543 760 2562 sacrar.
789 2542 864 2562 conc.

265 2582 291 2600 ι).
325 2595 331 2600 .

1058 259 1176 286 Ruﬁnus
1200 257 1359 286 Clementem
1385 263 1468 284 suum
1491 253 1674 290 nuncupavit,
1692 252 1778 280 fuerit
1788 251 1852 279 Bri-

1057 304 1165 334 :cianus.
1182 310 1236 330 non
1250 302 1330 329 ali-us.

1092 349 1136 377 Vl.
1152 349 1213 376 llaec
1228 348 1317 376 fusius
1333 349 1496 383 prosecutus
1513 353 1574 373 sum
1595 348 1708 380 propter
1722 343 1854 371 doctissi-

1059 403 1120 423 mos
1130 395 1215 427 viros,
1231 394 1337 421 Sixtum
1356 393 1504 421 Senensem
1515 391 1571 427 (57)
1586 396 1614 419 et
1627 390 1782 428 Robertum
1794 388 1855 416 Bel-
1891 397 1892 403 π

1057 442 1203 469 larminum
1215 440 1271 477 (58)
1292 439 1474 468 venerabilem
1495 437 1674 470 cardinalem,
1692 436 1743 471 qui
1764 434 1854 462 Ruﬁni
1891 442 1892 477 ξ

1058 471 1244 522 praefationem
1259 471 1293 513 ad
1306 484 1490 513 Gaudentium
1507 490 1558 518 pro
1570 482 1763 510 commentitia
1775 480 1855 508 nimis

1057 520 1172 568 propere
1192 532 1358 559 habuerunt.
1381 528 1540 556 Bellarmini
1561 527 1700 563 proferam
1723 526 1809 553 verba
1822 525 1855 551 ob

1058 566 1176 614 klossam
1198 585 1280 613 quam
1306 575 1431 603 Labbeus
1452 574 1507 602 illis
1533 573 1673 600 adnectit:
1691 570 1771 599 Sicut
1793 571 1856 604 ipse
1891 566 1892 582 ³

1058 624 1271 659 Recognitiones
1282 621 1351 657 [also
1365 621 1478 656 fortasse
1491 619 1642 647 tribuuntur
1653 617 1806 649 Clementi,
1820 617 1856 644 ita

1057 653 1202 699 etiamvnon
1219 674 1257 696 est
1272 653 1426 696 incredibile
1437 666 1506 701 {also
1526 665 1582 692 illis
1601 664 1763 698 adjunctaan
1775 662 1857 697 fuisse
1891 653 1892 686 ἶ

1058 716 1241 752 praefationem
1252 715 1341 750 Ruﬁni
1351 713 1428 749 quasi
1439 711 1598 747 interpretis.
1612 710 1654 737 Ad
1666 710 1726 737 haec
1738 703 1857 736 sicscri-
1891 702 1892 739 ξ

1058 764 1099 792 bit
1116 763 1242 791 Labbeus
1257 761 1313 798 (59)
1331 770 1338 788 :
1358 759 1454 787 Verum
1475 759 1652 793 imposturam
1674 763 1729 783 non
1750 755 1856 790 agnouit
1891 779 1892 792 1

1060 807 1223 840 Gennadius,
1241 815 1288 834 nec
1295 806 1353 842 ejus
1365 813 1488 841 sequaces
1501 803 1638 831 Honorius
1647 806 1674 830 et
1683 801 1856 829 Tritlteats'us.
1891 807 1892 834 ᾗ

1059 854 1125 882 Post
1139 853 1272 881 Joannem
1284 852 1459 884 Rainoldum,
1476 854 1635 878 nostrorum
1643 849 1856 883 exscriplorem,
1891 875 1892 878 η

1060 900 1087 927 in
1099 899 1218 928 Censura
1229 897 1449 933 apocryphorum,
1460 895 1554 924 eodem
1566 902 1598 922 ac
1611 893 1707 921 Sixtus
1716 898 1745 921 et
1754 893 1856 920 Bellar-
1891 886 1892 890 ¹

1062 945 1153 973 minus
1170 943 1304 980 spectavit
1321 941 1461 970 Gerardus
1479 940 1601 968 Joannes
1615 939 1746 972 Vossius,
1770 937 1858 973 Ruﬁni
1891 935 1892 938 “

1061 989 1101 1016 νει
1122 988 1233 1016 alterius
1260 987 1308 1014 sub
1335 986 1392 1021 ejus
1417 986 1522 1013 nomine
1548 983 1739 1021 pratiationem
1766 983 1857 1018 appcl-
1891 991 1892 1021 j

1061 1035 1122 1063 lans
1145 1034 1212 1071 (60).
1228 1033 1285 1061 lmo
1307 1032 1379 1060 infra
1403 1032 1502 1060 nedum
1524 1031 1717 1067 praefationem
1751 1038 1859 1065 prorsus

1062 1081 1196 1117 ﬁctitiam,
1214 1079 1260 1108 sed
1277 1083 1305 1107 et
1321 1079 1406 1106 libros
1420 1079 1495 1114 ipsos
1515 1077 1737 1112 Reeognitionum
1756 1075 1789 1103 ab
1807 1077 1858 1103 alio

1061 1113 1144 1162 quam
1160 1134 1174 1153 a
1190 1125 1289 1153 Ruﬁno
1311 1113 1467 1154 translatos,
1487 1130 1516 1150 se
1526 1122 1641 1150 credere
1654 1122 1747 1150 malle"
1760 1121 1860 1157 signili-

1062 1177 1116 1200 cat.
1131 1171 1231 1200 Vossio
1243 1170 1278 1198 ad
1291 1178 1415 1198 errorem
1436 1169 1581 1206 praeiverat
1599 1168 1710 1204 Gaspar
1733 1167 1859 1195 Barthius
1891 1167 1892 1206 ξ

1062 1219 1106 1247 his
1121 1218 1211 1247 verbis
1227 1216 1305 1253 (61):
1328 1216 1545 1252 Recognitionum
1562 1213 1709 1242 Clementis
1725 1214 1806 1241 titulo
1823 1215 1858 1240 ξιι-

1062 1264 1155 1300 scripti
1171 1247 1244 1295 tibri,
1262 1247 1420 1291 Clementem
1433 1269 1465 1288 ne
1487 1264 1622 1287 auctorem
1635 1263 1660 1286 et
1675 1258 1808 1294 Ruﬁnum
1826 1259 1861 1285 ξι-

1063 1315 1202 1346 terpretem
1221 1309 1344 1341 habeant,
1360 1316 1413 1335 non
1427 1311 1465 1334 est
1486 1306 1567 1341 facile
1583 1305 1716 1333 decidere.
1728 1304 1808 1333 Viris
1822 1305 1860 1332 lit-

1062 1358 1187 1382 teratura
1199 1352 1399 1381 excultissimis
1410 1351 1510 1378 nollem
1524 1350 1583 1378 haec
1593 1350 1780 1378 excidissent.
1793 1349 1862 1376 Nun-

1062 1400 1129 1435 quid
1145 1398 1253 1427 dillicile
1273 1401 1316 1426 est
1338 1395 1467 1429 decidere,
1484 1396 1557 1431 quod
1576 1397 1668 1431 spissa
1692 1399 1721 1423 et
1743 1395 1862 1430 locuples

1063 1449 1187 1473 veterum
1217 1447 1459 1472 monumentorum
1494 1442 1647 1469 auctoritas
1683 1441 1863 1476 comprobatl

1063 1490 1149 1518 Nihili
1163 1497 1227 1525 ergo
1237 1493 1280 1517 est
1290 1488 1407 1516 Ruﬁnus
1422 1489 1480 1523 ipse
1491 1487 1518 1514 in
1529 1487 1709 1522 peroratione
1720 1485 1863 1513 Commeu-
1891 1485 1892 1525 )

1063 1537 1198 1564 tariorum
1212 1535 1339 1571 Origenis
1353 1534 1381 1562 in
1395 1533 1474 1561 Pauli
1490 1533 1643 1568 Epistolam
1658 1532 1696 1560 ad
1712 1531 1861 1560 Ruinanos.

1068 1583 1126 1615 ubi,
1141 1581 1289 1610 Gaudentio
1307 1581 1426 1616 episcopo
1441 1585 1604 1615 perurgente,
1623 1586 1654 1606 se
1671 1586 1791 1614 operam
1805 1578 1865 1604 dare

1065 1630 1116 1660 ait.
1140 1633 1170 1656 ut
1189 1628 1348 1656 Clementem
1368 1626 1497 1654 Latinum
1518 1625 1620 1652 faciat?
1643 1624 1733 1652 Nihili
1757 1623 1865 1651 Genna-

1064 1675 1127 1703 dius
1141 1674 1208 1710 (62),
1225 1673 1367 1701 Clementis
1381 1671 1495 1699 Romani
1516 1670 1739 1706 Recognitionum
1752 1669 1841 1697 libros
1854 1675 1866 1693 ι

1063 1721 1163 1749 Ruﬁno
1185 1720 1282 1748 Latine
1305 1718 1428 1747 redditos
1453 1717 1592 1745 narrans?
1617 1715 1749 1752 Longum
1769 1715 1802 1741 ﬁt
1822 1713 1867 1741 iter

1063 1768 1275 1800 conﬁciendum,
1289 1766 1313 1794 si
1326 1765 1394 1793 alios
1404 1764 1502 1792 deinde
1519 1771 1577 1791 rem
1590 1762 1719 1790 eamdem
1735 1766 1867 1789 testantes

1065 1821 1226 1850 percurrere
1239 1813 1331 1841 velim.
1343 1811 1378 1838 At
1392 1810 1512 1838 indictos
1536 1809 1613 1837 abire
1624 1816 1680 1836 non
1697 1808 1795 1843 patiar
1805 1814 1868 1834 non-

1065 1849 1166 1887 nullos.
1193 1857 1358 1886 Anastasius
1386 1854 1615 1883 Bibliothecarius
1641 1854 1669 1881 in
1693 1854 1818 1888 epistola
1838 1849 1865 1875 :4

1065 1903 1198 1932 Joannem
1214 1903 1365 1931 Diaconum
1379 1902 1436 1938 (65)
1450 1911 1456 1929 :
1473 1900 1644 1932 Clementem,
1656 1899 1709 1929 ait,
1725 1903 1805 1931 qua:
1818 1895 1866 1921 RI-

1068 1951 1138 1986 ﬁnus
1156 1954 1255 1978 nostra:
1270 1949 1367 1984 lingua:
1382 1947 1527 1979 redditum,
1542 1946 1697 1973 restitutum
1718 1947 1745 1969 et
1760 1941 1865 1969 γεέειιισ

1068 2002 1130 2028 tem,
1151 1995 1186 2023 ad
1210 1994 1388 2022 Gaudentium
1408 1992 1535 2025 scribens,
1558 1990 1657 2018 innuit.
1679 1988 1722 2016 De
1744 1988 1864 2016 versione

1069 2043 1134 2070 item
1163 2041 1255 2069 Ruﬁni
1280 2048 1364 2077 agens
1389 2043 1502 2068 sanctus
1530 2037 1669 2067 lsidorus,
1698 2033 1863 2070 Hispalensis

1069 2090 1226 2125 episcopus,
1245 2095 1280 2115 ex
1290 2079 1324 2115 ea
1338 2085 1525 2114 testimonium
1538 2080 1651 2109 adducit
1666 2080 1741 2116 (64).
1754 2080 1863 2108 Sanctus

1067 2135 1229 2162 Aldhelmus
1245 2133 1339 2161 laudat
1355 2131 1412 2168 (65)
1429 2128 1602 2158 Ilinerarium
1615 2125 1695 2154 Petri
1711 2127 1790 2162 (sunt
1810 2126 1863 2153 Cle-

1067 2181 1169 2209 mentis
1176 2179 1396 2215 Recognitiones),
1403 2177 1498 2211 Ruﬁno
1504 2176 1531 2202 in
1541 2173 1668 2201 Latinum
1675 2181 1713 2200 ea;
1720 2173 1863 2201 Grceorsn

1069 2226 1232 2254 bibliothecis
1251 2229 1373 2253 uertente.
1394 2222 1434 2250 Ad
1454 2222 1512 2249 haec
1535 2219 1608 2248 Beda
1635 2218 1861 2256 Recognitioaibu

1069 2274 1156 2301 utitur
1184 2271 1253 2308 (66).
1277 2270 1345 2299 Item
1360 2267 1521 2305 Agobardus
1549 2266 1617 2302 (67),
1641 2264 1862 2301 Frecull‘us(68}.

1069 2305 1237 2346 Hincmarus
1252 2316 1310 2353 (69)
1322 2320 1350 2344 et
1364 2313 1504 2343 Honorius
1518 2312 1587 2348 (70).
1616 2310 1688 2338 Tam
1704 2311 1815 2339 disertis
1827 2315 1862 2337 te-

1070 2363 1159 2391 stibus
1174 2364 1330 2389 consonant
1355 2358 1572 2394 Recognitionum
1587 2356 1703 2383 codices
1720 2356 1862 2390 mss.th

1071 2416 1179 2441 omnes,
1199 2407 1291 2443 Ruﬁni
1305 2393 1464 2442 interpretis
1486 2411 1586 2432 nomen
1607 2402 1799 2438 prmierentes.
1813 2402 1862 2435 Quo

1109 2525 1166 2571 (64)
1186 2533 1298 2564 lsidor.,
1315 2531 1355 2571 De
1369 2534 1426 2558 nat.
1443 2538 1509 2563 rer.,
1525 2536 1606 2563 capp.
1621 2527 1655 2554 l7
1671 2531 1700 2555 et
1714 2527 1759 2558 3!,
1774 2531 1801 2554 et
1813 2525 1863 2551 Ori-

1073 2566 1128 2605 gin.
1141 2566 1190 2597 lib.
1206 2577 1248 2605 tu,
1262 2575 1324 2605 cap.
1340 2566 1380 2605 Ι.⁸
1417 2602 1423 2605 _
1471 2600 1477 2605 .
1510 2599 1543 2605 ω
1577 2599 1584 2604 _
1738 2596 1789 2605 ..⁵
1806 2603 1814 2605 ξ
1826 2595 1840 2605 Γ

1111 2595 1338 2641 (saginatus.
1358 2602 1399 2630 De
1414 2600 1489 2629 laud.
1510 2599 1625 2635 Virgin.,
1648 2605 1713 2633 pag.
1737 2596 1790 2623 διδ
1803 2595 1860 2622 edit.

1075 2638 1164 2668 Londl
1181 2638 1327 2666 Warthon.

1113 2665 1267 2711 (66)chd.,
1284 2673 1318 2699 In
1346 2669 1546 2711 Hexaemz,_a.d
1570 2674 1650 2711 capp.
1668 2666 1706 2711 Ai,
1721 2665 1763 2711 A6,

1077 2701 1207 2743 Gentii"
1229 2701 1289 2736 Act.
1313 2711 1401 2742 apost.
1416 2715 1443 2739 v,
1469 2701 1555 2743 ᾗ]ιῆ
1580 2701 1698 2729 Retraet.
1720 2702 1753 2728 ad
1776 2701 1859 2729 cunni.

1077 2746 1131 2773 loc.
1144 2740 1171 2772 et
1188 2744 1224 2770 De
1236 2748 1288 2770 rat.
1304 2740 1393 2776 temp.,
1405 2749 1466 2776 cap.
1475 2740 1510 2767 ⁷5.

1114 2780 1171 2814 (67)
1188 2777 1338 2814 Agobard.,
1353 2778 1394 2814 pe
1405 2776 1515 2803 Judaic.

1115 2807 1171 2849 (68)
1190 2807 1306 2841 rFecum
1332 2807 1521 2849 'Clt_ron._tom.
1535 2809 1569 2849 ιιι
1581 2809 1628 2849 up.
1651 2815 1681 2839 ιι,
1696 2815 1759 2849 (ξιρῶ
1773 2807 1816 2849 ψ.

1192 2849 1343 2880 lliucmar.,
1373 2847 1412 2875 De
1435 2846 1530 2874 divort.
1554 2843 1663 2871 Lat/sar.
1689 2847 1714 2870 et
1740 2842 1857 2877 Tubera"

1116 2893 1141 2912 ι).
1175 2905 1182 2912 .

1081 2894 1141 2912 CilD.
1153 2894 1182 2912 ὕ.

1193 2918 1308 2952 Honora,
1322 2917 1360 2946 De
1374 2917 1466 2947 lumin.
1481 2914 1583 2943 Eccles.
1593 2923 1669 2949 ,cap.
1686 2914 1729 2944 l5.

1607 2778 1654 2804 st.,
1667 2779 1730 2807 cap.
1745 2771 1790 2798 16.
