1892 3105
54 165 107 194 1197

568 161 854 190 RECOGNlTlONES.
875 177 910 182 —
927 161 1105 190 ΡηοοειιιΑ.

1583 164 1655 191 1198

52 224 125 252 minus
141 229 199 258 ergo
210 222 284 250 viros
305 222 450 258 insigniter
470 222 578 254 doctos,
597 222 629 249 ad
645 221 698 248 alia
718 227 817 256 prope-
830 225 852 253 Α
867 221 996 256 theologo
1021 220 1148 257 Dionysio
1168 219 1280 248 Petavio
1295 220 1363 257 (79),
1380 219 1529 248 Photiams
1546 221 1657 248 codices

52 273 125 296 rantes
142 267 192 296 haec
216 267 345 304 fugerint,
366 276 421 296 non
443 271 486 295 est
515 266 705 303 ambigendum
722 276 728 293 ε
745 266 814 294 alias

51 323 95 343 rem
108 318 198 342 certam
221 322 271 349 pro
288 318 443 341 commento
463 321 518 342 non
540 313 711 340 habuissent.
729 312 751 338 E
769 312 814 347 ju-

51 360 152 388 nioribus
175 359 337 392 Colelerius,
363 359 456 386 Ruﬁni
480 367 542 386 esse
565 358 751 394 praefationem
780 357 814 384 ad

51 407 206 434 Gaudentium
227 407 305 441 juxta
326 414 358 434 ac
379 406 534 434 versionem
558 406 643 433 totius
663 405 765 440 operis,
781 412 815 432 ex

50 454 106 488 ston
117 453 190 480 etiam
205 452 316 488 probari
338 453 376 480 ait
398 453 454 488 (7i)
469 463 474 479 :
492 456 519 480 et
535 451 661 479 codicum
682 451 815 478 vetustio-

50 505 96 525 rum
109 497 226 533 prtesidio
238 502 381 533 utramque
394 497 492 525 Ruﬁno
504 497 634 525 vindicat.
652 495 728 524 Unus
742 496 815 524 enim

49 551 112 578 quem
126 543 222 576 laudat,
248 544 289 571 sic
310 544 406 579 incipit
425 553 432 570 :
463 542 555 578 Ruﬁni
583 542 728 577 presbyteri
747 548 816 575 prce-

48 590 101 624 fatio
127 590 159 617 ad
186 589 365 618 Gaudentium
394 590 545 625 pontiﬁcem
580 590 608 616 in
646 587 817 615 ltincrarium

48 635 181 668 Clementis;
195 637 227 664 ab
244 646 274 664 eo
294 645 325 664 ea:
344 636 435 665 ϐητσο
458 638 486 664 in
505 637 631 664 Latinum
652 645 815 664 conversum.

48 683 73 710 Et
93 688 148 719 post
171 685 372 720 praefationem,
402 684 604 719 Clementisque
627 684 661 710 ad
686 682 817 710 Jacobmn

47 731 180 766 epistolam,
205 732 243 758 ita
261 731 342 758 habet
362 741 369 758 :
399 730 538 758 Itinerarii
562 730 714 762 Clementis,
744 728 818 756 Petri

48 776 141 810 apostoli
162 776 332 808 successoris,
355 776 420 803 liber
442 777 543 811 primus
565 776 668 811 incipit,
683 784 699 802 a
722 774 818 809 Ruﬁno

47 822 173 850 traductus.
188 822 324 850 Caeterum
342 822 524 850 Bellarminus
547 821 667 857 agnovit,
692 821 818 849 Clemen-

46 867 104 896 tinas
120 867 312 904 Recognitiones
327 875 342 895 a
364 867 463 895 Ruﬁno
483 874 630 895 conversas
644 876 650 894 :
667 874 743 898 nam,
768 866 819 893 Ba-

46 915 109 941 ronio
118 914 207 949 judice
221 915 289 951 (7‘2),
306 923 380 941 nemo
393 918 432 941 est
444 914 488 949 qui
499 913 621 940 dubitare
635 911 737 943 debeat,
756 919 816 938 eum

46 960 175 988 Gennadius
199 961 247 988 hoc
265 961 351 996 ipsum
366 960 397 988 de
413 959 508 995 Ruﬁno
525 964 644 986 testetur.
675 958 708 984 Et
725 962 816 985 tamen

44 1005 169 1042 Dupinium
180 1007 275 1035 audire
287 1008 365 1035 nobis
377 1006 510 1040 contingit
523 1005 591 1041 (75),
607 1004 719 1032 omnino
735 1004 816 1031 aliam

44 1054 185 1080 sententiam
218 1053 384 1081 Bellarmino
413 1053 594 1084 tribuentem,
624 1058 684 1079 eam
711 1049 816 1078 scilicet

43 1105 110 1132 quam
130 1099 317 1127 refutavimus.
333 1099 388 1127 Nec
410 1099 502 1126 minus
517 1101 606 1134 spisso
626 1104 719 1125 errore
740 1099 817 1123 tanto

44 1147 94 1172 ante
105 1144 236 1173 irretitum
258 1145 490 1181 deprehendimus
513 1143 689 1172 Anastasium
712 1141 817 1169 Biblio-

42 1189 174 1218 thecarium
191 1192 221 1219 in
240 1192 355 1227 epistola
371 1191 452 1218 modo
468 1191 596 1223 adducta,
613 1197 730 1226 cumque
745 1189 818 1217 illoc

40 1235 179 1270 junioribus
193 1237 306 1265 Petrum
325 1237 463 1265 Daniclem
481 1237 608 1264 lluetium
624 1236 692 1273 (Ἠ),
709 1236 818 1271 quando

42 1282 89 1311 haec
102 1284 188 1317 verba,
214 1284 315 1320 quibus
333 1283 448 1311 Ruﬁnus
475 1283 662 1318 praelationem
685 1289 763 1309 suam
783 1281 818 1309 ad

42 1327 206 1357 Gaudentium
219 1330 388 1365 auspicatur,
399 1334 428 1356 ut
443 1328 600 1356 Clementem
612 1331 710 1356 nostra:
722 1327 819 1362 lingula

42 1374 202 1408 redderemus,
219 1376 255 1402 ita
270 1378 444 1410 acceperunt,
457 1374 534 1410 quasi
543 1373 740 1408 Iiecognitiones
752 1373 819 1407 ipsa:

41 1419 121 1448 Latine
149 1423 255 1457 scripta:
277 1423 395 1457 primum
423 1421 549 1452 luissem,
568 1419 743 1454 postmodum
772 1418 819 1445 dc-

41 1467 153 1502 perditm,
175 1472 203 1497 et
219 1469 328 1496 demum
350 1475 365 1494 a
385 1467 484 1494 Rulino
499 1475 512 1493 e
528 1465 631 1493 Graecia
658 1466 686 1492 in
709 1464 819 1491 Latium

41 1513 166 1547 restitutae,
196 1521 253 1541 non
268 1522 281 1540 e
306 1512 397 1540 Grteco
412 1512 562 1540 translatze.
580 1511 614 1537 At
632 1506 713 1546 plane
734 1509 818 1541 aliud,

42 1565 86 1584 non
97 1559 145 1587 hoc
159 1560 271 1596 scripsit
284 1559 410 1591 Ruﬁnus,
428 1559 498 1594 apud
514 1565 595 1593 quem
613 1556 665 1584 viri
681 1556 754 1583 docti
768 1555 821 1591 pri-

41 1605 84 1631 mis
96 1609 196 1634 tantum
213 1606 329 1638 vocalis,
346 1607 385 1633 uti
397 1606 435 1638 ﬁt,
450 1605 550 1640 raptim
564 1603 692 1639 perlectis
708 1603 735 1630 in
746 1610 822 1630 erro-

42 1655 88 1676 rem
103 1650 210 1678 adducti
226 1654 300 1678 sunt.
407 1646 411 1651 ’
573 1663 575 1665 ·

69 1691 119 1722 VII.
135 1695 190 1723 Nec
218 1696 327 1731 penitus
349 1696 430 1724 nobis
457 1694 664 1731 praetereundus
689 1696 732 1721 est
755 1692 824 1719 alter

41 1737 283 1773 Bellarminilocus,
297 1741 343 1769 ubi
362 1742 418 1769 haec
444 1741 477 1769 de
498 1740 676 1769 Clementinis
697 1739 825 1774 Recogni-

39 1782 140 1811 tionibus
161 1786 259 1813 scribit
275 1786 331 1822 (75)
349 1796 356 1813 :
375 1786 450 1814 Teste
462 1785 621 1821 Epiphanio,
642 1785 737 1813 haeresi
758 1791 824 1814 xxx,

39 1829 147 1858 Clemens
159 1832 216 1867 ipse
237 1837 350 1859 testatur
370 1831 510 1860 Circuitus
533 1831 618 1863 Petri,
634 1840 650 1858 a
665 1839 692 1858 se
707 1830 826 1857 conscri-

39 1878 100 1907 ptos,
114 1877 147 1904 ab
161 1878 294 1908 hereticis
309 1878 467 1913 depravatos
486 1878 579 1913 fuisse.
594 1876 641 1904 Vir
656 1880 825 1912 purpuratus

40 1918 89 1947 haec
108 1921 200 1951 hausit
215 1933 231 1953 e
245 1926 351 1960 magnis
371 1924 525 1952 Annalibus
537 1923 605 1959 (76).
617 1922 718 1951 Verum
735 1921 825 1949 Lucas

39 1964 188 1998 Holstenius
203 1978 259 1998 non
272 1971 325 1998 hoc
339 1971 433 1999 dicere
449 1970 631 2006 Epiphaniam
646 1969 760 1999 detexit.
777 1967 826 1996 sed

39 2022 66 2040 ex
78 2016 214 2051 encyclicis
228 2017 346 2052 epistolis
365 2017 434 2044 beati
457 2016 599 2044 Clementis
622 2023 680 2051 quw
695 2015 722 2042 in
743 2014 826 2042 eccle-

38 2060 79 2087 siis
94 2061 224 2097 leguntur,
239 2062 370 2090 Periodos
391 2063 457 2090 istas
476 2062 605 2097 falsitatis
624 2060 753 2088 convinci.
771 2059 826 2086 Ne-

39 2115 82 2141 que
92 2108 158 2135 enim
170 2117 313 2144 congruere
323 2117 383 2136 cunt
399 2109 468 2145 ston
482 2109 567 2136 sancti
580 2107 733 2139 Clementis,
746 2114 827 2141 neque

38 2161 90 2181 cum
102 2154 158 2190 ejus
172 2155 284 2183 docendi
295 2157 385 2184 modo.
399 2155 489 2184 Verba
505 2160 570 2183 sunt
582 2155 714 2182 llolstenii
729 2154 756 2181 in
773 2161 825 2181 no-

38 2199 68 2226 tis
79 2209 145 2229 mss.
162 2202 197 2229 ad
213 2201 369 2229 Bellarmini
387 2202 558 2237 Catalogum.
579 2201 606 2228 in
622 2201 716 2228 Museo
730 2204 827 2228 nostro

865 268 952 303 magis
963 268 1048 295 fuisse
1054 268 1227 302 depravatos,
1237 274 1319 302 quam
1329 267 1559 302 sitintcrpretatio
1566 265 1657 293 Ruﬁni

866 315 913 350 qui
927 322 958 342 ea
974 314 1126 346 sustulerit,
1142 321 1202 348 qua:
1217 313 1250 340 ab
1272 313 1418 344 haereticis,
1438 313 1589 347 pra-.serlirn
1603 312 1659 340 Eu-

865 360 1015 392 nomianis,
1029 361 1145 395 ingesta.
1170 360 1240 387 idem
1261 359 1376 386 Ruﬁnus
1392 364 1534 386 monuerat
1551 360 1577 385 in
1591 366 1660 394 opu-

867 406 945 434 sculo
967 405 1006 434 De
1031 406 1224 433 adulteratione
1251 406 1378 432 librorum
1402 405 1533 441 Origenis,
1560 406 1660 441 quippe

866 460 940 488 quae,
951 452 1046 480 eodem
1056 452 1155 479 Ruﬁno
1169 456 1249 484 teste,
1262 452 1441 479 ecclesiastica
1452 452 1543 487 regula
1555 452 1660 478 omnino

867 508 920 527 non
940 500 1058 534 recipiat.
1082 499 1136 527 Sed
1155 500 1286 527 memoria
1311 499 1488 534 repetendum
1512 505 1564 528 est.
1585 498 1661 525 binas

867 545 1085 582 Recognitionum
1111 549 1217 573 veteres
1245 545 1371 572 editiones
1388 552 1403 571 a
1425 544 1524 572 Ruﬁno
1545 545 1662 572 indicari

868 593 896 620 in
910 592 1070 628 praefatione
1090 591 1124 618 ad
1145 591 1327 619 Gaudentium
1344 601 1350 618 :
1368 591 1448 622 Puto,
1473 591 1572 626 inquit,
1593 593 1662 625 quod

868 648 920 667 non
939 644 963 666 te
979 638 1136 674 (Gaudenti)
1156 638 1249 669 lateat,
1272 638 1414 665 Clementis
1428 637 1507 671 hujus
1525 638 1550 663 in
1571 635 1663 664 Graeco

868 684 985 720 ejusdem
998 685 1083 719 operis
1097 684 1297 718 Ἀναγνώσεων,
1309 684 1356 711 hoc
1369 689 1408 710 est
1423 683 1662 718 Recognitionum,

869 739 938 759 nues
953 738 1098 758 EDITIONES
1119 731 1221 762 haberi,
1239 731 1266 757 in
1289 731 1436 765 aliquantis
1455 731 1559 764 quidem
1581 730 1666 756 dim-r-

870 785 933 809 sas;
949 777 975 804 in
995 777 1085 804 multis
1102 781 1199 809 tamen,
1220 776 1337 811 ejusdem
1358 776 1532 803 narrationis.
1548 775 1664 810 Denique

870 830 932 858 pars
947 822 1042 849 ultima
1061 822 1139 856 hujus
1158 824 1258 856 operis,
1269 823 1295 848 in
1311 831 1363 857 qua
1379 822 1411 848 de
1430 821 1666 856 transformatione

871 867 987 896 Simonis
1004 867 1128 901 refertur,
1144 867 1170 893 in
1191 875 1242 894 uno
1257 875 1378 895 conpone
1399 867 1520 894 habetur.
1535 866 1601 892 Sunt
1616 875 1665 892 au-

869 919 919 941 tem
931 919 956 941 et
971 913 1093 949 quwdam
1109 915 1136 939 in
1151 921 1276 945 unoque
1292 921 1413 940 conpone
1433 913 1466 939 de
1481 913 1594 948 ingenito
1612 911 1666 938 Deo

868 960 1006 996 genitoque
1019 960 1146 993 disserta,
1161 964 1186 987 et
1200 959 1232 986 de
1252 960 1314 986 aliis
1329 959 1474 990 nonnullis,
1491 967 1559 993 qure,
1579 963 1607 984 ut
1622 958 1665 984 ni—

869 1006 908 1033 hil
919 1007 1032 1042 amplius
1043 1007 1141 1039 dicam,
1151 1011 1318 1033 excesserunt
1327 1005 1525 1040 intelligentiam
1535 1008 1665 1030 nostram.

869 1051 928 1080 Jam
941 1052 1055 1088 dispice,
1071 1060 1218 1088 quamnam
1230 1051 1394 1079 Clementinl
1408 1050 1500 1086 operis
1519 1049 1667 1077 editionem

869 1098 1039 1135 Epiphanius
1054 1103 1080 1125 et
1099 1099 1213 1126 Photius
1228 1105 1346 1126 censura
1363 1097 1587 1132 perstrinxerint.
1604 1095 1666 1123 Non

870 1147 945 1172 certe
958 1153 1039 1180 quam
1060 1144 1175 1172 Ruﬁnus
1188 1144 1284 1172 Latine
1298 1143 1443 1171 convertit.
1461 1142 1525 1170 Haec
1543 1143 1616 1170 enim
1633 1142 1668 1169 ab

870 1192 1063 1219 haereticorum
1094 1191 1336 1227 depravationilius
1364 1195 1460 1224 vacat;
1490 1190 1669 1224 eamdemque

871 1239 953 1266 etiam
969 1237 1062 1266 Gragce
1081 1240 1212 1274 scriptam
1235 1243 1360 1270 vacasse,
1376 1245 1427 1265 nos
1447 1239 1558 1264 credere
1571 1237 1671 1272 jubcnt

871 1285 924 1312 viri
937 1285 1025 1313 sancti
1038 1285 1169 1313 Paulinus
1186 1289 1212 1312 et
1224 1284 1403 1316 Gaudentius,
1416 1283 1462 1319 qui
1471 1291 1531 1310 eam
1542 1291 1590 1318 per
1601 1283 1670 1310 ami-

872 1338 934 1358 cum
947 1330 1025 1358 Latio
1044 1331 1198 1358 donandam
1218 1331 1393 1358 studuerunt.

908 1376 1041 1404 Caeterum
1058 1375 1177 1404 Jacobus
1200 1375 1288 1403 Faber
1302 1376 1330 1402 in
1353 1374 1475 1409 margine
1502 1372 1672 1409 prmlationis

873 1421 965 1450 Ruﬁni
989 1422 1024 1449 ad
1050 1422 1243 1455 Gaudentium,
1264 1422 1310 1448 ubi
1335 1421 1367 1448 de
1390 1421 1507 1456 ingenito
1535 1421 1672 1456 genitoquc

874 1468 928 1496 Deo
950 1469 1050 1503 agitur,
1066 1468 1123 1496 haec
1144 1469 1227 1496 verba
1245 1468 1387 1495 adnotavit
1401 1477 1408 1495 :
1423 1466 1492 1494 Pars
1514 1467 1564 1493 illa
1587 1466 1618 1493 de
1634 1467 1674 1493 in-

874 1515 961 1550 genito
976 1515 1113 1550 genimque
1128 1514 1195 1547 Deo,
1210 1515 1378 1549 cognoscitur
1390 1513 1422 1540 ab
1439 1513 1570 1540 Eunomia
1583 1518 1629 1540 aut
1639 1513 1672 1539 ab

876 1561 937 1587 aliis
952 1561 999 1595 qui
1015 1559 1142 1587 Eunomii
1155 1560 1332 1596 sequebantur
1349 1568 1462 1591 errores,
1478 1560 1588 1591 uitiata;
1605 1564 1633 1585 ut
1648 1564 1674 1586 et

874 1606 986 1640 epistola
1009 1605 1091 1632 Pauli
1115 1606 1149 1632 ad
1171 1605 1322 1633 Corinthios
1346 1615 1362 1632 a
1383 1605 1521 1633 Marciane
1549 1611 1675 1640 corrupta

874 1652 972 1687 fuerat.
995 1651 1093 1680 Merito
1118 1653 1199 1686 igitur
1214 1651 1282 1678 illud
1298 1651 1424 1678 Eunomii
1448 1652 1674 1686 interpretandum

875 1707 926 1725 non
941 1699 1002 1733 fuit,
1020 1703 1048 1725 ut
1066 1706 1145 1733 neque
1160 1697 1281 1725 Marcion
1297 1698 1323 1724 in
1338 1697 1435 1725 Paulo.
1452 1697 1527 1724 Istud
1549 1696 1674 1724 scholion

876 1745 903 1771 in
917 1745 1024 1772 czcteris
1039 1744 1218 1776 editionibus,
1238 1747 1264 1770 et
1280 1745 1308 1770 in
1324 1744 1383 1778 ipsa
1396 1743 1578 1776 Coteleriana,
1599 1742 1674 1769 desi-

875 1787 1005 1824 deratur;
1021 1790 1128 1818 etiamsi
1152 1790 1180 1817 in
1200 1790 1359 1818 Coloniensi
1380 1789 1446 1816 anni
1462 1789 1531 1816 1547
1548 1788 1674 1816 scholion

876 1837 1015 1873 persimile
1036 1837 1070 1864 ad
1091 1844 1167 1863 oram
1188 1837 1324 1871 legeretur
1347 1835 1390 1863 liis
1409 1835 1522 1862 verbis:
1540 1833 1675 1868 Corrupto

876 1883 931 1911 hac
948 1883 1030 1918 fuisse
1047 1883 1166 1917 suspicor
1180 1882 1213 1908 ab
1228 1881 1371 1909 Eunomia.
1384 1881 1605 1916 quemadmodum
1617 1880 1673 1913 cpi--

877 1929 947 1958 stola
970 1929 1051 1956 Pauli
1067 1928 1101 1955 ad
1129 1927 1281 1956 Corinthios
1302 1936 1318 1954 η
1337 1926 1484 1954 Marciane.
1501 1927 1563 1954 llwc
1585 1930 1677 1953 tamen

876 1983 936 2012 quae
959 1975 986 2003 in
1012 1975 1152 2002 Clemente
1178 1982 1239 2006 suo,
1257 1978 1286 2001 ut
1300 1973 1342 2000 ab
1370 1973 1507 2000 haereticis
1533 1976 1676 2007 corrupta.

877 2021 1052 2058 prtetermisit
1072 2020 1199 2052 Rulinus,
1222 2021 1335 2056 reliquae
1348 2019 1408 2054 ejus
1433 2018 1554 2046 versioni
1575 2019 1678 2045 inserta

877 2068 978 2103 reperit
989 2067 1140 2095 Colelerius
1155 2066 1182 2093 in
1194 2066 1283 2093 tribus
1295 2065 1448 2096 codicibus,
1462 2063 1676 2094 Candeleriano,

879 2114 1032 2142 Sorbonico
1047 2117 1074 2141 et
1095 2113 1211 2140 Thuano
1227 2121 1233 2139 :
1251 2117 1370 2146 suntque
1385 2110 1473 2137 decem
1495 2110 1584 2144 capita
1606 2108 1679 2136 inter

877 2160 997 2195 primum
1011 2163 1039 2186 et
1055 2159 1247 2186 duodectmum
1264 2157 1369 2188 clausa,
1382 2155 1415 2182 de
1430 2155 1531 2190 quibus
1546 2155 1603 2182 ait:
1623 2153 1679 2181 Ne-

878 2205 933 2232 scio
942 2204 1001 2240 quis
1014 2204 1106 2239 igitur,
1122 2202 1192 2239 quod
1208 2210 1224 2228 a
1236 2201 1331 2236 Ruﬁno
1348 2201 1557 2236 prwtermissum
1578 2199 1678 2235 fuerat,

38 2251 180 2274 servatum.
201 2246 320 2282 Lapsum
343 2248 412 2274 tanti
428 2248 478 2274 viri
499 2247 630 2278 iudicavi,
653 2254 688 2274 ne
705 2246 752 2273 ulli
767 2254 827 2273 ³1η-
842 2261 864 2288 D
878 2251 930 2277 sibi
953 2251 1075 2284 sumpsit,
1098 2253 1127 2276 ut
1147 2250 1375 2283 interpretaretur.
1408 2246 1465 2274 lloc
1491 2251 1679 2274 assumcntum

37 2291 103 2325 plius
116 2293 151 2320 ob
162 2293 281 2321 dicentis
292 2294 486 2321 auctoritatem
506 2294 542 2321 sit
557 2300 640 2320 causa
653 2291 825 2323 oﬁ'ensionis,

38 2342 63 2364 ut
73 2345 159 2373 nuper
172 2338 224 2366 fuit
236 2339 314 2366 alteri
335 2339 395 2366 viro
411 2340 503 2371 dooto,
520 2347 600 2374 quem
621 2339 762 2374 corrigens
778 2345 828 2364 no-

36 2384 135 2413 minare
149 2393 206 2413 non
223 2385 321 2418 debeo,
337 2394 372 2414 ne
387 2386 535 2413 amicitiam
551 2394 611 2422 quae
629 2385 696 2412 mihi
710 2393 774 2413 cum
795 2391 828 2413 eo

36 2429 187 2464 intercedit,
200 2431 298 2459 laedere
311 2431 413 2458 videar.
428 2430 500 2458 idem
516 2429 686 2466 Epiphanius
702 2430 829 2457 Clemen-

35 2476 103 2504 tinos
130 2477 220 2504 libros
239 2476 325 2505 fuisse
350 2477 385 2504 ab
408 2476 544 2506 Ebicnitis
570 2481 716 2510 corruptos
743 2478 828 2503 testa—

37 2526 76 2549 tur
100 2522 170 2559 (77).
196 2522 311 2550 Photius
332 2523 414 2550 etiam
438 2526 519 2549 vocat
539 2522 595 2558 (78)
612 2521 738 2556 refertum
763 2529 829 2555 opus

35 2569 154 2597 absurdis
168 2571 256 2605 nugis,
272 2578 325 2597 non
337 2570 393 2596 sine
404 2569 525 2603 pluribus
539 2577 572 2595 ea:
586 2569 645 2595 Arii
665 2568 787 2602 opinione
802 2567 830 2594 in

38 2615 133 2643 Filium
157 2617 336 2651 blasphemiis.
353 2616 416 2644 Haec
435 2620 582 2644 suaserunt
601 2616 691 2651 magni
710 2615 829 2642 nominis

68 2718 123 2756 (τι)
143 2720 246 2753 Cotel.,
263 2719 291 2748 in
318 2719 407 2748 Judic.
430 2719 464 2747 de
485 2719 564 2747 libris
590 2717 738 2753 Recognit.,
766 2725 828 2754 pag.

34 2754 83 2782 481
97 2754 166 2783 edit.
183 2763 247 2783 nov.

69 2791 124 2825 (72)
144 2791 260 2824 Baron.,
276 2792 310 2820 ad
323 2799 388 2819 ann.
404 2790 465 2819 102.
488 2789 585 2825 §xxu.

69 2825 125 2861 [73)
146 2826 259 2861 Dupin.,
272 2832 339 2855 tom.
355 2827 386 2861 ll_|
404 2825 531 2854 Biblioth.

69 2858 125 2897 (τι)
144 2858 239 2896 liuet.,
253 2858 300 2890 ‘De
314 2858 382 2890 clar‘.
395 2863 517 2896 interpr.,
536 2869 601 2897 pag.
616 2860 674 2889 151.

69 2895 126 2932 (75)
146 2896 287 2932 Bellarm.,
300 2897 338 2927 De
348 2899 439 2933 script.
453 2895 558 2932 ecclesi,
569 2895 604 2926 id
616 2904 681 2927 ann.
696 2895 741 2925 92.

879 2297 980 2332 prodit,
1004 2297 1032 2323 ni
1061 2295 1152 2329 fallor,
1175 2295 1329 2322 versionem
1354 2292 1446 2320 Ruﬁni
1471 2293 1623 2328 antiquitus
1646 2292 1681 2319 ad

877 2343 973 2370 Gra‘ca
988 2341 1154 2377 exemplaria
1173 2341 1341 2375 recognitum
1357 2344 1384 2366 et
1400 2339 1539 2367 collatam.

915 2388 983 2416 Vlll.
997 2389 1075 2416 Nunc
1087 2387 1121 2415 ad
1133 2387 1277 2422 epistolam
1293 2385 1510 2420 Recognitionum
1523 2385 1602 2412 libris
1616 2384 1681 2411 sub-

876 2435 978 2470 jectam
1004 2434 1190 2461 deveniamus.
1211 2433 1304 2459 l'iomre
1323 2440 1355 2458 ex
1382 2431 1487 2458 mdibus
1508 2430 1605 2466 Populi
1626 2429 1682 2457 Ro-

879 2481 965 2512 mani,
984 2488 1056 2507 anno
1081 2479 1160 2510 t59l.
1179 2479 1341 2514 prodierunt
1364 2477 1487 2513 epistolae
1500 2480 1680 2512 jsummorum

879 2527 1051 2563 pontiﬁcum,
1069 2527 1156 2553 tribus
1172 2526 1256 2552 tomis
1271 2525 1407 2552 distincta:
1423 2533 1429 2551 :
1448 2523 1475 2551 in
1491 2531 1609 2558 quorum
1625 2523 1677 2558 pri-

880 2581 925 2600 mo
941 2577 1004 2600 ante
1022 2580 1118 2600 omnes
1130 2573 1198 2599 alias
1214 2575 1306 2599 exstat
1316 2578 1377 2606 qua:
1392 2570 1493 2597 dicitur
1508 2569 1680 2596 Clementina

881 2619 915 2647 ad
941 2619 1072 2647 Jacobum
1103 2618 1214 2644 fratrem
1246 2617 1353 2644 Domini
1395 2615 1495 2643 Ruﬁno
1522 2615 1679 2649 interprete.

919 2718 977 2755 (76)
995 2717 1108 2751 Baron.,
1131 2716 1165 2743 ad
1186 2723 1250 2743 ann.
1267 2716 1312 2751 61,
1337 2715 1351 2751 §
1385 2723 1412 2747 x,
1429 2718 1456 2742 et
1479 2713 1511 2740 ad
1535 2719 1599 2739 ann.
1620 2711 1679 2743 I02,

886 2754 900 2790 ἑ
998 2788 1108 2851 Epiph.,
1128 2787 1200 2814 "(27.
1215 2794 1278 2818 xxx,
1299 2786 1312 2822 §
1327 2793 1370 2812 xv.

921 2825 978 2851 (78)
997 2823 1019 2851 Ρ
1040 2827 1091 2851 οι..
1109 2822 1180 2850 Bibl.
1198 2822 1261 2849 eod.
1277 2829 1357 2848 cun.

934 2822 978 2861 73)
997 2822 1091 2861 fho't”
1109 2822 1180 2861 B_ibl.
1198 2822 1261 2861 eqd.
1277 2829 1357 2861 cxiii:
1433 2854 1449 2861 _
1481 2854 1502 2861 _
1523 2855 1528 2861 _

886 2895 902 2934 ⁵
997 2854 1102 2892 Petam,
1116 2857 1315 2894 Dogm.Theol.,
1329 2856 1378 2884 lib.
1393 2861 1402 2883 t
1426 2854 1468 2883 De
1481 2854 1569 2890 Trin.,
1582 2861 1642 2892 cap.
1653 2855 1681 2889 ὃ,

927 2903 943 2923 ιι
968 2915 976 2924 .
