1892 3105
246 149 314 178 1199

671 149 698 178 S.
715 149 913 177 CLEMENTIS
932 150 942 177 1
964 149 1047 180 ROM.
1069 150 1170 181 PONT.
1192 152 1307 180 OPERA
1326 151 1439 180 DUBIA.

1764 155 1809 184 uno

243 208 313 237 Huic
325 216 385 244 pag.
399 208 415 235 7
429 207 583 253 adnectitur
597 207 688 253 spuria
701 206 835 253 appendix
846 213 908 253 cum
921 206 1029 253 epigra-
1045 225 1066 253 Α
1081 208 1283 244 exemplaribus
1292 207 1392 235 Grmcis
1401 215 1460 235 eam
1471 207 1548 235 libris
1563 207 1748 243 Recogniliomtm
1764 219 1809 246 pm-

243 254 295 290 phe
305 254 339 283 ad
352 260 427 281 oram
444 262 452 281 :
469 252 687 287 Compendiolum
698 252 760 287 fidei
777 251 948 279 Christianw.
959 251 1030 278 Lab-

242 301 321 332 beus,
343 299 391 334 qui
413 303 486 326 tomo
504 298 514 325 1
533 297 724 329 Conciliantur,
740 304 801 332 pag.
823 296 867 329 89,
893 297 965 323 illam
988 296 1030 323 in-

241 345 338 378 seruit,
350 345 383 372 de
402 344 588 371 additamento
610 346 646 370 ita
661 343 756 371 scribit
774 351 779 370 :
798 342 848 368 Hie
863 341 957 369 desinit
973 342 1029 376 epi-

241 392 311 421 stola
322 393 347 419 in
361 391 518 427 quibusdam
529 390 661 417 codicibus
674 398 683 417 .'
695 394 788 416 ewtera
801 394 861 416 sunt
873 389 926 416 vice
938 395 1031 422 appen-

240 439 307 466 dicis
336 438 428 465 addita
456 439 528 465 circa
555 445 653 464 annum
673 436 737 468 800,
760 440 790 462 ut
818 435 930 462 videtur.
956 434 1029 462 Idem

241 483 326 511 ferme
348 483 386 510 ait
412 482 584 510 Mabillonius
607 481 675 517 (80).
692 480 789 508 Petrus
816 479 923 507 Crabbe
951 487 1030 507 assu-

240 533 331 556 mento
345 528 519 563 conjunctam
534 527 675 562 epistolam
688 526 840 553 inseruerat
852 529 925 553 tomo
937 525 948 552 1
963 523 1030 553 Con-

240 575 372 607 ciliorum,
396 582 457 609 pag.
475 574 508 601 14
529 573 594 601 edit.
615 572 713 600 Colon.
729 572 808 600 1558.
823 571 858 598 At
881 571 1029 599 Sichardus

240 621 269 648 in
293 622 381 656 pritna
407 628 457 648 sua
484 619 697 655 Recognitionum
723 618 843 646 editione
869 619 933 645 anni
959 616 1028 645 1526

238 671 343 702 quarta:
358 674 390 694 ex
411 666 534 701 epistolis
556 665 715 697 Clementis,
731 664 907 700 appendicem
929 664 966 690 ita
987 664 1029 690 in-

239 713 370 748 soriptam
396 711 573 746 subjecerat:
594 710 782 745 Compendium
810 710 883 745 ﬁdei.
909 710 974 742 Qum
999 709 1028 737 in

239 760 321 786 altera
337 759 396 793 ejus
410 758 530 785 editione
549 757 613 784 anni
629 756 698 784 1556
712 757 764 792 ipsi
777 756 899 791 epistolae
912 755 1027 790 conjun-

238 804 320 839 gitur.
339 803 472 830 Gruterus
493 809 612 837 quoque,
635 800 797 828 Sichardum
818 804 939 832 secutus,
959 807 1026 827 con-

235 849 326 884 junxit
348 853 410 885 post
435 847 644 877 Constitution:
679 849 853 884 apostolicus,
879 854 942 882 pag.
961 846 1024 878 545,

1083 255 1146 288 poni
1161 254 1281 281 solitam.
1295 253 1472 289 Postponitur
1487 258 1576 282 tamen
1589 255 1617 282 in
1634 256 1714 284 codice
1725 256 1810 288 Palatino

1081 299 1141 327 sine
1153 300 1244 334 spuria
1259 300 1419 334 appendice.
1435 299 1562 334 Epistola:
1577 300 1627 336 ipsi
1640 301 1731 329 additur
1741 304 1762 331 in
1774 306 1810 332 col-

1081 345 1245 373 lectionibus
1263 344 1399 372 Vaticanis
1420 345 1517 373 lsidori
1536 345 1597 374 cod.
1614 346 1671 379 629,
1690 347 1728 376 fol.
1742 349 1811 381 l27,et

1079 390 1211 422 cod.650,
1233 391 1280 418 fol.
1297 391 1324 418 6.

1114 435 1185 469 Quin
1199 444 1265 472 ergo
1287 436 1434 465 Clementis
1449 437 1564 474 epistola
1584 438 1617 465 ad
1637 438 1747 468 Jacobum
1757 450 1810 476 quam

1080 479 1196 508 Rufinus
1210 481 1334 508 Latinam
1351 481 1425 516 fecit,
1437 490 1469 511 ea
1478 484 1514 511 sit
1522 491 1588 518 pura
1597 488 1657 519 puta
1665 493 1715 519 quae
1727 487 1810 513 omnium

1079 526 1207 554 manibus
1219 527 1325 560 teritur,
1335 527 1396 561 jure
1412 528 1513 563 ambigi
1525 529 1635 564 nequit;
1650 538 1694 557 nec
1704 532 1812 558 sanedubi-

1079 575 1119 599 tat
1134 572 1313 600 Bellarminus
1329 574 1395 609 (84).
1413 574 1530 609 Ipsemet
1551 575 1696 604 Blondellus
1715 577 1755 605 hoc
1766 578 1810 604 idem

1080 620 1148 648 satis
1163 621 1275 654 evincit,
1291 621 1417 656 quamvis
1431 629 1488 649 suae
1499 626 1580 650 sectae
1594 623 1665 650 virus
1674 627 1771 652 centum
1781 625 1812 651 im-

1079 666 1202 694 misceat.
1217 666 1370 695 Cotelerius
1391 675 1453 694 cum
1483 675 1545 703 post
1570 668 1746 704 Recognilionet
1764 677 1812 696 eim-

1078 710 1138 738 dem
1164 712 1308 746 epistolam
1335 713 1428 742 Graace
1444 719 1470 742 et
1483 714 1578 743 Latine
1601 717 1657 744 sine
1678 717 1724 744 ullo
1743 716 1814 744 addite

1078 759 1170 783 mento
1186 756 1326 790 edidisset,
1342 766 1405 785 mox
1427 758 1519 786 Ruﬁni
1534 759 1760 795 interpretationem
1770 762 1813 789 suls-

1077 800 1153 836 jccit,
1169 801 1203 829 ad
1219 806 1327 830 veteres
1345 803 1480 831 editiones
1497 807 1524 830 et
1537 804 1646 832 codices
1658 813 1717 833 mss.
1729 805 1755 832 de
1764 812 1814 832 more

1079 846 1215 879 collatam,
1231 851 1258 875 et
1272 847 1299 875 in
1319 850 1408 883 capita
1424 848 1460 876 20
1474 849 1632 877 distinctam
1644 860 1650 878 :
1663 858 1758 886 quorum
1768 850 1813 877 duo-

237 903 319 931 quam
335 899 425 923 tamen
456 894 543 922 Faber
571 899 633 922 ante
661 893 841 929 disjunxerat.
864 892 1025 920 Theodorus
1041 893 1062 924 Β
1076 892 1269 921 devicesimum
1281 895 1357 922 citari
1371 895 1528 924 observavit
1539 897 1565 923 in
1576 897 1689 924 concilio
1703 896 1814 924 |\’asensi.

236 939 393 969 Bibliander
416 940 486 967 libro
507 939 652 974 inscripto,
675 937 829 967 Christiana
847 942 872 965 et
893 937 1024 964 catholica

235 987 367 1018 doctrina,
384 985 496 1014 Basileze
518 993 566 1021 per
579 984 712 1012 Iacobum
726 983 843 1011 Parcum
868 983 947 1013 1550,
963 990 1024 1018 pag.

233 1032 298 1065 22L
314 1031 436 1059 eamdem
453 1031 595 1067 epistolam
613 1030 708 1065 Ruﬁno
726 1030 875 1064 interprete
898 1028 1025 1060 inseruit,

234 1079 282 1106 sed
299 1078 388 1105 ablata
404 1077 563 1113 appendice.
580 1076 618 1103 Ea
631 1081 721 1104 tamen
741 1076 800 1103 sine
814 1074 924 1102 nomine
942 1075 1027 1102 inter-

233 1125 328 1160 pretis,
360 1129 387 1152 et
415 1123 474 1151 sine
498 1123 648 1158 appendice
674 1122 777 1150 dudum
805 1121 909 1149 inserta
938 1120 1028 1148 fuerat

233 1178 295 1206 pag.
311 1170 327 1196 7
349 1170 462 1197 alterius
484 1169 558 1201 libri,
579 1169 619 1203 sic
638 1166 781 1204 praenotati
800 1176 808 1196 ε
825 1167 953 1201 Epistola:
975 1167 1028 1194 ali-

231 1219 294 1252 quot
307 1215 434 1247 illustres,
448 1223 539 1250 graves
551 1219 576 1241 et
593 1214 714 1247 eruditur,
726 1219 803 1241 extra
818 1212 960 1240 bibliorum
981 1220 1027 1239 ca-

231 1267 324 1287 nonem
337 1259 408 1289 licet.
420 1259 574 1293 apostolica'
598 1264 685 1286 tamen
701 1263 725 1286 et
736 1258 797 1293 pitt.
818 1257 944 1293 Augusta
963 1257 1027 1285 Vin-

231 1305 439 1341 delirorum,per
447 1305 628 1333 Alexandrum
642 1304 846 1340 Weyssenhorm
859 1304 938 1336 1529,
954 1304 981 1330 in
998 1303 1037 1331 8⁸-

269 1349 390 1378 Primam
418 1350 490 1378 inter
517 1350 650 1385 epistolas
680 1349 897 1385 pseudo-lsidori
925 1352 1027 1375 temere

233 1395 339 1427 statuit,
358 1395 404 1430 qui
418 1402 477 1422 eam
502 1394 645 1421 virulentis
668 1393 742 1421 notis
755 1393 788 1420 de
803 1400 879 1420 more
903 1392 1025 1427 contigit,

231 1439 401 1469 Blondellus.
416 1439 517 1473 Quanti
538 1447 598 1467 eam
615 1438 711 1466 fecerit
732 1437 896 1466 Franciscus
918 1437 1029 1465 Turria.

233 1494 297 1518 Ius,
313 1485 376 1513 inde
399 1489 508 1514 constat
527 1485 601 1521 quod
622 1492 682 1513 eam
703 1488 730 1512 et
753 1491 802 1519 pro
817 1491 881 1511 vera
901 1487 1022 1513 tueatur.

232 1537 259 1560 et
279 1531 382 1560 Latina!
396 1532 517 1559 versioni
541 1531 711 1562 roboranda,
728 1539 763 1558 ex
782 1530 877 1558 codice
892 1529 1025 1556 Vaticano

231 1578 357 1606 Graecum
374 1577 435 1612 ejus
450 1582 606 1605 contextum
620 1584 675 1604 non
686 1577 770 1604 semel
786 1576 898 1603 advocet
911 1575 978 1611 (81).
990 1575 1025 1601 At
1038 1566 1060 1595 δ

231 1623 361 1652 Ruﬁnum
373 1623 510 1651 versionis
530 1627 669 1650 auctorem
682 1630 754 1654 esse,
770 1629 832 1648 cum
851 1625 943 1648 careat
963 1628 1024 1656 pro-

232 1669 301 1704 logo,
317 1676 370 1695 non
387 1668 506 1695 admittit
522 1667 589 1703 (8'2).
606 1667 674 1700 Quis
687 1674 751 1694 vero
766 1667 884 1702 ignorat,
896 1665 1024 1693 Ruﬁnum

231 1714 401 1749 longioribus
424 1719 528 1741 tantum
544 1713 700 1741 Graecorum
723 1713 845 1748 scriptis.
868 1719 924 1739 non
949 1712 1024 1739 brevi

231 1768 263 1788 ac
278 1760 395 1796 simplici
405 1760 540 1796 epistolae,
553 1767 586 1787 ex
598 1758 730 1786 Gennadii
741 1759 887 1790 sententia,
902 1757 1024 1792 prologo;

231 1806 297 1834 dare
310 1806 459 1834 debuisse?
473 1805 601 1841 Epistolas
619 1805 808 1840 antiquitatem
828 1804 927 1831 astruit
947 1803 1025 1830 testi-

231 1854 353 1881 monium
368 1853 472 1886 Ruﬁni,
488 1853 521 1880 ab
534 1860 563 1880 se
574 1853 638 1879 olim
653 1852 866 1886 interpretatum,
881 1853 958 1885 atque
972 1849 1026 1876 edi-

231 1905 287 1927 tam
303 1900 488 1928 asseverantis
504 1899 530 1926 in
546 1898 707 1934 praefatione
715 1897 749 1924 ad
765 1897 962 1927 Gaudentium;
974 1895 1025 1922 Re-

231 1945 422 1981 cognitionibus
435 1953 490 1973 non
506 1945 686 1980 praemissam,
700 1944 763 1980 quia
774 1949 887 1978 tempore
896 1943 1025 1977 posterior

230 1994 281 2023 ut,
296 1992 396 2025 nempe
419 1989 648 2025 Recagnitionibus
663 1997 678 2016 a
699 1989 847 2020 Clemente,
864 1991 894 2014 ut
913 1987 1026 2022 putaba-

230 2039 288 2067 tur,
305 2039 385 2063 antea
399 2035 575 2070 conscriptis.
590 2034 666 2062 istud
677 2034 768 2062 Ruﬁni
786 2033 930 2061 consilium
944 2032 1026 2060 Cote-

231 2081 316 2109 lerius
332 2084 456 2112 secutus,
468 2088 527 2108 eam
539 2084 566 2108 et
581 2081 638 2116 ipse
649 2081 724 2115 Operi
732 2079 900 2107 Clementino
913 2082 1025 2113 postpo-

231 2127 298 2159 suit,
315 2127 379 2154 licet
394 2126 485 2154 codici
498 2126 672 2154 Carmelitico
688 2127 818 2153 insertam
840 2125 910 2151 inter
925 2124 1025 2160 praefa-

232 2173 334 2200 tionem
349 2176 377 2200 et
404 2172 603 2208 Recognitianes
621 2172 780 2207 reperis'set.
792 2171 841 2209 ita
855 2178 922 2198 sane
942 2170 1024 2197 etiam

232 2218 341 2247 codices
355 2219 456 2254 quibus
470 2227 538 2246 usus
554 2218 605 2246 fuit
628 2217 810 2252 Stapulensis,
827 2217 956 2244 insertam
975 2216 1024 2242 ha-

232 2265 373 2292 buerunt:
389 2268 417 2293 et
444 2264 559 2292 Photius
583 2271 692 2300 qucque
719 2266 812 2298 aperte
837 2262 875 2289 ait
902 2261 970 2298 (83),
996 2261 1024 2289 in

233 2353 326 2460 ηπ,ὲέἲὲ

269 2460 325 2496 (82)
344 2461 385 2496 id.
400 2461 478 2493 ibid.,
495 2460 544 2488 lib.
560 2469 597 2493 IV,
615 2467 676 2495 cap.
691 2458 738 2487 at.

269 2495 325 2530 (85)
343 2495 435 2529 Phot.,
448 2496 509 2524 cod.
527 2503 605 2523 cxnt.

269 2527 484 2572 (84).13_e|larm.,
500 2531 539 2559 De
559 2531 635 2559 Rom.
653 2529 760 2565 pontif.,
775 2529 824 2557 lib.
845 2536 876 2561 ll,
898 2535 958 2563 cap.
979 2527 1023 2559 M,

235 2570 424 2637 Ροῗὲἒξίηᾶἵιιᾶ
439 2602 537 2635 Labb.,
552 2605 619 2637 tom.
634 2601 678 2635 lll,
691 2608 753 2636 pag.
764 2599 848 2637 1458.

269 2636 329 2746 (ἐξ)

346 2353 460 2388 Mabill.,
474 2354 594 2381 Analect.
610 2358 677 2382 tom.
694 2353 715 2384 1,
733 2360 793 2388 pag.
812 2352 874 2380 142.

345 2386 484 2423 Turrian.,
501 2390 548 2418 lib.
561 2398 591 2423 ιι,
604 2396 682 2424 capp.
699 2389 716 2416 5
730 2386 758 2416 et
771 2386 823 2420 ‘15,
844 2395 894 2423 pro
917 2386 1023 2414 Canon.

348 2633 465 2672 Cizpt'tul.
482 2633 535 2672 reg.
553 2633 750 2667 FrancHVt-oui.
764 2636 879 2672 ll,7pag.
892 2633 972 2663 1127.

348 2671 425 2709 Apud
441 2671 539 2707 Labb.,
556 2676 623 2700 tum.
640 2671 686 2707 lx,
703 2679 765 2708 pag.
779 2671 843 2700 416.

1078 945 1150 965 anno
1166 939 1218 966 442
1231 940 1378 972 celebrato,
1398 949 1461 969 can.
1482 942 1498 969 6
1520 943 1590 978 (85),
1612 944 1637 970 in
1662 943 1814 978 Capitularibus

1077 991 1170 1019 regum
1182 984 1348 1013 Francorum
1365 987 1433 1022 (86),
1448 987 1531 1023 inque
1546 989 1662 1017 concilio
1677 989 1767 1016 Mettensi
1774 996 1814 1015 can.

1077 1029 1112 1056 12
1129 1030 1197 1065 (87).
1222 1031 1330 1059 Citatur
1357 1041 1465 1068 quoque
1483 1041 1499 1060 a
1517 1033 1631 1062 Nicolao
1650 1035 1669 1066 1,
1688 1035 1752 1070 epist.
1765 1034 1794 1065 l9.
1806 1041 1815 1059 ιι

1076 1075 1181 1103 Joanne
1192 1075 1260 1108 Vlll.
1273 1078 1353 1113 epist.
1374 1079 1435 1111 254.
1449 1083 1476 1106 et
1490 1087 1506 1107 a
1520 1079 1651 1116 Gregorio
1665 1079 1713 1113 ιιι,
1729 1080 1765 1107 lib.
1776 1085 1815 1110 nu.

1076 1122 1157 1156 epist.
1169 1121 1214 1149 21.
1228 1122 1269 1151 Ad
1286 1123 1347 1158 ejus
1361 1125 1527 1161 epigraphen
1547 1129 1626 1157 tanto
1636 1131 1693 1154 ante
1709 1126 1779 1153 allusit
1789 1124 1816 1151 Si-

1076 1166 1175 1194 donius
1185 1167 1232 1195 lib.
1251 1175 1289 1200 vt,
1304 1169 1383 1204 epist.
1398 1169 1424 1202 1,
1440 1170 1620 1206 eamdemque
1639 1169 1816 1198 Bibliothecaritts

1081 1209 1108 1237 in
1119 1210 1249 1238 Clemente
1258 1212 1386 1241 laudavit.
1397 1215 1598 1250 Antiquissima
1606 1223 1665 1243 esse
1674 1215 1771 1243 creditur
1778 1222 1816 1248 per-

1079 1254 1144 1284 inde
1164 1266 1196 1285 ac
1210 1264 1274 1287 sunt
1289 1260 1350 1288 libri
1364 1261 1594 1297 Recognitionum.
1610 1262 1643 1290 At
1656 1261 1766 1289 Clementi
1776 1265 1815 1287 ante

1076 1301 1256 1335 Blondellum,
1273 1304 1392 1339 quinque
1414 1305 1535 1341 insignes
1561 1305 1591 1333 S.
1608 1305 1641 1333 Β.
1658 1305 1685 1333 Ε.
1707 1303 1818 1331 cardinales

1077 1348 1299 1382 abjudicaverant
1314 1360 1320 1377 :
1343 1349 1550 1378 Turrecremata
1567 1352 1635 1386 (88).
1656 1347 1816 1381 Cusanusl891.

1076 1393 1209 1422 Baronius
1224 1395 1291 1431 (90).
1313 1395 1491 1424 Bellarminus
1504 1396 1561 1431 (91)
1580 1401 1608 1424 et
1629 1396 1759 1423 Perronius
1775 1392 1818 1425 (92l-

1078 1439 1114 1466 Et
1142 1441 1340 1476 antiquioribus
1367 1442 1437 1469 idem
1467 1446 1619 1469 sanxerant
1643 1441 1730 1469 Petrus
1754 1439 1818 1466 Cdllle-

1077 1491 1135 1512 ator
1148 1486 1215 1522 (95),
1232 1494 1264 1514 ac
1278 1491 1371 1522 postea
1383 1487 1520 1515 Marsilius
1533 1487 1681 1515 Patavinus
1692 1487 1749 1521 (94),
1758 1483 1820 1513 εἰϐο-

1077 1531 1185 1559 belinus
1203 1532 1324 1559 Persona
1350 1532 1416 1567 (95).
1440 1532 1477 1560 De
1500 1533 1618 1568 epistola
1643 1533 1660 1560 3
1683 1529 1819 1559 Clemcnlina.

1076 1577 1156 1612 cujus
1180 1577 1368 1612 interpretatio
1393 1577 1492 1605 Ruﬁno
1515 1579 1601 1605 etiam
1626 1577 1756 1606 tribuitur,
1777 1572 1821 1601 nilnl

1075 1623 1178 1656 dicam,
1193 1631 1256 1651 cum
1279 1624 1381 1659 liqueat
1393 1631 1454 1651 eam
1473 1623 1507 1650 ad
1529 1623 1630 1652 Isidori
1644 1629 1738 1650 merces
1749 1620 1821 1647 detotu

1076 1672 1212 1703 spectare.

1111 1714 1250 1742 Hactenus
1260 1715 1462 1742 eruditissimus
1480 1713 1653 1742 Fontaninus
1665 1724 1673 1742 :
1686 1721 1714 1741 ex
1727 1711 1822 1745 cujusli-

1075 1767 1137 1787 men
1148 1767 1230 1795 opere
1239 1760 1283 1786 illa
1291 1764 1396 1787 tantum
1408 1761 1610 1796 excerpsimus,
1624 1767 1683 1795 quae
1694 1758 1725 1786 ad
1737 1763 1782 1785 rem
1792 1761 1819 1780 υο

1075 1809 1160 1832 stram
1175 1805 1347 1840 potissimum
1370 1806 1551 1841 pertinebant,
1571 1814 1659 1842 eaque
1677 1812 1722 1841 pro
1740 1798 1823 1830 instituti

1075 1851 1163 1879 nostri
1181 1852 1287 1879 ratione
1305 1851 1479 1887 digessimus.
1494 1852 1583 1880 Porro
1603 1853 1636 1880 ad
1655 1848 1822 1885 Βεεοςιιὶιὶοκιδπ

1074 1897 1221 1925 editionem
1240 1901 1363 1925 nostram
1385 1898 1458 1933 quod
1476 1899 1586 1930 attinet,
1609 1898 1739 1932 exemplar
1749 1891 1822 1921 Calete-

1075 1942 1193 1975 rianum,
1213 1943 1334 1969 omnium
1349 1943 1619 1977 praestantissimum,
1640 1941 1708 1978 typis
1725 1936 1822 1966 excuden-

1075 1986 1141 2014 dum
1159 1987 1332 2015 tradidimus.
1349 1987 1492 2016 Lectiones
1507 1989 1649 2015 variantes
1663 1987 1766 2022 potiores
1777 1987 1822 2008 mt-

1075 2032 1129 2068 gini
1144 2033 1294 2068 appositas,
1312 2033 1370 2061 suis
1391 2034 1460 2061 locis
1474 2033 1660 2061 restituimus.
1676 2028 1776 2058 Editoris
1791 2025 1820 2052 οἱ)

1076 2079 1245 2106 servationes
1258 2080 1345 2106 textui
1361 2079 1543 2107 subdidimus.
1560 2078 1630 2112 Quae
1643 2081 1728 2105 autem
1741 2075 1784 2102 suis
1792 2079 1821 2098 no-

1075 2126 1111 2153 tis
1138 2125 1254 2152 intexuit
1282 2124 1314 2152 γ.
1330 2125 1362 2152 C.
1387 2129 1479 2152 vetera
1502 2128 1690 2152 monumenta.
1714 2128 1743 2148 ne
1763 2117 1820 2152 0W5

1075 2169 1156 2200 lectio
1172 2169 1254 2196 nimis
1272 2169 1462 2204 impediretur,
1482 2170 1510 2196 in
1533 2168 1717 2204 Appendiccm
1736 2164 1820 2197 Recogit-

1078 2215 1191 2242 tionibus
1205 2215 1356 2250 subjectam
1373 2214 1529 2250 rejecimus.

1113 2352 1170 2387 (88)
1191 2351 1341 2387 Turrecr.,_
1354 2349 1457 2387 Summ.
1470 2349 1557 2387 Ecel._,
1579 2349 1631 2378 lib.
1650 2357 1680 2380 ιι,
1695 2356 1748 2382 cap.
1759 2344 1800 2387 lli]-

1113 2380 1171 2423 (89)
1188 2387 1306 2423 Gusan.,
1321 2380 1579 2423 C_oncord.‘gatlwl.,
1597 2386 1646 2413 lib.
1661 2393 1699 2415 ιιι,
1710 2380 1760 2417 cap.
1775 2380 1794 2406 '2.

1111 2419 1169 2458 (90)
1187 2422 1300 2454 Baron.,
1314 2421 1433 2458 ad_ann._
1447 2419 1491 2452 69,
1506 2420 1520 2455 ᾗ
1532 2428 1592 2458 μιν.

1187 2448 1559 2492 Bellarn'tt,7De_script._'es‘¢':l.,
1573 2456 1608 2482 ad
1618 2463 1681 2482 ann.
1694 2448 1821 2492 92.jpg.

1112 2487 1168 2528 (92)
1188 2487 1360 2528 Ρειιοηηίῇιι
1370 2490 1462 2519 iterat.
1473 2489 1604 2525 Respons.
1617 2493 1654 2517 ad
1669 2498 1718 2524 reg.
1729 2487 1820 2514 Britain.

1077 2525 1138 2563 cap.
1155 2528 1199 2559 31,
1215 2535 1276 2562 pag.
1294 2525 1355 2563 159ἔ

1125 2563 1172 2596 95)
1191 2558 1413 2596 Com'estqﬂist.
1427 2560 1488 2596 Aet.
1502 2565 1615 2596 inposta
1630 2568 1690 2596 cap.
1703 2558 1754 2586 101.

1123 2592 1425 2660 94ὲ⁷Μῖιι¹είιη⁷Ριιιίιῑ
1454 2592 1596 2630 Defensor.
1631 2592 1700 2630 ναὶ..
1724 2593 1780 2633 ρειτι.
1803 2592 1819 2611 ¹¹ι

1123 2641 1141 2660 ι.
1195 2654 1201 2660 .

1079 2641 1141 2668 cap.

1117 2654 1302 2705 (έὸῖίῗ-οιιοιη
1316 2665 1468 2700 Cosmord.,
1480 2669 1554 2694 attat.
1571 2674 1612 2699 vr,
1629 2673 1688 2702 Cap.
1702 2664 1724 2690 7.
