1892 3105
600 146 811 176 ΒΕΕΟΟΝΙΤΙΟ]

870 146 885 175 '..
906 145 1086 174 PR01EMIA.
1116 132 1119 134 ’
1583 142 1650 172 nos

50 151 112 181 illi

677 305 1002 363 RUPINI

544 411 822 449 AQUILEIENSIS
841 411 1088 443 PRESBYTER!

216 581 265 628 S.
304 580 642 628 CLEMENTIS
682 580 1193 628 RECOGNITIONUM
1235 579 1451 626 LIBROS

631 691 1049 757 PR/EFATIO

584 813 629 841 AD
646 813 717 842 GAU
723 812 877 842 DENTlUM
895 811 1102 841 EPISCOPUM.

822 903 857 910 ..-

71 969 126 998 Tibi
133 970 256 1006 quidem,
267 969 401 998 Gaudenti
417 969 647 1007 (98),nostrorum
659 969 743 998 decus
755 969 863 1006 insigne
879 970 1035 1002 doctorum,
1051 973 1144 997 tantus
1160 969 1260 1005 ingenii
1273 970 1361 1006 vigor,
1376 970 1431 998 imo
1442 974 1519 998 tanta
1536 971 1653 1006 spiritus

42 1017 117 1053 gratia
131 1022 182 1049 est,
199 1021 229 1044 ut
243 1017 267 1045 si
278 1017 342 1052 quid
356 1026 371 1045 a
388 1022 415 1045 te
427 1017 509 1045 etiam
526 1015 679 1052 quotidiani
694 1016 796 1050 eloquii
813 1024 889 1044 more
913 1016 1025 1048 dicitur,
1048 1015 1070 1043 si
1086 1015 1152 1051 quid
1168 1016 1195 1043 in
1210 1016 1328 1044 ecclesia
1355 1016 1537 1050 declamatur,
1563 1017 1591 1044 id
1616 1017 1647 1046 in

42 1061 108 1089 libris
120 1061 212 1089 haberi
227 1066 255 1090 et
268 1062 302 1089 ad
319 1062 530 1090 instructionem
546 1062 617 1090 tradi
635 1062 753 1097 posteris
768 1061 876 1090 debeat.
889 1061 945 1090 Nos
957 1067 1060 1093 tamen.
1077 1069 1147 1097 quos
1165 1066 1191 1089 et
1203 1062 1303 1097 ingenii
1316 1063 1434 1090 tenuitas
1449 1063 1541 1091 minus
1554 1071 1650 1099 prom-

42 1109 102 1139 ptos,
117 1111 143 1134 et
155 1112 269 1135 senecta
278 1107 339 1142 jam
351 1107 444 1135 tardos
460 1107 550 1135 reddit
563 1114 596 1134 ac
611 1115 719 1143 segnes,
732 1115 802 1143 opus
823 1107 897 1142 quod
913 1107 978 1135 olim
993 1107 1153 1135 veneranda:
1179 1108 1316 1135 memoriae
1338 1108 1416 1144 virgo
1432 1108 1517 1136 Silvia
1533 1109 1590 1145 (99)
1608 1110 1652 1137 in-

40 1150 164 1185 junxerat,
181 1157 210 1179 ut
224 1151 394 1181 Clementem
408 1157 510 1182 nostra:
524 1154 622 1191 linguae
636 1154 813 1182 redderemus
826 1153 912 1190 (100).
931 1157 958 1180 et
973 1157 1004 1180 tu
1015 1153 1145 1188 deinceps
1153 1153 1216 1189 jure
1227 1154 1401 1182 hereditario
1423 1155 1568 1190 poscebas,
1584 1156 1649 1185 licet

41 1198 127 1226 multas
142 1203 200 1234 post
211 1207 316 1231 moras,
336 1204 427 1228 tamen
441 1200 589 1235 aliquando
603 1200 788 1230 restituimus.
807 1199 991 1235 prmdamque.
1006 1203 1035 1226 ut
1047 1200 1157 1235 opinor,
1175 1208 1229 1228 non
1243 1208 1367 1236 parvam,
1380 1201 1540 1229 Grecorum
1558 1201 1656 1233 biblio-

41 1243 115 1271 thecis
127 1250 259 1280 ereptam,
274 1250 432 1274 nostrorum
445 1247 543 1275 usibus
557 1250 584 1276 et
595 1247 759 1275 utilitatibus
776 1249 982 1277 convectamus,
999 1249 1029 1273 ut
1042 1254 1112 1281 quos
1123 1247 1243 1282 propriis
1255 1255 1309 1274 non
1324 1254 1485 1282 possumus,
1497 1247 1653 1282 peregrinis

41 1291 180 1320 nutriamus
195 1292 347 1321 alimoniis.
363 1292 432 1320 Nam
452 1297 480 1321 et
496 1294 584 1322 solent
597 1295 723 1322 suaviora
736 1294 823 1321 videri
837 1294 990 1329 peregrina.
1000 1293 1136 1321 interdum
1148 1301 1214 1321 vero
1223 1298 1251 1321 et
1267 1294 1386 1322 utiliora.
1400 1293 1523 1329 Denique
1533 1295 1655 1331 peregri-

41 1344 96 1363 num
104 1342 143 1365 est
155 1346 223 1373 pene
234 1346 316 1366 omne
329 1339 402 1374 quod
416 1340 549 1368 medelam
561 1340 724 1376 corporibus
739 1339 857 1372 confert,
869 1339 942 1374 quod
954 1339 1058 1367 morbis
1072 1339 1204 1373 occurrit,
1216 1339 1290 1374 quod
1305 1347 1410 1368 venena
1425 1340 1546 1376 depellit.
1559 1339 1654 1369 Indica

42 1381 142 1410 balsami
155 1384 316 1420 lacrymam,
333 1383 414 1412 Creta
429 1392 537 1413 comam
550 1385 683 1413 dictamni
700 1384 795 1417 mittit,
811 1383 912 1411 Arabia
926 1388 1080 1411 aromatum
1094 1383 1223 1416 ﬂores,et
1235 1385 1374 1427 spicarum
1389 1386 1467 1414 nardi
1481 1385 1559 1414 India
1573 1393 1653 1422 sege-

42 1432 87 1455 tem
98 1431 180 1465 metit,
192 1439 255 1466 qua:
270 1431 343 1467 apud
359 1439 420 1464 nos,
436 1432 544 1460 etiamsi
559 1431 730 1467 aliquantulo
744 1438 828 1466 quam
844 1430 972 1466 proprius
986 1437 1050 1465 ager
1074 1429 1179 1464 attulit,
1196 1430 1327 1459 fractiora
1354 1432 1530 1467 perveniunt,
1557 1431 1654 1460 odoris

42 1479 120 1503 tamen
131 1477 247 1512 gratiam
263 1478 371 1512 vimque
385 1477 513 1505 medendi
530 1477 664 1513 integram
679 1479 800 1504 servant.
819 1474 936 1509 Suscipe
953 1475 1048 1510 igitur,
1075 1474 1166 1502 anime
1181 1474 1231 1506 mi.
1254 1475 1413 1504 redeuntem
1430 1476 1465 1504 ad
1483 1481 1511 1505 te
1524 1476 1653 1505 Clemen-

42 1521 87 1546 tem
101 1525 232 1554 nostrum,
251 1523 361 1558 suscipe
373 1522 428 1557 jam
440 1521 605 1550 Romanum.
619 1521 674 1549 Nec
691 1521 811 1553 mireris.
828 1521 851 1549 si
876 1520 947 1548 forte
966 1520 1015 1548 tibi
1035 1520 1062 1548 in
1083 1527 1117 1548 eo
1141 1521 1233 1549 minus
1255 1521 1337 1550 solito
1352 1520 1467 1552 ﬂoridus
1489 1524 1654 1560 eloquentia:

42 1567 121 1596 vultus
135 1573 277 1604 appareat.
298 1568 372 1596 Nihil
384 1569 508 1601 interest,
533 1567 683 1596 dummodo
696 1575 794 1596 sensus
808 1567 880 1595 idem
897 1566 996 1602 sapiat.
1008 1566 1171 1603 Peregrinas
1186 1575 1252 1603 ergo
1265 1576 1371 1598 merces
1386 1570 1473 1597 multo
1486 1569 1514 1597 in
1531 1571 1649 1607 patriam

41 1612 128 1641 sudore
141 1614 355 1644 transvehimus.
372 1614 406 1642 Et
421 1615 516 1643 nescio
533 1622 614 1650 quam
624 1618 719 1649 gratus
733 1621 777 1642 me
800 1613 902 1641 civium
917 1613 1011 1641 vultus
1027 1612 1138 1648 accipit,
1154 1620 1254 1649 magna
1269 1614 1323 1641 sibi
1343 1614 1456 1643 Graeciae
1473 1617 1564 1651 spolia
1579 1618 1655 1646 defe-

42 1662 144 1693 rentem,
158 1664 185 1689 et
199 1661 326 1689 occultos
341 1660 482 1696 sapientiae
499 1661 645 1689 thesauros
664 1663 766 1687 nostra;
783 1659 882 1695 lingua
895 1659 971 1686 clave
985 1663 1164 1687 reserantem.
1182 1658 1236 1687 Sed
1248 1660 1320 1687 votis
1337 1661 1392 1689 tuis
1413 1661 1503 1690 faveat
1517 1662 1601 1697 Deus,
1620 1669 1651 1693 ut

42 1704 121 1732 nullus
130 1705 208 1734 nobis
226 1706 340 1734 sinister
356 1706 464 1738 oculus,
480 1713 530 1733 nec
546 1706 710 1740 cujusquam
725 1705 826 1732 lividus
841 1707 972 1732 occurrat
989 1709 1128 1739 aspectus,
1140 1712 1176 1732 ne
1190 1708 1313 1732 extremo
1333 1707 1449 1742 prodigii
1462 1716 1572 1743 genere,
1585 1717 1650 1739 cum

42 1749 99 1777 nihil
111 1751 249 1780 invideant
263 1752 301 1779 illi
314 1752 414 1787 quibus
428 1752 564 1785 aufertur,
582 1752 715 1779 iivescant
730 1755 821 1779 tamen
834 1751 879 1779 isti
891 1750 993 1786 quibus
1003 1750 1156 1778 confertur.
1173 1750 1294 1786 Equum
1311 1756 1353 1780 est
1373 1761 1450 1786 sane,
1465 1754 1515 1782 tibi
1530 1755 1578 1791 qui
1590 1756 1652 1784 hac

41 1795 110 1823 etiam
124 1797 161 1833 (Ι)
176 1797 270 1826 Graece
284 1798 382 1833 legeris
397 1798 442 1834 (ne
462 1798 533 1826 forte
548 1799 577 1827 in
601 1799 740 1834 aliquibus
764 1798 855 1826 minus
879 1806 894 1825 a
922 1798 1002 1826 uobis
1017 1802 1157 1826 servatum
1184 1799 1374 1827 translationis
1397 1801 1523 1829 ordinem
1546 1804 1652 1839 putes),

43 1839 261 1878 interpretationis
276 1850 376 1872 nostrae
390 1844 512 1872 indicare
523 1845 682 1873 consilium.
696 1845 767 1873 Puto
783 1844 856 1880 quod
872 1852 927 1871 non
944 1847 971 1872 te
991 1844 1085 1876 lateat,
1103 1844 1251 1872 Clementis
1264 1844 1347 1880 hujus
1372 1846 1400 1873 in
1420 1846 1515 1875 Graeco
1529 1847 1652 1883 ejusdem

42 1889 119 1921 operis
138 1889 338 1925 Ἀναγνώσεων,
352 1891 404 1919 hoc
415 1894 456 1919 est
471 1891 698 1927 Recognitionum,
711 1892 780 1920 duas
793 1891 928 1919 editiones
944 1890 1049 1923 haberi,
1069 1894 1097 1918 et
1111 1890 1166 1918 duo
1181 1897 1296 1926 corpora
1312 1899 1376 1920 esse
1391 1893 1536 1926 librorum,
1552 1894 1580 1922 in
1596 1894 1648 1921 ali-

42 1936 136 1969 quantis
149 1937 260 1972 quidem
277 1937 384 1965 diversa
399 1938 449 1973 (2),
465 1938 492 1965 in
508 1938 601 1966 multis
622 1942 716 1966 tamen
731 1937 855 1973 ejusdem
871 1937 1048 1965 narrationis.
1074 1937 1204 1972 Dcnique‘
1218 1945 1282 1972 pars
1296 1938 1394 1966 ultima
1409 1939 1492 1976 hujus
1501 1941 1605 1976 operis,
1620 1941 1650 1968 in

43 1989 89 2015 qua
101 1983 131 2010 de
142 1983 386 2012 transformatione
403 1983 523 2012 Simonis
538 1985 668 2017 refertur,
686 1985 713 2012 in
727 1993 784 2012 uno
798 1992 913 2020 corpore
931 1984 1058 2016 habetur,
1085 1984 1113 2011 in
1129 1984 1183 2012 alio
1208 1985 1318 2020 penitus
1342 1994 1398 2014 non
1426 1987 1552 2016 habetur.
1579 1988 1652 2017 Sunt

42 2030 281 2065 autemetquzedam
291 2030 318 2058 in
326 2034 441 2066 utroque
448 2038 563 2065 corpore
569 2030 603 2058 de
616 2031 737 2066 ingenito
749 2030 803 2058 Deo
813 2030 1140 2066 genitoque(5)disserta,
1149 2033 1177 2057 et
1186 2030 1220 2058 de
1230 2031 1292 2059 aliis
1304 2033 1454 2066 nonnullis,
1467 2039 1572 2070 quae,ut
1584 2036 1652 2064 nihil

43 2075 146 2109 amplius
155 2076 256 2107 dicam.
271 2080 450 2104 estserunt
462 2077 668 2112 intelligentiam
681 2080 816 2104 nostram.
833 2075 896 2103 Haec
911 2084 976 2111 ergo
992 2083 1053 2111 ego,
1069 2079 1198 2111 tanquam
1211 2085 1361 2113 quaesupra
1372 2079 1445 2107 vires
1460 2088 1535 2109 meas
1547 2087 1651 2114 essent,

43 2120 94 2149 aliis
108 2129 247 2150 reservare
265 2122 360 2155 malui,
373 2130 455 2158 quam
471 2123 563 2150 minus
581 2123 659 2158 plena
669 2122 803 2157 proferre.
818 2121 846 2149 In
859 2123 967 2150 caeteris
983 2126 1219 2157 autem,quantum
1233 2124 1382 2159 potuimus,
1393 2133 1502 2161 operam
1514 2127 1650 2161 dedimus.

676 2244 857 2273 COTELERll
883 2245 1000 2274 NOTAE.

864 2322 980 2359 SCribit_:
1001 2321 1124 2355 Quinimo
1144 2324 1212 2350 sicut
1226 2328 1250 2349 et
1267 2324 1353 2358 ipsum
1373 2333 1474 2359 quoque
1490 2325 1650 2353 Clementem

863 2366 943 2394 quem‘
954 2357 1065 2392 Ruﬁnus
1080 2363 1178 2394 nogtrw
1193 2358 1290 2393 linguis
1308 2357 1454 2391 redditum,
1479 2361 1629 2387 restitutum
1641 2382 1649 2394 ,

862 2392 888 2431 et
898 2392 1048 2431 redeuntem
1060 2393 1095 2419 ad
1108 2392 1285 2431 Gaudentium
1296 2395 1411 2431 scribens
1424 2395 1510 2421 innuit
1522 2403 1531 2426 ,'
1542 2400 1566 2422 et
1580 2392 1651 2431 quod

72 2321 281 2359 (98)(ῧαίιάεηιὶ.
310 2323 411 2351 Omnes
437 2323 546 2351 codices
575 2332 656 2351 manu
683 2325 786 2352 exarati
803 2345 811 2357 .

42 2363 101 2390 quos
110 2358 200 2394 v_idere
219 2359 285 2394 mihi
306 2359 434 2394 contigit;
455 2366 519 2394 sex.
554 2359 677 2391 Scilicet,
691 2359 811 2394 habent,

43 2398 101 2425 papa
113 2391 250 2421 Gaudenti.
269 2391 395 2428 Intellige
406 2393 587 2420 Gaudentium
605 2391 810 2427 Novarienscm,

43 2433 82 2453 seu
94 2429 180 2461 potius
194 2428 370 2456 Brixiensem.

71 2461 122 2499 (99)
138 2463 222 2499 _Yirgo
236 2463 336 2499 Sylvia.
353 2463 440 2490 Etiam
457 2471 526 2492 mss.
543 2463 687 2499 Qandeler.
704 2469 730 2492 et
744 2466 812 2493 Car-

41 2497 116 2533 nielit.
138 2497 213 2533 Virgo
225 2497 328 2526 nomine
349 2499 440 2526 Silvia.
458 2498 536 2532 Apud
552 2498 813 2533 PalladiumJlisto-

42 2531 82 2570 tio;
94 2531 229 2570 Lausiécc
258 2542 318 2570 cap.
335 2534 402 2570 μίζ
413 2531 524 2570 zamia,
540 2535 632 2562 minus
647 2531 725 2567 bene,
739 2540 812 2563 recte

127 2568 156 2605 i_n
170 2563 321 2605 Heraclidis
336 2568 484 2605 Ρρῃιάὶευ,
501 2563 561 2605 cap.
582 2569 617 2597 42
628 2590 635 2601 ,
651 2574 678 2598 et
696 2563 811 2605 epistola

44 2599 68 2640 ll
83 2599 110 2629 S.
127 2602 242 2640 ﬁgulini.
257 2604 317 2640 Alia
331 2611 346 2630 a
362 2599 569 2640 Silvana'vidua
580 2624 588 2637 ,
617 2599 652 2633 de
669 2599 723 2640 qua
742 2606 812 2634 scri-

44 2637 199 2674 ptoresyitae
216 2637 244 2674 S_.
264 2638 480 2674 ChrysostomiJ

73 2670 139 2708 (100)
156 2670 373 2710 Ut__Clemen'tem
396 2679 493 2701 nostrw
515 2675 611 2710 lingua:
631 2675 810 2704 redderemus.

44 2701 180 2745 Fumarium
202 2708 301 2745 linguae
322 2708 518 2745 Romanorum.
539 2701 655 2738 Inferius
676 2719 682 2737 :
702 2701 812 2743 suscipe

43 2743 122 2780 igitur.
136 2743 269 2780 ammenti
283 2745 346 2779 (ms.
369 2743 482 2772 Candel.
494 2745 676 2780 magnanime,
691 2745 810 2774 Carmel.

43 2774 75 2815 ini
87 2775 201 2809 Domine,
213 2777 271 2807 Pet.
286 2774 323 2806 ini
332 2779 437 2815 amice),
453 2774 602 2815 redeuntem
611 2779 645 2806 ad
658 2774 681 2808 te
691 2780 813 2808 Clemen-

44 2812 88 2851 ifnt
101 2817 240 2851 nostrum;
257 2815 356 2849 suscipe
370 2812 605 2851 jgnitnRomunum.
621 2815 703 2851 Gravi
724 2816 811 2851 siqui-

44 2842 96 2885 d'em
108 2854 196 2885 errore
211 2842 380 2877 Anastasius
386 2849 625 2882 Bibliothecarius.
642 2842 765 2885 Epicteti;
772 2842 811 2878 od

44 2876 160 2910 Joannem
169 2876 308 2913 diaconum
317 2876 476 2919 Ήοὴιαηιιηί,
488 2876 809 2921 iiéé'niteiiea’d'niiﬁnb}

863 2428 957 2455 Latine
969 2429 1089 2465 scriptus
1105 2428 1198 2465 fuerit,
1216 2433 1244 2458 et.
1256 2429 1383 2465 amissus,
1416 2437 1559 2465 rursusque
1579 2428 1651 2458 rece-

863 2469 935 2498 pms,
951 2464 1087 2498 signanter
1108 2463 1220 2491 ostendi!
1235 2473 1244 2491 :
1261 2471 1322 2490 cum
1347 2463 1462 2492 Ruﬁnus
1476 2463 1571 2492 contra
1594 2474 1650 2494 non

863 2499 980 2534 obscure
1002 2498 1136 2534 significet
1164 2499 1190 2526 id
1214 2499 1287 2534 quod
1311 2508 1356 2527 res
1377 2504 1429 2531 est,
1453 2499 1649 2534 Recognitiones

864 2533 991 2569 primitus
1005 2533 1097 2561 Graece
1114 2534 1232 2569 scriptas
1264 2534 1360 2562 fuisse.
1393 2534 1491 2563 Postea
1516 2533 1648 2569 Carmel..

864 2568 1123 2604 inagnaist'biigratiw
1136 2568 1221 2604 spolia
1233 2568 1400 2604 deferentem.

900 2603 938 2638 (il)
959 2603 1009 2631 Ms.
1023 2603 1158 2638 Pet.jam.

910 2639 938 2674 2)
959 2639 1008 2666 Ms.
1026 2638 1112 2666 Cand.
1128 2644 1155 2667 et
1164 2639 1194 2667 P.
1209 2639 1328 2667 diversa.

910 2641 938 2674 2)
959 2641 1008 2666 Ms.
1026 2641 1112 2666 (land.
1128 2644 1155 2667 et
1164 2641 1194 2667 P.
1209 2641 1328 2667 diversa.

898 2641 937 2711 E5)
956 2674 996 2711 ρο
1014 2673 1127 2711 ingenito
1147 2674 1213 2707 Deo,
1233 2676 1377 2711 genimque,
1394 2678 1447 2703 etc.
1463 2674 1493 2702 in
1505 2675 1646 2703 sublimis-

863 2712 931 2739 sima
955 2710 1007 2737 hac
1028 2710 1194 2745 quaestione,
1217 2710 1445 2745 quemadmodum
1466 2711 1616 2745 appellatur
1631 2718 1647 2738 a

861 2745 1013 2776 Claudiano
1030 2744 1177 2777 Mamerto;
1195 2744 1263 2772 et’in
1283 2745 1345 2772 aliis
1367 2744 1528 2780 quibusdam
1546 2746 1646 2780 depra-

863 2785 940 2809 vatas
956 2780 1040 2809 fuisse
1054 2780 1239 2808 Clementinas
1256 2780 1452 2814 Recognitioues
1476 2787 1527 2815 per
1538 2780 1646 2807 haereti-

862 2824 922 2847 cos.
936 2816 1076 2843 Ebionitas
1085 2836 1093 2848 ,
1108 2815 1227 2842 Arianos
1236 2835 1243 2846 ,
1257 2820 1285 2842 et
1298 2814 1483 2842 Eunomianos
1494 2835 1500 2845 ,
1513 2814 1647 2842 discimus

863 2852 897 2879 ab
912 2851 1080 2914 Ejéiphlanio,
1094 2849 1197 2887 _Ruiino
1207 2870 1214 2884 ,
1228 2850 1333 2879 Pbotio.
1354 2849 1421 2878 Vide
1437 2849 1508 2878 infra
1519 2870 1526 2884 ,
1539 2850 1587 2879 lib.
1614 2855 1645 2879 lu

863 2894 924 2914 can.
960 2906 968 2914 .
979 2894 994 2914 e
1007 2894 1031 2914 c.

863 2894 924 2923 cap.
939 2891 968 2920 2,
979 2891 1031 2915 etc.
