1892 3105
223 135 293 162 1207
647 131 678 159 S.
699 129 892 159 CLEMENTIS
908 129 919 156 l
937 129 1007 157 ROM

1067 129 1146 158 DNT.
1163 129 1281 160 OPEBA
1300 130 1403 160 DUBIA
1410 153 1416 160 .
1780 132 1855 162 1.38

222 198 279 218 non
293 188 382 217 solum
400 196 416 216 a
433 187 588 220 sententiis,
601 187 649 216 sed
661 196 696 216 ne
710 195 726 214 a
741 187 914 216 sermonibus
933 187 1043 222 quidem
1054 187 1122 215 satis
1133 187 1389 224 elocutionibuqu
1402 188 1554 218 discedere.
1578 189 1646 223 Qua
1656 197 1705 218 res
1719 191 1853 226 quamvis

222 236 313 262 minus
323 240 462 267 ornatum,
475 234 563 270 magis
578 237 670 261 tamen
682 233 760 262 fidele
772 233 938 260 narrationis
952 232 1041 260 reddit
1052 232 1203 268 eloquium.
1216 232 1365 268 Epistolam
1379 241 1457 266 sane,
1474 234 1501 262 in
1512 242 1566 270 qua
1579 235 1652 263 idem
1666 234 1802 264 Clemens
1816 236 1853 264 ad

221 281 353 309 Iacobum
369 281 479 310 fratrem
492 281 600 308 Domini
613 281 738 309 scribens
753 280 787 308 de
800 280 876 308 obitu
891 279 1001 307 nuntiat
1011 279 1084 308 Petri
1099 279 1150 315 (4),
1164 283 1193 308 et
1203 279 1277 314 quod
1297 287 1327 308 se
1341 280 1483 316 reliquerit
1497 288 1690 309 successorem
1702 282 1848 310 cathedra

221 333 249 357 et
262 329 395 357 doctrina:
410 337 477 361 suae,
494 329 522 356 in
532 335 587 364 qua
601 328 683 356 etiam
698 328 732 355 de
746 328 820 355 omni
835 327 931 355 ordine
944 327 1134 354 ecclesiastico
1143 328 1310 360 continetur,
1320 328 1382 356 ideo
1395 336 1469 356 nunc
1480 328 1544 356 huic
1552 328 1629 364 operi
1641 336 1700 356 non
1714 330 1850 364 prmisi.

221 376 287 412 quia
300 380 327 404 et
341 381 464 410 tempore
475 375 613 410 posterior
628 378 681 407 est,
695 379 722 402 et
736 375 802 401 olim
818 382 834 402 a
847 382 890 402 me
907 374 1085 409 interpretata
1096 378 1123 402 et
1141 374 1223 402 edita.
1239 373 1292 402 Sed
1306 374 1380 409 quod
1391 375 1419 402 in
1429 382 1461 402 ea
1474 375 1614 403 nonnullis
1627 374 1753 404 fortasse
1770 377 1851 404 vide-

221 423 296 451 bitur
312 423 525 458 inconsequens,
540 422 564 450 si
579 422 623 449 hic
637 422 807 456 explanetur,
819 429 874 448 non
890 425 956 456 puto
970 421 1121 449 absurdum
1131 421 1228 449 videri.
1244 421 1360 454 Quidam
1375 422 1448 450 enim
1464 423 1619 457 requirunt,
1633 423 1779 458 quomodo
1788 430 1851 451 cum

221 469 308 497 Linus
319 473 347 497 et
357 469 452 497 Cletus
467 469 505 504 (5)
518 469 546 496 in
558 469 626 496 urbe
635 467 722 496 Roma
737 473 800 496 ante
813 467 980 495 Clementem
1003 467 1077 494 hunc
1089 467 1191 495 fuerint
1205 467 1339 503 episcopi,
1356 468 1414 503 ipse
1429 467 1556 497 Clemens
1570 469 1605 496 ad
1620 468 1763 497 Jacobuln
1781 470 1852 497 scri-

220 517 300 548 bens,
313 516 366 545 sibi
384 516 482 544 dicata
497 515 578 544 Petro
589 515 705 543 docendi
717 515 875 543 cathedram
891 514 1030 543 traditam.
1042 513 1128 549 Cujus
1141 514 1180 542 rei
1192 514 1263 542 hanc
1277 515 1434 550 accepimus
1440 523 1502 544 esse
1517 515 1662 548 rationem,
1675 515 1755 550 quod
1767 514 1852 543 Unus

221 568 250 592 et
261 563 354 591 Cletus
370 562 482 590 fuerunt
497 561 608 597 quidem
623 565 687 590 ante
701 561 868 589 Clementem
892 560 1014 595 episcopi
1036 560 1065 587 in
1086 560 1153 587 urbe
1169 559 1267 592 Roma,
1281 560 1329 588 sed
1341 554 1491 596 superstite
1504 560 1599 594 Petro,
1615 561 1752 589 videlicet
1768 566 1796 589 ut
1812 560 1851 589 iiii

220 609 398 646 episcopatus
413 615 507 635 curam
519 611 654 642 gererent,
671 607 729 641 ipse
741 613 806 634 vero
814 606 985 641 apostolatus
1000 605 1124 640 impleret
1138 605 1268 638 cilicium,
1281 606 1352 633 sicut
1367 607 1504 634 invenitur
1511 607 1594 634 etiam
1607 607 1684 642 apud
1695 607 1850 636 Casaream

221 655 332 687 fecisse,
346 654 392 682 ubi
409 661 470 681 cum
486 653 545 688 ipse
556 656 628 680 esset
642 660 773 688 praesens,
790 651 951 679 Zaccharum
963 656 1054 678 tamen
1071 658 1086 678 a
1100 659 1129 679 se
1153 651 1311 679 ordinatum
1328 651 1445 680 habebat
1459 653 1631 688 episcopum.
1649 651 1685 679 Et
1701 653 1758 680 hoc
1771 653 1850 680 modo

221 705 368 735 utrumque
382 707 477 728 verum
496 698 642 730 videbitur,
658 702 687 725 ut
699 701 726 726 et
740 698 778 725 illi
794 702 857 725 ante
866 698 1033 725 Clementem
1048 701 1226 725 numerentur
1238 698 1371 733 episcopi,
1381 702 1408 727 et
1420 698 1547 726 Clemens
1561 702 1657 726 tamen
1673 700 1849 733 postobitum

221 748 296 777 Petri
311 747 428 775 docendi
443 746 596 780 susceperit
609 744 712 772 sedem.
731 744 784 772 Sed
801 745 858 780 jam
875 744 1027 777 videamus,
1044 745 1168 773 scribens
1186 744 1290 773 «Iacobo
1309 745 1388 774 fratri
1410 745 1528 780 Domini,
1544 746 1640 782 operis
1656 747 1704 774 sui
1726 747 1849 777 Clemens

221 794 280 830 ipse
291 793 364 829 quod
380 796 471 820 sumat
485 793 655 820 narrationis
667 792 788 819 initium.

524 939 1033 989 BECOGNITIONUM
1070 942 1250 987 LIBER
1284 943 1528 988 PRIMUS.

259 1109 279 1138 Ι.
300 1109 357 1145 Ego
375 1107 502 1136 Clemens
524 1107 552 1135 in
574 1107 642 1135 urbe
655 1106 741 1134 Roma
756 1109 847 1136 natus,
863 1113 897 1133 ex
919 1105 1007 1140 prima
1021 1107 1044 1135 Α
1059 1103 1098 1131 Ex
1113 1110 1167 1138 quo
1188 1102 1289 1130 factum
1312 1106 1365 1134 est,
1387 1106 1416 1130 ut
1439 1103 1561 1138 lugerem
1587 1103 1771 1138 postmodum
1794 1111 1846 1135 eos,

222 1158 303 1183 :etate
324 1153 462 1190 pudicitia
487 1153 608 1181 studium
629 1151 701 1187 gessi
718 1151 768 1187 (6).
784 1151 850 1178 dum
865 1158 908 1178 me
922 1150 1006 1177 animi

223 1198 341 1225 intentio
356 1197 430 1225 velut
444 1196 562 1225 vinculis
585 1195 750 1231 quibusdam
772 1194 966 1222 sollicitudinis
980 1198 1007 1222 et

224 1244 351 1272 maeroris
365 1251 381 1270 a
391 1250 476 1278 puero
491 1242 620 1270 innexum
632 1245 746 1269 teneret.
758 1240 848 1268 Inerat
855 1241 928 1268 enim
938 1240 1006 1267 mihi

224 1290 354 1325 cogitatio
375 1290 522 1325 (incertum
548 1296 613 1317 sane
633 1287 818 1316 undeinilium
838 1286 1007 1322 sumpserit),

224 1332 322 1364 crébro
336 1335 371 1364 ad
384 1336 542 1365 memoriam
556 1343 642 1362 meam
660 1335 844 1362 conditionem
858 1333 1008 1362 mortalita-

223 1382 263 1410 tis
287 1381 443 1414 adducens,
469 1381 605 1415 simulque
628 1381 802 1408 discutiens:
821 1384 949 1408 utrumne
973 1380 1009 1408 sit

224 1427 292 1455 mihi
316 1427 407 1462 aliqua
435 1426 491 1454 vita
516 1431 578 1462 post
602 1430 728 1458 mortem,
751 1434 785 1453 an
809 1426 877 1453 nihil
897 1426 1009 1454 omnino

224 1476 319 1508 postea
333 1473 386 1500 sim
396 1472 517 1505 futurus,
529 1471 553 1500 si
573 1479 627 1500 non
642 1471 739 1499 fuerim
753 1475 897 1507 antequam
911 1479 1008 1500 nasceo

223 1524 280 1550 rer,
287 1518 330 1546 vel
342 1518 366 1546 si
380 1518 456 1545 nulla
469 1525 583 1552 prorsus
597 1517 657 1544 vita:
671 1516 752 1552 hujus
766 1517 817 1544 erit
832 1521 894 1552 post
904 1517 1008 1545 obitum

221 1563 389 1596 recordatio,
405 1567 433 1591 et
449 1563 485 1590 ita
499 1562 668 1590 immensitas
682 1562 813 1597 temporis
827 1566 926 1589 cuncta
941 1562 1010 1590 obli-

222 1610 299 1638 vioni
321 1617 354 1638 ac
378 1609 488 1638 silentio
502 1608 587 1641 dabit,
605 1612 635 1635 ut
657 1615 713 1635 non
736 1609 824 1636 solum
840 1615 896 1636 non
911 1608 1008 1639 simus,

223 1656 272 1684 sed
296 1663 385 1691 neque
408 1655 482 1690 quod
507 1654 651 1686 fuerimus,
673 1654 807 1682 habeatur
822 1654 849 1682 in
865 1655 1008 1684 memoria.

224 1699 279 1728 Sed
301 1704 330 1728 et
355 1699 423 1727 illud
447 1699 608 1726 versabatur
622 1699 650 1726 in
663 1703 782 1733 pectore.
799 1699 908 1734 quando
920 1699 1010 1727 factus

222 1747 259 1775 sit
272 1746 403 1778 mundus,
418 1745 461 1773 vel
475 1749 622 1780 antequam
635 1746 722 1777 fieret,
735 1745 800 1780 quid
814 1749 884 1777 erat,
902 1750 950 1772 aut
964 1754 1011 1773 ve-

222 1800 255 1820 ro
277 1800 385 1827 semper
409 1791 501 1819 fuerit.
517 1791 584 1818 Nam
597 1796 702 1819 certum
717 1791 870 1823 videbatur,
892 1792 965 1826 quod
986 1793 1009 1820 si

223 1841 296 1865 esset
311 1836 412 1869 factus,
430 1841 504 1865 esset
517 1841 544 1864 et
558 1836 681 1871 profecto
695 1837 853 1868 solvendus,
868 1842 895 1864 et
916 1837 939 1864 si
954 1838 1010 1864 sol-

224 1887 313 1915 vatur,
330 1882 395 1918 quid
410 1882 508 1910 iterum
522 1882 594 1910 erit?
605 1882 662 1910 Nisi
679 1882 748 1910 forte
761 1883 863 1910 oblivio
874 1888 972 1910 cuncta
983 1886 1010 1909 et

223 1928 362 1957 silentium
380 1931 462 1964 teget,
483 1932 530 1955 aut
546 1927 615 1955 forte
638 1928 742 1963 aliquid
767 1929 832 1962 erit,
848 1928 920 1964 quod
936 1936 1010 1956 nunc

224 1973 328 2001 sentire
342 1973 500 2000 mortalium
518 1981 573 2000 non
587 1977 678 2008 potest
690 1981 778 2001 mens.

259 2017 292 2046 Il.
311 2018 374 2047 Hice
388 2023 414 2046 et
428 2018 471 2046 his
487 2019 597 2051 similia,
613 2018 707 2046 nescio
722 2018 804 2052 unde,
821 2019 1008 2047 indesinenter

223 2064 315 2092 animo
329 2064 481 2097 revolvens,
496 2064 637 2091 nimietate
658 2064 784 2092 mmroris
810 2065 1007 2093 incredibiliter

223 2109 408 2141 tabescebam,
422 2112 450 2136 et
465 2107 539 2144 quod
549 2113 592 2136 est
606 2108 727 2144 gravius,
743 2109 766 2136 si
778 2110 887 2144 quando
901 2118 1010 2145 respue-

223 2161 254 2181 re
267 2160 282 2180 a
297 2161 340 2181 me
351 2153 539 2187 hujuscemodi
554 2161 636 2181 curas
650 2154 723 2182 velut
737 2154 828 2181 minus
842 2155 922 2183 utiles
933 2155 1008 2190 cogi-

223 2197 325 2229 tabam.
340 2198 487 2226 validiores
501 2198 529 2226 in
546 2207 588 2226 me
601 2198 700 2226 ﬂuctus
714 2199 929 2227 sollicitudinum
941 2209 1008 2228 con-

223 2242 381 2278 surgebant.
399 2243 486 2271 lnerat
497 2244 570 2271 enim
586 2236 652 2270 mihi
664 2251 756 2271 comes
769 2245 882 2279 optima,
893 2253 954 2280 qua:
966 2254 1008 2274 me

225 2288 367 2324 quiescere
392 2297 447 2316 non
473 2289 586 2319 sineret.
603 2289 817 2317 immortalitatis
844 2291 954 2326 cupido.
973 2291 1009 2319 Ut

225 2333 298 2361 enim
311 2338 372 2369 post
386 2342 477 2362 rerum
492 2335 581 2362 exitus
597 2335 700 2368 docuit,
715 2340 742 2364 et
757 2337 843 2372 gratia
859 2336 906 2365 Dei
920 2338 1009 2365 omni-

223 2381 343 2416 potentis
354 2382 482 2414 ostendit,
494 2381 552 2409 htec
566 2390 609 2410 me
623 2383 707 2409 animi
722 2383 836 2411 intentio
849 2384 882 2411 ad
894 2385 1009 2420 inquisio

1058 1157 1127 1186 quos
1141 1149 1218 1184 prius
1235 1150 1365 1184 ignorans
1379 1149 1474 1177 beatos
1489 1149 1645 1177 credebam.

1092 1196 1138 1225 lll.
1158 1195 1243 1232 igitur
1269 1203 1331 1223 cum
1353 1202 1369 1222 a
1391 1196 1479 1230 prima
1501 1199 1582 1223 atate
1606 1195 1638 1223 in
1658 1195 1846 1231 hujuscemodi

1058 1243 1210 1270 animorum
1232 1241 1381 1269 intentione
1398 1248 1532 1274 versarer,
1549 1241 1666 1276 cupiens
1682 1242 1790 1278 aliquid
1810 1242 1846 1269 di-

1059 1292 1146 1320 scere,
1174 1286 1398 1322 philosopborum
1424 1286 1632 1322 frequentabam
1657 1288 1785 1321 scholas,
1807 1288 1848 1316 ubi

1058 1335 1127 1362 nihil
1143 1335 1228 1367 aliud,
1245 1343 1327 1370 quam
1341 1335 1498 1370 dogmatum
1515 1335 1687 1363 assertiones
1713 1339 1742 1363 et
1766 1335 1847 1370 impu—

1059 1382 1202 1418 gnationes
1216 1381 1341 1409 videbam
1363 1381 1407 1416 agi
1422 1381 1483 1409 sine
1506 1380 1570 1413 ﬁne,
1593 1381 1765 1414 certamina,
1781 1385 1848 1408 arta

1059 1427 1279 1463 syllogismorum
1297 1427 1559 1462 conclusionumque
1583 1427 1685 1462 agitari
1703 1427 1846 1454 versutias.

1060 1472 1093 1499 Et
1116 1473 1139 1500 si
1158 1472 1268 1508 quando
1291 1471 1400 1507 quidem
1423 1472 1563 1500 obtinebat
1588 1472 1633 1499 hic
1655 1479 1766 1504 sermo.
1781 1473 1846 1507 quod

1061 1518 1222 1546 immortalis
1235 1521 1309 1545 esset
1321 1517 1422 1550 anima,
1433 1517 1605 1553 gratulabar;
1622 1517 1647 1545 si
1661 1517 1779 1552 quando
1791 1524 1848 1545 vero

1060 1563 1226 1598 arguebatur
1251 1563 1330 1598 quasi
1345 1564 1478 1596 mortalis,
1493 1571 1556 1590 cum
1583 1563 1701 1591 tristitia
1728 1563 1848 1590 discede-

1060 1609 1133 1636 bam.
1147 1608 1279 1636 Neutrum
1301 1613 1391 1638 tamen
1414 1609 1443 1638 in
1464 1610 1548 1638 corde
1570 1617 1633 1636 meo
1654 1609 1848 1637 ﬁrmitudinem

1059 1655 1184 1682 veritatis
1197 1655 1372 1688 tenebat,sed
1386 1655 1438 1683 hoc
1451 1659 1556 1682 tantum
1571 1653 1849 1690 intelligebam,quod

1062 1702 1204 1730 sententia:
1218 1709 1250 1729 ac
1264 1702 1436 1729 deﬁnitiones
1447 1710 1549 1734 rerum,
1560 1709 1614 1729 non
1627 1708 1678 1737 pro
1693 1706 1796 1728 natura
1811 1701 1849 1729 sui

1062 1755 1094 1776 ac
1109 1749 1223 1776 veritate
1237 1755 1392 1780 causarum,
1407 1747 1455 1775 sed
1479 1755 1529 1783 pro
1554 1748 1673 1783 ingeniis
1703 1748 1849 1776 defendet:~

1060 1795 1138 1825 tium,
1157 1793 1231 1822 falsae
1252 1794 1476 1830 imaginarentur,
1493 1798 1540 1821 aut
1559 1802 1640 1825 verae,
1654 1802 1747 1829 eoque
1768 1794 1848 1829 magis

1060 1840 1088 1867 in
1104 1839 1239 1874 profundo
1253 1840 1371 1874 pectoris
1382 1840 1538 1872 cruciabar.
1550 1840 1623 1875 quod
1638 1849 1732 1875 neque
1751 1839 1847 1875 aliquid

1059 1892 1093 1912 ex
1107 1885 1160 1916 his,
1172 1893 1233 1919 qme
1246 1885 1416 1918 dicebantur,
1431 1889 1559 1920 tanquam
1573 1885 1682 1912 firmum
1700 1890 1797 1914 tenere
1807 1893 1848 1920 po-

1059 1935 1156 1963 teram.
1170 1939 1257 1966 neque
1282 1931 1401 1965 abjicere
1423 1931 1590 1958 desiderium
1607 1931 1792 1966 requirendi;
1807 1932 1845 1958 sed

1060 1981 1163 2011 quanto
1181 1976 1267 2011 magis
1281 1976 1418 2011 negligere
1433 1975 1555 2002 conabar
1570 1983 1602 2002 ac
1616 1983 1763 2010 spernere,
1780 1980 1845 2003 tanta

1062 2022 1215 2054 ardentius,
1230 2025 1260 2048 ut
1275 2029 1358 2056 supra
1372 2021 1439 2052 dixi,
1456 2022 1530 2049 velut
1543 2029 1608 2048 cum
1627 2022 1753 2056 quadam
1778 2022 1844 2048 vota-

1062 2071 1134 2102 ptate
1149 2067 1265 2094 latenter
1280 2067 1402 2102 irrepens
1417 2066 1605 2101 hujuscemodi
1620 2067 1769 2102 cogitatio,
1776 2074 1843 2094 menv

1062 2116 1115 2140 tem
1128 2116 1209 2147 atque
1222 2112 1341 2139 animum
1358 2111 1528 2146 possidebat.

1097 2157 1142 2185 ιν.
1161 2157 1364 2194 Coangustatus
1384 2159 1466 2194 igitur
1479 2158 1639 2186 inventione
1662 2166 1774 2189 rerum.
1795 2159 1842 2185 aie-

1063 2203 1123 2230 bam
1137 2203 1208 2238 apud
1225 2204 1413 2238 memetipsum
1429 2213 1435 2231 ε
1451 2203 1521 2236 Quid
1545 2203 1666 2231 inaniter
1681 2204 1840 2233 laboramus

1060 2256 1121 2275 eum
1147 2248 1310 2276 manifestus
1325 2249 1361 2276 sit
1376 2250 1508 2276 terminus
1522 2249 1634 2276 rerum?
1650 2249 1680 2276 Si
1696 2250 1772 2277 enim
1791 2254 1841 2285 post

1062 2297 1176 2321 tnortem
1202 2301 1257 2321 non
1279 2301 1338 2326 ero,
1355 2302 1428 2321 nunc
1443 2294 1580 2329 superﬂuo
1601 2294 1734 2328 crucior;
1750 2296 1774 2322 si
1790 2303 1840 2322 rem

1061 2340 1114 2368 erit
1137 2340 1205 2368 mihi
1228 2340 1282 2367 vita
1299 2344 1359 2375 post
1373 2339 1490 2372 obitum,
1507 2347 1650 2368 servemus
1665 2340 1706 2368 illi
1724 2342 1786 2368 vita:
1806 2340 1838 2367 sui

1062 2386 1191 2421 temporis
1204 2390 1305 2417 motus,
1319 2393 1353 2413 ne
1368 2385 1438 2413 forte
1454 2386 1507 2419 his,
1523 2394 1584 2421 quae
1599 2394 1675 2414 nunc
1689 2388 1792 2422 patior.
1800 2387 1839 2414 ali.

224 2427 325 2455 tionem
339 2428 472 2461 veritatis,
487 2433 515 2456 et
529 2429 694 2464 agnitionem
709 2437 780 2457 vera:
801 2430 870 2458 lucis
885 2431 1008 2460 adduxit.
1024 2430 1044 2458 C
1060 2439 1114 2466 qua
1135 2439 1179 2459 me
1204 2431 1242 2459 ibi
1266 2431 1387 2458 tristiora
1402 2431 1550 2466 excipiant,
1565 2431 1620 2460 nisi
1636 2432 1680 2466 pie
1704 2440 1739 2460 ac
1763 2433 1839 2460 sobrie

877 2507 1060 2536 COTELERII
1094 2507 1213 2536 NOT/E.

257 2574 297 2616 μ)
318 2574 355 2616 pe
379 2574 451 2616 origini
472 2575 585 2616 nuntiat
599 2574 683 2616 ἔδεινίἔ
706 2575 745 2602 ita
767 2577 1006 2616 omnes_cod_ices.

224 2608 372 2647 Epistulam
387 2609 535 2647 Clementis
553 2609 587 2637 ad
605 2609 737 2647 Iacobum
758 2612 879 2647 praeponi
900 2612 1008 2640 solitam

224 2619 245 2636 ιτ,
266 2619 372 2638 istorum
387 2619 535 2637 Clementis
553 2619 587 2637 au
605 2619 737 2638 Jaconum
758 2619 879 2647 praapom
900 2619 1008 2640 soutam

221 2619 317 2676 libris;
333 2644 547 2681 Recognilionum
558 2665 565 2676 ,
586 2650 678 2681 aperte
692 2646 758 2672 dicit
773 2646 897 2674 Photius.
920 2647 1009 2681 Atque

225 2681 318 2708 eadem
333 2680 360 2706 in
375 2680 470 2707 codice
486 2680 664 2708 Camieliticze
680 2681 854 2709 Bibliothecze
864 2680 1006 2714 inseritur,

223 2715 294 2752 inter
308 2715 398 2752 [inlini
417 2714 606 2752 Praefationem
635 2724 666 2743 ac
689 2717 763 2751 ipsas
795 2716 1005 2752 Recognitiones.

261 2750 299 2786 (5)
318 2750 401 2777 Linus
417 2754 442 2786 et
456 2749 556 2786 Clelus,
570 2758 618 2778 seu
637 2749 729 2786 potius
744 2749 898 2783 Αηαειειιὶε,
912 2758 942 2780 ιιι
956 2752 1006 2779 ha-

223 2784 294 2822 bent
303 2793 410 2822 quoque
424 2784 620 2822 Cand.,Carm.
636 2784 662 2813 et
676 2786 736 2822 [’et.
749 2786 845 2814 Fuisse
859 2788 910 2814 hos
925 2787 1005 2822 duos,

226 2820 301 2847 urbis
316 2820 415 2856 ltoma‘;
429 2820 571 2856 episcopos
581 2840 588 2852 .
606 2822 658 2848 sub
675 2821 758 2849 Petro
771 2823 903 2856 apostolo,
913 2820 1008 2850 existi;

225 2859 301 2884 mam
316 2863 376 2882 cum
400 2854 498 2882 Ruﬁno
513 2854 600 2889 Beda,
613 2855 758 2889 Rabanus,
779 2854 900 2894 Haymo,
914 2858 960 2894 qui
977 2858 1011 2886 de

1058 2578 1122 2605 vitis
1149 2575 1334 2603 Romanorum
1361 2575 1522 2611 pontificum
1548 2575 1735 2611 scripserunt,
1757 2580 1839 2604 war

1059 2612 1189 2639 Clu-unici
1211 2609 1612 2647 episcoporum_Metensium,'
1637 2609 1753 2647 aliique.
1780 2612 1838 2645 Lege

1060 2645 1241 2682 Epiphanium
1267 2646 1367 2682 haeresi
1386 2645 1440 2682 27ἓ
1459 2647 1487 2677 6,
1508 2651 1535 2673 et
1553 2653 1616 2681 qua:
1633 2645 1792 2674 notavimus
1811 2647 1836 2672 ad

1060 2680 1143 2717 caput
1163 2681 1197 2709 46
1213 2680 1274 2708 libri
1290 2688 1331 2717 V\'ll
1343 2680 1462 2717 AConstit.
1481 2680 1579 2717 apostJ,
1604 2682 1671 2709 item
1697 2681 1833 2709 Marianum

1060 2714 1183 2747 Scotum.
1208 2724 1240 2743 ac
1254 2715 1396 2750 epistolam
1409 2714 1506 2743 Joanni
1523 2716 1558 2742 lll
1573 2717 1720 2744 tributam.

1094 2752 1134 2786 (6)
1146 2751 1287 2786 Pitdiciliw
1298 2750 1415 2776 studium
1427 2751 1504 2786 gessi,
1517 2750 1550 2786 Et
1560 2751 1660 2786 lgnatii
1669 2751 1833 2786 interpolata

1061 2785 1147 2821 Epist.
1160 2787 1194 2812 ad
1206 2785 1432 2821 Philadelplginos,
1446 2789 1479 2812 n°
1490 2785 1517 2817 Δ,
1529 2785 1700 2813 Clementem
1715 2785 1776 2812 cum
1790 2786 1831 2810 vir-

1061 2819 1170 2857 ginibus
1193 2819 1333 2848 collocat.’
1346 2819 1424 2853 Quod
1439 2826 1502 2856 Itum
1529 2829 1623 2856 prosa,
1644 2825 1704 2849 tum
1726 2820 1828 2849 carllle

1064 2856 1222 2886 Aldhelmus
1233 2856 1387 2886 celebravit.

1064 2864 1222 2884 Atunelmus
1233 2864 1387 2884 ρριευηνη.
