1892 3105
39 143 102 172 ηοω

625 140 912 170 RECOGNITIONUM
930 140 995 170 LIB.
1014 141 1034 168 1.

1585 141 1654 170 ﬁlo

37 203 132 235 vixero,
148 205 176 230 et
190 201 339 230 secundum
354 201 548 229 nonnullorum
559 202 710 230 sententias
724 201 811 237 philo—
826 205 849 234 Α
863 202 915 229 sim
933 201 961 228 in
976 200 1091 236 imperio
1109 200 1210 228 Tiberii
1231 201 1359 236 Caesaris,
1378 202 1458 231 initio
1478 211 1512 230 ex
1533 201 1654 232 Orientis

38 250 186 285 sophorum,
203 248 451 285 Pyriphlegethonti
477 247 559 276 ﬂuvio
577 249 620 275 vel
636 248 763 280 Tartaro.
781 252 812 276 ut

38 295 162 332 Sisyphus
185 299 213 323 et
234 294 341 331 Tityus,
357 300 384 323 et
403 300 434 322 ut
447 294 525 323 Ixion
540 302 573 322 ac
587 293 718 322 Tantalus
733 297 812 322 aeter-

36 343 75 369 nis
87 342 113 368 iu
129 341 236 369 inferno
252 341 394 376 suppliciis
408 340 511 369 tradar.
528 340 561 367 Et
574 347 671 368 rursus
682 339 748 367 mihi
760 339 812 374 ipsi

36 387 225 422 respondebam
243 396 250 415 :
267 386 320 414 Sed
336 387 393 414 hac
408 387 507 414 fabula:
520 390 595 417 sunt,
604 389 651 413 aut
667 387 689 414 si
705 385 743 413 ita
758 389 812 419 est,

35 435 58 461 in
73 435 151 462 rebus
164 434 256 462 dubiis
276 437 386 469 praestat
402 433 446 468 pie
461 433 564 460 vivere.
581 432 635 460 Sed
651 433 749 460 iterum
769 439 813 459 re-

34 482 154 517 putabam
171 489 289 513 mecum,
307 480 444 516 quomodo
461 488 571 515 possem
587 479 638 507 sub
653 479 757 506 incerto
768 479 813 514 ju-

34 528 108 556 stitia:
131 527 255 561 praemio,
281 534 296 554 a
321 526 427 562 peccati
451 534 495 554 me
516 525 630 553 libidine
655 525 814 553 continere?

34 575 140 602 Maxime
154 581 218 601 cum
235 574 328 605 etiam,
345 581 406 608 quae
427 573 463 600 sit
477 573 535 607 ipsa
547 572 666 607 justitia,
682 579 744 607 quae
758 571 814 599 Deo

33 620 140 654 placeat,
153 619 227 654 apud
249 627 292 646 me
316 618 450 646 habeatur
473 618 619 650 incertum,
635 622 662 645 et
679 625 768 652 neque
789 617 813 646 si

33 666 188 693 immortalis
209 665 245 694 sit
266 665 369 698 anima,
385 672 416 692 ac
432 665 477 696 sit,
492 673 554 700 qua:
574 664 678 699 aliquid
703 671 814 699 sperare

33 713 120 747 possit,
137 718 296 746 agnoscam,
311 719 400 746 neque
414 711 480 746 quid
496 711 563 738 certi
578 710 700 738 futurum
717 711 753 738 sit
768 718 816 738 no-

32 757 117 785 verim.
130 756 186 784 Nec
202 761 293 784 tamen
304 756 446 792 quiescere
460 756 495 784 ab
510 756 699 792 hujuscemodi
711 756 815 792 cogita-

34 803 146 830 tionibus
161 810 287 838 possum.

61 847 91 876 γ.
110 848 182 881 Quid
208 849 291 883 igitur
313 847 431 876 faciam?
450 847 598 884 Egyptum
611 852 714 884 petam,
730 851 814 883 atque

861 247 987 283 partibus
1011 250 1132 282 sumpto,
1157 248 1279 282 pervenit
1303 248 1336 276 ad
1356 256 1419 282 nos,
1435 253 1463 276 et
1484 257 1531 284 per
1545 250 1653 285 singula

862 293 1069 325 convalescens.
1092 293 1166 321 velut
1188 301 1204 320 a
1225 293 1281 322 Deo
1298 294 1387 323 bonus
1409 295 1518 330 quidam
1542 297 1655 325 nuntius

862 339 976 372 missus,
991 340 1151 367 universum
1174 339 1297 375 replebat
1311 341 1417 374 orbem,
1433 349 1485 369 nec
1500 343 1656 377 patiebatur

863 385 984 414 divinam
1000 387 1170 414 voluntatem
1183 386 1293 414 silentio
1310 387 1364 422 tegi
1379 387 1428 423 (7).
1449 386 1657 415 Diﬂ'undebatut'

862 440 928 468 ergo
942 440 990 467 per
1004 433 1111 468 singula
1125 432 1196 465 loca,
1219 433 1397 466 annuntians,
1414 434 1486 469 quod
1507 438 1581 462 esset
1595 435 1657 469 qui—

863 478 927 506 dam
951 478 979 506 in
1001 478 1107 510 Iudaea,
1124 479 1171 514 qui
1187 483 1297 514 sumpto
1320 486 1334 505 a
1350 482 1474 514 tempore
1489 481 1560 508 veris
1574 488 1656 508 exor-

863 523 910 552 dio
919 524 970 560 (8),
978 532 1092 560 regnum
1104 524 1152 553 Dei
1164 525 1364 560 evangelizaret
1374 524 1489 559 Judteis,
1501 526 1583 561 idquc
1593 534 1657 562 per-

864 573 992 605 cepturos
1014 571 1118 599 diceret
1141 579 1200 604 eos,
1216 571 1261 606 qui
1277 572 1468 600 mandatorum
1491 581 1604 600 suorum
1627 576 1656 601 et

863 616 996 644 doctrinas
1011 617 1136 646 instituta
1151 623 1319 647 servassent.
1337 619 1373 646 Ut
1388 623 1476 647 autem
1491 627 1581 647 sermo
1595 619 1656 654 ejus

865 662 917 690 ﬁde
935 662 1045 698 dignus,
1062 671 1095 690 ac
1108 663 1259 692 divinitatis
1282 665 1379 700 plenus
1402 673 1464 693 esse
1488 665 1656 697 crederetur,

863 708 979 736 virtutes
991 709 1103 741 multas,
1120 713 1147 736 et
1163 709 1241 745 signa
1260 718 1292 738 ac
1313 710 1438 746 prodigia
1460 710 1529 738 mira
1551 710 1657 739 cllicere

862 753 988 789 jussione
1002 754 1060 782 sola
1072 754 1228 789 dicebatur,
1246 756 1283 783 ita
1300 760 1339 788 ut,
1360 761 1490 792 tanquam
1505 765 1520 784 a
1535 756 1590 785 Deo
1612 765 1658 793 po-

864 803 990 828 testatem
1005 800 1118 833 habens,
1135 801 1235 829 surdos
1251 801 1353 830 faceret
1367 802 1461 830 audire
1472 807 1500 831 et
1515 811 1604 831 cteros
1616 804 1657 831 vi-

859 845 939 879 .dere,
956 847 1068 875 claudos
1080 848 1210 883 erigeret,
1226 852 1308 884 atque
1333 856 1443 876 omnem
1470 849 1656 877 inﬁrmitatem

32 893 63 920 ibi
78 893 265 928 hierophantis
280 893 323 921 vel
345 893 486 928 prophetis
503 894 548 929 qui
575 894 663 929 adytis
677 897 811 928 prmum,
828 896 849 924 Β
863 897 1033 928 cunctosque
1053 893 1191 922 daemones
1215 902 1249 922 ex
1274 895 1430 923 hominibus
1445 895 1586 931 effugaret,
1608 896 1655 924 sed

33 940 127 967 amicus
140 939 256 971 elliciar,
270 942 297 967 et
309 940 425 974 pecunia
439 939 474 967 ab
488 940 529 968 eis
543 939 688 967 invitatum
703 947 812 976 magum

32 985 164 1020 precabor,
180 988 212 1012 ut
226 985 327 1012 educat
348 984 414 1011 mihi
430 985 549 1013 animam
565 985 599 1012 de
618 984 744 1017 infernis,
765 993 814 1020 per

31 1038 83 1058 eam
106 1039 188 1066 quam
211 1031 428 1059 necromantiam
444 1035 553 1064 vocant,
569 1035 697 1067 tanquam
715 1032 748 1059 de
763 1032 815 1058 ali-

32 1085 78 1112 quo
90 1077 201 1113 negotio
215 1077 360 1105 consulere
374 1077 505 1112 cupienti.
523 1077 588 1106 Mihi
609 1085 675 1106 vero
689 1077 746 1105 haec
761 1077 814 1105 erit
827 1093 837 1104 ο

32 1123 187 1150 consultatio
203 1132 209 1151 :
226 1122 249 1151 si
264 1123 427 1151 immortalis
441 1128 483 1151 est
497 1123 598 1151 anima.
618 1123 748 1152 Probatio
763 1131 813 1151 au-

32 1174 78 1196 tem
92 1171 200 1204 animae,
216 1170 288 1205 quod
304 1170 468 1198 immortalis
485 1171 531 1201 sit,
548 1178 603 1198 non
628 1178 662 1198 ex
688 1178 721 1199 eo
741 1170 813 1206 quod

32 1215 151 1250 loquitur,
167 1216 222 1243 erit
237 1215 303 1242 mihi
316 1219 402 1247 certa,
419 1215 461 1243 vel
475 1223 509 1243 ex
520 1223 553 1243 eo
566 1216 639 1251 quod
654 1216 747 1248 audio,
766 1217 814 1244 sed

33 1269 59 1289 ex
72 1270 102 1290 eo
116 1263 189 1298 quod
204 1262 300 1296 video;
314 1265 344 1289 ut
358 1262 446 1290 oculis
461 1263 529 1290 meis
540 1269 656 1290 cernens
672 1271 743 1295 eam,
754 1271 814 1291 cer-

32 1308 156 1336 tissimam
169 1309 205 1336 de
221 1308 329 1344 reliquo
343 1308 558 1337 immortalitatis
572 1309 633 1344 ejus
648 1310 812 1337 sententiam

32 1358 139 1383 teneam.
154 1354 251 1390 Neque
265 1356 338 1382 enim
354 1355 426 1382 ultra
449 1356 548 1391 poterit
567 1356 709 1383 veritatem
725 1356 812 1388 visus,

32 1401 166 1430 verborum
187 1401 296 1429 fallacia
320 1407 348 1430 et
370 1402 474 1429 auditio
498 1402 602 1430 incerta
620 1401 740 1430 turbare.
761 1401 815 1430 Ve»

34 1450 176 1475 rumtamen
193 1447 265 1475 hanc
282 1447 368 1483 ipsam
384 1447 608 1476 deliberationem
627 1455 715 1475 meam
734 1448 814 1476 retuli

34 1491 62 1518 ad
82 1492 225 1527 quemdam
250 1491 411 1520 familiarem
437 1499 528 1520 meum
544 1492 749 1528 philosophum,
766 1493 813 1528 qui

33 1537 91 1565 mihi
104 1538 251 1566 consilium
268 1538 353 1572 dedit,
368 1546 404 1567 ne
422 1538 474 1566 hoc
490 1538 580 1566 facere
595 1539 734 1567 auderem.
750 1538 814 1568 Sive

33 1584 108 1618 enim,
124 1585 225 1621 inquit,
237 1585 364 1613 evocanti
380 1592 459 1620 mago
472 1593 526 1612 non
543 1585 654 1613 obediat
665 1585 767 1619 anima,
784 1589 814 1614 tu
828 1579 849 1608 Ο

34 1634 87 1664 post
110 1631 166 1659 hazc
192 1635 322 1667 tanquam
336 1631 404 1659 nihil
420 1639 482 1660 esse
495 1635 594 1667 putans
607 1636 669 1667 pOst
685 1636 811 1663 mortem,

34 1675 224 1711 desperabilius
238 1677 323 1708 vives.
339 1677 440 1713 quippe
454 1677 500 1712 qui
523 1682 550 1705 et
574 1677 670 1705 illicita
688 1681 813 1705 tentave-

35 1722 77 1750 ris.
93 1722 119 1750 Si
132 1731 199 1751 vero
221 1727 249 1751 et
273 1723 374 1758 aliquid
391 1723 428 1750 ibi
446 1723 539 1751 videre
561 1723 610 1751 tibi
626 1724 702 1752 visus
717 1723 812 1756 fueris,

35 1775 87 1802 qua:
99 1768 147 1796 tibi
159 1769 267 1804 religio,
283 1773 330 1795 aut
343 1776 403 1803 quae
419 1768 506 1802 pietas
521 1776 555 1795 ex
571 1767 675 1795 illicitis
691 1768 815 1795 tradetur

35 1819 56 1841 el
70 1815 174 1850 impiis?
193 1814 314 1842 Exosum
327 1822 446 1849 namque
462 1813 604 1841 Divinitati
623 1814 815 1850 hujuscemodi

36 1860 162 1894 negotium
190 1859 292 1891 ferunt,
308 1863 335 1887 et
350 1859 490 1887 adversari
513 1859 596 1887 Deum
621 1859 664 1887 his
691 1859 737 1895 qui
755 1860 815 1887 ani-

36 1912 87 1933 mas
98 1909 158 1940 post
174 1905 377 1934 absolutionem
393 1913 539 1940 corporum
555 1905 731 1941 vexant.Ego
739 1914 813 1940 vero,

36 1949 73 1978 his
93 1951 205 1983 auditis,
229 1951 332 1986 pigrior
357 1950 468 1986 quidem
494 1959 554 1978 sum
575 1951 698 1979 redditus
713 1952 746 1979 ad
763 1952 814 1980 hoc

35 1997 99 2031 quod
113 1998 253 2033 parabam,
270 2005 321 2025 nec
333 2001 423 2025 tamen
440 2006 636 2033 usquequaque
647 2003 693 2026 aut
707 1998 816 2027 deside-

36 2043 98 2070 rium
118 2051 222 2080 ponere
242 2048 380 2079 poteram,
400 2047 446 2071 aut
469 2044 622 2072 molestiam
642 2045 816 2080 cogitationis

36 2090 158 2124 abjicere.

64 2136 105 2164 Vl.
127 2138 158 2165 Et
172 2146 208 2165 ne
220 2138 300 2173 longa
314 2141 377 2164 utar
388 2136 558 2168 narratione,
575 2144 637 2164 cum
650 2137 695 2165 his
710 2146 760 2173 ego
771 2146 819 2166 co-

36 2184 167 2217 gitationis
178 2192 245 2212 meae.
258 2184 369 2212 :estibus
385 2183 514 2218 agitarer,
527 2182 599 2209 fama
614 2183 738 2218 quaadam
756 2192 819 2211 sen-

863 943 892 968 et
905 939 1013 968 oblatos
1026 940 1078 968 sibi
1095 945 1220 969 mortuos
1237 942 1392 973 suscitaret,
1411 942 1534 977 leprosos
1547 951 1657 978 quoque

864 985 972 1013 eminus
986 986 1083 1014 videns
1099 991 1220 1019 curaret,
1235 991 1262 1016 et
1275 988 1343 1015 nihil
1359 989 1471 1016 omnino
1484 993 1566 1021 esset,
1583 989 1657 1024 quod

864 1032 889 1059 ei
901 1032 1070 1067 impossibile
1084 1032 1233 1061 videretur.
1250 1033 1313 1061 Haec
1325 1037 1352 1062 et
1368 1034 1464 1061 horum
1481 1034 1581 1062 similia
1592 1042 1658 1070 pro-

864 1085 944 1105 cessu
963 1078 1104 1113 temporis,
1129 1079 1235 1107 crebris
1256 1079 1312 1114 jam
1334 1087 1390 1107 non
1414 1080 1584 1115 rumoribus,
1609 1081 1657 1108 sed

865 1122 1019 1151 manifestis
1034 1123 1237 1159 quodammodo
1255 1124 1462 1152 adventantium
1477 1133 1510 1154 ex
1525 1125 1579 1153 illis
1594 1133 1659 1162 par-

864 1169 940 1197 tibus
955 1169 1059 1197 nuntiis
1075 1169 1266 1202 ﬁrmabantur,
1279 1175 1307 1199 et
1320 1171 1378 1207 ipsa
1390 1171 1447 1207 jam
1463 1179 1512 1207 per
1523 1171 1584 1200 dies
1599 1173 1657 1200 sin-

865 1215 945 1250 gulos
960 1215 999 1242 rei
1016 1215 1118 1244 veritas
1132 1217 1302 1252 patesccbat.

900 1261 959 1289 Vll.
981 1262 1102 1298 Denique
1117 1263 1145 1290 in
1162 1263 1229 1292 urbe
1244 1272 1292 1299 per
1308 1264 1367 1291 loca
1382 1268 1535 1293 conventus
1557 1264 1615 1294 ﬁeri
1630 1270 1658 1294 et

864 1307 899 1336 de
912 1308 966 1336 hoc
980 1317 1108 1337 sermone
1123 1310 1247 1343 tractari,
1261 1314 1344 1344 atque
1366 1311 1396 1338 in
1418 1311 1600 1340 admiratione
1614 1319 1659 1340 res

865 1354 961 1382 haberi
975 1355 1069 1390 cmpit,
1085 1356 1212 1391 quisnam
1227 1356 1252 1384 is
1267 1360 1351 1388 esset.
1367 1357 1415 1392 qui
1433 1357 1603 1392 apparuerit,
1614 1358 1658 1386 vel

864 1400 930 1435 quid
943 1401 1030 1428 nuntii
1044 1409 1060 1428 a
1076 1401 1133 1430 Deo
1146 1401 1304 1430 hominibus
1321 1401 1484 1436 detulisset;
1501 1403 1588 1431 donec
1605 1404 1658 1431 sub

865 1446 961 1474 eodem
975 1454 1048 1474 anno
1064 1447 1106 1475 vir
1119 1447 1232 1483 quidam
1249 1451 1344 1476 astans
1368 1448 1397 1476 in
1421 1448 1499 1476 urbis
1513 1449 1575 1476 loco
1587 1448 1660 1476 cele-

864 1492 996 1525 berrimo,
1012 1493 1194 1528 proclamaret
1208 1492 1243 1520 ad
1258 1493 1401 1528 populum,
1419 1493 1515 1521 dicens
1532 1503 1538 1522 :
1561 1493 1660 1522 Audite

865 1546 919 1571 me,
933 1546 950 1566 ο
971 1538 1046 1567 cives
1067 1538 1202 1572 Romani;
1219 1538 1307 1567 Filius
1326 1539 1374 1567 Dei
1388 1540 1466 1567 adest
1486 1540 1515 1567 in
1536 1540 1660 1575 partibus

865 1583 976 1616 tiodiem,
993 1584 1156 1620 promittens
1170 1585 1297 1612 omnibus
1320 1586 1476 1614 volentibus
1502 1585 1598 1614 audire
1617 1594 1659 1619 se,

864 1630 949 1658 vitam
963 1634 1105 1662 aeternam,
1119 1630 1143 1658 si
1157 1631 1220 1665 quis
1233 1634 1324 1658 tamen
1339 1631 1377 1666 (9)
1394 1631 1547 1659 secundum
1560 1632 1659 1659 volun-

865 1677 948 1702 tatem
960 1675 1030 1710 ejus,
1047 1682 1062 1701 a
1076 1682 1131 1709 quo
1146 1675 1247 1702 missus
1262 1678 1305 1703 est
1321 1675 1368 1703 Dei
1384 1675 1484 1709 Patris,
1499 1680 1577 1704 actus
1590 1685 1658 1704 suos

866 1722 1007 1751 direxerit.
1018 1722 1133 1757 Propter
1147 1722 1219 1757 quod
1231 1723 1421 1750 convertimini
1439 1731 1453 1749 a
1469 1723 1548 1751 malis
1560 1724 1594 1750 ad
1610 1724 1660 1751 bo-

866 1776 913 1802 na,
927 1776 943 1796 a
954 1768 1151 1803 temporalibus
1168 1767 1202 1795 ad
1215 1773 1327 1796 aeterna.
1342 1768 1489 1803 Agnoscite
1499 1777 1584 1796 unum
1598 1777 1661 1798 esse

866 1815 953 1842 Deum
967 1814 1030 1842 cmli
1042 1817 1176 1849 terraeque
1191 1818 1336 1846 rectorem,
1350 1815 1377 1841 in
1387 1815 1468 1849 cujus
1480 1815 1565 1850 justis
1579 1823 1661 1851 aspe-

868 1861 959 1889 ctibus
984 1868 1034 1888 vos
1058 1860 1153 1895 injusti
1179 1860 1314 1887 mundum
1330 1861 1390 1895 ejus
1405 1861 1543 1891 habitatis.
1559 1861 1612 1889 Sed
1636 1863 1660 1890 si

867 1907 1058 1934 convertimini
1068 1910 1095 1935 et
1106 1906 1256 1934 secundum
1270 1907 1439 1934 voluntatem
1452 1907 1513 1942 ejus
1523 1908 1614 1943 agitis,
1624 1909 1659 1937 ad

867 1953 990 1981 futurum
1006 1954 1136 1981 saeculum
1152 1953 1293 1982 venientes
1319 1957 1346 1981 et
1366 1954 1461 1981 aeterni
1474 1953 1573 1988 effecti,
1590 1954 1661 1982 inef-

868 1999 997 2028 fabilibus
1017 2000 1078 2033 ejus
1102 2000 1182 2027 bonis
1207 2007 1238 2027 ac
1254 1999 1375 2035 praemiis
1390 1999 1580 2034 perfruamini.
1595 2000 1660 2028 Erat

869 2051 960 2075 autem
972 2047 1016 2074 vir
1031 2047 1092 2078 iste,
1108 2047 1155 2081 qui
1172 2046 1229 2074 hmc
1244 2046 1408 2081 loquebatur
1424 2046 1456 2073 ad
1471 2047 1611 2081 populum,
1625 2055 1659 2075 ex

869 2092 991 2120 Orientis
1014 2093 1149 2128 partibus,
1170 2093 1282 2119 natione
1302 2091 1432 2120 Hebraeus
1454 2092 1523 2127 (10),
1549 2093 1661 2120 n0mine

871 2138 1022 2171 Barnabas,
1039 2140 1086 2174 qui
1101 2147 1131 2167 se
1143 2140 1224 2167 etiam
1237 2147 1320 2166 unum
1334 2147 1366 2166 ex
1380 2139 1440 2174 ejus
1451 2139 1660 2176 discipulis(ll)

873 2192 934 2212 esse
951 2184 1069 2218 dicebat,
1085 2187 1255 2220 missumque
1270 2185 1306 2212 ob
1317 2184 1379 2217 hoc,
1394 2188 1424 2211 ut
1437 2184 1494 2212 haec
1505 2184 1661 2213 volentibus

681 2240 866 2269 COTELERII
894 2242 1013 2270 NOTAE.

66 2302 102 2336 (7)
129 2302 203 2338 Tegei.
229 2301 258 2328 ln
282 2300 409 2328 Freculfo
421 2321 429 2333 ,
451 2305 547 2335 legere,
572 2297 647 2335 quod
668 2299 816 2334 respondet
834 2303 855 2331 D
874 2301 1097 2338 Alexandrinum,
1113 2299 1303 2338 Eusebiumet
1323 2298 1514 2338 Epiphanium.
1532 2297 1577 2338 Sic
1589 2305 1660 2338 quo-

36 2335 123 2364 Graaco
150 2335 267 2372 σῗτέγειν.

68 2373 103 2407 (8)
114 2369 223 2407 Sumpta
235 2381 250 2399 ιι
262 2377 376 2407 tempore
386 2371 453 2398 ueris
461 2370 579 2407 exordio.
592 2369 815 2407 Martyrologium

38 2405 185 2443 Hieronymi
201 2405 328 2435 dictum':
353 2405 568 2443 KalcndLMnii.
584 2405 816 2443 luitittnt‘priedi—

37 2440 140 2470 rationis
158 2443 264 2470 Domini
279 2442 363 2469 nostri
379 2441 443 2468 Jesu
459 2441 569 2468 Christi.
584 2440 815 2468 Wandalbertus:

85 2477 172 2506 Maias
188 2479 276 2512 prima
288 2482 377 2504 sacrat
389 2477 489 2504 Christi
501 2476 622 2512 doctrinq
632 2475 779 2512 Kalendas.

70 2513 105 2551 (9)
125 2513 155 2540 Si
170 2510 227 2551 quis
241 2517 412 2551 tamcntelc.‘
423 2511 564 2551 Fre_cul£us
583 2520 589 2537 :
606 2510 814 2551 Siqui-tamen,

39 2551 62 2574 ct
72 2545 460 2585 dirmrint,quemadmodum
472 2548 499 2574 in
516 2546 619 2585 G_ra3co.
635 2545 723 2585 §imili
737 2545 817 2585 modo

40 2586 127 2620 postea
141 2591 172 2610 ac
182 2580 299 2618 prasiniis
311 2584 389 2620 abest
403 2591 418 2620 ξι
434 2581 559 2620 Frecull'o
571 2585 597 2608 et
610 2589 626 2608 a
638 2580 750 2620 Graecis:
766 2580 818 2620 No-

40 2615 115 2645 tanda
132 2615 242 2653 quoque
259 2618 336 2653 varia
352 2615 624 2653 lecti0_docendijr0
645 2615 750 2642 dicendi
761 2618 818 2653 guet

41 2648 150 2691 utraqué
168 2648 333 2679 conferenda
356 2659 417 2678 cum
434 2649 536 2677 Graecis
555 2648 689 2691 Epitomcs
710 2656 743 2676 ac
757 2648 816 2676 Cle-

41 2689 218 2713 mentinorum.
605 2689 611 2694 “

72 2720 127 2756 (1οὶ
144 2719 259 2748 Natione
281 2720 419 2748 Hebrtcus.
444 2720 596 2747 Barnabam
620 2718 750 2756 varium
776 2718 818 2756 ia-

41 2754 112 2792 ciunt
120 2755 281 2792 interpretes
296 2756 330 2792 ad
345 2756 406 2792 Act.
419 2763 455 2787 Iv,
468 2755 513 2787 56.
531 2762 639 2792 necnon
649 2754 818 2792 Epiphanius

42 2789 132 2826 [nerui
147 2789 206 2826 730—,
238 2799 263 2819 c.
288 2791 335 2824 25,
359 2790 603 2826 Hieronymusiim
620 2789 765 2824 Catalogo,
791 2796 819 2818 et

43 2823 186 2854 Alexander
197 2823 346 2854 monachus
359 2827 386 2853 in
401 2823 532 2854 Encomio
545 2825 573 2852 S.
587 2823 728 2851 Barnabas:

75 2860 128 2896 (11)
143 2861 228 2890 Unum
239 2870 271 2890 ea;
281 2862 336 2894 eius
351 2861 500 2897 discipulis.
513 2860 551 2887 Ita
566 2859 636 2897 apud
650 2860 817 2891 Clementem

873 2345 926 2372 que
943 2338 970 2365 in
983 2336 1118 2372 Chronico
1130 2341 1226 2372 vocato
1240 2331 1576 2372 .4lerandrju9.“Dor()tlit-i
1587 2331 1661 2372 ἐρίη-

869 2366 937 2405 o'psi,
958 2374 986 2397 ct
1002 2369 1169 2396 Laudatione
1188 2369 1346 2405 Alexandri.
1363 2366 1415 2405 Sed
1430 2366 1501 2405 Beda
1515 2370 1606 2405 negat,
1619 2367 1662 2393 in-

868 2400 947 2433 firmo
969 2405 1050 2432 nixus
1070 2404 1257 2432 fundamento.
1274 2402 1385 2435 Mirum,
1407 2402 1505 2437 inquit,
1518 2400 1661 2429 Retracta—

869 2441 943 2468 tione
968 2441 996 2467 in
1018 2440 1085 2466 Acta
1113 2441 1311 2475 apo-telorum,
1333 2438 1366 2464 ad
1388 2445 1454 2475 cap.
1479 2437 1506 2467 4,
1531 2437 1661 2475 thmudo

869 2476 936 2502 hunc
952 2475 1116 2504 Barnabant.
1131 2472 1278 2510 quipostca
1302 2482 1361 2510 cum
1384 2472 1661 2510 Paulo_g€nlium_est

871 2511 1008 2538 ordinatus
1024 2506 1158 2544 apostolus
1171 2506 1234 2541 ,ἀε
1256 2514 1312 2543 post
1329 2508 1508 2544 longuntrejus
1523 2506 1663 2544 contuber-

870 2547 943 2573 nium
959 2540 1074 2580 Cyprttnt
1091 2545 1158 2572 unde
1169 2540 1242 2571 ortus
1254 2540 1352 2579 fuerat,
1364 2540 1559 2580 ﬁt’wdjcﬁlttrus
1572 2540 1660 2573 rediit,

871 2578 1003 2608 Eusebilts
1018 2583 1044 2608 in
1060 2581 1180 2607 Historia
1208 2579 1405 2609 ecclesiastica,
1423 2578 1454 2604 de
1474 2585 1581 2603 numero
1604 2584 1661 2603 esse

870 2624 921 2643 ιη
935 2617 1125 2650 discipularum
1143 2616 1246 2652 Iloniini
1261 2614 1408 2642 Saluatoris
1423 2613 1582 2652 arbitratur,
1600 2619 1661 2637 cum

870 2651 1011 2686 manifeste
1026 2651 1124 2678 scribat
1149 2651 1179 2678 Β.
1208 2650 1294 2676 Lucas
1315 2657 1373 2686 eum
1399 2653 1457 2682 post
1481 2650 1661 2686 ascensionem

870 2683 979 2714 Domini
1002 2688 1036 2713 ad
1051 2687 1239 2720 discipulatui):
1261 2684 1441 2720 apostolorttnt
1463 2683 1586 2720 venisse;
1609 2683 1662 2707 nisi

870 2723 938 2757 forte
962 2715 1173 2756 putandum'est
1187 2741 1194 2752 ,
1221 2715 1282 2757 eunt
1309 2720 1383 2753 prius
1406 2719 1445 2757 ita
1468 2715 1661 2757 discipulat'ttm

872 2750 972 2786 Christi
996 2762 1124 2789 secutum,
1146 2762 1174 2783 ut
1188 2750 1314 2782 Incedunt
1329 2753 1517 2789 renuntiarerit
1539 2750 1660 2789 ontrtilius

871 2785 929 2829 qua:
954 2785 1123 2829 possidebat,
1145 2791 1325 2829 quoduutrum
1355 2787 1509 2824 evangelica:
1532 2785 1658 2813 doctrina

872 2826 1028 2861 converterit,
1044 2827 1126 2855 cuivis
1144 2826 1273 2862 facillime
1281 2829 1364 2856 patet.
