1892 3105
228 134 296 164 1⁸311

656 136 684 167 S.
706 137 928 167 CLEMENTISI
949 139 1033 169 “OM.
1053 140 1156 169 PONT.
1176 142 1293 171 OPERA
1312 143 1429 174 DUBIA.

227 194 371 222 indicaret.
387 193 493 227 Quibus
505 201 556 230 ego
573 194 686 228 auditis,
701 203 765 224 cum
780 196 885 232 reliqua
897 197 1020 225 multitu—
1035 200 1059 230 Α
1072 200 1245 235 omnipotens
1255 201 1424 230 abscondita
1433 202 1510 231 vobis
1517 203 1685 233 voluntatem
1697 213 1855 243 suam,quos

226 239 290 267 dine
306 240 384 275 sequi
399 248 462 268 eum
474 241 545 276 οωρὶ
558 244 586 268 et
604 241 710 274 audire,
726 249 788 277 quae
804 242 919 271 diceret.
936 242 1018 271 Intel-

225 285 341 321 ligebam
357 293 424 314 sane
448 286 523 322 quod
547 286 616 314 nihil
639 286 791 315 dialectica
811 288 880 316 artis
900 293 974 317 esset
988 289 1018 318 in

224 332 345 367 homine,
361 333 409 361 sed
425 333 587 369 simpliciter
598 337 625 361 et
636 334 741 370 absque
753 335 809 362 ullo
820 335 929 363 dicendi
941 335 1015 368 fuco,

224 387 287 416 quae
310 379 433 408 audisset
457 387 474 406 a
496 379 567 407 Filio
589 379 637 408 Dei
653 380 697 408 vel
710 380 836 411 vidisset.
855 385 1014 416 exponeret.

221 425 395 454 Assertiones
409 425 483 453 enim
500 433 566 453 suas
590 433 645 453 non
669 430 894 461 argumentorum
916 428 1016 455 virtute

221 471 372 504 muniebat,
389 471 437 499 sed
452 471 600 499 verborum
614 475 656 499 .et
682 472 861 504 mirabilium.
879 481 940 508 qua:
965 481 1014 501 an-

219 517 381 549 nuntiabat,
405 520 490 545 testes
508 517 620 550 multos,
643 525 677 546 ex
700 517 760 553 ipso
783 518 866 546 ctiam
893 519 1013 547 circum-

219 566 311 591 stante
324 563 436 598 populo,
451 563 631 598 producebat.

255 619 322 647 VIII.
342 619 444 647 Verum
460 619 591 655 quoniam
608 619 643 647 ad
657 626 701 652 ea,
717 627 780 655 quae
806 620 914 648 sincere
937 620 1012 648 dice-

217 665 330 698 bautur,
345 665 462 693 libenter
475 672 598 692 annuere
610 665 729 700 populus
752 669 780 693 et
805 665 931 702 amplecti
952 673 1011 693 ser-

216 719 326 740 monem
343 711 494 748 simplicem
511 711 604 747 coepit,
619 711 648 738 hi
663 711 712 747 qui
732 711 784 740 sibi
809 711 911 740 eruditi
931 711 1009 740 vide-

215 760 318 788 bantur
330 759 373 787 vel
388 758 558 794 philosophi,
575 757 666 787 ridere
680 758 820 786 hominem
832 765 865 786 ac
879 765 1010 793 spernere

214 810 333 838 cepere,
348 806 376 830 et
392 802 621 838 syllogismorum
642 802 670 830 in
688 811 751 831 eum
770 803 923 831 tendiculas
935 804 1009 832 velut

214 848 386 876 validissima
402 855 478 875 arma
497 848 674 884 proferre.At
684 849 731 877 ille
754 849 897 877 interritus
911 852 939 877 et
951 849 1008 878 vel-

215 900 246 923 ut
268 896 448 924 deliramenta
465 897 587 932 argutias
602 904 698 924 eorum
714 897 829 930 ducens.
846 905 882 926 ne
895 905 1008 934 respon-

213 944 292 971 sione
306 943 415 978 quidem
431 943 529 978 dignos
547 943 698 978 judicabat,
714 943 763 971 sed
777 951 809 971 ea
824 952 884 979 qua:
906 952 1007 980 propo-

213 993 317 1022 suerat,
331 989 532 1024 exsequebatur
547 989 712 1024 intrepidus.
732 989 855 1025 Denique
876 997 939 1018 cum
963 991 1006 1018 Io-

211 1037 305 1072 quenti
321 1036 345 1063 ei
361 1036 472 1071 quidam
489 1025 689 1071 proposuisset,
709 1043 760 1063 cur
773 1036 811 1064 ita
827 1036 917 1065 factus
933 1042 1006 1066 esset

211 1082 292 1109 culex
308 1081 376 1117 (12),
393 1085 423 1109 ut
438 1089 501 1109 cum
521 1082 558 1110 sit
573 1081 675 1109 animal
691 1082 833 1117 exiguum,
847 1085 875 1110 et
891 1089 938 1110 sex
956 1083 1006 1110 ha-

210 1128 273 1156 beat
296 1127 390 1163 pedes,
407 1128 520 1163 insuper
534 1128 633 1156 addita:
648 1128 705 1156 sint
718 1128 742 1156 ei
758 1133 785 1156 et
798 1128 858 1159 alae,
873 1128 1005 1164 elephan-

210 1179 255 1203 tus
267 1182 334 1202 vero
347 1182 410 1202 eum
425 1174 463 1203 sit
476 1174 596 1202 immane
611 1174 712 1202 animal
723 1181 812 1210 neque
823 1175 881 1203 alas
892 1175 1002 1208 habeat,

209 1225 328 1257 quatuor
342 1225 446 1249 tantum
464 1220 548 1256 pedes
564 1221 663 1249 habeat
679 1230 685 1247 :
701 1220 735 1248 ad
745 1220 803 1248 haec
814 1221 860 1249 ille
871 1229 905 1249 ne
916 1222 1005 1257 respi-

209 1267 286 1295 ciens
306 1267 427 1302 quidem,
445 1275 602 1295 sermonem
625 1275 718 1299 suum,
736 1275 818 1302 quem
846 1268 1003 1303 importuna

209 1313 362 1349 propositio
376 1313 570 1348 interruperat,
585 1313 748 1341 continuata
765 1313 917 1341 intentione
940 1321 1003 1348 per-

209 1360 319 1395 agebat,
336 1359 388 1387 hac
405 1360 464 1388 sola
480 1360 666 1388 admonitione
682 1368 731 1396 per
742 1360 864 1395 singulas
878 1368 1002 1395 quasque

206 1406 422 1441 interruptiones
435 1407 527 1434 addita
544 1416 551 1434 :
567 1405 622 1435 Nos
634 1406 694 1442 ejus
711 1407 758 1442 qui
773 1406 848 1435 misit
868 1414 920 1435 nos
939 1414 1002 1434 ver-

206 1452 242 1481 ba
257 1453 385 1488 factaque
401 1453 539 1480 mirabilia
554 1455 719 1482 anuuntiare
732 1454 812 1482 vobis
837 1454 865 1481 in
890 1454 1002 1481 manda-

206 1499 244 1528 tis
259 1499 402 1532 habemus,
420 1499 554 1535 ﬁdemque
566 1507 662 1527 eorum
679 1508 740 1535 quae
753 1499 881 1531 dicimus.
896 1507 953 1527 non
966 1507 1000 1527 ex

206 1545 376 1580 argumentis
399 1549 458 1572 arte
485 1545 619 1580 quaesitis,
637 1545 684 1573 sed
700 1554 734 1573 ex
751 1545 830 1573 vobis
845 1546 913 1580 ipsis
934 1553 1000 1581 pro-

205 1590 297 1618 ductis
311 1591 431 1619 testibus
446 1590 621 1620 conﬁrmare.
635 1591 762 1627 Agnosco
775 1592 848 1619 enim
864 1591 998 1627 plurimos

206 1640 299 1665 astare
314 1637 342 1664 in
357 1636 447 1665 medio
457 1641 579 1665 vestrum
589 1645 622 1665 ex
638 1638 691 1671 his,
702 1645 772 1673 quos
785 1645 840 1665 una
853 1637 998 1666 nobiscum

204 1682 317 1710 memini
333 1683 446 1711 audisse
459 1691 520 1718 qua:
535 1683 701 1717 audivimus,
719 1688 747 1711 et
759 1683 863 1712 vidisse
875 1692 936 1720 quae
956 1685 999 1712 vi-

204 1727 307 1756 dimus.
325 1727 367 1755 Sit
381 1732 472 1756 autem
495 1730 522 1756 in
537 1733 629 1757 vestra
643 1734 787 1765 potestate,
811 1730 854 1758 vel
874 1730 998 1766 recipere

202 1780 264 1807 quae
279 1774 484 1806 annuntiamus,
501 1775 544 1802 vel
556 1783 696 1809 spernere.
706 1774 762 1803 Nos
778 1775 851 1803 enim
867 1777 941 1811 quod
952 1784 998 1804 ex-

202 1818 298 1853 pedire
312 1819 390 1847 vobis
402 1821 541 1853 novimus,
558 1825 650 1849 tacere
668 1828 725 1848 non
749 1828 908 1856 possumus,
931 1822 996 1857 quia

201 1865 292 1896 nobis.
311 1865 334 1892 si
349 1869 501 1899 taceamus,
515 1867 645 1894 damnum
671 1871 725 1900 est,
747 1868 826 1895 vobis
846 1876 920 1900 vero,
935 1876 996 1903 qua;

201 1909 332 1944 dicimus,
348 1911 371 1939 si
385 1919 441 1938 non
456 1912 612 1946 recipiatis,
629 1912 776 1948 pernicies.
795 1912 847 1941 Sed
863 1917 890 1941 et
904 1913 995 1941 stultis

201 1957 439 1991 propositionibus
453 1958 555 1986 vestris
568 1958 734 1993 respondere
743 1958 872 1994 perfacile
880 1960 993 1994 possim,

201 2002 225 2030 si
241 2002 364 2030 vcritatis
379 2003 517 2031 discendze
535 2011 620 2031 causa
643 2005 814 2039 qumreretis,
840 2005 875 2033 de
897 2005 994 2033 culicis

200 2046 264 2075 dico
280 2052 362 2083 atque
376 2048 531 2083 elephantis
542 2049 711 2082 differentia;
727 2050 776 2078 sed
789 2058 862 2078 nunc
873 2051 908 2078 de
917 2058 995 2079 crea-

200 2093 271 2120 turis
285 2092 377 2121 dicere
392 2092 472 2120 vobis
486 2093 590 2128 aliquid
606 2094 756 2121 absurdum
776 2098 830 2127 est,
849 2103 912 2123 cum
922 2103 938 2123 a
949 2103 994 2123 vo-

199 2137 243 2166 bis
258 2138 316 2172 ipse
331 2138 453 2166 omnium
468 2138 583 2165 Creator
594 2142 622 2165 et
635 2138 768 2166 Conditor
784 2139 937 2174 ignoretur.

234 2182 280 2210 IX.
303 2182 366 2210 llaec
382 2187 473 2211 autem
488 2191 551 2210 eum
565 2183 692 2216 dixisset,
710 2184 781 2211 velut
797 2192 829 2212 ex
846 2192 902 2212 uno
925 2192 992 2212 con-

1069 247 1208 282 agnitione
1229 248 1273 276 sui
1292 248 1417 283 praevidit
1430 249 1567 286 indignos,
1580 251 1653 279 sicut
1677 260 1713 280 ex
1735 253 1778 282 his
1800 262 1854 289 qu:

1068 299 1142 320 nunc
1154 293 1246 329 agitis,
1261 301 1360 321 sanum
1370 294 1538 330 sapientibus
1550 297 1640 332 palam
1652 302 1706 326 est.
1721 297 1788 327 Nam
1796 307 1852 328 cum

1067 337 1184 366 videatis
1193 338 1388 374 praedicatores
1400 340 1551 370 voluntatis
1564 342 1612 370 Dei
1626 343 1784 378 advenisse,
1793 347 1851 381 quia

1067 384 1170 412 nullam
1196 393 1287 413 sermo
1310 393 1407 414 eorum
1429 389 1615 421 grammatica:
1628 390 1698 419 artis
1715 393 1850 420 scientiam

1066 431 1219 466 proﬁtetur,
1236 432 1285 460 sed
1299 432 1471 468 simplicibus
1493 438 1521 462 et
1536 435 1668 470 impolitis
1683 439 1850 467 sermonibus

1065 477 1207 512 perferunt
1222 478 1257 506 ad
1272 487 1321 507 vos
1335 479 1427 507 divina
1441 480 1580 513 mandata,
1598 482 1635 509 ita
1654 487 1687 510 ut
1700 491 1796 512 omnes
1808 486 1849 520 qui

1065 523 1192 556 audiunt,
1205 525 1284 560 sequi
1301 526 1408 560 possint
1422 530 1450 554 et
1465 527 1618 563 intelligere
1632 537 1695 564 qua:
1708 529 1847 564 dicuntur;

1064 569 1159 597 ridetis
1172 570 1269 598 salutis
1285 575 1384 599 vestra:
1395 572 1538 600 ministros
1550 577 1577 601 et
1590 574 1716 609 nuntios,
1732 575 1846 611 ignoran-

1063 618 1104 643 tes
1135 616 1200 650 quia
1214 620 1317 650 vestra,
1331 616 1378 652 qui
1391 617 1468 645 vobis
1480 618 1561 654 periti
1585 623 1614 647 et
1633 620 1797 656 eloquentes
1812 623 1847 650 vi-

1060 660 1175 693 demini,
1184 661 1375 691 condemnatio
1383 667 1435 698 est,
1448 665 1522 700 quod
1535 666 1607 701 apud
1618 671 1745 702 agrestes
1755 670 1782 696 et
1791 669 1847 697 bar-

1061 705 1142 734 baros
1157 706 1274 735 habetur
1287 708 1412 738 veritatis
1425 710 1608 746 agnitio.Qu:e
1620 719 1686 740 cum
1699 713 1735 740 ad
1747 722 1795 742 vos
1808 716 1848 742 ad-

1060 753 1176 785 venerit,
1192 761 1243 781 nec
1255 755 1334 790 quasi
1351 755 1459 791 hospita
1474 758 1635 793 suscipitur,
1652 767 1715 795 qua:
1734 761 1788 789 nisi
1810 763 1847 790 in-

1060 799 1240 833 temperantia
1255 804 1347 828 vestra
1361 805 1388 828 et
1402 801 1487 830 libido
1499 803 1658 837 obsisteret,
1671 805 1743 834 civis
1757 814 1814 835 esse
1824 813 1848 836 et

1059 845 1206 872 vernacula
1217 845 1357 875 debuisset
1367 856 1374 880 ;
1387 851 1418 874 ut
1431 855 1465 876 ex
1481 848 1524 877 his
1535 851 1704 885 arguamini,
1713 853 1788 887 quod
1797 862 1846 881 non

1058 891 1181 919 veritatis
1204 892 1287 920 amici
1305 896 1333 920 et
1348 893 1515 929 philosophi,
1532 896 1580 923 sed
1602 897 1751 931 jactantiaa
1766 905 1847 928 seua-

1058 939 1144 969 tores,
1160 942 1187 965 et
1200 938 1339 974 vaniloqui
1355 939 1433 972 estis,
1449 940 1497 975 qui
1510 941 1654 970 verilatem
1670 951 1729 972 non
1744 945 1772 972 in
1786 946 1847 973 sim-

1057 982 1176 1017 plicibus
1191 983 1293 1018 verbis,
1308 985 1356 1013 sed
1371 985 1399 1012 in
1416 987 1533 1015 versutis
1557 991 1585 1015 et
1607 989 1721 1018 callidis
1742 992 1847 1020 creditis

1056 1028 1191 1062 habitare,
1201 1034 1227 1058 et
1239 1030 1451 1060 innumerabilia
1460 1033 1608 1062 verborum
1619 1035 1766 1070 profertis,
1773 1038 1846 1066 unius

1056 1075 1132 1103 verbi
1149 1083 1323 1112 nequaquam
1338 1079 1427 1113 pretio
1443 1080 1617 1115 pensitanda.
1633 1081 1710 1115 Quid
1725 1091 1791 1119 ergo
1805 1093 1847 1119 pu-

1055 1122 1121 1150 tatis
1136 1121 1258 1150 t'uturum
1279 1123 1314 1151 de
1327 1124 1416 1157 vobis,
1432 1132 1481 1153 vos
1494 1132 1512 1152 o
1528 1126 1619 1154 omnis
1641 1128 1730 1155 turba
1748 1127 1847 1157 Greene

1055 1175 1126 1202 rum,
1143 1168 1165 1196 si
1180 1170 1233 1196 erit
1241 1169 1375 1205 judicium
1383 1170 1442 1204 Dei,
1454 1171 1527 1200 sicut
1537 1172 1590 1200 iste
1601 1172 1691 1201 dicit!
1700 1173 1758 1203 Sed
1770 1184 1845 1208 nunc,

1054 1215 1211 1243 omittentes
1229 1215 1319 1244 ridere
1344 1216 1372 1244 in
1396 1217 1545 1252 perniciem
1559 1219 1644 1247 vestri
1659 1220 1755 1248 virum
1770 1221 1844 1254 hunc,

1789 150 1853 179 ma
1878 134 1879 138 “

1053 1260 1218 1296 respondeat
1229 1262 1297 1289 mihi
1310 1263 1357 1298 qui
1373 1263 1431 1290 vult
1441 1271 1475 1291 ex
1489 1264 1578 1296 vobis,
1591 1266 1728 1300 quoniam
1743 1267 1844 1302 quidem
1878 1298 1879 1302 η

1053 1307 1114 1334 solo
1128 1307 1230 1335 latratu
1245 1313 1338 1336 vestro
1362 1309 1517 1338 obturbatis
1538 1311 1623 1338 etiam
1640 1319 1744 1340 eorum
1761 1321 1844 1345 aures.
1878 1317 1879 1341 1

1052 1353 1100 1388 qui
1115 1354 1184 1382 salvi
1199 1362 1262 1383 esse
1276 1355 1383 1388 volunt,
1399 1359 1426 1383 et
1442 1360 1548 1385 mentes
1561 1365 1624 1393 qua:
1645 1358 1683 1386 ad
1705 1359 1790 1387 ﬁdem
1805 1367 1845 1395 pa-

1053 1403 1119 1426 ratae
1135 1403 1210 1432 sunt,
1226 1400 1261 1428 ad
1275 1401 1444 1429 inﬁdelitatis
1455 1402 1564 1437 lapsum
1592 1404 1700 1431 vestris
1719 1405 1844 1432 obturha-
1878 1402 1879 1437 ἦ

1052 1445 1173 1473 tionibus
1192 1446 1338 1474 declinatis
1353 1456 1361 1475 :
1376 1455 1437 1483 qua:
1454 1448 1532 1476 vobis
1546 1449 1600 1476 erit
1614 1457 1744 1485 unquam
1760 1452 1843 1480 venia.

1051 1492 1098 1527 qui
1119 1491 1276 1521 Divinitatis
1296 1494 1434 1526 nuntium,
1449 1495 1655 1530 promittentem
1671 1497 1758 1525 vobis
1778 1497 1844 1533 agni

1050 1538 1154 1566 tionem
1169 1537 1228 1571 Dei,
1239 1539 1335 1567 ridetis
1350 1544 1377 1568 et
1388 1539 1498 1576 injuriis
1509 1541 1637 1570 adicitis?
1653 1551 1744 1579 quem
1758 1545 1846 1579 utique

1050 1585 1158 1612 etiamsi
1173 1585 1243 1612 nihil
1258 1586 1382 1614 veritatis
1397 1587 1516 1620 allerret,
1532 1595 1583 1623 pro
1598 1588 1660 1624 ipso
1690 1595 1787 1618 tamen
1801 1591 1843 1618 be-

1049 1631 1191 1666 nignitatis
1202 1639 1265 1667 erga
1281 1639 1330 1660 vos
1344 1634 1497 1669 proposito,
1513 1638 1623 1670 gratum
1643 1641 1845 1673 acceptumque

1048 1676 1150 1705 habere
1163 1677 1310 1706 deberetis.

1082 1723 1118 1752 X.
1138 1724 1202 1752 Haec
1214 1728 1242 1752 et
1257 1724 1301 1753 his
1315 1725 1417 1754 similia
1430 1734 1494 1754 cum
1503 1735 1700 1763 prosequerer,
1711 1729 1846 1764 plurimus

1047 1769 1164 1798 astantis
1180 1770 1274 1805 populi
1288 1769 1415 1800 fremitus
1428 1772 1709 1805 concitabatur,dum
1723 1775 1775 1802 alii
1792 1775 1845 1803 vel-

1047 1821 1077 1844 ut
1097 1824 1162 1852 erga
1181 1816 1317 1852 hospitem
1338 1818 1518 1847 miseratione
1532 1824 1726 1853 moverentur,
1743 1829 1845 1849 meum-

1046 1871 1100 1899 que
1115 1871 1270 1892 sermonem
1283 1867 1314 1891 ut
1327 1869 1527 1900 consequenter
1541 1865 1666 1893 habitum
1681 1867 1843 1902 probarent,

1046 1909 1090 1936 alii
1107 1909 1262 1945 petulantes
1281 1914 1309 1938 et
1332 1910 1436 1947 stolidi,
1449 1910 1477 1937 in
1497 1918 1541 1938 me
1554 1919 1666 1946 quoque
1682 1913 1803 1946 pariter,
1818 1916 1844 1939 ut

1046 1955 1073 1982 in
1089 1955 1253 1988 Barnabam,
1268 1955 1392 1983 eil‘renati
1418 1956 1503 1983 animi
1527 1956 1704 1984 iracundiam
1720 1958 1842 1985 concita-

1045 2004 1115 2029 rent.
1129 2000 1182 2029 Sed
1197 2009 1260 2029 cum
1273 2001 1308 2029 ad
1323 2009 1465 2036 vesperam
1477 2001 1534 2036 jam
1545 2002 1701 2031 declinaret
1715 2003 1792 2037 dies,
1804 2012 1841 2038 ap-

1044 2048 1179 2082 prehensa
1197 2047 1330 2075 Barnabas
1343 2048 1466 2079 dextera,
1482 2048 1671 2076 obluctantem
1687 2049 1757 2077 licet
1770 2058 1838 2081 eum,

1043 2094 1078 2121 ad
1100 2101 1188 2121 meam
1215 2098 1306 2122 tamen
1321 2093 1421 2121 adduxi
1437 2094 1561 2128 domum,
1576 2099 1660 2130 atque
1676 2096 1716 2124 ibi
1731 2105 1839 2124 manere

1044 2139 1106 2170 feci,
1126 2148 1161 2167 ne
1175 2140 1237 2175 quis
1253 2139 1325 2168 forte
1338 2148 1371 2168 ex
1388 2140 1499 2168 indocili
1512 2141 1594 2176 vulgo
1609 2141 1742 2176 injiceret
1752 2144 1778 2171 ei
1791 2151 1838 2170 ma-

1043 2194 1106 2214 nus.
1121 2186 1305 2221 Aliquantulis
1319 2186 1401 2222 igitur
1412 2185 1510 2214 diebus
1525 2194 1579 2214 una
1593 2187 1691 2222 positi,
1701 2188 1839 2216 disseren-

200 2236 295 2261 sensu,
314 2229 519 2264 indisciplinato
534 2236 582 2257 ore
595 2237 692 2257 omnes
716 2229 798 2258 simul
812 2231 899 2258 risum
913 2230 993 2259 dede-
1010 2239 1029 2264 n
1043 2237 1069 2260 te
1085 2240 1117 2260 eo
1134 2232 1266 2269 [paucis],
1283 2239 1438 2259 sermonem
1452 2232 1576 2260 veritatis
1600 2233 1723 2261 libenter
1744 2234 1835 2261 audie-

199 2281 241 2305 re.
257 2274 380 2302 incutere
396 2275 421 2302 ei
437 2275 629 2303 verecundiam
644 2284 677 2304 ac
690 2277 830 2305 silentium
852 2278 992 2314 imponere

199 2320 352 2356 cupientes,
368 2320 571 2357 barbarumque
581 2328 608 2349 et
619 2323 711 2351 minus
725 2331 799 2351 sana:
812 2324 912 2352 mentis
926 2332 990 2352 eum

198 2369 396 2397 acclamantcs.
412 2369 468 2405 Ego
479 2377 545 2397 vero
559 2378 621 2398 cum
639 2370 697 2398 haec
710 2371 748 2398 ita
764 2371 821 2399 ﬁeri
837 2379 989 2405 cernerem,

198 2414 258 2441 zelo
271 2413 391 2449 quodam
408 2414 502 2442 nescio
518 2414 591 2442 unde
604 2415 735 2450 repletus,
753 2423 785 2443 ac
802 2416 931 2452 religioso
945 2416 989 2445 fu-

197 2467 261 2487 rore
275 2467 437 2493 succensus,
454 2461 535 2489 silere
546 2469 601 2488 non
620 2462 707 2498 potui,
723 2461 771 2490 sed
787 2470 849 2489 cum
865 2463 940 2490 omni
954 2462 988 2489 li-

197 2504 303 2534 bertate
325 2506 499 2541 proclamans
519 2515 527 2535 :
546 2506 709 2536 Rectissime
735 2507 827 2542 Deus,
851 2508 964 2544 inquam
980 2525 989 2538 .

1042 2280 1122 2312 bam;
1137 2279 1251 2314 urgebat
1264 2282 1354 2306 tamen
1371 2277 1581 2314 profectionem,
1599 2278 1701 2307 dicens
1714 2288 1746 2308 se
1769 2280 1835 2308 diem

1041 2325 1141 2354 festum
1165 2324 1307 2360 religionis
1330 2332 1397 2356 suaa,
1413 2325 1461 2360 qui
1483 2324 1651 2358 immineret,
1667 2326 1835 2353 omnimodis
1878 2320 1879 2360 ξ

1041 2371 1112 2406 apud
1127 2369 1248 2398 Iudaeam
1263 2370 1475 2404 celebraturum,
1492 2371 1584 2406 ibique
1598 2371 1634 2399 de
1649 2373 1762 2408 reliquo
1776 2379 1834 2400 cum

1042 2417 1100 2445 suis
1121 2416 1229 2444 civibus
1254 2423 1288 2444 ac
1311 2415 1444 2444 fratribus
1458 2424 1683 2452 permansurum.
1696 2419 1834 2446 evidenter

1041 2463 1168 2491 indicans
1188 2462 1296 2497 injuria
1312 2469 1342 2489 se
1355 2462 1471 2490 horrore
1485 2463 1654 2498 perculsum.

1071 2507 1117 2536 XI.
1139 2508 1260 2544 Denique
1280 2515 1343 2536 cum
1364 2515 1415 2544 ego
1433 2508 1550 2536 dicerem
1566 2518 1572 2536 :
1590 2507 1633 2536 Tu
1643 2509 1713 2537 mihi
1726 2513 1830 2537 tantum

848 2606 1032 2635 COTELERII
1059 2607 1176 2636 NOTAE.

233 2683 289 2719 (I2)
310 2683 365 2721 Cu_r
380 2685 432 2721 ila'
443 2685 530 2719 factus
551 2691 618 2713 esset
633 2685 719 2713 culex.
728 2685 921 2721 Hieronymus,
935 2686 971 2713 l.I

195 2721 321 2748 aduersus
337 2719 507 2755 Pelagianos,
524 2721 540 2746 7
561 2730 568 2747 :
589 2720 732 2755 Elephanti
754 2719 839 2748 tanta!
857 2721 945 2753 titulis,
959 2726 984 2748 et

195 2755 305 2791 grypltes
321 2755 347 2782 in
356 2763 405 2782 sua
419 2757 548 2790 grauitate
561 2761 714 2786 causentur.
731 2764 779 2783 cur
793 2757 928 2791 quaternis
940 2764 984 2790 pe-

195 2764 226 2790 gr
245 2764 305 2789 pnes
321 2764 347 2782 m
356 2764 405 2782 sua
419 2764 548 2790 grauitate
561 2764 714 2786 causentur.
731 2764 779 2783 cur
793 2764 928 2791 quaternas
940 2764 984 2790 pe-

195 2764 273 2826 digus
297 2790 438 2826 incedant,
464 2799 523 2817 cum
548 2799 645 2818 musca:
666 2791 824 2826 culicesque,
845 2798 870 2818 et
888 2796 984 2819 cetera

197 2824 348 2860 ltujusntodi
369 2826 517 2852 animantia
536 2826 584 2852 sub
603 2826 724 2860 pannulis
740 2824 814 2854 senos
832 2827 908 2860 pedes
935 2827 984 2854 Ita-

198 2859 294 2891 beaut;
314 2864 339 2887 ct
361 2860 443 2895 aliqui
460 2859 607 2888 vermiculi'
620 2862 691 2895 sint,
707 2862 752 2896 qui
774 2859 854 2890 lamis
873 2862 984 2897 pedibus

1036 2690 1171 2718 ualeant,
1190 2690 1220 2713 ut
1234 2685 1439 2714 innumerabiles
1460 2686 1542 2714 simul
1560 2692 1648 2715 mauu
1669 2689 1746 2715 nulla
1763 2689 1828 2715 uia

1036 2721 1247 2759 comprehendat.
1265 2721 1358 2759 Et_l_li,
1372 2727 1465 2748 contra
1479 2721 1620 2759 Ruﬁnum,
1636 2723 1654 2750 8
1670 2733 1678 2750 :
1698 2723 1771 2759 Ergo
1781 2723 1828 2750 nisi

1036 2756 1481 2793 tibirutionemreddidero,_quare
1494 2757 1620 2791 formica,
1639 2756 1751 2793 pomi
1771 2759 1824 2786 αἱ.

1036 2791 1091 2827 mal
1101 2796 1126 2818 et
1140 2796 1276 2827 punctum,
1289 2797 1316 2818 ut
1328 2792 1367 2818 ita
1377 2791 1475 2824 dicam,
1487 2794 1620 2826 corporis,
1633 2791 1681 2821 se:
1690 2795 1768 2827 pedes
1781 2794 1825 2819 h-

1036 2826 1113 2889 lieat
1128 2835 1188 2854 cum
1200 2826 1369 2861 elephantus,
1390 2831 1466 2855 tanta
1479 2827 1577 2862 moles,
1592 2826 1711 2863 quatuor
1719 2829 1822 2863 pedita

1036 2870 1093 2889 mc:
1113 2870 1152 2889 ιιι.

1036 2870 1152 2890 mceaut.
