1892 3105
50 142 111 169 lilii

639 130 923 161 RECOCNITIONUM
942 129 1008 159 UB.
1026 130 1046 157 I.

1583 125 1651 153 1214

44 201 94 236 ejus
105 199 162 231 viri,
177 205 256 233 quem
271 196 430 232 apparuisse
442 194 521 225 dicis,
533 201 637 229 expone
648 193 811 224 doctrinam,
827 195 851 224 Α
898 189 968 217 Χιιι.
988 188 1023 216 At
1039 187 1253 223 benignissimus
1277 185 1385 219 Petrus,
1408 185 1501 212 audito
1526 186 1649 217 nomine,

43 253 118 282 ειεεο
133 246 199 273 meis
216 244 389 273 sermonibus
406 246 452 270 tua
467 241 541 269 dicta
560 247 737 275 componens,
752 246 812 266 om-

44 292 177 329 nipotentis
198 290 245 319 Dei
266 297 381 326 regnum
401 288 591 324 justitiamque
607 285 770 321 praedicabo,
786 288 813 312 et

44 343 94 375 post
107 339 161 366 hare
175 338 198 365 si
215 336 343 367 volueris,
360 335 442 362 etiam
463 333 597 368 navigabo
618 335 718 364 tecum,
735 330 813 357 valde

43 387 104 413 enim
118 384 206 412 videre
222 382 301 417 cupio
313 381 445 412 Juda‘am,
460 380 600 407 vobiscum
616 377 742 404 fortassis
755 383 814 411 per~

44 436 113 467 petuo
133 436 336 465 permansurus.
368 426 410 454 Ad
444 426 501 453 haec
523 425 568 452 ille
584 434 591 453 :
607 423 659 455 Tu,
676 422 773 458 inquit,
789 421 813 450 si

43 476 137 512 quidem
152 474 244 502 videre
258 474 299 501 vis
314 473 430 508 patriam
445 475 579 503 nostram,
596 475 622 498 et
634 469 742 497 discere
754 475 815 503 qua:

43 522 176 551 desideras,
191 520 248 554 jam
261 526 333 546 nunc
349 525 455 546 mecum
471 517 573 552 pariter
586 515 700 550 naviga;
714 514 737 542 si
750 522 814 542 vero

43 574 63 596 te
76 568 169 604 aliquid
184 570 268 599 tenet,
282 566 359 601 signa
383 565 433 592 tibi
456 562 633 591 habitationis
648 566 750 589 nostra:
765 560 814 588 de-

42 616 189 649 relinquam,
205 617 235 640 ut
250 620 312 640 cum
326 612 418 639 venire
429 609 558 642 volueris,
575 609 697 636 invenire
711 615 762 635 nos
774 607 815 634 fa-

43 661 84 688 cile
97 660 198 695 possis;
215 666 265 694 ego
279 657 351 686 enim
363 657 484 684 crastino
497 656 548 684 iter
561 654 713 690 aggrediar.
728 653 814 687 Quem

43 707 80 733 ubi
93 705 255 732 immobilem
277 703 343 735 vidi,
357 702 487 730 descendi
509 709 571 730 cum
597 702 656 736 ipso
673 707 760 735 usque
780 699 815 727 ad

45 755 147 786 portum,
163 758 195 777 ac
209 749 354 784 diligenter
367 748 401 776 ab
414 755 447 776 eo
461 748 550 783 signa,
565 754 626 782 quae
639 746 756 778 dixerat,
770 745 816 772 ha-

43 796 168 823 bitationis
181 795 286 831 accepi,
302 795 397 822 dicens
409 795 433 822 ei
448 804 455 822 :
469 794 532 829 quia
547 792 601 820 nisi
615 791 815 828 aliquantulum

44 842 150 876 pecunia:
164 840 321 868 necessario
340 839 405 866 mihi
421 843 494 867 esset
515 847 530 866 a
550 838 720 866 debitoribus
735 844 816 871 repo-

44 887 170 919 scendum,
185 886 255 914 nihil
279 885 391 913 omnino
406 884 542 912 diﬂerrem
553 904 560 916 ,
579 883 706 911 velociter
721 886 813 910 tamen

44 934 156 968 insequar
178 932 230 960 iter
246 935 333 959 tuum.
350 931 418 959 Cum
441 931 499 958 hazc
521 929 664 962 dixissem,
679 937 816 957 commen-

44 979 96 1006 dato
110 987 140 1006 eo
152 978 284 1006 attentius
300 977 354 1010 his,
369 977 416 1012 qui
430 977 493 1004 navi
507 978 652 1011 praeerant,
669 981 815 1010 regressus

44 1034 93 1053 sum
103 1025 197 1053 tristis.
213 1024 337 1052 Habebat
351 1024 424 1051 enim
439 1031 481 1050 me
496 1021 651 1050 recordatio
666 1024 816 1048 consuetu-

44 1072 103 1100 dinis
117 1072 178 1100 boni
195 1070 314 1106 hospitis
329 1074 356 1097 et
372 1069 466 1105 optimi
482 1068 573 1096 amici.

72 1117 123 1144 ΧΠ.
143 1117 244 1144 Diebus
256 1119 347 1142 autem
363 1114 459 1150 paucis
479 1116 642 1145 remoratus,
657 1115 685 1140 et
698 1111 742 1139 his
755 1119 816 1146 quae

44 1163 195 1190 debebantur
218 1169 252 1189 ex
274 1164 351 1196 parte
380 1159 471 1194 aliqua
504 1157 652 1193 proﬂigatis
676 1156 816 1192 (plurima

45 1210 105 1236 enim
120 1208 266 1237 festinandi
286 1207 376 1235 studio
391 1205 508 1241 neglexi,
524 1212 559 1232 ne
576 1212 591 1231 a
606 1204 747 1239 proposito
768 1203 818 1229 im-

45 1256 170 1292 pedirer),
197 1255 341 1291 enavigavi
365 1254 496 1282 continuo
512 1253 540 1279 in
554 1251 687 1282 Judmam,
704 1253 731 1277 et
754 1252 817 1285 post

45 1303 94 1330 dies
107 1302 260 1337 quindecim
277 1302 429 1329 Caesaream
438 1299 585 1331 Stratonis,
603 1305 664 1333 quae
679 1295 818 1324 est‘Palaz-

46 1349 112 1376 stinae
134 1349 198 1376 urbs
221 1348 352 1380 maxima,
368 1346 498 1381 appulsus
522 1352 594 1372 sum.
610 1343 733 1377 Cumque
754 1341 817 1369 navi

45 1401 167 1428 egressus,
183 1392 331 1428 hospitium
344 1398 505 1426 quaererem,
521 1396 631 1416 rumore
644 1388 737 1424 populi
747 1394 819 1415 com-

45 1440 94 1474 peri
119 1439 187 1475 quod
202 1438 300 1466 Petrus
315 1437 435 1473 quidam,
452 1436 526 1463 illius
546 1435 593 1470 qui
615 1435 643 1461 in
664 1433 757 1461 ludam
771 1441 819 1468 ap-

46 1484 133 1517 paruit,
148 1488 173 1512 et
196 1484 275 1520 signa
299 1483 384 1510 multa
399 1489 431 1509 ac
445 1480 570 1517 prodigia
587 1479 719 1507 divinitus
743 1484 819 1514 gesta

46 1531 106 1557 inter
126 1530 250 1557 homines
269 1528 399 1560 ostendit,
417 1527 569 1562 discipulus
593 1525 817 1561 probatissimus,

46 1577 152 1604 crastino
172 1584 234 1604 cum
260 1575 371 1603 Simone
397 1573 515 1610 quodam
531 1571 707 1600 Samaritana
722 1579 755 1598 ex
770 1578 818 1598 ca-

47 1623 114 1650 stello
135 1622 288 1650 Gethonum
312 1621 369 1657 (£3)
382 1640 390 1654 ,
417 1619 562 1647 habiturus
578 1622 651 1645 esset
672 1617 819 1645 verborum

47 1669 267 1704 quaestionumque
292 1671 441 1695 certamen.
456 1665 564 1699 Quibus
578 1672 629 1700 ego
644 1663 756 1695 auditis,
774 1670 820 1690 ro-

47 1715 129 1749 gabam
143 1713 324 1743 demonstrari
339 1713 405 1740 mihi
418 1712 477 1747 ejus
490 1711 637 1746 hospitium
650 1719 658 1744 ;
672 1709 745 1745 quod
757 1716 819 1737 cum

47 1761 202 1795 reperissem,
219 1765 302 1796 atque
323 1763 386 1787 ante
407 1758 480 1786 fores
494 1757 691 1789 constitissem,
712 1757 820 1791 ingere-

47 1805 99 1833 ham
119 1807 240 1841 ianitori,
256 1806 381 1841 quisnam
398 1811 486 1832 essem
504 1809 584 1839 atque
599 1803 672 1830 unde
688 1801 819 1829 adventa-

47 1860 110 1887 rem;
123 1859 148 1882 et
161 1862 225 1882 ecce
240 1852 378 1880 Barnabas
391 1850 551 1886 procedens,
568 1849 660 1877 statim
676 1852 706 1875 ut
719 1855 762 1875 me
775 1847 819 1875 vi-

47 1896 88 1929 dit,
100 1898 124 1924 in
136 1898 294 1933 complexus
306 1903 382 1924 meos
394 1893 526 1925 cucurrit,
541 1893 640 1929 gaudio
651 1893 817 1928 lacrymans,

48 1948 117 1978 atque
139 1945 336 1980 apprehensum
353 1950 397 1970 me
412 1949 494 1969 manu
516 1939 708 1968 introducebat
723 1939 757 1965 ad
772 1938 822 1965 Pe-

48 1992 119 2017 trum.
134 1989 218 2023 Quem
233 1997 296 2016 cum
308 1989 376 2016 mihi
389 1988 496 2015 eminus
509 1985 690 2015 ostendisset:
702 1985 752 2012 llic
765 1988 817 2018 est,

48 2034 132 2070 inquit,
148 2035 255 2068 Petrus,
271 2043 351 2071 quem
367 2034 416 2062 tibi
431 2034 578 2061 maximum
593 2040 654 2061 esse
669 2033 696 2060 in
711 2031 758 2060 Dei
774 2039 816 2059 sa-

48 2082 136 2115 pientia
149 2083 284 2114 dicebam,
295 2081 393 2116 cuique
402 2081 435 2108 de
445 2087 471 2108 te
483 2088 580 2108 rursus
592 2080 652 2107 sine
665 2079 819 2107 cessatione

47 2127 141 2155 locutus
167 2136 238 2157 sum.
263 2127 405 2162 Ingredere
426 2126 509 2161 igitur
538 2130 669 2160 tanquam
702 2125 771 2153 bene
793 2125 818 2152 ei

48 2175 169 2209 cognitus.
185 2174 282 2201 Omnia
302 2173 374 2200 cnim
389 2180 450 2207 quae
464 2172 491 2199 in
505 2176 533 2200 te
553 2177 617 2200 sunt
640 2172 720 2202 bona,
734 2171 819 2199 veris-

47 2222 104 2247 sime
116 2221 254 2256 comperit,
269 2223 296 2247 et
308 2218 463 2253 religiosum
477 2218 645 2253 propositum
660 2222 738 2244 tuum
752 2217 816 2244 dili-

48 2270 129 2299 genter
142 2266 260 2301 agnovit,
275 2272 307 2292 ex
323 2271 378 2299 quo
390 2268 416 2291 et
431 2272 539 2291 summo
564 2263 699 2291 desiderio
727 2264 817 2299 agitur

48 2310 142 2338 videndi
160 2315 195 2339 te.
211 2310 289 2338 Unde
306 2317 433 2344 magnum
448 2309 473 2337 ei
488 2309 569 2336 hodie
584 2317 684 2336 munus
706 2309 776 2336 meis
790 2312 817 2336 te

49 2357 161 2384 manibus
175 2355 276 2388 ollero;
295 2354 430 2389 simulque
441 2354 532 2382 oblato
554 2361 607 2385 me,
630 2355 667 2382 ait
683 2364 689 2381 :
707 2353 756 2381 Hic
776 2357 818 2382 est

49 2400 171 2435 Clemens,
186 2402 273 2430 Petre.

827 871 849 901 Β

833 2238 855 2265 D

862 242 1010 264 accurrens
1036 235 1161 270 protinus
1185 232 1294 260 inhaesit
1317 232 1420 259 osculis
1445 231 1525 263 meis,
1540 235 1567 258 et
1589 236 1652 266 post

862 282 920 310 haec
933 289 996 308 cum
1011 281 1105 308 sedere
1122 287 1164 307 me
1179 279 1298 310 fecisset,
1315 278 1353 305 ait
1368 286 1375 304 :
1392 277 1464 305 Bene
1478 277 1566 304 fecisti
1582 284 1651 312 pra:-

862 327 1010 355 dicatorem
1025 326 1145 354 veritatis
1156 324 1274 360 hospitio
1285 324 1403 358 recipere
1413 323 1575 354 Barnabam,
1585 322 1653 349 nihil

861 373 965 401 veritus
992 372 1083 408 populi
1109 371 1272 399 insanientis
1299 370 1437 402 furorem;
1462 369 1558 396 beatus
1586 368 1652 396 eris.

864 417 940 445 Sicut
953 418 1026 445 enim
1042 422 1070 444 tu
1080 417 1197 452 legatum
1211 415 1334 443 veritatis
1343 415 1417 441 omni
1427 415 1530 441 honore
1537 414 1650 449 dignum

862 463 977 496 duxisti,
993 463 1031 490 ita
1048 466 1075 490 te
1090 469 1200 497 quoque
1225 461 1445 496 peregrinantem
1472 464 1499 487 et
1517 458 1653 493 hospitem

864 509 965 537 veritas
981 509 1039 544 ipsa
1054 508 1196 542 suscipiet,
1207 511 1234 534 et
1245 506 1330 533 civem
1345 505 1462 541 propria:
1478 504 1556 532 urbis
1570 503 1656 532 ascri-

863 553 920 585 bet,
941 556 968 580 et
981 556 1046 579 tunc
1061 552 1110 579 tibi
1125 552 1179 579 erit
1194 551 1323 587 gaudium
1344 557 1484 586 magnum,
1499 549 1573 584 quod
1596 549 1656 576 exi-

863 606 945 636 guam
958 606 1033 626 nunc
1048 597 1209 633 imparticns
1228 597 1356 632 gratiam,
1379 600 1545 623 aeternorum
1570 595 1656 622 bono-

864 653 926 673 rum
949 645 1037 672 hzeres
1061 644 1200 672 scriberis.
1215 643 1296 671 Nunc
1310 650 1377 678 ergo
1397 650 1431 670 ne
1450 642 1559 669 labores
1570 647 1656 676 expo-

863 700 930 720 nere
943 691 1009 719 mihi
1028 692 1148 718 animum
1167 694 1262 721 tuum;
1279 691 1379 716 cuncta
1397 687 1469 714 enim
1483 687 1517 714 de
1531 690 1558 714 te
1578 689 1605 713 et
1621 686 1656 714 de

865 738 989 766 moribus
1001 737 1056 764 tuis
1071 735 1211 762 Barnabas
1229 734 1301 761 lideli
1319 739 1444 761 sermone
1455 731 1575 764 edocuit,
1587 738 1657 766 quo-

865 785 931 812 tidie
947 791 1015 819 pene
1027 786 1055 810 et
1070 782 1256 809 indesinenter
1276 780 1411 807 bonorum
1427 783 1536 805 tuorum
1553 785 1655 805 mento-

865 832 934 858 riam
950 833 1086 865 repetens.
1097 829 1130 855 Et
1140 832 1169 856 ut
1183 828 1232 855 tibi
1244 827 1373 860 breviter,
1385 830 1516 860 tanquam
1532 824 1655 851 unanimi

861 877 917 913 jam
930 876 1029 908 amico,
1042 874 1115 910 quod
1129 875 1156 902 in
1170 882 1199 902 re
1210 877 1252 901 est
1262 872 1401 903 deﬁniam,
1411 870 1435 898 si
1447 870 1515 898 nihil
1529 873 1572 898 est
1582 868 1655 904 quod

867 926 896 950 te
913 921 1054 957 impediat,
1069 920 1121 948 iter
1136 927 1185 955 age
1196 919 1352 951 nobiscum,
1366 921 1394 946 et
1414 916 1478 945 audi
1501 922 1657 944 sermonem

865 968 1001 1001 veritatis,
1019 975 1101 1003 quem
1123 966 1243 994 habituri
1270 973 1366 994 sumus
1380 972 1429 1000 per
1451 964 1511 992 loca
1535 962 1655 995 singula,

865 1021 1010 1050 usquequo
1022 1013 1056 1040 ad
1071 1012 1160 1048 ipsam
1176 1011 1255 1039 nobis
1276 1010 1490 1046 perveniendum
1505 1009 1540 1037 sit
1559 1009 1655 1036 urbem

865 1059 995 1093 Romam;
1008 1063 1035 1087 et
1049 1066 1123 1086 nunc
1136 1061 1165 1085 tu
1181 1059 1203 1085 si
1218 1057 1285 1093 quid
1300 1056 1453 1086 desideras.
1468 1055 1562 1083 dicito.

900 1104 972 1133 XIV.
990 1105 1113 1140 Cumque
1126 1104 1151 1131 ei
1164 1103 1364 1138 exposuissem,
1379 1103 1444 1137 quid
1460 1101 1495 1129 ab
1503 1101 1581 1129 initio
1593 1108 1658 1136 pro-

867 1151 948 1188 positi
963 1151 1106 1186 gesserim,
1119 1154 1146 1178 et
1157 1149 1295 1186 quomodo
1309 1157 1358 1184 per
1372 1149 1468 1176 inanes
1486 1148 1589 1176 eﬂ‘usus
1605 1148 1657 1175 sim

867 1199 1032 1235 quaestiones
1048 1197 1094 1234 [et
1111 1197 1157 1224 illa
1172 1198 1343 1232 omnia,qua:
1357 1195 1418 1229 tibi,
1434 1195 1544 1222 domine
1559 1195 1596 1222 mi
1609 1194 1657 1222 Ja-

867 1244 948 1277 cobe,
964 1243 992 1270 in
1003 1242 1145 1278 principiis
1153 1242 1281 1274 indicavi,
1291 1241 1330 1268 uti
1339 1249 1373 1268 ne
1380 1241 1474 1269 eadem
1485 1239 1657 1276 repetam“],

868 1290 987 1317 libenter
1006 1289 1131 1325 promisi,
1149 1296 1212 1316 cum
1236 1289 1295 1324 ipso
1310 1296 1355 1316 me
1371 1288 1423 1315 iter
1439 1291 1582 1320 acturum;
1606 1286 1659 1313 hoc

868 1342 911 1365 est
924 1337 1008 1369 enim,
1024 1337 1078 1369 aio,
1100 1336 1173 1372 quod
1193 1335 1371 1371 cupidissime
1388 1334 1592 1370 exspectabam.
1605 1332 1659 1362 Ve-

868 1385 1023 1410 rumtamen
1046 1382 1123 1416 prius
1146 1380 1214 1408 mihi
1227 1380 1309 1416 cupio
1324 1380 1458 1408 rationem
1469 1379 1595 1407 veritatis
1610 1386 1657 1406 ex-

869 1428 952 1463 poni,
966 1431 996 1455 ut
1013 1427 1110 1460 sciam,
1126 1427 1150 1455 si
1166 1427 1302 1459 mortalis,
1319 1433 1355 1454 an
1370 1426 1532 1454 immortalis
1545 1425 1581 1454 sit
1600 1425 1661 1452 ani-

868 1482 924 1506 ma,
938 1477 967 1502 et
991 1475 1016 1501 si
1038 1473 1213 1506 immortalis,
1227 1477 1319 1500 utrum
1335 1481 1384 1508 pro
1400 1473 1443 1500 bis
1458 1479 1519 1508 quae
1534 1472 1579 1499 hic
1593 1472 1660 1507 agit,

870 1521 988 1549 ducatur
1012 1521 1046 1549 ad
1066 1521 1212 1556 judicium.
1229 1520 1282 1548 Sed
1300 1524 1327 1548 et
1343 1528 1404 1556 quae
1417 1521 1453 1548 sit
1463 1520 1583 1556 justitia,
1599 1528 1661 1556 quze

870 1567 926 1595 Deo
937 1567 1055 1603 placeat,
1074 1567 1145 1595 scire
1158 1566 1366 1594 desidcr0.Tum
1380 1570 1522 1601 praeterea.
1536 1567 1559 1596 si
1571 1566 1661 1595 factus

870 1617 913 1642 est
927 1613 1057 1646 mundus,
1074 1614 1118 1641 vel
1132 1622 1217 1649 quare
1231 1614 1330 1645 factus,
1343 1618 1390 1640 aut
1405 1614 1428 1641 si
1443 1613 1592 1641 solvendus
1606 1616 1659 1645 est.

870 1668 906 1687 an
921 1659 949 1687 in
962 1660 1060 1688 melius
1074 1660 1259 1692 renovandus,
1275 1663 1322 1687 aut
1341 1659 1364 1686 si
1387 1659 1498 1686 omnino
1521 1663 1582 1694 post
1604 1659 1661 1687 haec

869 1714 925 1734 non
941 1706 993 1734 erit
1005 1705 1135 1738 mundus,
1150 1709 1178 1734 et
1191 1713 1226 1733 ne
1240 1713 1289 1740 per
1302 1705 1409 1740 singula
1423 1705 1593 1740 progrediar,
1603 1705 1661 1732 haec

870 1757 952 1788 atque
967 1753 1064 1780 horum
1078 1752 1177 1780 similia
1190 1756 1220 1779 ut
1235 1759 1265 1779 se
1280 1752 1410 1784 habeant,
1420 1752 1526 1779 discere
1538 1759 1581 1779 me
1591 1752 1661 1780 velle

869 1799 1010 1835 respondi.
1026 1799 1068 1826 Ad
1082 1799 1140 1826 haec
1161 1797 1258 1826 Petrus
1275 1807 1282 1826 :
1298 1797 1430 1829 Breviter,
1446 1797 1545 1832 inquit,
1562 1797 1623 1830 tibi,
1643 1805 1660 1825 o

869 1845 1006 1877 Clemens,
1023 1852 1115 1872 rerum
1129 1844 1271 1872 scientiam
1284 1843 1402 1876 tradam,
1418 1848 1445 1871 et
1464 1843 1589 1870 ausculta
1600 1843 1659 1878 jam

869 1899 953 1919 nunc.

905 1937 963 1966 XV.
984 1936 1117 1965 Voluntas
1142 1936 1189 1964 Dei
1215 1940 1243 1964 et
1264 1937 1410 1964 consilium
1433 1936 1511 1963 latuit
1535 1936 1660 1964 homines

869 1985 964 2014 multis
987 1993 1022 2013 ex
1045 1984 1148 2012 causis.
1169 1983 1261 2011 Primo
1285 1983 1395 2018 quidem
1419 1990 1469 2018 pro
1489 1983 1662 2010 institutione

870 2032 952 2063 mala,
968 2038 1018 2066 pro
1031 2029 1221 2057 sodalitatibus
1244 2028 1383 2066 pessimis,
1399 2036 1450 2064 pro
1462 2028 1661 2057 consuetudine

869 2084 998 2113 nequam,
1015 2083 1065 2112 pro
1082 2075 1227 2110 colloquiis
1250 2082 1306 2102 non
1330 2074 1426 2107 bonis,
1452 2081 1503 2109 pro
1529 2081 1662 2109 praesum-

869 2125 1009 2161 ptionibus
1030 2123 1121 2151 minus
1136 2123 1218 2151 rectis
1226 2122 1267 2155 “,
1290 2129 1341 2157 pro
1361 2121 1414 2155 bis,
1434 2121 1557 2156 inquam,
1572 2121 1661 2148 omni-

868 2171 931 2203 bus,
947 2171 1064 2206 primum
1078 2177 1166 2201 error,
1183 2168 1281 2196 deinde
1293 2171 1476 2203 contemptus,
1490 2170 1547 2194 tum
1564 2166 1661 2194 intide-

868 2217 932 2244 litas
946 2220 973 2244 et
982 2216 1084 2244 malitia
1097 2215 1165 2251 (14),
1178 2215 1293 2242 avaritia
1309 2222 1417 2249 quoque
1431 2217 1457 2241 et
1468 2220 1538 2240 vana
1551 2214 1661 2247 jactan-

870 2262 918 2294 tia,
934 2261 1042 2296 aliaque
1056 2261 1099 2288 his
1114 2260 1214 2288 similia
1238 2259 1320 2292 mala,
1336 2261 1412 2286 velut
1433 2258 1526 2286 fumus
1549 2259 1660 2293 quidam

869 2307 1031 2339 immensus,
1048 2307 1205 2334 universam
1223 2305 1335 2332 domum
1354 2305 1436 2340 hujus
1459 2305 1554 2332 mundi
1570 2305 1660 2339 reple-

869 2353 918 2385 vit,
934 2356 961 2380 et
985 2351 1172 2380 habitantibus
1195 2352 1361 2379 intrinsecus
1384 2348 1661 2385 intuendi‘Condito-

870 2406 928 2426 rem
941 2406 1032 2430 suum,
1045 2401 1186 2432 aspectum
1199 2397 1315 2424 liberum
1329 2404 1383 2424 non
1398 2396 1484 2428 dedit,
1499 2403 1588 2431 neque
1599 2403 1660 2430 qua:

80 2496 100 2511 “
117 2495 179 2529 Quae
193 2497 271 2524 uncis
289 2496 462 2528 inclusimus,
485 2495 586 2523 desunt
602 2495 630 2522 in
647 2497 765 2528 utroque
787 2492 868 2529 codd.
884 2492 975 2529 Lipss.
989 2496 1016 2529 et
1037 2491 1068 2518 in
1084 2490 1335 2529 quihusdamaliis.
1365 2490 1387 2506 ⁶⁵
1407 2489 1493 2517 Codd.
1509 2488 1597 2523 Lipss.
1616 2487 1659 2514 bis

51 2526 154 2568 pergunt
175 2540 236 2569 cap.
259 2539 316 2567 seq.
342 2526 487 2559 vocabulis
500 2539 506 2556 ι
522 2530 689 2565 Impouibt'le
701 2526 764 2565 ergo
780 2528 812 2555 de
825 2528 901 2555 rebus
912 2526 1021 2561 divinis,
1037 2532 1102 2560 ctc.;
1118 2527 1226 2562 reliqua
1241 2526 1349 2553 desunt.

685 2613 867 2643 COTELERH
882 2613 998 2642 NOTAE.

83 2722 135 2757 (i5)
162 2723 204 2751 Ea;
227 2723 334 2751 rastello
358 2721 513 2750 Gethonum.
542 2721 580 2750 De
602 2720 712 2757 nomine
735 2719 818 2754 hujus

52 2755 99 2785 vici
107 2756 197 2787 Greco
210 2760 326 2788 diximus
336 2759 369 2786 ad
383 2756 599 2786 Constitution“.
613 2755 715 2782 Latinae
726 2758 817 2782 autem

53 2794 382 2855 exfibmssionisvarietates
401 2793 507 2834 videbis
521 2793 566 2820 hic
575 2812 584 2824 ,
598 2795 626 2819 et
643 2789 713 2818 infra
728 2789 816 2831 capite

55 2825 78 2859 7,
118 2829 289 2863 rtn.Qutbus
301 2829 368 2856 adde
375 2829 455 2855 aliam
474 2827 589 2856 Freculﬁ
604 2831 670 2863 tom.
685 2825 717 2863 ιλι,
734 2825 781 2863 lib.
795 2832 814 2858 ι,

60 2845 289 2863 Hum-utuuwua
301 2845 455 2856 auucuumu
475 2845 589 2856 [sustaqu
605 2845 670 2854 ..ιι-ι.
686 2845 717 2858 η,
735 2845 781 2852 ...η
795 2845 814 2858 .,

55 2869 107 2898 cap.
127 2864 171 2894 20.
190 2864 229 2899 De
247 2865 317 2899 vico,
333 2864 438 2901 inquit,
452 2864 496 2900 qui
516 2863 614 2890 dicitur
632 2861 732 2890 Gittho.
746 2860 820 2901 Cori

870 2717 1032 2759 rupteapud
1052 2716 1240 2759 Pliilastri'um,
1253 2716 1292 2759 Vin
1314 2714 1425 2759 Simone
1441 2712 1582 2759 :ADIe-m'lta
1592 2720 1655 2759 ρας

870 2748 1027 2781 “(Citii-eus
1043 2753 1166 2779 vocitata.
1178 2751 1263 2779 Porro
1278 2751 1399 2778 scribere
1411 2751 1520 2783 praestat
1530 2755 1579 2783 per
1592 2748 1654 2775 ivel

868 2797 892 2823 ε,
911 2796 992 2822 quam
1008 2795 1057 2822 per
1068 2796 1102 2822 y;
1121 2791 1148 2815 et
1164 2795 1212 2822 per
1224 2793 1327 2821 rquam
1340 2792 1389 2818 per
1404 2792 1432 2811 π.

904 2823 965 2876 (lt),
982 2822 1048 2850 Tum
1065 2822 1211 2875 infidelitas
1229 2827 1254 2849 et
1274 2820 1388 2848 malitia.
1406 2819 1521 2848 Ruﬁnus
1535 2818 1654 2855 legebat,

869 2866 994 2896 πονηρια,
1010 2866 1064 2886 non
1079 2866 1200 2894 πορνεία.
