1892 3105
213 129 285 158 HIS

651 123 681 152 S.
700 119 896 150 CLEMENTIS
911 119 921 146 I
939 117 1023 148 ROM.
1042 116 1145 145 PONT.
1163 114 1280 144 OPERA
1297 115 1412 143 DUBIA.

1775 114 1844 142 1216

213 188 239 216 ei
249 187 343 213 essent
355 184 454 220 placita
469 179 715 219 pervidendi.Quid
731 181 814 214 igitur
829 179 873 207 his
885 178 932 213 qui
944 180 1008 205 sunt
1021 178 1044 206 Α
1058 183 1119 210 quae
1129 175 1163 202 ad
1174 183 1218 202 me
1233 174 1341 201 locutus
1353 177 1406 205 est,
1423 173 1449 220 in
1460 171 1583 200 ordinem
1596 171 1740 220 redigens,
1749 172 1846 200 librum

213 231 382 259 intrinsecus
397 229 524 257 convenit
531 228 556 263 η
567 227 620 255 nisi
640 231 670 254 ut
684 235 718 254 ex
733 226 835 253 intimis
848 224 1004 260 przecordiis

213 277 334 305 clamore
350 275 465 311 prolato,
480 273 613 300 auxilium
633 272 760 299 invocem
775 271 847 306 ejus,
863 278 944 305 quem
959 276 1005 296 so-

214 322 271 350 lum
285 321 383 349 domus
403 320 479 348 fumo
495 319 598 354 repleta
619 325 674 345 non
694 317 808 348 claudit,
829 321 857 343 ut
871 314 1005 342 accedens

215 368 319 404 aperiat
339 367 453 401 ianuam
467 365 576 396 domus,
593 371 648 399 quo
672 364 759 398 possit
782 362 872 389 fumus
894 360 1004 396 quidem

214 414 262 450 qui
275 412 441 440 intrinsecus
451 411 578 441 habetur,
592 409 712 440 excludi,
727 409 773 436 lux
787 415 852 435 vero
865 407 931 435 solis
944 413 1005 441 quae

214 459 389 488 extrinsecus
405 456 571 492 resplendet,
586 455 689 483 induci.

252 502 323 531 XVI.
343 502 423 530 Hunc
436 509 501 537 ergo
514 502 561 537 qui
575 501 607 529 ad
625 500 758 528 auxilium
768 499 876 531 domus,
891 498 1006 533 caligine

215 549 386 585 ignorantiae,
401 552 428 576 et
442 547 570 575 vitiorum
594 546 668 573 fumo
691 546 810 581 repletae,
827 544 1004 580 perquiritur,

215 597 292 624 illum
314 603 376 622 esse
392 594 521 624 dicimus,
538 593 585 628 qui
607 592 760 627 appellatur
782 598 863 618 verus
887 590 1005 625 prophe-

215 647 244 670 ta
260 642 328 678 (I5),
345 642 391 676 qui
407 641 483 669 solus
500 639 654 667 illuminare
671 638 776 665 animas
793 637 935 664 hominum
957 643 1006 670 po-

215 691 280 719 test,
297 687 335 714 ita
353 691 382 713 ut
397 685 486 713 oculis
496 684 554 712 suis
569 683 640 711 viam
657 682 755 710 salutis
769 681 910 709 evidenter
925 680 1007 714 inspi-

216 731 300 758 ciant.
315 730 400 757 Aliter
415 729 488 757 enim
503 727 672 763 impossibile
685 731 727 754 cst
737 746 745 759 ,
761 725 795 754 de
810 726 892 753 rebus
906 725 1006 752 divinis

215 777 380 810 aeternisque
393 781 570 810 cognoscere,
586 774 638 800 nisi
659 773 706 808 qui
730 772 765 799 ab
789 772 842 800 isto
858 778 922 799 vero
941 778 1006 806 pro-

216 822 296 858 pheta
312 821 450 852 didicerit;
470 820 492 836 "
501 820 565 856 quia
579 820 650 847 sicut
662 819 720 854 ipse
734 818 816 853 paulo
830 821 893 845 ante
907 824 1007 845 memo-

1055 220 1090 248 de
1105 228 1170 248 vero
1191 220 1320 255 propheta
1336 219 1500 254 conscripsi.
1519 226 1639 253 eumque
1655 218 1691 245 de
1707 218 1845 250 Caesarea,

1056 267 1090 294 ad
1106 271 1143 297 te.
1160 267 1221 301 ipso
1237 266 1361 300 jubente,
1376 265 1528 293 transmisi.
1545 264 1659 292 Dicebat
1673 264 1752 291 enim
1774 272 1848 291 man-

1055 313 1149 341 datum
1168 320 1197 340 se
1212 312 1353 347 accepisse
1373 312 1422 339 abs
1442 316 1478 343 te,
1495 315 1525 338 ut
1538 318 1587 345 per
1599 310 1732 345 singulos
1750 317 1844 342 annos,

1055 359 1079 387 si
1094 366 1148 394 qua
1169 362 1263 386 essent
1282 365 1298 384 a
1318 365 1349 385 se
1369 357 1442 384 dicta
1456 360 1598 393 gestaque,
1615 356 1651 383 ad
1667 360 1695 383 te
1711 355 1848 392 descripta

1055 402 1296 432 transmitteret".
1315 402 1420 431 Interea
1436 403 1515 430 initio
1534 401 1672 431 sermonis
1695 401 1756 433 sui,
1772 409 1848 436 quem

1056 450 1144 484 prima
1160 448 1204 476 die
1218 449 1314 476 habuit
1328 448 1362 476 ad
1374 456 1417 476 me
1428 448 1462 476 de
1476 456 1541 476 vero
1552 447 1687 483 propheta
1704 451 1735 474 et
1746 447 1781 475 de
1793 448 1849 476 aliis

1056 495 1193 530 plurimis,
1209 501 1271 521 cum
1289 501 1332 522 me
1346 494 1523 522 instruxisset
1541 494 1706 529 plenissime
1720 513 1728 525 ,
1750 494 1849 522 addidit
1873 491 1874 494 “

1056 541 1138 568 etiam
1158 541 1216 568 [nec
1230 548 1237 566 :
1254 539 1338 572 Vide,
1363 540 1469 575 inquit,
1485 541 1519 568 de
1534 541 1650 576 reliquo,
1665 546 1695 569 et
1720 541 1850 569 interesto

1057 586 1219 614 tractatibus
1237 586 1306 614 meis
1320 595 1327 620 ;
1347 594 1429 621 quos,
1441 586 1464 613 si
1479 586 1590 621 quando
1605 587 1766 615 necessitas
1781 591 1848 614 attu-

1057 633 1129 664 lerit,
1147 633 1253 661 habebo
1271 640 1333 660 cum
1350 633 1394 661 his
1417 633 1464 668 qui
1487 633 1700 667 contradicunt;
1720 633 1850 661 adversus

1057 686 1128 714 quos
1144 678 1303 713 disputans,
1315 679 1398 706 etiam
1411 679 1434 706 si
1450 678 1521 707 forte
1536 679 1652 707 inferior
1664 679 1749 707 visus
1765 680 1849 711 fuero,

1057 731 1113 751 non
1127 724 1252 756 verebor,
1270 732 1304 753 ne
1316 724 1386 752 forte
1398 727 1427 751 tu
1442 723 1476 752 de
1487 724 1543 756 his,
1556 732 1618 759 qua:
1629 724 1680 751 tibi
1697 732 1714 750 a
1731 732 1777 752 me
1791 728 1850 752 sunt

1057 770 1169 803 tradita,
1187 770 1216 798 in
1229 770 1343 798 dubium
1362 773 1469 803 venias,
1491 771 1556 806 quia
1571 771 1682 799 etiamsi
1702 778 1758 806 ego
1779 771 1851 798 visus

1059 816 1137 844 fuero
1151 817 1287 852 superari,
1302 824 1358 844 non
1374 820 1465 844 tamen
1482 816 1585 844 idcirco
1601 821 1628 844 et
1639 824 1684 849 ea,
1698 824 1765 851 qua
1775 817 1850 843 nobis

215 868 309 900 rabas,
326 866 391 894 ﬁdes
406 873 496 893 rerum
512 872 715 900 causarumque
733 863 886 894 sementim,
901 870 950 897 pro
966 863 1009 890 in-
1024 861 1045 890 Β
1059 871 1141 891 verus
1155 863 1288 898 propheta
1308 863 1429 895 tradidit,
1442 862 1549 890 inﬁrma
1565 862 1750 890 videbuntur.
1770 862 1851 898 Spero

215 913 304 950 geniis
329 913 416 948 magis
443 911 648 940 defendentium
670 910 868 946 ponderantur.
886 908 964 936 Unde
981 911 1008 936 et

216 959 312 988 eadem
327 966 410 986 causa
435 966 509 985 nunc
531 958 606 993 justa
618 977 625 988 ,
642 965 716 984 nunc
731 960 841 990 putatur
856 955 969 990 injusta,
982 959 1009 983 et

216 1005 290 1041 quod
316 1004 398 1032 modo
421 1012 518 1032 verum
542 1004 696 1035 videbatur,
722 1003 835 1030 alterius
858 1003 1009 1030 assertione

217 1051 318 1078 falsum
332 1050 449 1078 videtur.
465 1050 520 1077 Ista
534 1049 568 1077 de
593 1056 676 1077 causa
694 1048 834 1084 religionis
858 1056 891 1075 ac
922 1048 1009 1083 pieta-

216 1098 254 1126 tis
279 1096 346 1125 ﬁdes
370 1097 427 1125 veri
454 1096 594 1132 propheta:
614 1095 790 1132 praesentiam
804 1095 963 1130 postulavit,
979 1097 1009 1121 ut

216 1143 276 1178 ipse
289 1143 368 1170 nobis
382 1142 483 1170 diceret
497 1142 531 1169 de
547 1141 674 1177 singulis,
689 1145 770 1176 prout
782 1148 812 1168 se
829 1141 888 1175 ipsa
907 1140 1009 1168 veritas

215 1188 311 1221 habet,
346 1192 374 1216 et
397 1188 508 1216 doceret
529 1187 666 1222 quomodo
688 1190 813 1222 oporteat
835 1186 870 1214 de
893 1186 1008 1222 singulis

215 1234 302 1262 credi.
315 1234 349 1261 Et
372 1234 434 1262 ideo
459 1237 523 1261 ante
545 1233 637 1260 omnia
660 1233 739 1260 ﬁdem
764 1232 915 1268 prophetae,
935 1232 1009 1260 omni

216 1288 281 1309 cum
290 1281 494 1308 examinatione
503 1284 611 1316 oportet
620 1281 742 1316 probari;
751 1288 831 1315 quem
841 1287 902 1307 cum
910 1286 1010 1315 cogno-

216 1328 289 1355 veris
305 1334 368 1354 vere
383 1334 443 1354 esse
458 1327 631 1362 prophetam,
640 1327 675 1354 de
687 1326 792 1361 reliquo
803 1330 901 1352 cuncta
911 1326 936 1352 ci
949 1333 1008 1352 crc-

216 1372 266 1400 das
283 1375 401 1407 oportet,
420 1379 472 1399 nec
487 1372 559 1399 ultra
581 1372 719 1399 discutere
743 1379 806 1399 eum
830 1379 878 1406 per
901 1371 1009 1406 singula

216 1425 278 1454 qua)
288 1417 422 1449 docuerit,
436 1417 483 1445 sed
499 1417 599 1445 habere
616 1417 692 1444 ﬁrma
708 1422 734 1444 et
750 1421 845 1444 sancta
859 1424 920 1452 quae
932 1417 1008 1448 dicit,

218 1471 336 1500 quaeque
353 1463 479 1499 quamvis
493 1462 544 1490 ﬁde
558 1463 661 1498 suscipi
675 1462 829 1492 videantur.
853 1461 1009 1489 antehabita

217 1515 310 1538 tamen
335 1509 499 1545 probatione
521 1509 680 1536 creduntur.
699 1508 768 1535 Cum
790 1508 862 1536 enim
877 1508 960 1535 semel
976 1516 1008 1536 ex

217 1557 296 1584 initio
311 1538 451 1591 prophetae
468 1555 570 1583 veritas
584 1555 739 1582 examinata
759 1554 922 1587 constiterit,
946 1555 1010 1582 reli.
1023 1538 1046 1570 Ο

217 1610 273 1639 qua
289 1602 398 1630 demum
411 1601 462 1629 ﬁde
469 1601 605 1628 audienda
618 1604 682 1629 sunt
698 1604 726 1628 et
739 1601 866 1632 tenenda,
881 1608 934 1636 qua
945 1609 1008 1628 eum

217 1648 359 1676 doctorem
369 1647 493 1675 veritatis
504 1655 564 1674 esse
575 1647 633 1682 jam
646 1650 763 1674 constat.
777 1646 809 1674 Et
821 1647 892 1674 sicut
902 1647 1008 1674 certum

216 1698 270 1727 est,
286 1697 386 1721 cuncta
401 1693 550 1720 secundum
561 1692 683 1720 veritatis
696 1692 816 1727 regulam
827 1692 913 1720 teneri
926 1700 1008 1726 opor-

218 1745 286 1772 tere,
303 1747 364 1776 quae
380 1739 412 1767 ad
428 1739 548 1766 divinam
563 1738 704 1766 scientiam
720 1742 856 1773 spectant,
873 1738 910 1765 ita
925 1738 1007 1765 indu-

219 1787 334 1815 bitatum
347 1789 400 1818 est,
411 1793 426 1812 a
442 1785 517 1812 nullo
532 1785 586 1812 alio
601 1785 655 1812 nisi
669 1784 704 1811 ab
717 1784 776 1819 ipso
793 1785 852 1811 sofo
867 1784 931 1811 sciri
946 1791 1009 1819 pos-

218 1842 258 1867 se,
273 1833 345 1868 quod
362 1840 457 1860 verum
472 1837 524 1860 est.

253 1877 335 1906 XVII.
353 1878 385 1905 Et
401 1878 443 1906 his
457 1877 550 1911 dictis,
563 1881 617 1904 tam
635 1877 702 1904 mihi
715 1880 809 1912 aperte
819 1879 847 1904 et
863 1881 917 1903 tam
934 1876 1009 1903 dilu-

217 1924 290 1956 cide,
303 1924 366 1959 quis
381 1924 432 1950 iste
449 1926 523 1950 esset
540 1922 687 1957 propheta,
705 1926 733 1949 et
751 1920 888 1956 quomodo
903 1920 1009 1948 inveni-

218 1973 305 2002 retur,
321 1969 459 2004 cxposuit,
474 1972 504 1995 ut
514 1976 564 2003 ego
579 1967 645 1994 mihi
664 1971 727 1994 ante
742 1967 838 1994 oculos
858 1966 969 1999 habere,
982 1970 1009 1994 et

219 2025 302 2045 manu
331 2018 505 2044 contrectare
528 2014 635 2042 viderer
663 2014 855 2048 probationes,
879 2021 948 2048 quas
975 2014 1009 2040 de

220 2064 380 2099 prophetica
395 2063 510 2090 veritate
532 2061 696 2096 protulerat,
720 2060 878 2096 ingentique
898 2065 1009 2096 stupore

219 2110 362 2145 deﬁgerer,
378 2107 515 2144 quomodo
534 2115 566 2135 ea
582 2115 643 2141 qua:
662 2114 758 2134 omnes
776 2111 920 2141 quzcrunt,
943 2111 1008 2136 ante

219 2156 316 2184 oculos
339 2155 429 2190 posita
446 2153 539 2181 nullus
557 2153 640 2182 videt.
667 2152 746 2181 Unde
767 2153 881 2188 jubente
903 2161 948 2186 eo,
977 2161 1008 2182 ca

1059 912 1151 936 tamen
1167 908 1240 943 quod
1258 915 1310 936 nec
1332 909 1360 935 in
1382 908 1616 944 disputationibus
1636 916 1817 943 superemur,
1830 909 1851 935 si

1058 954 1140 982 modo
1160 954 1337 982 rationabiles
1352 955 1408 982 sint
1423 954 1562 981 auditores
1573 958 1600 982 et
1613 954 1698 981 amici
1716 954 1851 984 veritatis.

1057 1001 1105 1037 qui
1119 1000 1277 1028 discernere
1292 1001 1402 1028 valeant
1415 1000 1470 1028 vim
1494 1000 1671 1035 speciemque
1692 1001 1852 1032 verborum,

1058 1051 1086 1075 et
1100 1054 1249 1082 agnoscere
1269 1047 1315 1082 qui
1343 1054 1435 1075 sermo
1452 1054 1484 1074 ex
1499 1050 1558 1074 arte
1571 1046 1729 1082 sophistica
1754 1047 1850 1077 veniat,

1058 1100 1114 1120 non
1131 1093 1274 1120 veritatem
1291 1093 1448 1125 continens,
1471 1092 1519 1120 sed
1539 1092 1691 1128 imaginem
1715 1093 1850 1123 veritatis,

1058 1143 1086 1167 et
1101 1139 1148 1175 qui
1172 1139 1207 1167 sit
1227 1139 1273 1174 qui
1297 1139 1459 1174 simpliciter
1487 1147 1520 1166 ac
1543 1139 1604 1166 sine
1625 1139 1691 1167 fuco
1711 1139 1851 1174 prolatus,

1059 1193 1168 1213 omnem
1179 1186 1233 1213 vim
1250 1193 1305 1212 non
1320 1186 1348 1212 in
1361 1185 1454 1220 specie
1465 1189 1492 1213 et
1504 1189 1613 1217 ornatu,
1630 1185 1680 1212 sed
1695 1185 1725 1212 in
1743 1186 1852 1213 veritate

1059 1235 1086 1259 ct
1102 1231 1212 1259 ratione
1223 1232 1373 1266 possideat.

1095 1276 1190 1305 XVIII.
1211 1277 1251 1304 Ad
1272 1277 1330 1304 lucc
1353 1285 1403 1312 ego
1417 1287 1422 1304 :
1438 1276 1634 1312 Omnipotenti,
1651 1278 1786 1312 inquam,
1804 1277 1852 1305 Deo

1060 1323 1165 1358 gratias
1180 1331 1242 1359 ago,
1253 1324 1317 1358 quia
1329 1327 1359 1350 ut
1368 1323 1532 1355 desideravi,
1547 1323 1703 1351 instructus
1713 1331 1789 1350 sum.
1809 1323 1853 1350 Ve-

1061 1373 1215 1396 rumtamen
1239 1369 1272 1396 de
1292 1377 1335 1396 me
1360 1369 1387 1396 in
1412 1373 1518 1397 tantum
1542 1377 1603 1398 esse
1621 1370 1706 1398 debes
1730 1378 1853 1400 securus.

1060 1415 1134 1450 quod
1145 1415 1179 1442 de
1189 1415 1232 1442 his
1245 1423 1305 1450 qua:
1317 1415 1400 1443 didici
1413 1416 1463 1444 abs
1474 1421 1512 1449 te,
1525 1417 1552 1443 in
1563 1416 1677 1444 dubium
1694 1419 1792 1446 venire
1804 1427 1853 1446 non

1061 1461 1178 1496 possim,
1195 1465 1225 1489 ut
1241 1462 1264 1489 si
1277 1466 1304 1489 tu
1317 1462 1376 1497 ipse
1390 1462 1458 1490 velis
1473 1463 1622 1497 aliquando
1636 1464 1721 1491 ﬁdem
1738 1473 1826 1492 meam
1841 1473 1854 1491 a

1061 1515 1127 1534 vero
1151 1507 1284 1542 propheta
1300 1507 1451 1536 transferre
1462 1528 1469 1538 .
1484 1509 1596 1536 omnino
1613 1517 1670 1537 non
1686 1511 1801 1545 possis;
1821 1512 1854 1538 ita

1061 1554 1144 1590 pleno
1157 1554 1256 1589 spiritu
1274 1554 1370 1586 hausi,
1385 1561 1446 1589 qua}
1464 1555 1614 1583 tradidisti.
1639 1555 1676 1582 Et
1692 1563 1730 1584 ne
1746 1557 1855 1592 putes“

1062 1609 1192 1637 magnum
1209 1600 1258 1628 tibi
1279 1608 1322 1628 me
1336 1600 1439 1636 aliquid
1455 1600 1589 1636 polliceri,
1605 1601 1681 1636 quod
1694 1601 1732 1629 ab
1745 1601 1798 1630 hac
1808 1602 1856 1629 ﬁde

1062 1655 1157 1682 negem
1178 1655 1221 1674 me
1241 1654 1321 1682 posse
1339 1647 1500 1678 transferri,
1517 1651 1623 1674 certum
1643 1651 1690 1675 est
1710 1647 1787 1682 apud
1805 1656 1856 1679 me,

1061 1694 1125 1729 quia
1145 1694 1304 1728 quicunque
1324 1693 1465 1721 hominum
1489 1693 1561 1720 hanc
1580 1693 1615 1721 de
1634 1701 1703 1721 vero
1724 1695 1857 1730 propheta

1061 1739 1199 1774 acceperit
1213 1739 1359 1771 rationem,
1372 1739 1498 1766 dubitare
1511 1740 1581 1766 ultra
1595 1739 1629 1767 de
1639 1741 1761 1768 veritate
1772 1742 1857 1768 nulla~

1062 1789 1143 1813 tenus
1154 1786 1263 1820 poterit.
1275 1785 1307 1812 Et
1318 1785 1378 1813 ideo
1393 1785 1500 1813 confido
1512 1786 1545 1813 de
1556 1786 1609 1813 hoc
1620 1786 1718 1813 divino
1730 1787 1856 1822 dogmate

1063 1832 1172 1859 cmlitus
1188 1831 1309 1863 deﬁnito,
1323 1831 1352 1858 in
1366 1839 1421 1866 quo
1439 1831 1529 1859 omnis
1547 1839 1593 1859 ars
1608 1832 1724 1860 malitia:
1741 1840 1855 1868 supen~

1062 1881 1116 1904 tur.
1145 1877 1285 1905 Adversus
1308 1877 1479 1912 prophetiam
1499 1878 1600 1905 etenim
1622 1886 1716 1913 neque
1737 1887 1786 1907 ars
1806 1881 1855 1907 ulla

1062 1929 1137 1951 stare
1152 1923 1277 1953 sufﬁciet,
1293 1930 1383 1958 neque
1396 1923 1597 1958 sopliismatum
1617 1924 1855 1960 syllogismorum-

1061 1977 1116 2005 que
1126 1970 1262 1997 VCI‘SIIULB.
1281 1969 1334 1997 Sed
1350 1971 1440 2005 omnis
1455 1970 1502 2004 qui
1517 1969 1637 1997 audierit
1652 1971 1688 1998 de
1706 1979 1778 1999 vero
1797 1980 1853 2006 pro-

1062 2015 1153 2050 pheta,
1165 2022 1278 2042 necesse
1287 2018 1329 2042 est
1340 2018 1369 2041 ut
1380 2016 1472 2042 statim
1484 2015 1651 2043 desiderium
1666 2017 1765 2051 capiat
1775 2017 1852 2052 ipsius

1061 2061 1185 2089 veritatis
1197 2081 1204 2093 ,
1224 2068 1276 2089 nec
1298 2061 1369 2088 ultra
1385 2062 1436 2089 sub
1457 2063 1605 2090 occasione
1621 2063 1681 2090 veri
1697 2063 1851 2098 quaerendi.

1061 2107 1186 2135 diversos
1201 2108 1319 2142 patietur
1329 2115 1447 2135 errores.
1457 2106 1573 2142 Propter
1583 2107 1668 2143 quod,
1683 2108 1798 2137 domine
1809 2110 1850 2138 iui.

1062 2161 1079 2181 o
1099 2153 1197 2186 Petre,
1213 2154 1277 2181 nolo
1291 2154 1330 2181 sis
1348 2154 1420 2181 ultra
1441 2154 1587 2186 sollicitus,
1606 2159 1743 2190 tanquam
1768 2156 1802 2183 de
1823 2163 1851 2182 co

257 2221 280 2237 “
291 2220 357 2254 Quae
370 2223 523 2258 sequuntur
535 2227 622 2258 usque
637 2220 670 2246 ad
685 2219 861 2258 ﬁnemrhujus
876 2229 949 2258 θείῃ..
961 2222 1061 2250 desunt
1076 2222 1103 2249 in
1120 2225 1237 2258 utroque
1251 2222 1332 2250 codd.
1348 2221 1439 2257 Lipss.
1460 2223 1482 2238 "
1494 2222 1650 2250 Vocabula:
1665 2222 1850 2258 Undejulmm

219 2264 299 2293 eo_—_—
314 2256 502 2293 transmitteret
529 2263 583 2282 non
616 2256 744 2291 leguntur
767 2257 795 2284 in
818 2257 900 2284 codd.
917 2257 1007 2293 Lipss.

221 2291 303 2320 codd.
322 2290 414 2326 Lipss.

1064 2257 1087 2273 ⁸⁸
1123 2257 1158 2284 Et
1189 2266 1221 2285 ne
1246 2263 1321 2292 putes
1341 2273 1375 2278 —
1392 2258 1524 2292 perueniat
1553 2258 1654 2286 desunt
1683 2259 1711 2286 in
1740 2257 1851 2293 utroque

871 2368 1053 2398 COTELERII
1078 2369 1193 2397 ΝΟΤᾹΞ.

258 2434 315 2477 (IS)
335 2434 387 2477 Qui
397 2434 546 2477 appellqtur
558 2443 633 2476 verus
647 2435 782 2477 propheta.
792 2435 907 2463 Locutio
917 2443 1007 2477 λίθω-τ
1022 2438 1044 2466 n
1059 2435 1308 2477 Graecm‘Epitomes
1328 2436 1380 2477 ista
1395 2437 1658 2477 omisit_,_Catholica
1669 2445 1736 2465 vero
1750 2438 1848 2477 substi-

223 2474 286 2507 pata
307 2470 417 2507 quidem
436 2471 469 2497 ab
484 2470 630 2498 Ambrosio
645 2470 672 2498 in
687 2471 785 2507 psalm.
799 2479 894 2502 cxvnl,
915 2471 960 2507 ϐξ,
978 2475 1006 2498 et

223 2504 258 2533 ab
268 2510 378 2533 auctore
392 2504 646 2532 Commentariorum
663 2504 691 2532 in
706 2505 919 2533 Lamentationes
932 2505 1008 2533 lere-

222 2541 284 2568 niite
296 2540 368 2575 apud
377 2540 572 2576 Hieronymum
586 2542 619 2568 ad
632 2549 661 2573 II,
674 2541 700 2572 9,
714 2542 821 2568 merito.
839 2540 940 2569 Verum
958 2549 1008 2576 su-

224 2580 317 2611 specta
333 2576 361 2602 in
376 2575 420 2602 his
435 2576 558 2611 libris,in
572 2577 687 2611 epistola
701 2576 734 2603 ad
749 2576 890 2609 Iacobum,
907 2577 934 2603 in
948 2575 1010 2604 Cle—

222 2610 364 2642 nientinis,
380 2613 448 2646 utet
463 2610 606 2645 Prop/leui,
625 2615 707 2646 atque
724 2611 856 2646 Propheta
870 2612 1008 2643 veritatis;

221 2646 287 2681 quia
300 2649 377 2681 teste
398 2645 559 2681 Epiphanio,
575 2646 671 2674 haeresi
687 2647 732 2677 50,
748 2645 866 2673 Ebionaei
882 2646 1012 2673 Periodo-

221 2680 284 2708 rum
299 2680 371 2708 Petri
384 2680 615 2708 Clenientinarum
634 2681 852 2716 interpolatores,
864 2681 1006 2708 Christum

222 2716 437 2778 gephetamtet
458 2716 617 2756 prophetam
638 2716 761 2757 veritatis
779 2717 917 2751 appellare
937 2716 1009 2758 sole-

261 2754 306 2778 nt:
323 2758 401 2778 auasr
413 2759 518 2778 merum
534 2751 687 2778 hominem:
705 2755 780 2778 quta
795 2754 1009 2778 aruumentatio-

261 2754 306 2783 nt;
323 2751 401 2785 quasi
413 2759 518 2778 merum
534 2751 687 2784 hominem;
701 2751 780 2785 juxta
795 2752 1009 2785 argumentatio-

223 2792 287 2811 nem
311 2785 461 2821 Theodoti,
485 2787 513 2812 in
537 2785 632 2821 eodem
655 2785 806 2821 Epiphanio
830 2785 926 2814 haeresi
951 2787 1006 2819 54,

224 2826 301 2858 num,
313 2820 341 2851 5,
351 2819 517 2858 Bebratique
530 2821 557 2847 in
568 2819 593 2846 Ν
596 2821 646 2858 ilo,
658 2819 902 2858 Iib.'i,epist._l2_'l,
914 2825 941 2848 ct
952 2822 1010 2856 opi-

226 2853 334 2885 nionem
351 2853 516 2883 Essenorum
532 2855 604 2890 apud
618 2853 804 2885 Philastriuin.
821 2853 899 2884 Unde
912 2853 1009 2884 auctor

1059 2472 1121 2509 tuit.
1134 2471 1223 2509 Atque
1243 2479 1277 2509 es
1299 2472 1360 2509 istis
1379 2473 1528 2509 castigabis
1546 2480 1681 2509 errorem,
1700 2481 1748 2500 seu
1765 2475 1849 2509 potius

1059 2507 1242 2541 ignorantiam
1263 2506 1313 2533 hac
1332 2507 1360 2534 in
1378 2506 1471 2541 parte,
1492 2507 1603 2535 Davidis
1625 2506 1781 2539 Blondelli‘.
1802 2510 1848 2535 viri

1060 2542 1128 2569 alias
1142 2541 1306 2578 doctissimi,
1319 2542 1347 2578 in
1368 2541 1572 2578 Erolegomenis
1589 2543 1623 2570 ad
1642 2544 1848 2578 pseudonido-

1060 2584 1132 2610 rum,
1144 2583 1205 2611 cap.
1221 2577 1264 2608 II,
1278 2577 1361 2613 p156.
1376 2577 1498 2613 Denique
1512 2577 1673 2613 hucrfacere
1690 2579 1801 2606 videtur
1811 2580 1847 2605 io-

1061 2619 1114 2649 cus
1135 2615 1280 2649 corruptus
1301 2611 1399 2640 Isidori
1416 2611 1536 2649 liblvm
1561 2612 1714 2648 Originum,
1738 2622 1802 2649 cap.
1818 2614 1846 2641 5:

1064 2646 1194 2674 Ebiom‘tw
1206 2646 1340 2684 Christum
1348 2655 1394 2682 per
1403 2648 1555 2684 prophetam
1569 2646 1666 2684 solum,
1680 2646 1784 2678 rerum:
1803 2650 1847 2684 ju-

1060 2687 1130 2709 stum
1143 2687 1238 2717 putant
1251 2682 1445 2716 effectum,inisi
1462 2683 1574 2710 doceret
1585 2683 1708 2711 Historia
1725 2682 1846 2711 ροοιιίἰι-

1059 2717 1127 2754 stica
1137 2724 1153 2743 a
1170 2716 1270 2754 Ruﬁno
1284 2725 1373 2754 versa,
1382 2718 1434 2754 legi
1448 2719 1561 2749 debere,
1578 2717 1715 2745 Christum
1729 2727 1778 2753 per
1790 2728 1846 2754 pro-

1058 2753 1155 2788 fectum
1174 2752 1275 2786 solum,
1295 2753 1381 2780 virum
1396 2752 1501 2788 justum
1519 2758 1614 2787 putant
1634 2752 1775 2788 effectum,
1790 2752 1844 2788 quo

1058 2787 1140 2824 modo
1155 2788 1238 2824 etiam
1258 2788 1369 2824 quidam
1381 2792 1498 2824 Aveteres
1520 2788 1582 2815 libri
1604 2796 1672 2824 mss.
1691 2787 1843 2824 apocrypha

1059 2822 1180 2860 Epistoia
1196 2822 1319 2854 Lentuli;
1334 2823 1360 2850 in
1375 2822 1646 2860 Orthodoxograpbis
1664 2831 1672 2851 :
1687 2822 1733 2860 qui
1744 2822 1840 2852 dii-itu

1060 2865 1076 2884 a
1092 2857 1210 2893 gentibus
1224 2859 1349 2894 prop/tcta
1361 2858 1491 2886 raritatis.
