1892 3105
43 135 98 163 l9”

643 129 927 160 RECCCNITIONUM
948 130 1011 158 LIB.
1029 131 1048 158 I.

1576 125 1646 156 1218

39 193 76 228 qui
93 190 187 218 nesciat
205 190 268 225 quid
284 189 436 224 acceperit,
469 189 502 216 ct‘
515 194 647 224 quantum
663 190 714 217 sibi
728 196 804 217 com-
817 190 841 219 Α
856 191 883 215 et
899 196 914 215 a
928 196 994 223 quo,
1006 192 1033 216 et
1046 195 1094 223 per
1108 195 1189 223 quem
1206 187 1247 215 vel
1265 191 1377 223 propter
1389 193 1485 222 quem;
1504 190 1595 214 utrum
1611 186 1646 214 ab

40 239 135 265 missum
151 237 185 264 sit
199 235 337 268 muneris;
359 239 454 263 certus
476 239 552 269 esto,
570 236 643 271 quod
663 236 758 263 scienti
777 239 804 264 et

39 283 177 319 intelligenti
196 282 310 317 gratiam
337 281 496 313 contulisti,
517 289 568 309 nec
591 281 670 309 facile
690 289 803 317 possum

38 330 122 365 decipi,
138 336 184 364 pro
199 336 231 356 eo
250 327 339 363 quod,
360 335 422 364 quae
446 328 492 356 diu
517 328 726 360 desiderabam,
748 329 804 356 cito

37 377 112 404 videor
126 375 246 410 adeptus.
263 374 358 402 Potest
381 375 456 402 enim
477 375 536 403 ﬁeri
553 379 583 402 ut
600 375 672 403 alius
694 375 804 403 deside-

37 431 86 450 rans
98 421 148 449 cito
163 421 341 457 adipiscatur,
353 421 425 449 alius
442 429 493 449 nec
509 421 588 450 tarde
602 421 637 449 ad
648 422 803 450 desiderata

37 467 166 503 perveniat.

62 513 120 540 XIX.
139 513 170 540 Et
189 512 304 546 Petrus,
323 512 368 541 his
383 521 399 540 a
414 521 457 542 me
473 514 575 542 auditis
590 524 597 542 :
616 514 726 542 Gratias
741 522 801 550 ago,

35 560 118 594 inquit,
137 558 190 586 Deo
211 567 284 593 meo,
299 563 326 588 et
342 568 391 596 pro
407 561 497 588 salute
512 564 574 592 tua,
589 565 615 588 et
636 569 686 596 pro
709 561 804 596 requie

36 613 94 638 mea;
109 605 181 633 valde
198 606 270 632 enim
285 605 419 640 delector,
444 607 508 642 quia
529 607 699 635 intellexisse
717 612 743 635 te
763 607 804 634 vi-

35 652 82 683 deo,
101 656 196 687 quanta
213 652 250 679 sit
265 654 379 680 virtutis
401 654 570 688 prophetica:
585 654 754 689 magnitudo,
776 658 803 681 et

35 699 100 732 quia,
118 703 146 726 ut
164 699 220 731 ais,
238 707 290 727 nec
301 700 324 727 si
340 707 390 735 ego
404 701 462 735 ipse
473 700 581 736 cupiam
592 721 600 734 ,
620 701 694 736 quod
712 701 800 729 absit!

36 749 111 778 potero
127 748 153 772 te
167 748 352 774 transvertere
368 746 396 773 in
413 747 494 774 aliam
516 746 605 774 ﬁdem.
624 746 664 774 Ex
683 747 734 774 hoc
744 747 801 782 jam

35 791 106 826 incipe
128 799 187 820 esse
209 792 373 825 nobiscum,
398 796 426 820 et
452 793 575 820 crastina
600 793 644 821 die
669 793 801 821 interesto

35 837 244 873 disputationibus
260 839 385 873 nostris;
401 840 454 867 erit
477 840 550 867 enim
576 841 643 868 mihi
660 845 800 868 certamen

36 892 82 911 cum
96 883 200 913 Simone
213 884 301 921 Mago.
318 885 442 921 Cumque
457 887 515 914 haec
529 887 656 919 dixisset,
673 889 797 921 secessit,

35 936 56 959 ut
68 932 147 960 cibum
157 936 266 968 caperet
278 940 341 960 eum
357 933 415 960 suis
428 932 496 968 (l6),
514 941 557 960 me
569 937 660 960 autem
675 942 800 962 seorsum

34 979 91 1005 vesci
103 978 190 1013 jussit.
215 978 249 1005 Et
273 983 336 1014 post
355 979 448 1006 cibum
468 987 530 1006 cum
554 979 663 1007 laudem
679 980 802 1008 dedisset

35 1023 75 1050 Deo
87 1028 110 1051 et
121 1025 219 1060 gratias
234 1025 347 1060 egisset,
364 1025 445 1053 etiam
461 1025 544 1060 hujus
556 1026 642 1061 ipsius
656 1026 720 1053 facti
735 1026 801 1054 mihi

34 1069 130 1096 reddidit
144 1071 289 1103 rationem,
304 1074 332 1098 et
348 1071 462 1103 addidit,
479 1071 575 1100 dicens
589 1081 596 1099 :
617 1072 667 1100 Det
681 1072 730 1100 tibi
745 1072 800 1100 Do—

33 1114 103 1142 minus
125 1118 261 1151 exaequari
285 1118 365 1145 nobis
389 1118 417 1145 in
442 1118 571 1146 omnibus
585 1138 592 1151 ,
618 1123 649 1146 ut
672 1124 801 1155 percepto

32 1160 169 1195 baptismate
183 1163 276 1197 possis
296 1163 330 1191 ad
351 1164 474 1191 eamdem
490 1164 634 1192 nobiscum
651 1167 801 1194 convenire

33 1214 142 1235 mensam.
161 1208 192 1236 Et
209 1209 255 1237 bis
275 1209 375 1242 dictis,
392 1211 535 1246 quiescere
555 1219 598 1240 me
619 1212 719 1247 jussit;
742 1212 800 1248 jam

32 1253 87 1279 enim
103 1253 132 1281 ad
151 1262 278 1282 somnum
291 1259 318 1283 et
332 1260 431 1284 natttra
445 1258 582 1293 corporis,
598 1262 624 1286 et
640 1259 712 1286 ratio
728 1263 799 1286 tem—

33 1299 93 1331 poris
108 1300 247 1330 invitabat.

57 1344 106 1374 XX.
124 1346 234 1375 Postera
254 1355 318 1376 vero
333 1349 377 1377 die
392 1350 544 1378 matutinus
555 1351 587 1378 ad
600 1359 651 1379 nos
668 1351 802 1387 ingredie-

31 1390 94 1419 luatur
103 1392 256 1429 Zacchaeus,
268 1399 296 1422 et
310 1403 373 1423 cum
391 1397 548 1429 salutasset,
561 1397 600 1424 ait
615 1398 649 1425 ad
664 1397 776 1425 Petrum
791 1408 797 1425 ε

31 1437 105 1467 Dill‘ert
118 1439 208 1469 Simon
222 1443 384 1470 certaminis
403 1442 474 1471 diem
491 1443 519 1470 in
533 1443 706 1471 undecimam
723 1453 800 1473 men-

31 1485 59 1511 sis
82 1488 232 1521 praesentis,
262 1497 323 1524 quae
351 1493 394 1517 est
420 1495 483 1525 post
503 1496 607 1526 septem
625 1491 693 1519 dies.
721 1490 799 1519 Tunc

855 241 921 268 uno,
937 241 971 261 an
991 242 1006 261 a
1023 234 1143 266 duobus,
1160 242 1194 261 an
1218 241 1233 261 a
1257 234 1352 261 multis
1368 240 1498 268 accepere
1514 233 1645 261 substan-

855 280 938 313 tiam;
954 284 982 307 et
1000 284 1092 308 utrum
1107 288 1140 308 ex
1157 280 1242 308 nullis
1259 280 1451 308 substantibus
1462 301 1470 313 ,
1491 286 1526 306 an
1541 287 1573 307 ex
1594 279 1645 306 ali-

854 327 955 362 quibus
975 331 1084 363 sumpta
1108 327 1181 359 sint,
1205 331 1232 354 et
1255 326 1403 360 adornata;
1425 332 1481 354 tum
1508 326 1532 354 si
1555 326 1646 361 aliqua

855 374 942 402 virtus
962 378 1004 402 est
1020 374 1047 402 in
1061 374 1216 406 altissimis,
1231 377 1278 401 aut
1298 374 1326 400 in
1340 372 1472 406 iufemis;
1491 372 1516 400 si
1536 376 1579 400 est
1596 372 1647 399 ali-

854 419 919 455 quid
938 420 1035 448 melius
1051 420 1192 452 omnibus,
1208 424 1255 447 aut
1269 419 1378 447 cunctis
1391 419 1525 452 inferius;
1542 419 1565 446 si
1581 421 1648 446 sunt

854 466 937 502 aliqui
953 470 1055 499 motus,
1075 471 1122 494 aut
1135 467 1219 499 nulli;
1236 467 1259 494 si
1273 467 1331 494 hmo
1346 474 1406 502 qua:
1416 465 1554 497 videntur,
1567 470 1647 493 erant

855 521 973 548 semper.
993 518 1020 541 et
1035 517 1138 547 erunt;
1164 514 1186 541 si
1211 515 1342 542 exstitere
1365 513 1441 540 nullo
1461 517 1603 548 operante,
1619 516 1647 539 et

854 559 930 586 nullo
949 560 1073 587 solvente
1088 560 1254 588 dilabentur.
1275 559 1315 591 Si,
1333 560 1455 595 inquam,
1471 567 1503 586 ex
1525 559 1568 587 his
1591 559 1645 586 ini-

854 606 921 633 tium
937 607 1076 641 acceperit
1099 606 1265 641 disputatio.
1278 610 1345 642 puto
1357 605 1431 641 quod
1446 613 1478 632 ea
1496 612 1556 640 quae
1571 611 1646 639 quaa-

854 656 959 685 rentur,
976 652 1101 688 diligenti
1119 652 1325 680 examinatione
1346 652 1474 679 discussa
1492 651 1572 678 facile
1590 650 1648 677 cla-

853 703 972 726 rescant.
991 699 1061 726 Cum
1084 702 1175 727 autem
1197 699 1256 726 hmo
1279 699 1429 726 claruerint
1443 719 1450 729 ,
1466 705 1562 726 eorum
1585 704 1647 731 quae

853 749 1018 780 sequuntur,
1029 746 1056 773 in
1071 750 1198 781 promptu
1212 745 1364 780 reperietur
1379 744 1492 780 agnitio.
1510 744 1566 779 Ego
1579 743 1647 778 quid

853 792 986 820 senserim
1002 792 1121 827 protuli;
1137 792 1203 827 quid
1215 792 1297 819 etiam
1313 791 1362 819 tibi
1374 791 1510 823 videatur,
1523 791 1647 818 indicare

853 846 887 866 ne
900 839 999 873 pigeat.

889 884 959 912 XXI.
977 884 1020 912 Ad
1034 885 1093 912 haec
1111 884 1211 913 Petrus
1228 892 1235 911 :
1258 884 1324 917 Dic,
1346 884 1449 920 inquit,
1469 884 1579 912 interim
1601 883 1646 911 Si-

852 931 941 966 moni,
959 931 1040 959 faciat
1058 935 1087 959 ttt
1101 932 1182 965 libet,
1202 935 1294 959 certus
1323 932 1407 967 quod,
1433 932 1527 959 divina
1551 931 1647 958 Provi-

852 978 945 1005 dentia
961 978 1113 1013 largiente,
1129 986 1238 1014 semper
1261 987 1311 1006 nos
1329 979 1449 1006 inveniet
1475 983 1594 1014 paratos.
1613 977 1647 1004 Et

853 1025 1001 1053 Zacchazus
1024 1026 1133 1061 quidem
1149 1033 1211 1061 quae
1227 1026 1362 1059 audierat,
1384 1033 1514 1061 egressus
1535 1028 1577 1052 est
1601 1023 1646 1050 Si—

852 1073 926 1100 moni
942 1073 1079 1100 nuntiare.
1098 1072 1198 1101 Petrus
1219 1081 1285 1100 vero
1302 1072 1454 1108 respiciens
1476 1071 1510 1098 ad
1533 1078 1584 1098 nos
1595 1090 1602 1102 ,
1619 1073 1646 1096 et

852 1118 1007 1154 intelligens
1021 1119 1214 1146 contristatum
1234 1127 1277 1147 me
1291 1126 1353 1146 esse
1369 1126 1419 1154 pro
1432 1117 1564 1145 dilatione
1582 1123 1645 1143 cer—

851 1166 980 1197 taminis,
1008 1166 1066 1193 ait:
1082 1165 1134 1199 Qui
1160 1166 1249 1193 credit
1274 1165 1375 1194 summi
1398 1165 1446 1193 Dei
1471 1165 1646 1200 providentia

851 1210 1007 1247 dispensari
1024 1211 1168 1245 mundum,
1183 1219 1240 1239 non
1260 1211 1351 1244 debet,
1370 1219 1386 1240 o
1406 1212 1493 1240 amice
1506 1211 1645 1246 Clemens,

851 1257 884 1284 de
897 1258 1014 1293 singulis
1029 1265 1090 1293 quae
1106 1266 1217 1294 quoquo
1238 1259 1318 1286 modo
1335 1259 1474 1292 accidunt,
1495 1267 1646 1295 aspernan—

851 1307 894 1331 ter
905 1305 1040 1340 accipere.
1056 1309 1149 1333 certus
1163 1305 1236 1340 quod
1247 1305 1354 1340 justitia
1364 1305 1423 1338 Dei,
1436 1306 1518 1334 etiam
1531 1314 1573 1339 ea,
1585 1313 1646 1342 quae

851 1351 989 1385 superﬂua
1005 1351 1136 1379 videntur
1149 1355 1197 1378 aut
1212 1352 1363 1383 contraria.
1376 1353 1402 1379 in
1419 1360 1587 1388 unoquoque
1601 1361 1647 1380 ne-

851 1397 926 1431 gotio
953 1402 1112 1432 opportuno
1138 1397 1212 1425 exitu
1237 1399 1460 1434 cotnpctentique
1486 1399 1645 1434 dispensat,

850 1443 990 1480 praecipue
1011 1448 1102 1472 tamen
1123 1452 1188 1480 erga
1204 1452 1252 1472 cos
1281 1445 1329 1480 qui
1346 1453 1408 1473 eum
1423 1445 1586 1473 familiarius
1600 1454 1650 1473 co~

850 1491 926 1525 lunt;
942 1493 969 1518 et
985 1489 1077 1518 ideo"
1093 1491 1140 1526 qui
1160 1492 1195 1519 de
1213 1491 1273 1523 his,
1291 1495 1322 1519 ut
1344 1492 1412 1524 dixi,
1436 1496 1530 1519 certus
1549 1497 1602 1524 est,
1623 1491 1647 1520 si

31 1532 86 1559 enim
101 1534 178 1569 magis
193 1542 313 1562 vacuum
334 1535 387 1563 sibi
410 1536 582 1571 disceptandi
602 1543 709 1572 tempus
726 1538 799 1566 atﬁr-
813 1542 834 1572 ο
851 1537 917 1572 quid
932 1537 1042 1564 eveniat
1057 1533 1154 1565 contra
1173 1537 1350 1569 sententiam,
1367 1538 1444 1565 novit
1467 1545 1517 1573 pro
1529 1545 1562 1566 eo
1576 1545 1647 1565 mu:-

31 1583 82 1604 mat.
95 1578 142 1608 Sed
153 1585 178 1608 et
188 1582 257 1609 mihi
265 1582 374 1610 videtur
385 1583 637 1618 comperendinatio
648 1585 707 1615 eius
717 1586 799 1613 etiam

32 1624 95 1652 nabis
113 1633 171 1655 esse
189 1628 366 1662 necessaria,
381 1633 411 1656 ut
432 1630 527 1664 plures
552 1632 728 1663 conveniant,
753 1633 800 1667 qui

31 1669 199 1705 disputationis
213 1678 317 1702 ucstraa
330 1676 373 1702 vel
388 1675 529 1704 auditores
544 1677 586 1704 vel
599 1677 708 1712 judices
722 1678 797 1705 ﬁant.

32 1714 201 1748 Verumtamen
220 1721 245 1748 si
259 1721 402 1755 probabile
418 1722 466 1750 tibi
487 1722 606 1756 videtur,
623 1724 696 1751 inter
708 1732 800 1753 moras

31 1768 62 1792 θα.
76 1771 128 1798 (λικε
147 1765 174 1792 in
195 1768 414 1795 controversiam
433 1769 529 1796 venire
548 1777 629 1804 posse
644 1770 798 1805 opinamur,

31 1806 86 1835 inter
95 1813 273 1848 nosmetipsos
286 1813 362 1848 prius
373 1813 599 1848 discutiamus,et
611 1817 801 1852 unusquisque

31 1859 144 1890 nostrun,
159 1866 218 1886 cum
237 1867 299 1894 qum
314 1861 490 1895 proponenda
506 1862 561 1889 sint
573 1868 599 1890 et
613 1871 673 1898 quae
685 1871 800 1898 respon-

31 1898 113 1932 denda,
128 1905 295 1938 cognoverit,
315 1905 387 1940 apud
402 1905 582 1940 semetipsum
599 1910 758 1942 pertractet,
777 1907 799 1935 si

31 1951 88 1973 recte
100 1955 127 1975 se
140 1948 267 1982 habeant,
285 1955 331 1977 aut
344 1951 368 1978 si
383 1951 508 1979 invenire
523 1953 623 1987 poterit
634 1953 737 1988 aliquid
748 1953 799 1980 ad-

31 1993 146 2021 versarius
160 1996 233 2030 quod
247 1996 370 2032 objiciat,
386 2002 434 2024 aut
445 2005 499 2032 quo
513 1999 620 2033 objecta
638 1999 797 2029 frustretur.

31 2037 50 2063 Si
63 2047 118 2068 vero
133 2048 164 2068 ex
176 2042 252 2069 omni
270 2043 365 2076 latere,
383 2051 444 2078 qum
460 2051 475 2070 a
489 2045 569 2072 nobis
583 2045 702 2073 dicenda
718 2051 796 2079 sunt,

31 2083 136 2113 :laruerit
151 2095 212 2115 esse
227 2089 343 2122 munita,
361 2089 399 2116 ita
411 2090 521 2117 demum
539 2091 709 2120 conﬁdenter
723 2101 799 2128 (μιξε-

31 2130 107 2160 ςιίοηὶε
128 2133 235 2161 ineatur
258 2135 414 2162 exordium.
443 2135 476 2163 Et
494 2137 605 2172 quidem
620 2138 641 2153 "
655 2145 716 2166 mea
740 2139 798 2168 hinc

31 2180 57 2202 δεῖ
79 2181 221 2214 sententia,
245 2182 319 2217 quod
345 2188 407 2210 ante
425 2183 517 2210 omnia
539 2184 643 2220 requiri
660 2189 796 2221 oporteat,

851 1591 942 1611 rorem
957 1583 991 1611 de
1011 1584 1110 1611 animis
1126 1584 1272 1619 expellere,
1290 1584 1395 1612 meliori
1410 1585 1546 1612 sententia
1562 1585 1648 1612 mani-

851 1629 952 1657 festum
969 1630 1085 1662 habens,
1104 1631 1178 1665 quod
1189 1630 1396 1666 dispensatione
1407 1631 1473 1658 boni
1489 1630 1546 1664 Dei,
1563 1631 1646 1658 etiam

850 1676 924 1711 quod
938 1677 1107 1704 contrarium
1125 1681 1247 1712 putatur,
1265 1681 1389 1704 vertatur
1407 1677 1435 1704 in
1451 1677 1557 1705 melius.
1576 1677 1646 1705 Pro-

851 1728 912 1759 pter
926 1723 1009 1758 quod,
1027 1729 1043 1750 0
1059 1722 1198 1755 Clemens,
1214 1722 1374 1750 etiamnunc
1390 1731 1445 1750 non
1460 1727 1486 1751 te
1500 1723 1646 1751 contristet

851 1769 920 1805 Magi
938 1768 1060 1798 Simonis
1074 1769 1127 1796 ista
1139 1769 1244 1796 dilatio.
1257 1769 1347 1796 Credo
1359 1769 1431 1796 enim
1446 1769 1521 1805 quod
1535 1777 1583 1804 per
1598 1768 1645 1797 Dei

850 1816 1050 1852 providentiam
1072 1819 1181 1851 gestum
1206 1816 1242 1842 sit
1268 1815 1302 1842 ad
1328 1815 1476 1842 utilitatem
1498 1819 1590 1847 tuam,
1614 1818 1645 1841 ut

851 1865 955 1900 possim
975 1864 1026 1892 ti'bi
1050 1865 1185 1892 rationem
1203 1864 1265 1891 ﬁdei
1284 1869 1400 1896 nostrm,
1419 1864 1447 1890 in
1465 1863 1518 1890 hac
1540 1867 1644 1898 septem

850 1911 957 1938 dierum
977 1910 1280 1945 comperendinatione,
1294 1911 1398 1944 absque
1417 1909 1510 1945 aliquo
1527 1910 1644 1945 strepitu

850 1965 900 1994 per
914 1957 1040 1985 ordinent
1053 1960 1256 1992 consequenter
1268 1964 1404 1992 exponere
1418 1956 1569 1984 secundum
1585 1960 1644 1982 tra-

850 2004 983 2032 ditionem
994 2003 1016 2019 “
1031 2003 1088 2030 veri
1105 2003 1256 2038 prophetae,
1268 2003 1315 2038 qui
1331 2003 1408 2030 solus
1419 2003 1481 2034 scit,
1497 2009 1558 2038 qua).
1572 2002 1646 2029 facta
1670 2022 1673 2026 ι

850 2055 933 2084 sunt,
950 2054 981 2078 ut
997 2049 1070 2078 facta
1086 2050 1152 2081 sint,
1171 2052 1198 2077 et
1213 2057 1274 2084 qua:
1289 2049 1368 2081 ﬁunt,
1386 2053 1416 2076 ut
1437 2049 1513 2080 ﬁant,
1530 2057 1645 2084 qumque

849 2099 951 2127 erunt,
977 2100 1007 2123 ut
1031 2099 1128 2128 erunt;
1155 2103 1217 2130 qua:
1240 2098 1331 2122 tamen
1359 2094 1504 2121 manifeste
1533 2094 1645 2129 quidem

850 2143 933 2175 dicta,
946 2150 1000 2170 non
1013 2146 1105 2170 tamen
1118 2141 1265 2169 manifeste
1280 2141 1382 2176 scripta
1395 2145 1470 2173 sunt,
1484 2141 1510 2167 in
1525 2144 1642 2172 tantum,

851 2193 880 2216 ut
892 2197 955 2216 cum
970 2189 1110 2224 leguntur,
1127 2188 1244 2222 intelligi
1259 2187 1319 2215 sine
1335 2188 1493 2222 expositore
1508 2195 1563 2214 non
1580 2195 1644 2222 pos-

31 2223 77 2255 luid
94 2225 127 2252 sit
139 2227 260 2254 omnium
285 2228 404 2263 primum
417 2249 424 2261 ,
452 2230 554 2265 quidve
583 2231 773 2260 immediatum
786 2253 793 2265 ,
811 2220 837 2250 D
850 2236 907 2263 sint
927 2220 1040 2270 propter
1058 2237 1203 2269 peccatum
1218 2220 1291 2269 quod
1306 2220 1459 2260 coadolevit
1475 2220 1644 2264 hominibus.

31 2270 83 2301 μιοὰ
97 2272 173 2300 etiam
187 2281 299 2302 causam
314 2283 376 2303 esse
390 2276 513 2303 omniutn
528 2285 588 2313 quae
601 2283 675 2312 sunt,
692 2279 794 2307 docen-

31 2313 75 2343 lum
87 2321 139 2352 est;
154 2319 252 2348 deinde
267 2324 366 2348 cuncta
386 2330 447 2357 quae
466 2328 544 2356 sunt,
560 2324 584 2352 si
609 2324 683 2353 facta
708 2331 793 2358 sunt,

850 2283 922 2310 sicut
937 2281 1064 2316 superius
1080 2281 1210 2308 diximus.
1232 2280 1337 2307 Idcirco
1354 2279 1438 2315 igitur
1455 2279 1645 2314 explanabun-

850 2332 896 2355 tur
909 2327 957 2355 tibi
975 2335 1024 2362 per
1038 2335 1082 2354 me
1100 2327 1204 2360 omnia,
1221 2330 1251 2354 ut
1266 2326 1294 2353 in
1311 2325 1354 2353 his
1367 2334 1428 2360 qum
1445 2326 1547 2361 scripta
1569 2329 1643 2358 sunt,

56 2385 78 2436 εἰ
92 2387 436 2436 ΕἱῑλιέξάεηιηΤ-ιτςρρνξξιιιν
449 2395 551 2436 agnitio
571 2403 623 2423 non
642 2397 803 2433 iegunturin
816 2405 934 2436 utroque
949 2401 1128 2435 codd.Lipss.
1168 2401 1192 2417 "°
1212 2399 1247 2427 Et
1260 2399 1384 2428 ideo—in
1397 2397 1489 2426 melius
1504 2396 1604 2424 desunt
1617 2397 1644 2424 in

31 2422 88 2450 :odd.
109 2422 194 2461 Lipss.

241 2427 263 2442 "’
280 2426 430 2455 Secundum
446 2426 1158 2472 tradi!fouent—agnoscas“desunt-in“(reddi-liipss.

654 2519 837 2550 COTELERII
862 2522 978 2551 NOTAE.

50 2594 238 2657 (lﬁzl'Secessit,
252 2602 283 2625 ut
297 2599 384 2626 cibum
398 2605 502 2634 caperet
511 2609 571 2628 cum
581 2602 648 2633 suis.
660 2606 713 2630 etc.
727 2602 795 2632 Pas-

50 2638 64 2656 n
107 2639 140 2657 tc.
162 2632 239 2657 Antid
266 2634 444 2657 Athanasium
472 2635 517 2657 Lib
568 2636 599 2657 Δρ
631 2638 782 2657 νὶνηῑυέιηιι,

31 2632 140 2672 ιηιξλῃλο.
162 2632 446 2672 ᾼ-ΡμειυΑιῂειη-ίιξίυιίι
469 2635 531 2664 Lib.
568 2636 599 2663 de
631 2638 792 2672 virginitate,

31 2665 230 2715 ἈΨὲΞΞέΞδΈΥ
243 2669 384 2715 δὲ,ἒὲρέρῇ
402 2671 595 2715 summer:
618 2672 647 2715 δέ
660 2665 783 2715 traeicit

31 2702 53 2734 ιὴ
68 2703 229 2743 σρνερχέςθω
246 2702 383 2743 perde-.6);
398 2702 598 2743 _ﬁtqz§v,'906§
616 2707 653 2743 μὴ
676 2702 795 2741 iudicet},

31 2738 103 2778 ξᾳγςῖν
280 2747 329 2778 gon
347 2741 404 2778 μετ’
420 2737 519 2778 αγὺτῆςξ
531 2737 730 2778 Capitularium
748 2737 794 2772 lib:

31 2763 119 2810 "Jeep.
136 2763 260 2802 922N071
276 2763 515 2810 liteafbnpt—iset‘i‘s'

31 2806 177 2840 nandum“,
188 2816 233 2836 nec
241 2809 361 2837 osculum
374 2806 412 2838 eis
426 2812 501 2844 dare,
517 2813 556 2840 vel
568 2821 613 2840 are
625 2813 679 2841 illis
690 2814 794 2841 dicere:

31 2846 107 2884 [ξζιξιξιο
129 2843 300 2884 uenientum
313 2845 564 2884 _e:t;rommuniéatis
593 2853 626 2875 ab
663 2851 794 2883 episcopo,

31 2880 61 2902 "tl
72 2883 126 2904 cum
138 2878 275 2913 gemitibus
284 2882 297 2909 ?
313 2880 463 2917 Episcopus
478 2886 568 2911 tamen
582 2891 643 2912 cum
657 2878 795 2914 Constant.-

787 2695 795 2708 ν

785 2718 797 2725 ρ-

841 2606 907 2633 ’ῑίηο
924 2605 1089 2641 imperatore
1111 2606 1234 2633 nondum
1255 2605 1394 2640 baptizato
1415 2602 1642 2641 epulatosfuisse

849 2643 929 2669 testis
950 2638 1078 2678 esthﬁde
1091 2638 1353 2678 dignusWEuseliius,
1365 2638 1554 2678 _quainvish_ei_
1572 2638 1641 2678 nolit

848 2678 963 2705 credere
986 2673 1157 2712 Nicephorus
1190 2677 1330 2712 Callistus.
1347 2673 1416 2712 rS‘ed
1441 2673 1639 2712 et__Ch_ris_ﬁani

848 2712 927 2740 multi
944 2720 999 2739 non
1018 2707 1087 2740 adeo
1104 2720 1119 2739 a
1136 2713 1250 2747 paganis
1266 2711 1460 2747 refugiebantL
1472 2709 1549 2747 Unde
1565 2707 1640 2734 Non-

848 2755 912 2774 nam
929 2751 1044 2775 matrem
1061 2743 1143 2774 suam
1160 2743 1253 2775 laudat
1269 2743 1421 2781 Gregorius
1437 2743 1638 2774 Nazianzenus,

847 2782 920 2817 quod
943 2783 1047 2818 cibumr
1060 2790 1121 2810 cum
1143 2782 1277 2810 idolorum
1297 2781 1449 2818 cultoribus
1466 2785 1640 2818 communem

847 2814 992 2855 nunquam
1006 2817 1147 2855 habuerit,
1173 2817 1364 2855 neckgentilis
1379 2815 1487 2855 feminae
1509 2814 1640 2855 manibus

847 2851 971 2882 dextram
986 2852 1120 2888 injccerit,
1143 2857 1189 2882 aut
1204 2851 1279 2880 labra
1297 2851 1381 2880 labris
1397 2851 1549 2878 miscuerit.
