1892 3105
217 146 287 175 1219

659 145 686 172 S.
707 144 905 172 CLEMENTIS
925 145 934 172 I
953 145 1036 173 “OM.
1056 143 1158 172 PONT.
1177 142 1291 170 OPERA
1308 142 1422 170 DUBIA.

1774 145 1833 172 1220

214 203 335 232 dilucide
359 211 420 238 quae
449 203 486 231 sit
507 202 643 230 sententia
669 203 833 238 legislatoris
855 211 999 239 agnoscas.
1014 206 1038 235 Α
1052 210 1105 230 non
1120 201 1224 233 omnia,
1239 201 1303 236 quia
1319 205 1448 235 tanquam
1462 201 1611 228 vernacula
1627 202 1732 230 animae
1741 207 1832 231 metet

250 249 332 276 XXII.
347 249 471 285 Cumque
487 248 545 276 haec
564 249 689 282 dixisset,
703 257 840 284 exponere
862 250 927 276 mibi
943 249 1000 276 sin—

214 295 277 331 gula
298 295 332 323 de
356 295 419 328 bis,
449 303 511 330 qua:
533 295 560 322 in
584 295 735 330 quaestione
754 303 817 323 esse
839 295 1000 323 videbantur

213 340 281 376 legis
295 341 424 376 capitulis
441 340 524 375 erepit
536 360 544 372 ,
558 341 593 368 ab
607 340 686 367 initio
708 345 841 368 creaturae
860 348 948 375 usque
965 340 999 368 ad

213 387 241 414 id
254 387 397 422 temporis,
409 394 465 422 quo
478 387 510 414 ad
523 395 586 414 eum
601 386 754 414 Caesaream
766 387 910 414 devolutus
925 394 996 414 sum.

213 431 276 459 Haec
292 432 359 460 mihi
381 433 487 464 dicens,
507 433 602 460 dilatio
619 433 738 460 Simonis
755 433 886 464 contulit,
907 437 936 459 ut
949 440 998 467 per

211 478 336 506 ordinem
349 483 449 506 cuncta
461 486 666 514 cognoscerem.
682 479 767 511 Alias,
784 480 882 514 inquit,
897 487 997 507 secun-

212 524 276 550 dum
296 532 329 551 ea
350 532 411 559 quae
433 525 623 560 opportunitas
644 525 780 553 sermonis
801 525 934 558 attulerit,
961 525 997 552 de

211 568 328 603 singulis
343 569 508 604 quibusque,
526 577 587 604 quae
598 578 670 597 nunc
685 570 905 605 compendiosius
926 570 996 597 dixi-

210 621 284 646 mus,
306 614 388 642 latius
402 615 580 648 disseremus,
598 620 627 644 ut
642 617 792 644 secundum
812 624 843 644 ea
856 624 917 652 qua:
936 617 995 652 pol-

208 660 301 688 licitus
326 669 386 688 sum
409 662 470 693 tibi,
492 663 599 697 plenius
612 663 645 691 de
656 664 783 691 omnibus
794 663 995 699 perfectiusque

208 715 358 743 cognoscas
369 709 404 736 7'.
427 709 495 742 Quia
509 717 574 744 ergo
597 709 727 737 hodierna
752 710 841 737 adhuc
852 709 932 737 nobis
945 717 993 737 su-

208 758 300 788 perest
310 754 379 786 dies,
395 762 428 782 ex
441 755 482 782 his
497 763 558 790 quae
572 755 655 783 dilata
671 759 746 787 sunt,
763 757 825 784 volo
837 756 886 784 tibi
898 765 994 785 rursus

207 807 239 826 ea
252 807 313 835 quae
329 799 402 828 dicta
415 808 480 828 sunt
494 801 613 828 breviter
624 802 734 833 iterare,
750 805 780 829 ut
792 801 879 837 magis
894 803 943 830 tibi
959 803 992 830 ad

207 845 366 872 memoriam
394 850 569 874 revocentur.
592 846 624 873 Et
648 847 711 874 exin
734 847 817 883 capit
840 848 892 875 hoc
912 849 993 877 modo

206 891 344 918 mentibus
366 891 434 919 meis
450 892 580 919 innovare
595 899 655 927 quae
676 892 785 920 dixerat
802 903 809 921 :
832 893 990 928 Meministi,

204 943 222 962 o
236 936 324 964 amice
346 936 489 968 Clemens,
505 946 566 973 qua).
581 938 647 965 mibi
664 938 746 966 fuerit
766 939 800 967 de
820 944 922 967 aeterno
940 949 992 969 saa-

204 981 277 1014 culo,
285 989 317 1009 ac
334 981 414 1010 ﬁnem
429 984 577 1015 nesciente,
585 985 725 1012 narratio?
736 984 805 1012 Tum
820 993 870 1022 ego
887 994 894 1012 :
907 987 990 1020 Nihil,

204 1027 327 1063 inquam,
344 1035 361 1056 o
381 1027 470 1061 Petrc,
489 1030 636 1065 aliquando
650 1031 790 1065 retinebo,
804 1032 827 1060 si
844 1032 897 1060 hoc
911 1034 992 1060 omit-

204 1076 262 1101 tere
276 1077 323 1100 aut
337 1073 462 1101 oblivisci
479 1079 603 1110 potuero.

239 1117 334 1146 XXIII.
351 1119 385 1146 Et
399 1119 497 1148 Petrus
519 1121 637 1149 libenter
657 1122 709 1150 hac
729 1130 788 1150 mea
810 1123 991 1158 responsione

203 1170 347 1200 suscepta:
364 1164 494 1194 Gratulor
508 1167 567 1199 tibi,
585 1168 683 1203 inquit,
700 1168 773 1203 quod
789 1169 826 1196 ita
840 1170 990 1205 responde-

202 1210 253 1242 ris,
264 1215 291 1238 et
307 1218 361 1238 non
372 1211 446 1247 quod
457 1212 514 1240 haec
531 1213 590 1248 ipsa
605 1213 685 1242 facile
698 1215 775 1243 dicas
785 1215 818 1247 ⁷³,
836 1216 883 1243 sed
896 1220 923 1244 te
937 1224 990 1244 me-

202 1256 316 1284 minisse
330 1257 494 1292 protuleris;
510 1266 571 1294 qua:
585 1260 658 1287 enim
672 1268 779 1288 summa
791 1267 866 1295 sunt,
878 1262 989 1289 silentio

201 1300 332 1329 honorari
351 1302 457 1330 volunt.
484 1303 526 1331 Ad
542 1304 622 1332 ﬁdem
645 1309 736 1333 tamen
754 1314 864 1339 eorum,
879 1315 940 1341 qua
955 1308 989 1336 de

200 1346 387 1376 ineﬁ‘abilibus
396 1349 610 1384 meministi,dic
622 1359 683 1386 quae
698 1352 800 1380 retines
814 1360 846 1380 ex
862 1353 989 1388 his,'qua3

199 1393 229 1421 In
243 1393 305 1421 loco
320 1395 442 1423 secundo
466 1403 482 1422 a
503 1397 583 1424 nobis
603 1396 675 1424 dicta
699 1403 774 1429 sunt,
795 1407 856 1434 quae
871 1399 986 1435 proferri

201 1438 282 1467 facile
301 1444 420 1475 queunt,
444 1445 474 1468 ut
496 1443 642 1477 pervidens
658 1445 832 1472 tenacitatem
848 1447 988 1474 memoriae

201 1487 266 1516 tua,
280 1484 314 1512 de
325 1485 427 1520 quibus
442 1487 514 1518 volo,
528 1491 683 1523 promptius
698 1489 747 1516 tibi
764 1490 892 1523 indicem,
911 1496 938 1519 et
955 1492 987 1519 li-

199 1529 296 1558 benter
306 1531 435 1565 aperiam.
446 1531 515 1559 'I'um
522 1540 582 1568 ego,
593 1534 639 1561 ubi
649 1534 753 1562 adverti
762 1543 822 1563 eum
832 1537 985 1565 auditorum

199 1576 330 1603 memoria
344 1577 472 1611 gaudere,
488 1578 548 1605 Non
564 1579 663 1612 solum,
678 1581 800 1615 inquam,
818 1582 984 1612 deﬁnitionis

199 1624 252 1648 tute
271 1628 376 1664 memor
394 1630 472 1657 sum,
488 1624 536 1651 sed
554 1628 582 1652 et
605 1625 794 1659 praeﬁnitionis
816 1628 900 1661 illius,
923 1637 984 1664 quae

199 1666 262 1690 ante
276 1663 460 1692 deﬁnitionem
476 1666 564 1701 posita
585 1672 636 1701 est,
649 1672 675 1696 et
694 1670 816 1698 omnium
838 1679 906 1706 pene
922 1663 983 1708 qua

197 1708 361 1742 exposuisti,
376 1717 488 1738 sensum
512 1711 648 1747 integrum
664 1721 760 1748 servo,
776 1715 884 1744 etiamsi
900 1718 981 1746 verba

230 1773 310 1820 ΙΪ-Πι
322 1777 652 1820 ,εεξαηιιιιηι-εοθιιοεεαι
666 1781 771 1820 desunt
785 1782 812 1811 in
833 1784 913 1812 codd.
930 1784 1018 1820 Lipss.
1056 1785 1080 1801 "
1109 1791 1135 1812 ct
1149 1793 1201 1812 non

1050 248 1171 283 ingenita
1183 247 1278 275 elfecta
1294 251 1369 279 sunt,
1386 255 1447 282 qua:
1459 247 1564 275 dixisti.
1576 247 1704 276 Nimium
1719 250 1789 277 enim
1800 251 1832 278 si-

1050 294 1128 322 tienti
1148 294 1216 321 mihi
1230 294 1421 322 dulcissimum
1437 294 1564 329 poculum
1586 296 1752 329 porrexisti.
1766 296 1795 323 Et
1805 305 1832 325 ne

1049 340 1171 376 putes",
1187 340 1260 375 quod
1274 347 1366 367 rerum
1379 340 1532 372 immemor,
1548 341 1643 368 verbis
1659 346 1687 369 te
1700 349 1832 378 occupem,

1045 386 1102 420 jam
1120 393 1194 413 nunc
1216 393 1277 421 qua:
1292 386 1365 413 dicta
1381 389 1445 413 sunt
1460 386 1488 413 in
1504 388 1672 413 memoriam
1688 389 1831 421 revocabo;

1048 431 1076 458 in
1090 440 1146 467 quo
1162 439 1206 459 me
1221 431 1370 466 plurimum
1384 431 1461 466 juvat
1475 432 1544 458 ordo
1558 432 1763 467 disputationis
1780 439 1830 461 tua.

1048 476 1154 504 Etenim
1179 477 1243 512 quia
1270 481 1472 512 consequenter
1489 477 1591 504 directa
1609 481 1678 505 sunt
1699 483 1730 506 et
1750 479 1833 506 librate

1046 522 1183 554 ordinata,
1199 531 1261 558 quae
1277 523 1360 555 dicis,
1372 522 1475 549 idcirco
1489 527 1516 550 et
1533 522 1613 550 facile
1628 523 1664 550 ad
1679 525 1832 551 memoriam

1045 569 1152 596 ordinis
1173 569 1216 596 sui
1239 568 1319 596 lineis
1342 572 1516 596 revocantur.
1536 568 1653 595 Multum
1670 577 1795 605 namque
1807 571 1833 597 ad

1045 615 1245 642 recordandum
1271 614 1382 649 prodest
1403 614 1472 641 ordo
1498 614 1660 648 dictorum;
1686 623 1754 643 cum
1771 617 1832 643 enim

1045 661 1165 688 recolere
1183 661 1290 696 singula
1311 668 1359 695 per
1382 661 1605 695 consequentiam
1632 663 1775 697 coeperis,
1798 663 1833 689 ubi

1044 707 1147 741 aliquid
1163 706 1251 740 deest,
1268 706 1362 734 statim
1377 714 1475 735 sensus
1493 707 1619 741 inquirit,
1634 712 1663 733 et
1678 715 1746 734 cum
1765 708 1833 734 inve-

1044 753 1125 784 nerit,
1143 756 1244 784 servat,
1268 756 1316 779 aut
1335 756 1421 784 certe,
1438 752 1462 779 si
1476 752 1645 788 investigare
1657 754 1831 788 nequierit,a

1044 799 1178 834 magistro
1193 799 1333 833 requirere
1348 806 1403 825 non
1419 798 1530 834 pigebit.
1549 797 1602 826 Sed
1621 807 1658 827 ne
1673 807 1785 827 moram
1801 800 1832 826 fa-

1043 844 1113 871 ciam
1128 844 1156 871 in
1171 844 1309 872 reddendo
1319 852 1351 872 ea
1363 851 1423 879 quae
1438 845 1530 878 poscis
1541 852 1556 871 a
1571 853 1624 877 me,
1639 851 1764 873 retexam
1778 846 1832 873 bre-

1007 883 1029 911 Β
1042 891 1112 918 viter
1125 898 1184 925 qua:
1203 891 1236 918 de
1254 891 1377 918 veritatis
1391 891 1551 918 deﬁnitione
1565 892 1718 919 tradidisti.

1077 935 1173 963 XXIV.
1197 935 1262 963 Erat
1278 943 1398 971 semper,
1413 940 1441 964 et
1458 941 1511 970 est,
1535 941 1562 964 et
1585 937 1640 965 erit
1661 938 1736 965 illud
1750 946 1767 965 a
1783 947 1832 974 quo

1041 980 1129 1016 prima
1141 981 1268 1008 voluntas
1282 981 1373 1016 genita
1392 982 1609 1016 sempiternitate
1624 988 1750 1017 constat,
1762 989 1791 1012 et
1806 994 1833 1012 ex

1041 1027 1129 1062 prima
1154 1028 1294 1055 voluntate
1319 1027 1417 1054 iterum
1444 1029 1572 1056 voluntas
1588 1029 1657 1065 (l7).
1681 1028 1754 1057 Post
1781 1030 1832 1058 hac

1040 1073 1171 1105 mundus,
1187 1081 1220 1101 ex
1236 1073 1338 1100 mundo
1353 1076 1471 1108 tempus,
1488 1082 1520 1100 ex
1535 1074 1587 1101 hoc
1604 1074 1755 1102 hominum
1767 1077 1832 1103 Inul-

1040 1119 1139 1152 titudo.
1149 1128 1181 1147 ex
1194 1119 1368 1147 multitudine
1378 1121 1475 1148 electio
1489 1121 1652 1154 amicorum,
1667 1129 1705 1149 ex
1717 1130 1832 1157 quorum

1040 1166 1221 1194 unanimitate
1233 1166 1376 1201 paciﬁcum
1387 1166 1559 1194 construitur
1577 1166 1624 1194 Dei
1639 1175 1770 1202 regnum.
1785 1169 1832 1195 Re-

1040 1213 1114 1247 liqua
1129 1219 1210 1244 vero,
1227 1219 1287 1246 quae
1306 1212 1364 1239 hicc
1382 1212 1512 1247 consequi
1540 1212 1673 1240 deberent
1687 1233 1696 1244 ,
1717 1214 1789 1241 alias
1811 1219 1831 1241 le

1039 1258 1106 1286 mihi
1126 1258 1265 1286 dicturum
1283 1265 1345 1286 esse
1360 1258 1535 1294 promiseras.
1551 1257 1616 1286 Post
1632 1258 1706 1290 haec,
1725 1266 1791 1286 cum
1802 1259 1830 1286 de

1039 1308 1165 1332 creatura
1176 1305 1270 1331 mundi
1282 1304 1469 1339 expomisses,
1479 1303 1667 1332 deﬁnitionem
1677 1303 1742 1337 Dei,
1752 1313 1830 1340 quam

1039 1350 1066 1378 in
1080 1355 1230 1386 conspectu
1249 1351 1372 1378 omnium
1383 1350 1536 1386 primorum
1553 1351 1719 1386 angelorum
1737 1351 1772 1379 de
1786 1360 1832 1379 sua

1038 1398 1180 1425 voluntate
1195 1397 1332 1433 promisit,
1353 1405 1489 1432 quamque
1507 1401 1639 1425 aeternam
1654 1398 1749 1432 legem
1768 1406 1832 1426 cun-

1036 1444 1090 1471 ctis
1100 1445 1206 1477 statuit,
1218 1444 1359 1477 intimasti,
1373 1444 1483 1480 etquod
1495 1443 1550 1471 duo
1562 1452 1648 1480 regna
1657 1445 1719 1481 (l8)
1730 1447 1831 1481 posuit.

1038 1489 1180 1525 praesentis
1195 1489 1256 1516 dico
1276 1489 1409 1524 temporis
1422 1493 1449 1516 et
1464 1488 1559 1520 futuri,
1573 1494 1601 1517 et
1616 1495 1749 1525 tempora
1764 1492 1833 1518 utri-

1037 1543 1091 1571 quc
1114 1536 1269 1568 constituit,
1287 1535 1440 1570 statuitque
1459 1535 1612 1571 exspectari
1627 1535 1734 1570 judicii
1748 1537 1831 1566 diem.

1038 1589 1118 1616 quam
1130 1581 1188 1615 ipse
1200 1580 1332 1612 deﬁnivit,
1348 1580 1375 1607 in
1389 1588 1443 1615 qua
1456 1579 1582 1607 habenda
1597 1581 1633 1608 sit
1647 1588 1759 1614 rerum,
1776 1584 1833 1609 ani-

1038 1635 1201 1662 marumque
1214 1626 1356 1658 discretio,
1371 1630 1402 1653 ut
1422 1626 1498 1661 impii
1511 1626 1621 1660 quidem
1642 1634 1695 1661 pro
1710 1628 1834 1662 peccatis

1037 1673 1096 1700 suis
1112 1673 1168 1707 igni
1186 1672 1330 1699 tradantur
1344 1676 1458 1703 aeterno,
1475 1672 1501 1698 IlI
1519 1679 1583 1699 vero
1607 1672 1656 1711 qui
1676 1673 1833 1700 secundum

1035 1718 1204 1746 voluntatem
1221 1717 1372 1745 conditoris
1386 1717 1434 1744 Dei
1452 1717 1586 1749 vixerint,
1602 1725 1654 1752 pro
1668 1718 1755 1746 bonis
1769 1727 1835 1754 ope-

1287 1799 1320 1805 —
1331 1784 1440 1811 libenter
1453 1784 1569 1817 aperiam
1585 1782 1688 1811 desunt
1704 1784 1735 1811 in
1751 1785 1834 1812 codd.

198 1808 420 1856 apiasli‘rQ‘ua:
433 1808 584 1848 scquuuiur
1067 1830 1075 1849 :
1087 1808 1308 1856 non

199 1843 266 1872 Vide
280 1843 386 1880 praefat.

833 1928 1018 1957 COTELERII
1042 1930 1158 1959 NOTIE.

234 1999 299 2036 (ιη
313 1999 346 2027 Et
364 2008 396 2027 ex
413 2000 501 2036 prima
521 1999 662 2036 voluntate
670 2001 764 2028 iterum
787 2002 919 2029 voluntas.
948 2001 985 2029 De

199 2036 268 2064 Filio
280 2035 407 2071 Clemens
426 2035 627 2071 Alexandrinus
650 2035 760 2071 l’wdag.
774 2045 817 2066 ιιι.
830 2044 890 2071 cap.
908 2037 956 2064 ult.
975 2046 981 2064 :

197 2070 300 2107 ᾁγαθοῦ
315 2070 421 2107 Πατρδς
440 2070 701 2107 ἀγαθὺννβοιρημαχ
712 2070 811 2100 Simm.
829 2079 855 2103 v,
865 2070 898 2106 Vp.
909 2072 960 2099 547
974 2081 982 2099 :

197 2106 303 2141 θέλημα
319 2105 564 2142 πανὲοκρατορικάν
573 2114 579 2120 ·
590 2105 787 2142 Tertullianus,
803 2106 841 2133 De
851 2105 980 2142 oratione,

198 2149 259 2177 cap.
270 2142 288 2168 4
300 2153 311 2177 5
325 2141 386 2176 Ipse
399 2141 455 2168 erat
471 2141 592 2168 voluntas
603 2146 627 2168 et
637 2145 752 2177 potestas
766 2141 868 2169 Patris.
883 2143 910 2169 lu
921 2141 984 2170 Ori-

198 2175 278 2212 geiie,
294 2176 332 2204 De
342 2177 477 2212 principiis
487 2197 495 2210 ,
508 2181 536 2203 ct
550 2177 613 2204 alibi
630 2186 636 2203 :
654 2175 742 2203 Natus
759 2184 792 2203 ea:
807 2176 898 2208 Patre,
915 2178 983 2204 velut

198 2211 318 2239 uoluntas
346 2220 378 2239 ea:
403 2217 486 2239 mente
509 2212 661 2246 procedens.
691 2212 768 2274 ιόἓυά
791 2211 981 2242 Athanasium,

198 2251 268 2274 orat.
282 2247 299 2274 5
313 2253 340 2274 et
353 2248 381 2274 4.
397 2252 489 2274 contra
501 2247 624 2274 Arianos.
638 2254 664 2274 ι).
677 2246 694 2273 4
732 2266 740 2274 .
753 2246 805 2274 5M
821 2256 828 2274 :
845 2247 925 2274 Βουλὴ
938 2248 981 2274 καὶ

197 2251 268 2274 orat.
282 2247 299 2274 5
313 2253 340 2275 et
353 2248 381 2280 4,
397 2252 489 2274 contra
501 2247 624 2278 Arianos,
638 2254 664 2282 p.
677 2246 740 2278 402,

197 2282 303 2318 θέλημα
318 2282 365 2308 τοῦ
383 2283 498 2318 Πατρός.
517 2282 763 2318 Similiaquelegas
778 2281 909 2318 Victorini
921 2281 984 2309 'Al'ri

197 2318 245 2345 lib.
259 2325 278 2349 ι,
294 2317 418 2344 adversus
437 2317 542 2350 Arium,
559 2317 682 2344 Faustini
701 2318 807 2344 diaconi
823 2317 856 2344 ad
871 2317 985 2345 Flaccil-

198 2353 262 2383 lam,
282 2352 374 2387 Cyrilli
396 2353 572 2380 Alexandrini
587 2357 680 2379 contra
695 2353 983 2387 Ant/iropomorpliitas,

196 2395 258 2423 cap.
274 2388 317 2419 14,
339 2393 366 2415 et
389 2388 517 2419 aliorum,
533 2388 567 2415 de
587 2388 687 2422 quibus
709 2387 889 2423 Hieronymus
908 2389 984 2415 initio

197 2421 460 2450 commentariorum
477 2424 503 2450 in
522 2421 669 2458 Epistolam
685 2423 718 2449 ad
733 2421 869 2458 Ephesios,
885 2427 912 2451 et
928 2424 984 2450 Au-

196 2458 325 2493 gustinus
340 2467 384 2490 xv,
403 2459 439 2486 De
452 2459 594 2490 Trinitate,
618 2458 663 2489 20,
679 2466 785 2485 necnon
798 2460 913 2485 duarum
923 2466 984 2493 syn-

196 2493 312 2520 odoruni
328 2494 538 2526 Toletanarum,
564 2494 676 2521 decima:
691 2494 791 2528 quinta:
815 2501 847 2520 ac
871 2494 983 2520 drclmie

197 2533 290 2556 seum.
306 2528 408 2557 Prioris
425 2530 501 2557 locus
518 2530 545 2556 in
559 2530 630 2556 binis
643 2529 747 2556 levibus
760 2529 865 2556 mendis
880 2529 981 2555 cubat:

196 2563 321 2591 Diximus
332 2572 342 2591 :
364 2564 492 2591 Voluntas
515 2565 602 2600 genuit
621 2564 781 2591 voluntatem
793 2584 802 2594 ,
817 2565 884 2591 sicut
899 2568 923 2590 et
938 2571 983 2600 sa-

195 2600 294 2628 νίεηιὶα
305 2601 474 2635 sapientiora.
494 2600 570 2633 Quod
587 2599 627 2626 vir
644 2600 690 2626 ille
709 2600 843 2626 incuriosa
864 2599 981 2626 lectionis

196 2637 395 2662 transcursiotre
404 2637 567 2670 praeteriens,
579 2635 739 2661 existimavit
753 2634 808 2661 limo
823 2635 882 2668 ipsa
896 2635 982 2670 nomi-

196 2679 240 2703 na,
256 2671 285 2698 id
292 2668 441 2705 utaegein
449 2675 495 2697 aut
504 2670 801 2705 potiusjuzta,errandi
811 2670 921 2696 occasio
931 2668 982 2695 fuit

197 2706 327 2734 breviatis
338 2706 490 2741 Scriptura)
500 2706 650 2738 relativum,
662 2710 709 2731 aut
719 2705 981 2741 secuttdumfompa-

196 2741 326 2769 rationem
335 2739 458 2768 humana:
470 2739 564 2768 mentis
583 2748 631 2768 nos
645 2741 773 2775 posuisse,
787 2744 841 2768 etc.
858 2739 884 2766 Ν
887 2748 915 2766 οδ
930 2747 981 2765 au-

197 2782 248 2804 tem
273 2786 325 2804 non
349 2777 491 2804 secundum
519 2777 586 2803 hanc
613 2776 835 2809 comparationem
859 2775 981 2801 humarat

197 2814 301 2845 mentis,
314 2821 359 2839 nec
370 2813 512 2840 secundum
524 2812 672 2842 relativum,
685 2811 729 2837 sed
741 2811 883 2838 secundum
893 2818 981 2836 essen-

197 2848 263 2873 tiam
288 2848 424 2875 diximus:
443 2847 569 2875 Voluntas
587 2854 619 2874 ea:
639 2846 789 2876 voluntate,
809 2847 876 2872 sicut
892 2850 917 2872 et
935 2853 981 2872 sa-

199 2883 297 2916 pientia
308 2890 340 2911 ea;
355 2884 494 2918 rapientia.
510 2882 565 2910 Hoc
578 2883 648 2910 enim
661 2889 693 2909 ex
707 2881 801 2918 (dubio
820 2881 914 2916 procul
929 2881 978 2916 ut)

1037 2001 1091 2029 Deo
1105 2011 1161 2029 esse
1176 2003 1245 2038 quod
1252 2002 1344 2039 psalle;
1358 2003 1406 2030 hoc
1419 2003 1495 2036 velle,
1506 2003 1577 2039 quod
1596 2012 1706 2039 sapere,
1723 2011 1753 2034 et
1767 2008 1830 2034 reli-

1037 2045 1101 2073 qu:_i_.
1114 2037 1190 2070 Quod
1201 2038 1234 2064 ail
1249 2037 1377 2073 Spiritum
1390 2037 1640 2073 sanctuni'spectat',
1652 2043 1829 2070 commodum

1038 2071 1064 2112 in
1074 2071 1239 2100 Bibliotheca
1254 2071 1336 2112 Itegia
1351 2075 1413 2101 cod.
1431 2082 1483 2112 ms.
1501 2071 1583 2112 10—26,
1600 2075 1676 2112 istud
1690 2077 1829 2112 Ingruen-

1037 2111 1094 2144 tum
1110 2113 1204 2135 nostro
1219 2110 1368 2143 ascriptum
1381 2109 1483 2136 inveni.
1501 2109 1569 2136 Illud
1587 2109 1827 2144 rejecimus'intn

1037 2143 1064 2170 in
1080 2144 1230 2178 subjectum
1242 2144 1470 2179 Recoguitionibm
1481 2145 1659 2179 Appendicem
1669 2145 1828 2174 Hal-uar-

1036 2182 1134 2210 torum,
1150 2187 1225 2205 num.
1243 2180 1267 2206 I.

1072 2214 1128 2253 (_l8_)
1150 2213 1209 2240 Duo
1225 2213 1415 2253 regna._9uoil_
1433 2214 1491 2242 haec
1511 2214 1670 2253 similiaque
1683 2218 1825 2253 complura

753 2246 807 2284 5ζῇ
821 2256 828 2274 :
845 2247 985 2284 scutum
1000 2249 1022 2276 D
1038 2248 1065 2275 in
1077 2246 1138 2276 istis
1146 2246 1308 2284 apocryphis
1322 2246 1509 2277 Ebionismum
1519 2246 1674 2282 redoleant,
1685 2246 1825 2280 auctorem

1036 2284 1133 2320 damus
1149 2284 1329 2319 Epiphanium
1347 2284 1482 2312 haereseos
1497 2285 1571 2312 illius
1588 2288 1679 2320 capite
1702 2287 1739 2314 16
1756 2298 1764 2315 ;
1778 2289 1826 2314 Δύο

1034 2318 1062 2355 ρέ
1077 2327 1162 2352 τινας,
1172 2318 1220 2351 θὼς
1236 2320 1313 2354 ἔφην,
1330 2320 1488 2346 ωνιπῶσιν
1500 2321 1532 2346 ἐκ
1547 2318 1823 2355 Θεοῦ-τεταγμένως

1034 2354 1081 2381 ἕνα
1102 2355 1151 2390 μὲν
1171 2354 1216 2380 τὸν
1230 2355 1345 2390 Χριστὸν
1357 2375 1365 2387 ,
1381 2355 1427 2381 ἕνα
1440 2355 1468 2381 δὲ
1482 2355 1528 2381 τὸν
1546 2355 1681 2381 διάϐολον.
1705 2354 1765 2384 Καὶ

1035 2389 1085 2427 μὲν
1100 2389 1215 2427 Χριστὸν
1230 2389 1338 2427 λέγρνςι
1351 2390 1400 2427 from}
1418 2390 1558 2427 umqvam
1571 2390 1671 2422 αἰῶνος
1684 2392 1825 2427 etiam:

1033 2424 1078 2461 τὸν
1093 2425 1202 2461 κλῆρον·
1219 2425 1264 2451 τὸν
1277 2425 1448 2461 assumo»,
1459 2425 1552 2461 τφῦτον
1566 2424 1773 2454 πεπιπεῦσθᾶι
1783 2428 1824 2453 se.

1033 2459 1126 2486 αἰῶνα·
1140 2459 1172 2486 ἔκ
1187 2460 1342 2496 προπαγῆς
1352 2460 1435 2496 δῆθεν
1446 2460 1493 2486 τοῦ
1509 2461 1747 2496 παντοκράτορος,
1759 2464 1824 2488 ιιτὰ

1032 2495 1139 2530 αἴτησιν
1154 2494 1290 2530 ἑκαὲέρων
1304 2496 1403 2521 αὐτῶν.
1420 2494 1491 2522 Duos
1502 2515 1508 2527 ,
1527 2500 1556 2521 ut
1566 2494 1627 2529 jam
1644 2494 1706 2522 diri
1716 2517 1724 2527 ,
1742 2506 1758 2523 ι
1774 2498 1824 2524 Dn

1032 2531 1188 2558 constitutos
1199 2536 1318 2558 asserunt
1328 2538 1337 2561 ,'
1347 2530 1480 2557 Christum
1499 2535 1524 2557 et
1539 2531 1687 2557 diabolum.
1703 2532 1822 2565 Qlaﬂﬂ

1032 2565 1074 2592 illi
1095 2566 1188 2598 futuri,
1208 2566 1267 2592 huic
1291 2565 1426 2599 prasentis
1447 2566 1537 2592 amuli
1555 2570 1673 2599 potestas
1693 2570 1740 2594 est
1759 2576 1823 2594 cen-

1032 2601 1136 2628 missa:
1156 2602 1232 2636 idque
1251 2602 1316 2627 adeo
1331 2601 1516 2635 omnipotentis
1533 2601 1605 2636 illius
1631 2601 1775 2635 mandato,
1791 2604 1821 2627 si

1029 2636 1371 2671 utriusquepostulationem
1381 2643 1436 2662 esse
1448 2637 1559 2670 factum.
1576 2635 1637 2668 Quo
1650 2644 1682 2663 ex
1698 2637 1764 2664 loco
1778 2638 1820 2663 lux

1031 2675 1120 2707 oritur
1139 2672 1218 2698 alteri
1232 2671 1372 2707 capitisrs,
1385 2679 1466 2707 quem
1487 2672 1621 2705 interpres
1645 2671 1821 2707 indiligenter

1032 2708 1059 2733 in
1079 2706 1206 2733 Latinum
1223 2706 1358 2733 convertit
1377 2715 1384 2732 :
1401 2706 1513 2732 Πάντων
1534 2714 1564 2732 τε
1583 2706 1760 2741 κυριεύοντᾶ,
1774 2708 1819 2733 iu".

1031 2741 1147 2777 Χριστὸν
1160 2741 1295 2776 λέγεσθαι,
1309 2741 1353 2767 τὸν
1367 2742 1455 2767 ἐκεῖσε
1466 2741 1495 2768 δὲ
1512 2741 1598 2767 αἰῶνα
1612 2742 1817 2777 asstqu.

1031 2777 1089 2804 Hoc
1103 2782 1145 2804 cst
1165 2778 1271 2811 :Atque
1286 2784 1403 2803 omnium
1421 2785 1509 2803 rerum
1529 2777 1697 2803 dominatum
1723 2782 1816 2808 tatu.

1030 2818 1055 2839 et
1069 2812 1199 2847 appellari
1216 2812 1373 2839 Christum:
1388 2812 1415 2839 in
1431 2817 1530 2839 sortem
1547 2820 1605 2839 vero
1621 2812 1758 2846 παρίης
1768 2819 1815 2840 Il-
1865 2831 1866 2838 η

1031 2849 1118 2876 culum
1130 2849 1198 2883 quod
1210 2847 1266 2874 illic
1280 2849 1341 2874 erit.
1865 2851 1866 2872 ι
