1892 3105
42 136 95 164 liii

40 194 101 223 ribus
118 190 300 220 benedictione
320 192 464 225 suscepta,
480 187 635 216 clarissima
656 188 718 215 luce
740 186 794 214 ful-
811 189 832 217 Α

40 244 124 276 gentes,
142 237 286 265 introducti
301 236 335 264 ad
350 239 479 264 aeternam
493 235 602 268 sedem,
615 238 642 262 et
664 235 691 262 in
707 234 797 261 incor-

39 285 144 320 ruptione
163 284 308 316 durantes,
329 282 508 310 ineli'abilium
532 281 666 309 honorum
683 286 796 308 munera

39 334 123 358 eterna
138 328 296 364 percipiant.
704 321 706 324 ’

65 385 136 414 XXV.
156 385 216 413 Hac
230 393 273 412 me
288 389 479 420 prosequente,
494 384 594 420 gaudio
607 383 734 419 perfusus
747 383 796 411 Pe-

39 437 85 460 trus
97 435 121 459 et
134 435 260 466 tanquam
277 437 358 465 super
379 430 435 456 lilio
455 429 618 464 tripudians,
636 437 670 456 ne
685 428 754 455 forte
768 429 795 455 in

39 478 180 512 reliquorum
194 475 324 503 memoria
336 475 470 506 titubans,
481 475 670 502 erubescerem
686 478 797 509 propter

39 532 72 551 eos
85 523 126 557 qui
138 522 267 549 aderant:
282 520 407 553 Sufﬁcit,
426 518 525 555 inquit,
546 527 562 548 0
577 520 724 553 Clemens;
739 520 797 547 evi-

39 569 124 596 dentius
136 567 204 595 enim
218 568 274 594 haec
288 574 369 602 quam
382 574 397 594 a
413 574 456 594 me
469 567 528 601 ipso
539 567 662 602 exposita
677 566 794 597 fuerant,

39 613 136 640 edidisti.
148 612 180 639 Et
196 619 247 647 ego
261 612 305 639 aio
319 622 325 639 :
342 611 477 639 Narrandi
489 612 624 644 ordinem,
636 617 662 639 et
677 612 795 640 lucidius

38 666 59 685 ea
70 664 122 693 quae
132 665 175 685 res
194 657 297 692 expetit
317 656 483 692 proferendi,
503 657 622 685 eruditio
634 657 713 684 nobis
729 664 796 684 con-

38 704 84 730 tulit
95 703 219 734 liberalis,
231 711 286 738 qua
302 703 325 730 si
341 707 451 730 utamur
463 704 491 730 in
505 703 677 739 antiquitatis
695 704 796 731 errori-

38 750 84 782 bus,
96 750 119 777 in
133 750 279 784 perniciem
295 749 356 776 vitae
370 750 516 778 verborum
531 750 631 778 decore
651 757 683 777 ac
703 750 796 778 suavi-

38 800 77 824 tate
93 796 249 830 decidimus;
265 797 288 825 si
310 804 375 825 vero
395 796 429 824 ad
453 797 629 825 asserendam
651 797 793 825 veritatem

38 841 190 870 eruditionem
205 843 340 871 sermonis
354 846 380 870 et
394 843 509 878 gratiam
525 842 698 871 conferamus
708 863 715 874 ,
728 846 795 878 puto

38 896 58 915 tr
74 888 116 915 hoc
129 896 180 916 non
199 896 296 924 parum
312 889 439 917 utilitatis
457 889 573 924 acquiri.
588 888 792 921 Verumtamen,

38 932 63 959 mi
82 932 182 961 domine
205 933 301 966 Petre,
317 937 420 969 quanta
443 942 487 962 me
505 934 649 962 arbitraris
672 935 795 969 gratula-

38 979 92 1006 tione
102 979 242 1011 sublatum,
258 987 322 1007 cum
338 980 367 1007 in
382 980 488 1008 caeteris
501 979 638 1012 omnibus,
653 984 708 1007 tum
725 987 794 1015 prte-

38 1023 96 1057 iipue
109 1024 134 1050 in
153 1023 226 1052 illius
243 1024 377 1052 doctrina:
400 1024 545 1056 sententia,
561 1031 615 1059 qua
632 1025 672 1051 ais
688 1033 696 1051 ι
717 1023 794 1052 Unus

37 1075 66 1096 est
84 1069 158 1103 Deus,
181 1072 260 1106 cujus
284 1079 353 1106 opus
377 1071 496 1099 mundus
520 1074 581 1103 est,
603 1071 715 1106 quique.
730 1071 793 1106 quia

37 1115 106 1148 iustus
122 1120 162 1144 est
182 1116 348 1144 omnimodis
360 1137 367 1150 ,
390 1116 537 1152 unicuique
551 1124 602 1152 pro
615 1116 723 1144 actibus
736 1116 793 1144 stris

37 1162 117 1190 reddet.
141 1162 172 1190 Et
195 1167 257 1198 post
273 1163 332 1191 haec
345 1162 492 1196 addidisti,
509 1162 623 1191 dicens:
641 1163 693 1190 Pro
714 1163 794 1198 cujus

37 1207 144 1243 dogmatis
156 1210 307 1238 assertione
318 1210 459 1238 innumera
472 1211 617 1238 verborum
632 1209 717 1237 millia
734 1217 793 1237 mo-

37 1252 160 1288 vebuntur;
176 1255 223 1283 sed
238 1255 268 1282 in
283 1255 340 1287 his,
363 1256 462 1291 quibus
481 1256 540 1283 veri
563 1255 701 1291 prophetae
724 1262 793 1282 con-

37 1306 95 1326 tessa
104 1305 141 1328 est
150 1301 274 1334 scientia,
285 1302 375 1329 omnis
386 1302 438 1330 ista
449 1301 595 1329 verborum
608 1301 676 1329 silva
686 1301 794 1329 succisa

37 1348 74 1372 est.
93 1344 122 1372 Et
145 1351 252 1382 propter
272 1347 325 1375 hoc
347 1355 410 1375 cum
426 1347 493 1375 mihi
509 1347 656 1375 tradideris
673 1347 707 1375 de
727 1354 794 1375 vero

37 1390 142 1425 propheta
151 1399 315 1425 sermonem,
327 1393 400 1420 omni
412 1401 455 1421 me
466 1393 650 1421 assertionum
667 1394 794 1421 firmitate

37 1434 156 1464 roborasti.
168 1436 231 1464 Inde
241 1437 361 1472 denique
373 1445 424 1473 ego
436 1445 498 1465 cum
509 1437 688 1466 advertissem
701 1438 729 1465 in
741 1438 794 1465 hoc

36 1489 146 1511 mmmam
165 1483 249 1512 totius
270 1484 411 1520 religionis
432 1484 597 1520 pietatisque
622 1485 791 1516 consistere,

36 1527 90 1556 Illico
104 1530 225 1565 respondi
242 1537 249 1556 :
266 1529 375 1565 Optime
388 1534 550 1565 prosecutus
564 1538 605 1562 es,
620 1530 711 1563 Petre,
728 1538 792 1566 pro—
807 1535 828 1565 α

36 1577 79 1606 μει-
86 1575 151 1610 quod
162 1576 194 1604 de
205 1577 314 1612 reliquo
325 1577 381 1612 jam
395 1581 526 1613 tanquam
539 1577 648 1609 scienti,
665 1585 726 1612 quae
738 1578 793 1605 sint

36 1618 183 1649 fundamenta
194 1622 256 1650 fidei
270 1626 298 1650 et
311 1623 432 1658 pietatis,
446 1624 505 1651 veri
516 1623 655 1658 prophetae
665 1623 792 1651 traditio-

36 1673 70 1693 nes
85 1666 268 1696 incunctanter
283 1676 399 1704 expone,
417 1669 461 1696 cui
477 1669 529 1697 soli
547 1669 713 1696 credendum
731 1677 793 1696 esse

36 1711 149 1741 :videnter
163 1715 308 1749 probatum
324 1719 377 1743 est.
395 1715 471 1742 illam
492 1723 557 1742 vero
579 1714 790 1750 expositionem,

36 1765 79 1791 tua
96 1760 287 1788 assertionibus
301 1765 329 1788 et
341 1759 512 1796 argumentis
531 1759 661 1795 indigeat.
675 1759 793 1787 infideli-

36 1812 71 1832 :us
85 1813 164 1838 serva,
178 1808 279 1843 quibus
296 1807 417 1835 nondum
435 1806 607 1834 committere
627 1806 792 1842 prophetica:

36 1851 106 1883 gratiae
119 1851 321 1881 indubitabilem
333 1853 500 1888 judicaveris
509 1852 600 1880 ﬁdem.
613 1852 646 1879 Et
656 1860 718 1880 cum
733 1853 792 1881 haec

36 1894 146 1930 lixissem,
173 1903 202 1926 tu
218 1902 367 1934 utrumque
377 1919 384 1931 ,
405 1899 529 1935 inquam,
546 1899 685 1934 pollicitus
699 1906 728 1926 es
740 1918 748 1931 ,
764 1903 792 1926 et

37 1948 86 1968 iane
96 1946 118 1970 te
129 1943 191 1971 mihi
204 1944 358 1979 simplicem
370 1945 568 1980 expositionem
580 1951 612 1972 ac
624 1944 708 1972 totius
717 1952 792 1972 erro-

36 1986 59 2013 'is
75 1993 214 2023 expertem,
237 1995 266 2018 et
288 1990 361 2017 illam
376 1998 437 2025 quae
458 1997 507 2025 per
525 1990 650 2025 singulas
667 1997 792 2025 quasque

36 2034 169 2065 |uazstiones
182 2036 346 2072 explicatur,
358 2044 418 2072 quae
428 2037 619 2069 movebuntur,
630 2037 656 2064 in
669 2040 791 2072 tempore

39 2079 182 2109 raditurum.
198 2081 232 2109 Et
248 2087 310 2118 post
325 2083 382 2110 haec
392 2082 545 2117 exposuisti
561 2090 610 2118 per
623 2083 762 2115 ordinem,
775 2090 791 2110 a

36 2123 141 2161 irincipio
155 2127 249 2155 mundi
271 2136 358 2163 usque
373 2128 407 2155 ad
422 2136 543 2164 praesens
563 2132 672 2163 tempus
692 2136 790 2156 conse-

36 2171 145 2202 luentiam
165 2181 270 2207 rerum;
287 2177 315 2202 et
332 2174 356 2202 si
375 2174 482 2210 placet,
501 2182 613 2210 possum
635 2175 794 2202 memoriter

36 2223 139 2246 universa
154 2223 286 2249 retexere.

54 2273 137 2304 XXVI.
159 2277 199 2306 Ad
213 2279 272 2307 haec
289 2278 388 2308 Petrus
407 2287 415 2306 :
429 2279 583 2315 Magniﬁce,
600 2280 705 2315 inquit,
717 2280 792 2308 dele-

36 2322 84 2353 :tor,
93 2331 109 2350 ο
121 2322 256 2358 Clemens,
269 2325 342 2362 quod
368 2330 424 2354 tam
450 2330 510 2354 tuto
525 2326 610 2354 cordi,
623 2327 705 2355 verba
717 2335 793 2354 com-

37 2366 139 2403 uittain;
154 2379 300 2400 memorem
318 2380 437 2408 namque
464 2381 526 2401 esse
553 2381 648 2401 eorum
663 2381 725 2409 quae
749 2374 793 2401 di-

36 2416 120 2463 :u'ntur,
142 2415 271 2445 indicium
296 2422 338 2446 est
362 2419 390 2446 in
414 2424 541 2454 promptu
564 2419 663 2447 habere
676 2427 790 2455 operum

36 2457 107 2488 idem:
123 2463 164 2490 cui
175 2471 240 2491 vero
255 2465 343 2493 malus
352 2465 459 2493 daemon
472 2466 569 2494 salutis
584 2466 667 2493 verba
684 2465 791 2493 intratur

810 2207 832 2237 D

54 2547 74 2563 "
86 2530 148 2580 cei.
164 2560 182 2579 ι.

620 129 904 159 RECOGNlTlONEM
922 129 985 157 LIB.
1002 130 1026 157 l.

1564 127 1633 155 1223

846 190 874 214 et
897 185 931 213 de
946 185 1077 213 memoria
1091 185 1172 220 rapit,
1191 184 1274 212 etiam
1286 184 1310 212 si
1318 183 1383 211 velit
1398 181 1497 211 salvari
1512 189 1570 210 non
1584 191 1634 218 po-

848 232 928 265 terit;
947 231 1036 267 perdit
1050 231 1121 258 enim
1136 231 1218 263 viam,
1234 238 1287 266 qua
1302 229 1460 265 pervenitur
1484 229 1517 256 ad
1537 229 1631 257 vitam.

848 278 964 313 Propter
978 277 1050 313 quod
1076 284 1109 305 eo
1124 277 1210 310 magis
1223 281 1381 310 repetamus
1397 283 1456 310 qure
1468 275 1541 302 dicta
1557 280 1632 308 sunt.

847 329 874 352 et
888 323 1083 352 confirmenius
1097 331 1129 351 ea
1154 323 1181 349 in
1192 322 1274 350 corde
1289 326 1355 354 tuo;
1372 321 1399 348 id
1427 325 1480 353 est,
1496 322 1634 356 quomodo

847 371 890 398 vel
912 378 927 398 a
939 378 993 406 quo
1007 370 1096 398 factus
1110 370 1146 397 sit
1160 368 1290 400 mundus,
1308 371 1336 394 ut
1351 367 1497 395 tendamus
1517 367 1551 394 ad
1566 368 1635 394 ami-
1666 379 1669 383 -

848 418 941 445 citiam
962 416 1129 444 Conditoris.
1155 415 1282 442 Amicitia
1312 419 1403 441 autem
1422 414 1539 441 cllicitur
1565 414 1635 442 bene

849 463 966 491 vivendo
982 466 1009 490 et
1020 462 1153 490 voluntati
1170 462 1230 496 ejus
1246 461 1410 492 obediendo.
1431 468 1491 496 quae
1508 460 1636 488 voluntas

847 509 970 536 omnium
995 508 1143 536 viventium
1179 508 1309 535 lex.est.
1339 506 1462 534 Breviter
1491 514 1556 541 ergo
1585 506 1636 534 tibi

848 555 905 582 haec
917 554 1013 582 eadem
1041 554 1170 581 firmioris
1193 561 1277 581 causa
1308 552 1445 579 memoriae
1468 556 1634 580 retexemus.

881 599 988 628 XXVII.
1011 600 1041 627 ln
1070 599 1206 635 principio
1225 607 1288 626 cum
1307 598 1418 626 fecisset
1444 597 1515 625 Deus
1535 598 1635 625 malum

846 651 873 675 et
892 647 1037 679 terram",
1055 650 1185 681 tanquam
1205 645 1316 673 domum
1337 652 1430 677 unam,
1444 644 1504 679 ipsa
1524 652 1583 680 quae
1602 652 1636 671 ex

846 694 1009 729 corporibus
1029 693 1123 721 mundi
1144 693 1251 721 reddita
1270 697 1313 720 est
1328 692 1436 724 umbra,
1453 691 1496 718 his
1515 699 1575 727 qua:
1595 691 1638 718 in-

846 741 983 768 trinsecus
1002 740 1095 768 clausa
1115 739 1238 772 fuerant,
1258 739 1425 766 tenebrasex
1434 746 1464 766 se
1482 737 1567 766 dedit.
1583 737 1637 765 Sed

845 793 908 813 curn
922 786 1050 814 voluntas
1063 785 1110 814 Dei
1125 786 1323 813 introduxisset
1341 785 1440 816 lucem,
1453 784 1571 812 tenebrae
1585 784 1638 811 illae

846 840 906 868 qua!
925 840 958 860 ex
970 833 1068 859 umbra
1085 840 1231 867 corporum
1247 831 1326 859 factae
1341 831 1451 858 fuerant
1461 830 1535 866 ,(19),
1548 830 1638 857 conti-

845 887 901 906 nuo
911 878 1050 906 devorata;
1063 883 1146 912 sunt;
1162 882 1228 906 tunc
1242 877 1342 906 deinde
1354 878 1400 904 lux
1416 878 1443 904 iu
1462 876 1546 908 diem,
1560 880 1638 904 tene-

846 925 902 953 brae
918 925 1085 960 deputantur
1106 926 1134 953 in
1160 929 1279 952 noctem.
1303 923 1363 951 Jam
1392 931 1457 951 vero
1478 930 1560 958 aqua,
1576 929 1637 957 qua:

845 977 904 1000 crat
917 973 990 1000 intra
1004 973 1149 1005 mundum,
1164 973 1192 1000 in
1212 972 1301 1000 medio
1315 970 1396 1006 primi
1416 970 1490 998 illius
1508 969 1572 996 coeli
1586 974 1639 996 ter-

846 1027 937 1056 raeque
957 1020 1067 1056 spatio,
1095 1020 1175 1055 quasi
1205 1019 1267 1055 gelu
1292 1022 1421 1045 concreta
1448 1020 1476 1044 et
1503 1015 1636 1051 crystallo

846 1066 963 1093 solidata
977 1066 1153 1098 distenditur,
1163 1069 1190 1093 et
1201 1064 1359 1100 hujusmodi
1376 1064 1547 1090 firmamento
1563 1063 1638 1090 velut

845 1112 1070 1140 intercludnntur
1085 1112 1174 1140 media
1190 1111 1254 1139 cmli
1276 1119 1309 1138 ac
1326 1115 1407 1138 terra:
1427 1109 1516 1144 spatia
1530 1109 1638 1143 ;,idquo

845 1159 1045 1186 firmamentqu
1056 1159 1157 1185 caelum
1172 1157 1304 1186 Conditor
1325 1156 1480 1191 appellavit,
1497 1155 1637 1190 antiquio-

845 1205 884 1233 ris
897 1205 972 1232 illius
985 1205 1118 1232 vocabqu
1129 1207 1325 1238 nuncupatum.
1344 1203 1376 1229 Et
1386 1203 1424 1229 ita
1438 1202 1523 1229 totius
1538 1201 1637 1229 mundi

844 1251 1010 1283 machinam,
1022 1258 1084 1278 cum
1110 1258 1163 1277 una
1177 1251 1274 1278 domus
1287 1253 1372 1281 esset,
1390 1249 1419 1275 in
1445 1248 1517 1276 duas
1538 1247 1638 1275 dividit

844 1297 980 1333 regiones.
1009 1297 1159 1325 Divisionis
1187 1300 1279 1324 autem
1291 1296 1349 1323 ham
1362 1295 1414 1322 fuit
1428 1302 1524 1328 causa,
1536 1299 1566 1322 ut
1590 1301 1639 1322 su-

845 1351 931 1380 perna
943 1344 1020 1380 regio
1034 1344 1140 1379 angelis
1155 1343 1352 1375 habitaculum,
1366 1342 1481 1370 inferior
1491 1348 1557 1370 vero
1571 1348 1639 1376 prte-

845 1390 923 1418 beret
950 1390 1119 1418 hominibus.
1146 1389 1213 1418 Post
1239 1390 1298 1417 haec
1321 1389 1395 1424 quod
1424 1389 1561 1424 reliquum
1586 1387 1639 1414 fuit

845 1437 874 1464 in
889 1436 1066 1464 inferioribus
1082 1444 1228 1472 aquarum,
1242 1436 1322 1471 jussu
1344 1435 1495 1463 voluntatis
1513 1438 1635 1465 aeterna).

846 1484 923 1511 locus
938 1483 1024 1511 maris
1045 1487 1072 1510 et
1100 1483 1184 1510 chaos
1213 1482 1340 1510 effectum
1363 1481 1478 1516 recepit,
1494 1480 1588 1515 eisque
1603 1479 1636 1506 ad

844 1529 970 1558 demersa
981 1533 1008 1557 et
1026 1537 1149 1557 concava
1162 1529 1359 1561 defluentibus,
1375 1527 1453 1554 arida
1466 1527 1577 1562 quidem
1592 1534 1638 1561 ap-

844 1577 936 1612 paruit
944 1580 1026 1604 terra.
1039 1576 1272 1612 Congregationes
1284 1578 1375 1601 autem
1385 1574 1640 1609 aquarummllem

845 1627 910 1650 sunt
926 1624 1022 1650 maria.
1050 1623 1083 1650 Et
1105 1627 1167 1658 post
1182 1623 1240 1650 haec
1263 1626 1349 1655 terra,
1373 1629 1434 1658 quae
1460 1627 1637 1656 apparuerat,

844 1670 991 1698 herbarum
1006 1674 1033 1697 et
1051 1670 1233 1705 virgultorum
1258 1669 1367 1697 diversa
1379 1675 1480 1703 genera
1495 1667 1635 1702 produxit,

846 1717 936 1744 fontes
964 1723 1074 1752 quoque
1098 1720 1126 1744 et
1142 1715 1240 1744 fluvios
1272 1724 1326 1743 non
1355 1715 1445 1743 solum
1475 1714 1503 1741 in
1526 1714 1635 1749 planis,

845 1763 893 1791 sed
903 1767 931 1791 et
944 1763 972 1790 in
988 1763 1127 1790 montibus
1137 1762 1268 1798 protulit;
1286 1766 1314 1789 et
1329 1769 1369 1789 src
1378 1765 1476 1788 cuncta
1485 1764 1636 1795 praeparata

846 1813 921 1842 sunt,
935 1813 965 1836 ut
977 1808 1134 1836 hominibus
1145 1809 1192 1843 qui
1207 1808 1365 1835 habitarent
1381 1809 1409 1834 in
1437 1814 1479 1839 ea.
1495 1811 1568 1834 esset
1591 1805 1634 1832 fa-

845 1857 935 1884 cultas
951 1856 994 1883 his
1009 1855 1137 1883 omnibus
1151 1863 1202 1889 pro
1216 1855 1332 1882 arbitrio
1348 1854 1398 1886 uti,
1425 1853 1453 1880 id
1467 1856 1510 1881 est
1530 1853 1587 1881 sive
1601 1852 1635 1880 ad

846 1903 916 1931 bona
929 1902 1024 1934 velint,
1037 1901 1095 1929 sive
1109 1901 1191 1928 etiam
1209 1901 1241 1928 ad
1258 1901 1339 1928 mala.

881 1947 997 1976 XXVIII.
1026 1947 1092 1975 Post
1106 1947 1163 1975 haec
1192 1947 1280 1975 stellis
1296 1947 1414 1974 adornat
1435 1946 1537 1974 omium
1559 1945 1634 1974 istud

844 1995 961 2023 visibile.
989 1994 1080 2022 Solem
1111 2002 1221 2030 qucque
1243 1998 1270 2022 et
1291 1994 1385 2020 lunam
1412 1994 1489 2028 ponit
1501 1994 1529 2020 in
1545 2001 1588 2026 eo,
1605 1997 1636 2019 ut

844 2042 958 2070 alterius
972 2041 1075 2069 lumine
1088 2041 1158 2073 dies,
1170 2047 1197 2069 et
1213 2050 1267 2069 nox
1286 2045 1411 2069 uteretur
1439 2041 1564 2072 alterius,
1593 2041 1632 2067 si-

844 2088 957 2123 mulque
972 2091 1002 2115 ut.
1017 2091 1110 2115 essent
1121 2087 1223 2115 indicio
1233 2095 1325 2115 rerum
1341 2088 1553 2123 praatcritarum,
1564 2095 1634 2122 prae-

845 2133 966 2162 sentium
981 2139 1009 2161 ct
1024 2133 1189 2161 futurarum.
1214 2133 1268 2161 Pro
1279 2134 1368 2169 signis
1390 2133 1464 2161 enim
1479 2137 1633 2169 temporqu

846 2182 918 2210 facta
933 2185 998 2210 sunt
1014 2190 1047 2209 ac
1062 2182 1180 2214 dierum,
1197 2189 1257 2217 qua:
1269 2181 1398 2208 videntur
1411 2181 1521 2216 quidem
1534 2181 1569 2207 ab
1581 2188 1637 2207 orn-

847 2230 939 2262 nibus,
954 2229 1146 2264 intelliguntur
1161 2232 1252 2255 autem
1268 2227 1302 2254 ab
1316 2227 1434 2255 eruditis
1444 2231 1470 2253 et
1482 2226 1636 2261 intell‘gen-

847 2277 922 2304 tibus
937 2276 1015 2304 solis.
1042 2275 1166 2310 Cumque
1190 2277 1253 2310 post
1267 2274 1325 2301 haec
1349 2273 1383 2300 de
1409 2278 1482 2300 terra
1505 2276 1532 2299 et
1555 2274 1635 2307 aquis

847 2323 961 2360 produci
974 2321 1105 2358 jussisset
1120 2318 1449 2354 animantia,paradisum
1466 2317 1540 2350 fecit,
1551 2325 1632 2353 quem

846 2374 873 2398 et
887 2369 1048 2397 deliciarum
1069 2367 1160 2394 locum
1175 2366 1338 2393 nominavit.
1364 2364 1430 2392 Post
1461 2363 1518 2391 haec
1542 2367 1632 2390 autem

847 2416 940 2444 omnia
956 2414 1093 2442 hominem
1111 2413 1186 2445 fecit,
1198 2416 1310 2448 propter
1318 2420 1399 2447 quem
1416 2416 1515 2439 cuncta
1528 2417 1634 2445 praepa-

845 2466 966 2496 raverat,
992 2462 1072 2497 cujus
1098 2461 1206 2488 interna
1225 2459 1331 2495 species
1350 2463 1392 2486 est
1408 2457 1546 2492 antiquior
1562 2455 1632 2492 (20),

653 2651 836 2688 COTEIJ-JRII
862 2652 979 2680 ΝΟΤΛΕ.

36 2759 40 2767 ι
57 2725 240 2767 (Ιητεηειηξ
255 2729 321 2767 illae,
335 2739 393 2766 quia
406 2731 544 2767 exiumbra
562 2739 700 2767 corporum
716 2733 794 2766 factm

37 2763 427 2809 Mifignsulendipvetere‘s
441 2766 601 2809 ilexae'r‘neri
608 2763 611 2766 ’
618 2763 792 2809 interpretes,

36 2797 205 2840 maligni?
227 2806 325 2837 quaest.
341 2801 373 2828 61
390 2806 422 2840 _e_t
445 2802 507 2833 H4,
528 2801 652 2840 gedreno
667 2797 792 2840 aliisque.

36 2831 129 2873 ξςάτειεὶ
139 2831 362 2873 νβξὶδθνόριξι-υριξι
372 2831 521 2873 videntur:
530 2836 573 2873 νΤὸ
586 2837 641 2873 γὰρ
657 2831 751 2873 σκότοξ
761 2837 794 2864 ὲκ

36 2870 126 2900 nemo
150 2870 261 2907 οὐρανοῦ
275 2870 467 2906 mammam,
494 2872 540 2898 καί
564 2872 598 2899 τὰ
623 2870 676 2899 imo
698 2872 793 2900 τούτου

845 2733 1001 2768 σκεπόμενα
1010 2733 1130 2768 γέγονεν.
1145 2732 1216 2765 Quid
1228 2732 1252 2760 si
1266 2732 1402 2768 legamus,
1414 2732 1483 2759 κατά
1495 2732 1555 2758 loco
1570 2730 1627 2764 καί,

845 2768 896 2795 hoc
913 2767 994 2796 sensu
1012 2777 1018 2795 :
1038 2767 1160 2795 Tenelme
1173 2768 1251 2799 enim,
1269 2767 1327 2794 criti
1345 2768 1492 2794 extensione
1506 2775 1583 2801 super
1597 2774 1630 2793 ea

847 2811 905 2838 quae
921 2802 1014 2838 abgillo
1030 2802 1183 2838 tegebantur
1195 2802 1373 2838 exstiterunt?

882 2838 939 2873 (20)
959 2837 1042 2872 Cujus
1056 2836 1171 2864 interna
1193 2837 1296 2873 species
1312 2837 1513 2873 estrantiquior.
1536 2836 1631 2873 codex

845 2872 962 2902 Cat-mel.
983 2873 1031 2908 qui
1055 2873 1128 2901 notis
1146 2872 1344 2907 marginalibus
1358 2872 1385 2899 in
1410 2875 1514 2900 textum
1536 2872 1632 2905 relatis
