1892 3105
202 126 272 154 ΒΥ]

630 123 659 152 S.
677 123 877 153 CLEMENTIS
893 123 904 151 l
920 123 1005 152 ROM.
1026 122 1128 152 PONT.
1148 121 1263 151 OPERA
1281 121 1395 150 DUBIA.

1765 123 1830 151 ηξε

202 184 309 218 plenius
319 191 382 212 eum
397 184 431 212 de
442 184 486 212 his
498 190 560 220 quae
576 183 679 212 sentire
690 184 785 220 crepit,
797 183 918 212 edocuit.
935 182 989 211 Sed
1004 187 1027 217 Α
1042 183 1158 219 patriam
1180 187 1293 216 terram,
1318 183 1415 212 decem
1441 178 1529 217 plagis
1553 179 1720 209 caelestibus
1736 180 1833 212 aﬂ'ecit,

200 234 227 258 et
245 230 311 266 quid
326 231 418 266 generi
433 231 493 266 ejus
507 238 538 258 ac
556 230 709 266 posteritati
724 230 881 262 deberetur.
897 233 990 257 osten-

200 276 251 308 dit,
266 280 293 304 et
309 281 426 304 nontam
442 277 483 305 eis
494 276 584 304 danda
598 276 656 304 haec
669 276 740 309 loca,
755 283 836 312 quam
852 275 990 304 reddenda

201 322 338 358 promisit.

237 366 357 395 XXXIII.
373 366 459 403 Igitur
473 366 611 394 Abraham
621 374 686 394 cum
699 373 792 394 rerum
806 373 905 394 causas
920 366 991 394 desi-

200 412 308 441 deraret
327 419 485 448 agnoscere,
502 411 584 448 idque
599 419 692 440 secum
704 412 807 439 intenta
822 416 914 440 mente
928 419 991 447 per-

201 459 330 491 volveret,
362 459 488 494 apparuit
510 458 536 487 ei
561 466 642 486 verus
669 457 815 493 Propheta,
840 458 886 493 qui
913 459 990 486 solus

202 501 343 530 hominum
367 503 449 530 corda
472 507 500 531 et
517 503 688 538 propositum
716 504 802 536 novit,
816 504 945 531 etomnia
964 504 990 530 ei

199 555 260 582 qua
274 547 446 576 desiderabat
466 549 586 584 aperuit,
605 549 762 578 Divinitatis
787 549 930 578 scientiam
941 550 990 578 do-

199 593 267 626 cuit,
288 595 382 622 mundi
408 595 540 631 originem
556 595 692 631 ﬁnemque
717 597 820 631 pariter
847 596 988 630 indicavit,

199 638 297 666 anima:
313 639 545 668 immortalitatem
569 648 602 668 ac
623 640 731 669 vivendi
747 641 872 669 instituta
890 643 990 677 quibus

199 684 254 712 Deo
283 685 455 720 placeretur,
484 686 620 719 ostendit,
655 691 861 715 resurrecturos
880 695 990 724 quoque

199 733 332 762 mortuos,
348 730 521 765 acjudicium
536 730 670 763 futurum,
686 731 821 759 bonorum
831 739 991 760 remunera-

198 775 310 807 tionem.
325 775 459 803 malorum
474 783 581 811 poenas,
608 776 684 812 justo
696 781 797 805 cuncta
821 777 990 806 moderando

195 820 299 855 judicio
312 820 461 848 declaravit
471 841 478 853 ,
494 822 677 857 omnibusque
702 823 754 851 rite
769 830 801 851 ac
822 823 990 852 suﬁieienter

1041 229 1171 265 populum
1195 235 1262 256 vero
1280 229 1328 257 Dei
1338 228 1434 257 eduxit
1448 236 1481 256 ex
1499 227 1629 263 Egypto.
1659 226 1718 254 Sed
1733 226 1783 261 qui
1793 235 1834 254 su-

1043 274 1204 310 perfuerant
1217 283 1252 303 ex
1275 274 1423 311 Egyptiis,
1436 274 1591 309 conspirati
1608 280 1673 300 cum
1702 273 1834 300 animosi-

1040 323 1096 346 tate
1110 321 1182 355 regis
1195 321 1249 352 sui,
1265 320 1382 348 insecuti
1401 324 1466 347 sunt
1494 319 1646 351 Hebraeos;
1671 325 1750 353 quos
1776 325 1834 345 eum

1040 365 1210 399 reperissent
1224 373 1306 401 super
1318 365 1396 392 littus
1408 365 1505 396 maris,
1522 367 1549 391 et
1564 364 1729 391 interimere
1741 370 1833 390 omnes

1041 417 1073 437 ac
1089 409 1181 438 delere
1212 412 1376 447 cogitarent,
1403 409 1509 445 Moyses
1538 409 1667 437 oratione
1684 408 1724 436 ad
1752 407 1833 435 Deum

1042 456 1102 484 fusa
1114 464 1190 484 mare
1211 457 1239 484 in
1253 457 1324 485 duas
1344 460 1438 492 partes
1451 455 1557 487 divisit,
1571 455 1609 482 ita
1626 460 1657 482 ut
1677 462 1756 490 aqua
1770 454 1835 482 dex-

1041 506 1098 530 tera
1122 503 1243 538 laevaque
1270 502 1350 538 quasi
1371 502 1431 537 gelu
1456 505 1585 529 concreta
1615 506 1781 532 teneretur.
1812 505 1835 527 et

1040 548 1157 583 populus
1185 547 1296 583 quidem
1311 547 1359 575 Dei
1376 547 1508 575 transiret
1527 547 1603 574 velut
1626 546 1680 574 iter
1705 546 1834 576 aridum,

1041 593 1216 629 insequentes
1233 601 1299 621 vero
1315 601 1363 621 eos
1376 593 1497 630 Egyptii
1513 597 1617 621 temere
1640 592 1765 627 ingressi
1790 600 1834 620 ne-

1040 643 1179 667 carentur.
1205 639 1257 667 Ubi
1271 639 1345 667 enim
1361 640 1474 667 ultimus
1487 647 1520 666 ex
1535 638 1718 666 Hebraeorum
1734 638 1835 673 populo

1040 684 1175 715 ascendit.
1200 683 1392 721 (Egyptiorum
1416 692 1526 720 quoque
1547 683 1665 712 ultimus
1687 683 1835 712 descendit

1040 730 1069 758 in
1081 738 1168 763 mare,
1183 735 1211 758 et
1225 731 1358 759 continuo
1371 737 1449 766 aqua:
1462 730 1548 758 maris
1567 737 1628 764 quae
1642 733 1674 757 ut
1689 730 1756 765 gelu
1768 737 1835 757 con-

1040 778 1142 805 stricta:
1154 777 1326 809 tenebantur,
1337 780 1474 812 praecepto
1486 776 1549 811 ejus
1559 776 1607 811 qui
1621 775 1834 804 constrinxerat

1040 821 1180 854 relaxatr,
1193 829 1290 857 poenas
1312 823 1346 850 de
1366 822 1514 857 impiorum
1531 821 1632 857 popqu
1649 825 1765 856 recepta
1786 829 1834 848 na-

197 867 305 894 edoctis
319 866 352 893 ad
368 866 447 894 sedes
462 874 561 895 rursus
581 867 733 896 invisibiles
743 869 867 897 secessit.
886 869 987 897 Verum
1006 859 1027 886 Β
1040 872 1107 895 tura:
1120 875 1177 895 suae
1191 868 1318 895 libertate
1332 872 1520 903 sumpserunt.

196 918 260 939 cum
277 911 367 939 adhuc
379 912 516 940 Abraham
542 913 570 940 in
589 913 743 949 ignorantia
757 918 922 947 versaretur,
933 917 988 943 sic-

197 959 227 982 ut
242 956 291 983 tibi
306 960 333 984 et
348 961 427 984 antea
441 957 498 992 jam
511 957 642 989 diximus,
673 958 731 985 nati
741 963 806 986 sunt
818 959 844 986 ei
858 959 905 987 ﬁlii
919 960 986 993 duo,

196 1009 313 1037 quorum
326 1010 399 1030 unus
407 1001 515 1035 lsmael,
532 1003 604 1032 alius
615 1003 772 1033 Heliesdros
787 1005 844 1041 (3‘2)
859 1006 986 1040 appellati

197 1052 271 1076 sunt.
299 1048 339 1076 Ex
361 1049 416 1076 alio
437 1049 560 1077 barbarae
586 1053 698 1084 gentes,
713 1058 748 1078 ex
773 1050 826 1078 alio
841 1050 987 1079 Persarum

196 1095 289 1130 populi
306 1094 486 1122 descendunt.
507 1094 529 1122 Ε
549 1095 651 1130 quibus
662 1096 787 1124 nonnulli
803 1096 987 1126 Brachmano-

197 1149 258 1168 rum
272 1142 355 1169 vitam
370 1145 398 1169 et
412 1141 502 1169 vicina
517 1142 644 1169 instituta
657 1143 755 1170 sectati
766 1147 841 1176 sunt,
855 1144 902 1171 alii
914 1144 986 1179 apud

197 1187 325 1215 Arabiam
346 1187 542 1221 consederunt,
554 1195 588 1215 ex
601 1195 717 1224 quorum
732 1190 851 1225 posteris
862 1192 986 1220 nonnulli

195 1233 278 1259 etiam
295 1232 323 1259 in
335 1231 483 1267 :Egyptum
501 1232 618 1268 dispersi
637 1237 712 1263 sunt.
734 1233 801 1263 Inde
823 1235 941 1272 denique
958 1241 986 1265 et

197 1277 325 1305 Indorum
338 1278 450 1313 quidam
465 1282 492 1305 et
506 1276 698 1314 Egyptiorum
725 1280 886 1308 circumcidi
914 1281 987 1308 didi-

196 1331 264 1351 cero
278 1331 310 1351 ac
324 1323 445 1358 purioris
469 1323 653 1351 observantia
679 1331 742 1352 esse
769 1334 852 1361 quam
882 1327 985 1360 ceteri,

197 1370 259 1397 licet
281 1377 412 1405 processu
438 1370 569 1404 temporis
597 1371 793 1406 quamplurimi
828 1380 925 1400 eorum
951 1374 986 1401 ad

196 1415 364 1450 impietatem
375 1419 514 1442 verterent
527 1420 716 1451 argumentum
730 1421 758 1445 et
781 1417 911 1446 indicium
936 1426 985 1446 ca-

196 1461 308 1489 stitatis.
366 1465 384 1485 ει

231 1506 351 1535 XXXIV.
367 1506 561 1536 Verumtamen
576 1516 641 1536 cum
661 1509 712 1537 hos
734 1509 806 1538 duos
831 1509 902 1539 tilias
913 1515 985 1539 tern-

196 1561 272 1588 pore,
297 1561 353 1589 quo
377 1553 467 1582 adhuc
495 1554 521 1581 in
551 1555 705 1590 ignorantia
738 1563 829 1583 rerum
861 1557 986 1591 vixerat,

196 1600 374 1635 suscepisset,
390 1599 437 1628 Dei
453 1601 591 1636 agnitione
605 1606 732 1637 percepta
747 1603 814 1637 petit
824 1603 858 1630 ab
872 1611 914 1637 eo,
923 1605 988 1639 quia

195 1650 254 1673 erat
265 1645 367 1680 justus,
384 1650 415 1672 ut
428 1653 462 1673 ex
475 1645 542 1673 Sara
556 1654 617 1682 quae
629 1646 654 1674 ei
665 1651 724 1675 erat
734 1649 839 1683 conjux
855 1649 986 1684 legitima,

195 1699 258 1719 cum
280 1696 354 1719 esset
374 1691 488 1724 sterilis,
511 1692 612 1719 habere
638 1693 794 1728 progeniem
818 1699 985 1730 mereretur;

194 1740 222 1764 et
233 1739 349 1772 accepit,
370 1745 451 1773 quem
464 1741 491 1765 et
506 1736 583 1765 Isaac
599 1739 760 1771 nominavit,
781 1746 815 1766 ex
827 1747 882 1774 quo
901 1744 983 1768 natus

194 1787 237 1811 est
249 1782 352 1816 Jacob,
374 1783 409 1811 de
422 1782 508 1811 Jacob
531 1788 622 1812 autem
649 1784 794 1812 duodecim
807 1786 980 1820 patriarchae,

193 1832 221 1856 et
234 1836 268 1856 ex
283 1827 351 1864 ipsis
366 1828 508 1856 duodecim
522 1829 695 1865 septuaginta
706 1830 762 1858 duo
776 1831 843 1866 (35).
861 1831 894 1858 lli
910 1831 982 1861 fame

193 1878 290 1902 exorta
312 1875 339 1902 in
365 1875 514 1911 Egyptum
527 1876 641 1903 veniunt
658 1884 722 1904 cum
737 1877 812 1905 omni
824 1877 905 1906 domo
916 1887 979 1913 sua,

193 1926 221 1949 et
240 1921 312 1949 intra
335 1929 423 1950 annos
440 1922 656 1958 quadringentos
669 1922 726 1959 (3t)
749 1924 941 1953 benedictione
952 1930 982 1954 et

194 1968 376 2003 promissione
389 1968 437 1996 Dei
452 1968 636 2003 multiplicati,
646 1969 835 2005 aIIIigebantur
845 1972 881 1999 ab
895 1971 980 2008 [Egy-

194 2014 268 2048 ptiis.
297 2013 421 2049 Cumque
444 2013 639 2049 alligerentur,
664 2016 791 2050 apparuit
811 2024 893 2044 verus
912 2017 981 2045 Pro-

194 2064 274 2099 pheta
290 2063 375 2099 Moysi
387 2063 421 2098 ⁸ο,
434 2068 461 2091 et
473 2063 616 2100 Egyptios
630 2064 740 2100 quidem
763 2063 929 2096 resistentes,
943 2069 978 2090 ne

194 2109 369 2137 IIr-braaorum
397 2110 514 2145 populus
540 2109 627 2138 exiret
655 2110 689 2137 ab
709 2109 750 2136 eis
776 2113 804 2136 et
824 2108 926 2137 rediret
941 2107 977 2135 ad

227 2173 251 2190 “
271 2173 357 2201 Exod.
377 2181 419 2201 ιιι.
458 2173 479 2189 ⁸¹
500 2172 589 2200 lCor.
603 2181 630 2200 x.

1073 913 1181 941 XXXV.
1198 913 1264 942 Post
1289 914 1345 941 haec
1359 913 1478 949 Moyses,
1496 912 1543 940 Dei
1566 912 1659 940 omnia
1683 912 1834 948 providen-

1038 959 1074 987 tis
1089 963 1226 995 praacepto
1238 959 1415 987 Hebraeorum
1429 957 1559 994 populum
1574 957 1670 985 eduxit
1697 958 1728 985 in
1741 958 1834 986 deser-

1037 1007 1109 1037 tum,
1122 1008 1150 1032 et
1164 1004 1216 1032 iter
1230 1004 1434 1036 brevissimum,
1447 1002 1521 1038 quod
1537 1002 1590 1030 Iert
1609 1002 1644 1030 de
1660 1001 1784 1038 Egypto
1802 1004 1832 1030 ad

1040 1051 1173 1084 Judacam,
1188 1051 1357 1086 relinquens,
1373 1058 1421 1086 per
1433 1050 1528 1086 longos
1542 1050 1627 1078 eremi
1648 1049 1707 1085 (35)
1726 1050 1830 1085 plebem

1040 1097 1119 1125 duxit
1135 1096 1285 1130 anfractus,
1303 1102 1333 1124 ut
1343 1096 1522 1132 quadraginta
1539 1104 1677 1124 annorum
1690 1097 1831 1124 exercitiis

1041 1143 1112 1171 mala
1129 1150 1189 1177 qua;
1211 1143 1252 1170 eis
1271 1149 1306 1170 ex
1328 1141 1518 1178 Egyptiorum
1543 1142 1668 1170 moribus
1685 1150 1742 1170 usu
1758 1143 1829 1177 longi

1035 1189 1168 1224 temporis
1183 1187 1364 1219 inoleverant,
1379 1186 1557 1214 innovatione
1570 1190 1683 1214 mutatae
1713 1194 1832 1215 consue—

1037 1234 1142 1262 tudinis
1156 1234 1288 1262 aboleret.
1316 1233 1424 1260 Interea
1435 1232 1543 1259 venitur
1556 1231 1591 1258 ad
1613 1235 1740 1259 montem
1757 1231 1829 1262 Sina.

1036 1284 1064 1308 et
1088 1280 1152 1308 inde
1166 1280 1209 1307 lex
1233 1280 1284 1312 eis,
1304 1279 1420 1306 vocibus
1433 1282 1462 1306 et
1487 1278 1642 1306 visionibus
1669 1279 1830 1306 caelestibus

1036 1327 1154 1354 traditur
1181 1326 1278 1354 decem
1312 1325 1471 1360 conscripta
1509 1325 1678 1360 praeceptis;
1713 1333 1830 1361 quorum

1036 1372 1155 1407 primum
1181 1374 1209 1399 et
1230 1370 1382 1399 maximum
1399 1369 1462 1402 fuit,
1480 1375 1511 1397 ut
1535 1371 1624 1405 ipsum
1646 1370 1742 1397 solum
1765 1370 1832 1397 cole

1036 1420 1097 1445 rent
1113 1416 1210 1449 Deum,
1224 1423 1276 1444 nec
1301 1416 1385 1444 ullam
1400 1415 1454 1443 sibi
1475 1415 1557 1442 aliam
1569 1416 1693 1451 speciem
1717 1416 1763 1444 vel
1777 1415 1831 1443 for-

1038 1471 1112 1492 mam
1138 1465 1291 1490 statuerent
1315 1461 1349 1489 ad
1369 1460 1526 1489 colendum.
1559 1460 1613 1489 Sed
1638 1468 1705 1488 cum
1725 1460 1831 1497 Moyses

1036 1508 1207 1537 ascendisset
1224 1508 1259 1535 ad
1276 1511 1408 1540 montem,
1423 1507 1517 1542 ibique
1535 1507 1632 1534 diebus
1647 1507 1831 1542 quadraginta

1040 1557 1205 1585 moraretur,
1230 1553 1348 1588 populus
1371 1553 1419 1588 qui
1434 1552 1530 1581 decem
1556 1552 1646 1588 plagis
1667 1560 1830 1587 percussam

1037 1600 1144 1628 viderat
1158 1598 1318 1634 Egyptum,
1333 1602 1362 1626 et
1375 1598 1532 1634 disruptum
1561 1605 1639 1625 mare
1659 1605 1693 1625 ac
1716 1597 1831 1633 pedibus

1037 1645 1202 1680 digressum,
1226 1651 1327 1671 manna
1342 1651 1452 1679 quoque
1476 1643 1530 1670 sibi
1559 1650 1609 1679 pro
1633 1650 1708 1678 pane
1721 1645 1830 1671 cmlitus

1037 1692 1131 1719 datum
1145 1695 1172 1719 et
1183 1699 1218 1719 ex
1232 1691 1360 1726 sequenti
1373 1694 1450 1725 petra
1463 1690 1592 1725 poculum
1603 1690 1797 1717 ministratum
1810 1691 1831 1706 "

1035 1739 1108 1776 (qua
1121 1738 1227 1773 species
1255 1737 1311 1764 cibi
1321 1736 1378 1772 (56)
1390 1743 1439 1771 per
1459 1735 1588 1763 virtutem
1615 1734 1679 1767 Dei,
1694 1735 1725 1763 in
1748 1744 1829 1771 quem

1035 1785 1152 1822 quisque
1161 1783 1358 1815 desiderasset,
1371 1784 1525 1809 verteretur
1549 1781 1701 1816 saporem),
1713 1789 1830 1817 cumque

1041 1831 1094 1859 sub
1107 1831 1185 1866 plaga
1199 1830 1261 1858 celi
1276 1829 1432 1871 ardentiore
1448 1828 1530 1864 positi
1542 1831 1646 1860 essent,
1667 1834 1703 1854 ne
1719 1827 1830 1855 astibus

1043 1881 1234 1913 coquerentur,
1245 1877 1317 1905 nube
1327 1875 1560 1904 obumbrabantur
1570 1874 1598 1901 in
1611 1873 1667 1907 die,
1676 1879 1760 1901 nocte
1770 1881 1830 1901 nam

1033 1920 1161 1949 columna
1181 1919 1253 1955 ignis
1274 1916 1513 1947 illuminabantur,
1530 1921 1566 1942 ne
1590 1914 1624 1942 ad
1633 1915 1722 1942 eremi
1746 1916 1828 1942 vasti.

1034 1972 1118 1995 tatem
1132 1967 1231 1995 borror
1248 1971 1358 2000 quoque
1377 1962 1519 1990 accederet
1536 1962 1720 1988 tenebrarum
1735 1971 1742 1988 :
1758 1969 1826 1992 cu,

1035 2015 1160 2049 inquam.
1178 2015 1334 2040 moraretur
1348 2009 1476 2044 Moyses,
1501 2007 1555 2042 ipsi
1581 2008 1740 2035 secundum
1770 2014 1824 2042 spe-

1034 2062 1104 2089 ciem
1132 2059 1240 2095 Apidis,
1267 2063 1350 2092 quem
1365 2056 1419 2083 coli
1439 2055 1468 2081 in
1491 2053 1610 2090 Egypto
1627 2053 1769 2085 viderant.
1781 2060 1826 2080 au-

1033 2114 1111 2135 reum
1140 2108 1223 2141 caput
1254 2102 1334 2131 vituli
1348 2101 1494 2139 .facientes
1515 2100 1707 2128 adoraverunt
1722 2100 1825 2135 (37),:t

841 2251 1024 2280 COTELEBJI
1051 2250 1168 2279 NOTAE.

231 2311 288 2347 (3‘2)
310 2311 474 2339 Hetiemror.
491 2310 635 2347 Exemplar
644 2309 885 2347 Candelerianunr,
898 2309 983 2347 Elies-
1000 2314 1020 2341 ο
1034 2314 1070 2347 tes
1094 2308 1202 2347 vestigia
1227 2307 1451 2347 commeantium,
1471 2309 1589 2347 cit-tremo
1612 2312 1727 2345 {eorum
1752 2304 1821 2347 ἀπιεῖ

192 2344 266 2375 duis.
279 2344 493 2375 'Carlneliticum
504 2367 512 2378 ,
535 2344 723 2374 Helimesdros.
741 2346 820 2374 Petili
833 2366 841 2377 ,
860 2344 982 2372 Helihes-

192 2383 267 2409 drus.
276 2381 346 2409 Puto
357 2390 418 2409 esse
431 2381 501 2410 idem
512 2389 610 2409 nomen
623 2390 654 2410 ac
662 2380 821 2417 Ἐλιὲζερος,
833 2381 981 2412 Eliezerus,

193 2418 344 2446 Damascus
360 2417 474 2450 Eliezer,
494 2417 594 2445 Genes.
611 2425 644 2444 xv
656 2437 664 2450 ,
681 2417 715 2449 2,
732 2425 780 2452 per
794 2425 873 2452 quem
890 2418 981 2443 locum

192 2453 326 2481 evertitur
345 2453 436 2480 fabula
454 2453 510 2480 lucc
522 2472 530 2484 ,
554 2460 568 2478 ιι
589 2453 843 2487 pseudo-Clemente
858 2459 891 2478 ex
912 2458 982 2487 rapo-

191 2488 296 2523 crypho
309 2488 462 2521 vetustiori,
472 2492 500 2515 ut
511 2488 628 2521 videtur,
642 2488 795 2523 desumpta.
806 2487 875 2523 Lege
889 2486 935 2513 lib.
948 2493 979 2516 ιι,

273 2523 285 2550 I
298 2522 497 2586 éOClementina
518 2523 612 2551 homil.
638 2523 667 2556 2,
690 2532 719 2550 n.
741 2522 769 2556 I,
795 2528 822 2550 ei
846 2522 980 2557 Ερίιυηκ,

190 2566 253 2587 cao.
298 2566 344 2586 Συ.

225 2567 284 2630 ἳέὸ)
298 2567 486 2630 Ζὲέριιωθξῃια
511 2593 589 2630 duo,
606 2592 742 2630 Numerus
763 2593 818 2630 iste
839 2599 891 2619 non
917 2599 982 2630 con-

190 2627 468 2664 sta't.Constaret'62,
483 2629 547 2664 quia
562 2628 608 2662 62,
623 2636 686 2656 cum
703 2628 849 2656 duodecim
865 2627 981 2664 patriar-

189 2665 251 2693 chis
269 2670 296 2691 et
315 2661 539 2696 JacoboJacinnt
559 2665 592 2692 75
603 2684 610 2697 .
627 2667 694 2699 quot
709 2667 850 2698 ponuntur
866 2661 881 2689 ᾖ
897 2661 979 2699 LXX.

190 2699 288 2727 Genes.
306 2708 379 2732 var,
391 2700 436 2731 '27,
448 2703 476 2728 et
487 2699 574 2728 Exod.
591 2708 612 2731 ι,
628 2698 655 2731 5,
668 2699 785 2733 indeque
795 2699 857 2725 Act.
869 2706 918 2730 vn,
935 2698 980 2724 Η.

226 2735 283 2770 (at)
305 2735 383 2762 Intra
397 2743 479 2762 annos
495 2735 710 2769 quadringentos.
720 2733 858 2764 Geneseos
878 2741 924 2765 xv,
934 2733 980 2765 15,

191 2771 237 2797 ubi
252 2770 415 2797 consulendi
429 2771 602 2804 interpretes.

226 2805 283 2841 (ἥδ)
306 2805 356 2832 Per
372 2805 461 2841 longos
474 2803 569 2841 eremi,
594 2809 648 2833 etc.
665 2804 704 2841 Ita
727 2805 786 2841 lego
806 2803 834 2841 in
850 2811 976 2831 sermone

193 2839 224 2867 S.
242 2839 310 2867 Galli
329 2839 514 2872 confessoris,
530 2847 590 2877 cap.
605 2841 622 2868 5
641 2851 646 2867 :
665 2839 761 2868 Omnes
777 2839 857 2876 igitur
868 2847 977 2875 sequen-

1036 2346 1126 2372 thrum
1148 2339 1265 2379 ingresso
1288 2343 1354 2379 (non
1378 2341 1511 2377 ingressi),
1529 2339 1730 2379 nouissimoqtre

1035 2380 1085 2407 Dei
1096 2379 1130 2406 ad
1145 2374 1267 2406 na'mrale
1284 2374 1358 2404 littus
1379 2374 1553 2411 transgresso,
1570 2375 1609 2401 ita
1619 2379 1684 2401 sunt
1697 2374 1823 2411 mentitas

1036 2423 1166 2450 aquarum
1189 2414 1318 2450 inuoluti,
1333 2417 1363 2450 ut
1384 2409 1473 2438 nullus
1496 2414 1644 2450 remanere:
1663 2410 1710 2444 qui
1729 2409 1822 2450 [etiam

1035 2443 1107 2477 domi
1123 2448 1299 2477 residentibus
1312 2443 1418 2482 referre
1437 2446 1575 2480 potuisset.
1598 2443 1631 2482 Et
1645 2443 1709 2479 cap.
1727 2447 1745 2471 6
1763 2454 1769 2471 :
1787 2445 1823 2471 Sic

1035 2494 1078 2513 eos
1092 2493 1137 2520 per
1151 2485 1290 2520 decertant
1303 2479 1480 2520 quadraginta
1500 2488 1582 2507 annos
1596 2479 1635 2520 adi
1647 2484 1749 2520 terrain
1769 2488 1823 2519 pro-

1032 2514 1166 2548 miss'ionis
1173 2514 1360 2551 circumducit,
1368 2514 1449 2543 donec
1456 2517 1636 2543 desuescerent
1645 2514 1822 2551 idololatria;

1032 2556 1064 2582 de
1078 2564 1130 2591 qua
1138 2560 1215 2591 erant
1226 2554 1324 2586 educti,
1339 2557 1363 2580 et
1376 2559 1456 2588 quam
1467 2551 1612 2585 ubicunque
1624 2550 1743 2576 uenirent
1753 2552 1823 2576 erat

1035 2590 1173 2617 inventuri.

1031 2599 1211 2661 ἠ’ξᾙῖἶὶιε
1233 2624 1329 2659 species
1346 2622 1407 2655 cibi,
1423 2625 1477 2648 etc.
1495 2619 1620 2661 [tesp‘ieit
1639 2619 1677 2647 ad
1690 2619 1786 2647 locum
1799 2617 1822 2645 Ii-

1032 2655 1076 2690 bri
1088 2655 1321 2695 sapientiaafcap.
1338 2666 1394 2689 va,
1408 2665 1481 2695 vers.
1497 2656 1545 2695 20,

1068 2689 1134 2732 (:57)-
1147 2695 1202 2729 Ipsi
1216 2689 1359 2732 secundum
1370 2692 1481 2732 speciem
1495 2689 1819 2732 dpidis...__ndorovau_&

1035 2724 1138 2759 Scribit
1144 2724 1236 2757 tamen
1248 2730 1322 2757 hunc
1332 2729 1359 2755 in
1371 2724 1481 2754 modum
1493 2725 1614 2753 Joannes
1623 2724 1818 2759 Damascenis.

1035 2758 1079 2800 Ill,
1094 2770 1187 2793 contra
1207 2763 1394 2792 [canamus/los
1408 2770 1418 2789 :
1441 2761 1478 2788 Οὐ
1495 2760 1549 2797 γὰρ
1565 2761 1698 2794 ἐποίησαν
1710 2759 1775 2789 Διὸς
1786 2758 1818 2784 ιι-

1030 2802 1123 2831 δωλον,
1140 2800 1157 2834 ἢ
1173 2800 1261 2833 τοῦδε,
1281 2799 1298 2834 ἢ
1315 2797 1403 2830 τοῦδε,
1554 2796 1646 2834 ἔτυχεν

1030 2802 1123 2831 δωλον,
1140 2800 1261 2862 ὶὶτοῦδε,
1281 2800 1298 2834 ἦ
1315 2800 1403 2830 τοῦδε,
1423 2800 1479 2823 ἀλλ’
1497 2800 1534 2827 ὼς
1554 2800 1646 2830 ἔτυχεν
1660 2800 1815 2836 teran

1029 2836 1129 2876 χρυσὸν
1166 2835 1196 2861 πὶ
1215 2836 1246 2862 τὸ
1273 2834 1382 2869 ποιῆσαι
1400 2831 1508 2859 εἴδωλον
1525 2832 1593 2867 ὅπερ
1610 2832 1642 2858 ἂν
1667 2837 1752 2866 tum,
1774 2826 1815 2855 ul
