  <div class='ocr_page' id='page_1' title='image "/cluster/home/n/w/nwhite01/storage/ocr_20150623/1/njp.32101077772331/744.png"; bbox 0 0 1892 3105; ppageno 0'>
   <div class='ocr_carea' id='block_1_1' title="bbox 22 99 113 127">
    <p class='ocr_par' dir='ltr' id='par_1_1' title="bbox 22 99 113 127">
     <span class='ocr_line' id='line_1_1' title="bbox 22 99 113 127; baseline 0.011 -1"><span class='ocrx_word' id='word_1_1' title='bbox 22 99 113 127; x_wconf 67' lang='grc'><strong>12⁸29</strong></span> 
     </span>
    </p>
   </div>
   <div class='ocr_carea' id='block_1_2' title="bbox 647 93 1051 126">
    <p class='ocr_par' dir='ltr' id='par_1_2' title="bbox 647 93 1051 126">
     <span class='ocr_line' id='line_1_2' title="bbox 647 93 1051 126; baseline -0.002 -1"><span class='ocrx_word' id='word_1_2' title='bbox 647 93 932 126; x_wconf 75' lang='lat' dir='ltr'><strong>RECOGNlTlONUM</strong></span> <span class='ocrx_word' id='word_1_3' title='bbox 949 94 1012 124; x_wconf 86' lang='lat' dir='ltr'><strong>LIB.</strong></span> <span class='ocrx_word' id='word_1_4' title='bbox 1032 98 1051 125; x_wconf 89' lang='grc' dir='ltr'><strong>Ι.</strong></span> 
     </span>
    </p>
   </div>
   <div class='ocr_carea' id='block_1_3' title="bbox 1610 94 1679 127">
    <p class='ocr_par' dir='ltr' id='par_1_3' title="bbox 1610 94 1679 127">
     <span class='ocr_line' id='line_1_3' title="bbox 1610 94 1679 127; baseline 0.014 -1"><span class='ocrx_word' id='word_1_5' title='bbox 1610 94 1679 127; x_wconf 67' lang='grc'><strong>1230</strong></span> 
     </span>
    </p>
   </div>
   <div class='ocr_carea' id='block_1_4' title="bbox 20 153 1680 192">
    <p class='ocr_par' dir='ltr' id='par_1_4' title="bbox 20 153 1680 192">
     <span class='ocr_line' id='line_1_4' title="bbox 20 153 1680 192; baseline -0.001 -8"><span class='ocrx_word' id='word_1_6' title='bbox 20 161 104 191; x_wconf 85' lang='lat' dir='ltr'><strong>post</strong></span> <span class='ocrx_word' id='word_1_7' title='bbox 125 160 173 184; x_wconf 87' lang='lat' dir='ltr'><strong>tot</strong></span> <span class='ocrx_word' id='word_1_8' title='bbox 200 164 232 184; x_wconf 87' lang='lat' dir='ltr'><strong>ac</strong></span> <span class='ocrx_word' id='word_1_9' title='bbox 251 159 329 184; x_wconf 86' lang='lat' dir='ltr'><strong>tanta</strong></span> <span class='ocrx_word' id='word_1_10' title='bbox 352 163 414 192; x_wconf 70' lang='lat' dir='ltr'><strong>qua:</strong></span> <span class='ocrx_word' id='word_1_11' title='bbox 427 156 554 184; x_wconf 89' lang='lat' dir='ltr'><strong>viderant</strong></span> <span class='ocrx_word' id='word_1_12' title='bbox 565 155 712 187; x_wconf 80' lang='lat' dir='ltr'><strong>mirabilia,</strong></span> <span class='ocrx_word' id='word_1_13' title='bbox 735 154 836 183; x_wconf 85' lang='lat' dir='ltr'><strong>veteris</strong></span> <span class='ocrx_word' id='word_1_14' title='bbox 850 156 876 186; x_wconf 71' lang='grc' dir='ltr'><strong>Α</strong></span> <span class='ocrx_word' id='word_1_15' title='bbox 925 153 1157 191; x_wconf 77' lang='lat' dir='ltr'><strong>XXXVllngitur</strong></span> <span class='ocrx_word' id='word_1_16' title='bbox 1169 153 1318 190; x_wconf 77' lang='lat' dir='ltr'><strong>Moyses“,</strong></span> <span class='ocrx_word' id='word_1_17' title='bbox 1334 153 1377 183; x_wconf 86' lang='lat' dir='ltr'><strong>his</strong></span> <span class='ocrx_word' id='word_1_18' title='bbox 1391 153 1606 187; x_wconf 71' lang='lat' dir='ltr'><strong>administratis,</strong></span> <span class='ocrx_word' id='word_1_19' title='bbox 1623 156 1680 182; x_wconf 85' lang='lat' dir='ltr'><strong>An-</strong></span> 
     </span>
    </p>
   </div>
   <div class='ocr_carea' id='block_1_5' title="bbox 18 200 842 236">
    <p class='ocr_par' dir='ltr' id='par_1_5' title="bbox 18 200 842 236">
     <span class='ocr_line' id='line_1_5' title="bbox 18 200 842 236; baseline -0.001 -8"><span class='ocrx_word' id='word_1_20' title='bbox 18 202 256 230; x_wconf 80' lang='lat' dir='ltr'><strong>conSuetudinis</strong></span> <span class='ocrx_word' id='word_1_21' title='bbox 276 201 372 230; x_wconf 82' lang='lat' dir='ltr'><strong>sordes</strong></span> <span class='ocrx_word' id='word_1_22' title='bbox 396 202 511 229; x_wconf 88' lang='lat' dir='ltr'><strong>elimare</strong></span> <span class='ocrx_word' id='word_1_23' title='bbox 540 209 556 229; x_wconf 92' lang='lat' dir='ltr'><strong>a</strong></span> <span class='ocrx_word' id='word_1_24' title='bbox 582 208 613 229; x_wconf 88' lang='lat' dir='ltr'><strong>se</strong></span> <span class='ocrx_word' id='word_1_25' title='bbox 637 204 718 236; x_wconf 87' lang='lat' dir='ltr'><strong>atque</strong></span> <span class='ocrx_word' id='word_1_26' title='bbox 735 200 842 228; x_wconf 88' lang='lat' dir='ltr'><strong>abster-</strong></span> 
     </span>
    </p>
   </div>
   <div class='ocr_carea' id='block_1_6' title="bbox 18 245 841 283">
    <p class='ocr_par' dir='ltr' id='par_1_6' title="bbox 18 245 841 283">
     <span class='ocr_line' id='line_1_6' title="bbox 18 245 841 283; baseline -0.002 -9"><span class='ocrx_word' id='word_1_27' title='bbox 18 255 106 282; x_wconf 76' lang='lat' dir='ltr'><strong>gere</strong></span> <span class='ocrx_word' id='word_1_28' title='bbox 122 248 320 283; x_wconf 86' lang='lat' dir='ltr'><strong>nequiverunt.</strong></span> <span class='ocrx_word' id='word_1_29' title='bbox 337 246 371 274; x_wconf 83' lang='lat' dir='ltr'><strong>Et</strong></span> <span class='ocrx_word' id='word_1_30' title='bbox 386 247 422 274; x_wconf 92' lang='lat' dir='ltr'><strong>ob</strong></span> <span class='ocrx_word' id='word_1_31' title='bbox 430 247 483 274; x_wconf 91' lang='lat' dir='ltr'><strong>hoc</strong></span> <span class='ocrx_word' id='word_1_32' title='bbox 497 247 588 274; x_wconf 83' lang='lat' dir='ltr'><strong>brevis</strong></span> <span class='ocrx_word' id='word_1_33' title='bbox 603 246 687 281; x_wconf 90' lang='lat' dir='ltr'><strong>spatii</strong></span> <span class='ocrx_word' id='word_1_34' title='bbox 702 246 755 273; x_wconf 90' lang='lat' dir='ltr'><strong>iter</strong></span> <span class='ocrx_word' id='word_1_35' title='bbox 765 245 841 280; x_wconf 93' lang='lat' dir='ltr'><strong>quod</strong></span> 
     </span>
    </p>
   </div>
   <div class='ocr_carea' id='block_1_7' title="bbox 19 290 840 328">
    <p class='ocr_par' dir='ltr' id='par_1_7' title="bbox 19 290 840 328">
     <span class='ocr_line' id='line_1_7' title="bbox 19 290 840 328; baseline -0.005 -7"><span class='ocrx_word' id='word_1_36' title='bbox 19 301 62 320; x_wconf 60' lang='lat' dir='ltr'><strong>ea</strong></span> <span class='ocrx_word' id='word_1_37' title='bbox 82 292 214 328; x_wconf 59' lang='lat' dir='ltr'><strong>Egypto</strong></span> <span class='ocrx_word' id='word_1_38' title='bbox 226 293 302 320; x_wconf 86' lang='lat' dir='ltr'><strong>ducit</strong></span> <span class='ocrx_word' id='word_1_39' title='bbox 321 292 355 319; x_wconf 88' lang='lat' dir='ltr'><strong>ad</strong></span> <span class='ocrx_word' id='word_1_40' title='bbox 368 291 489 319; x_wconf 73' lang='lat' dir='ltr'><strong>Judzeam</strong></span> <span class='ocrx_word' id='word_1_41' title='bbox 508 291 682 326; x_wconf 87' lang='lat' dir='ltr'><strong>relinquens,</strong></span> <span class='ocrx_word' id='word_1_42' title='bbox 707 290 840 318; x_wconf 84' lang='lat' dir='ltr'><strong>immenso</strong></span> 
     </span>
    </p>
   </div>
   <div class='ocr_carea' id='block_1_8' title="bbox 18 334 840 372">
    <p class='ocr_par' dir='ltr' id='par_1_8' title="bbox 18 334 840 372">
     <span class='ocr_line' id='line_1_8' title="bbox 18 334 840 372; baseline -0.006 -7"><span class='ocrx_word' id='word_1_43' title='bbox 18 339 131 366; x_wconf 87' lang='lat' dir='ltr'><strong>eremi</strong></span> <span class='ocrx_word' id='word_1_44' title='bbox 158 338 263 365; x_wconf 81' lang='lat' dir='ltr'><strong>ambitu</strong></span> <span class='ocrx_word' id='word_1_45' title='bbox 290 337 347 372; x_wconf 86' lang='lat' dir='ltr'><strong>egit</strong></span> <span class='ocrx_word' id='word_1_46' title='bbox 359 343 409 364; x_wconf 89' lang='lat' dir='ltr'><strong>eos</strong></span> <span class='ocrx_word' id='word_1_47' title='bbox 427 335 546 371; x_wconf 78' lang='lat' dir='ltr'><strong>Moyses,</strong></span> <span class='ocrx_word' id='word_1_48' title='bbox 570 335 593 363; x_wconf 93' lang='lat' dir='ltr'><strong>si</strong></span> <span class='ocrx_word' id='word_1_49' title='bbox 609 335 680 362; x_wconf 79' lang='lat' dir='ltr'><strong>forte</strong></span> <span class='ocrx_word' id='word_1_50' title='bbox 694 334 791 369; x_wconf 84' lang='lat' dir='ltr'><strong>possit,</strong></span> <span class='ocrx_word' id='word_1_51' title='bbox 810 338 840 361; x_wconf 91' lang='lat' dir='ltr'><strong>ut</strong></span> 
     </span>
    </p>
   </div>
   <div class='ocr_carea' id='block_1_9' title="bbox 18 381 838 419">
    <p class='ocr_par' dir='ltr' id='par_1_9' title="bbox 18 381 838 419">
     <span class='ocr_line' id='line_1_9' title="bbox 18 381 838 419; baseline -0.004 -8"><span class='ocrx_word' id='word_1_52' title='bbox 18 385 179 419; x_wconf 82' lang='lat' dir='ltr'><strong>superius</strong></span> <span class='ocrx_word' id='word_1_53' title='bbox 213 382 447 415; x_wconf 88' lang='lat' dir='ltr'><strong>memoravimus,</strong></span> <span class='ocrx_word' id='word_1_54' title='bbox 478 386 594 410; x_wconf 70' lang='lat' dir='ltr'><strong>vetustte</strong></span> <span class='ocrx_word' id='word_1_55' title='bbox 625 381 838 409; x_wconf 80' lang='lat' dir='ltr'><strong>consuetudinis</strong></span> 
     </span>
    </p>
   </div>
   <div class='ocr_carea' id='block_1_10' title="bbox 18 428 839 465">
    <p class='ocr_par' dir='ltr' id='par_1_10' title="bbox 18 428 839 465">
     <span class='ocr_line' id='line_1_10' title="bbox 18 428 839 465; baseline -0.004 -7"><span class='ocrx_word' id='word_1_56' title='bbox 18 431 115 458; x_wconf 78' lang='lat' dir='ltr'><strong>mala</strong></span> <span class='ocrx_word' id='word_1_57' title='bbox 151 431 268 458; x_wconf 73' lang='lat' dir='ltr'><strong>novellae</strong></span> <span class='ocrx_word' id='word_1_58' title='bbox 299 429 484 458; x_wconf 83' lang='lat' dir='ltr'><strong>institutionis</strong></span> <span class='ocrx_word' id='word_1_59' title='bbox 517 428 720 465; x_wconf 84' lang='lat' dir='ltr'><strong>permutatione</strong></span> <span class='ocrx_word' id='word_1_60' title='bbox 746 428 839 456; x_wconf 82' lang='lat' dir='ltr'><strong>discu-</strong></span> 
     </span>
    </p>
   </div>
   <div class='ocr_carea' id='block_1_11' title="bbox 17 481 111 503">
    <p class='ocr_par' dir='ltr' id='par_1_11' title="bbox 17 481 111 503">
     <span class='ocr_line' id='line_1_11' title="bbox 17 481 111 503; baseline 0 0"><span class='ocrx_word' id='word_1_61' title='bbox 17 481 111 503; x_wconf 84' lang='lat' dir='ltr'><strong>tere.</strong></span> 
     </span>
    </p>
   </div>
   <div class='ocr_carea' id='block_1_12' title="bbox 67 518 838 554">
    <p class='ocr_par' dir='ltr' id='par_1_12' title="bbox 67 518 838 554">
     <span class='ocr_line' id='line_1_12' title="bbox 67 518 838 554; baseline -0.004 -6"><span class='ocrx_word' id='word_1_62' title='bbox 67 520 209 549; x_wconf 77' lang='lat' dir='ltr'><strong>XXXVI.</strong></span> <span class='ocrx_word' id='word_1_63' title='bbox 236 521 305 549; x_wconf 83' lang='lat' dir='ltr'><strong>Cum</strong></span> <span class='ocrx_word' id='word_1_64' title='bbox 320 520 430 549; x_wconf 87' lang='lat' dir='ltr'><strong>interim</strong></span> <span class='ocrx_word' id='word_1_65' title='bbox 449 519 538 547; x_wconf 90' lang='lat' dir='ltr'><strong>ﬁdelis</strong></span> <span class='ocrx_word' id='word_1_66' title='bbox 550 522 578 547; x_wconf 91' lang='lat' dir='ltr'><strong>et</strong></span> <span class='ocrx_word' id='word_1_67' title='bbox 594 519 714 554; x_wconf 81' lang='lat' dir='ltr'><strong>prudens</strong></span> <span class='ocrx_word' id='word_1_68' title='bbox 728 518 838 554; x_wconf 82' lang='lat' dir='ltr'><strong>dispen-</strong></span> 
     </span>
    </p>
   </div>
   <div class='ocr_carea' id='block_1_13' title="bbox 13 563 837 606">
    <p class='ocr_par' dir='ltr' id='par_1_13' title="bbox 13 563 837 606">
     <span class='ocr_line' id='line_1_13' title="bbox 13 563 837 606; baseline -0.006 -11"><span class='ocrx_word' id='word_1_69' title='bbox 13 572 118 595; x_wconf 81' lang='lat' dir='ltr'><strong>sator</strong></span> <span class='ocrx_word' id='word_1_70' title='bbox 147 567 256 606; x_wconf 62' lang='lat' dir='ltr'><strong>Moyses</strong></span> <span class='ocrx_word' id='word_1_71' title='bbox 278 566 436 604; x_wconf 82' lang='lat' dir='ltr'><strong>pervidens,</strong></span> <span class='ocrx_word' id='word_1_72' title='bbox 464 565 564 601; x_wconf 91' lang='lat' dir='ltr'><strong>populo</strong></span> <span class='ocrx_word' id='word_1_73' title='bbox 583 572 616 592; x_wconf 86' lang='lat' dir='ltr'><strong>ex</strong></span> <span class='ocrx_word' id='word_1_74' title='bbox 642 563 837 600; x_wconf 65' lang='lat' dir='ltr'><strong>Egyptiorum</strong></span> 
     </span>
    </p>
   </div>
   <div class='ocr_carea' id='block_1_14' title="bbox 11 608 836 642">
    <p class='ocr_par' dir='ltr' id='par_1_14' title="bbox 11 608 836 642">
     <span class='ocr_line' id='line_1_14' title="bbox 11 608 836 642; baseline -0.01 1"><span class='ocrx_word' id='word_1_75' title='bbox 11 613 188 642; x_wconf 72' lang='lat' dir='ltr'><strong>consortio</strong></span> <span class='ocrx_word' id='word_1_76' title='bbox 199 615 279 641; x_wconf 86' lang='lat' dir='ltr'><strong>altius</strong></span> <span class='ocrx_word' id='word_1_77' title='bbox 296 611 448 641; x_wconf 79' lang='lat' dir='ltr'><strong>inolevlsse</strong></span> <span class='ocrx_word' id='word_1_78' title='bbox 457 611 553 639; x_wconf 85' lang='lat' dir='ltr'><strong>vitium</strong></span> <span class='ocrx_word' id='word_1_79' title='bbox 566 609 648 637; x_wconf 82' lang='lat' dir='ltr'><strong>idolis</strong></span> <span class='ocrx_word' id='word_1_80' title='bbox 665 608 836 640; x_wconf 76' lang='lat' dir='ltr'><strong>immolandi,</strong></span> 
     </span>
    </p>
   </div>
   <div class='ocr_carea' id='block_1_15' title="bbox 10 655 838 696">
    <p class='ocr_par' dir='ltr' id='par_1_15' title="bbox 10 655 838 696">
     <span class='ocr_line' id='line_1_15' title="bbox 10 655 838 696; baseline -0.01 -7"><span class='ocrx_word' id='word_1_81' title='bbox 10 668 79 688; x_wconf 83' lang='lat' dir='ltr'><strong>nec</strong></span> <span class='ocrx_word' id='word_1_82' title='bbox 99 668 193 696; x_wconf 81' lang='lat' dir='ltr'><strong>posse</strong></span> <span class='ocrx_word' id='word_1_83' title='bbox 210 661 243 688; x_wconf 86' lang='lat' dir='ltr'><strong>de</strong></span> <span class='ocrx_word' id='word_1_84' title='bbox 257 660 298 688; x_wconf 88' lang='lat' dir='ltr'><strong>eis</strong></span> <span class='ocrx_word' id='word_1_85' title='bbox 315 659 436 687; x_wconf 87' lang='lat' dir='ltr'><strong>radicem</strong></span> <span class='ocrx_word' id='word_1_86' title='bbox 453 657 518 686; x_wconf 87' lang='lat' dir='ltr'><strong>mali</strong></span> <span class='ocrx_word' id='word_1_87' title='bbox 535 656 618 690; x_wconf 85' lang='lat' dir='ltr'><strong>hujus</strong></span> <span class='ocrx_word' id='word_1_88' title='bbox 632 655 732 687; x_wconf 84' lang='lat' dir='ltr'><strong>excidi,</strong></span> <span class='ocrx_word' id='word_1_89' title='bbox 742 655 838 682; x_wconf 90' lang='lat' dir='ltr'><strong>immo-</strong></span> 
     </span>
    </p>
   </div>
   <div class='ocr_carea' id='block_1_16' title="bbox 10 699 835 741">
    <p class='ocr_par' dir='ltr' id='par_1_16' title="bbox 10 699 835 741">
     <span class='ocr_line' id='line_1_16' title="bbox 10 699 835 741; baseline -0.01 -7"><span class='ocrx_word' id='word_1_90' title='bbox 10 707 89 734; x_wconf 83' lang='lat' dir='ltr'><strong>lare</strong></span> <span class='ocrx_word' id='word_1_91' title='bbox 120 706 237 741; x_wconf 84' lang='lat' dir='ltr'><strong>quidem</strong></span> <span class='ocrx_word' id='word_1_92' title='bbox 260 706 300 733; x_wconf 86' lang='lat' dir='ltr'><strong>eis</strong></span> <span class='ocrx_word' id='word_1_93' title='bbox 320 705 470 737; x_wconf 82' lang='lat' dir='ltr'><strong>concessit,</strong></span> <span class='ocrx_word' id='word_1_94' title='bbox 497 702 544 732; x_wconf 85' lang='lat' dir='ltr'><strong>sed</strong></span> <span class='ocrx_word' id='word_1_95' title='bbox 559 701 615 729; x_wconf 89' lang='lat' dir='ltr'><strong>Deo</strong></span> <span class='ocrx_word' id='word_1_96' title='bbox 636 701 688 729; x_wconf 91' lang='lat' dir='ltr'><strong>soli</strong></span> <span class='ocrx_word' id='word_1_97' title='bbox 709 701 761 728; x_wconf 93' lang='lat' dir='ltr'><strong>hoc</strong></span> <span class='ocrx_word' id='word_1_98' title='bbox 776 699 835 728; x_wconf 90' lang='lat' dir='ltr'><strong>ﬁeri</strong></span> 
     </span>
    </p>
   </div>
   <div class='ocr_carea' id='block_1_17' title="bbox 11 746 836 787">
    <p class='ocr_par' dir='ltr' id='par_1_17' title="bbox 11 746 836 787">
     <span class='ocr_line' id='line_1_17' title="bbox 11 746 836 787; baseline -0.007 -9"><span class='ocrx_word' id='word_1_99' title='bbox 11 753 184 787; x_wconf 80' lang='lat' dir='ltr'><strong>permisit,</strong></span> <span class='ocrx_word' id='word_1_100' title='bbox 201 755 230 779; x_wconf 90' lang='lat' dir='ltr'><strong>ut</strong></span> <span class='ocrx_word' id='word_1_101' title='bbox 249 751 369 779; x_wconf 88' lang='lat' dir='ltr'><strong>mediam</strong></span> <span class='ocrx_word' id='word_1_102' title='bbox 382 749 586 785; x_wconf 83' lang='lat' dir='ltr'><strong>quodammodo</strong></span> <span class='ocrx_word' id='word_1_103' title='bbox 601 751 705 784; x_wconf 85' lang='lat' dir='ltr'><strong>partem</strong></span> <span class='ocrx_word' id='word_1_104' title='bbox 721 746 780 774; x_wconf 82' lang='lat' dir='ltr'><strong>vitii</strong></span> <span class='ocrx_word' id='word_1_105' title='bbox 796 747 836 773; x_wconf 92' lang='lat' dir='ltr'><strong>al-</strong></span> 
     </span>
    </p>
   </div>
   <div class='ocr_carea' id='block_1_18' title="bbox 9 792 835 830">
    <p class='ocr_par' dir='ltr' id='par_1_18' title="bbox 9 792 835 830">
     <span class='ocr_line' id='line_1_18' title="bbox 9 792 835 830; baseline -0.01 -4"><span class='ocrx_word' id='word_1_106' title='bbox 9 800 84 825; x_wconf 88' lang='lat' dir='ltr'><strong>tius</strong></span> <span class='ocrx_word' id='word_1_107' title='bbox 100 798 201 826; x_wconf 90' lang='lat' dir='ltr'><strong>inoliti</strong></span> <span class='ocrx_word' id='word_1_108' title='bbox 219 800 375 830; x_wconf 87' lang='lat' dir='ltr'><strong>resecaret;</strong></span> <span class='ocrx_word' id='word_1_109' title='bbox 390 796 470 823; x_wconf 87' lang='lat' dir='ltr'><strong>aliam</strong></span> <span class='ocrx_word' id='word_1_110' title='bbox 484 794 684 827; x_wconf 87' lang='lat' dir='ltr'><strong>veromediam,</strong></span> <span class='ocrx_word' id='word_1_111' title='bbox 693 800 742 828; x_wconf 90' lang='lat' dir='ltr'><strong>per</strong></span> <span class='ocrx_word' id='word_1_112' title='bbox 752 792 835 819; x_wconf 90' lang='lat' dir='ltr'><strong>alium</strong></span> 
     </span>
    </p>
   </div>
   <div class='ocr_carea' id='block_1_19' title="bbox 9 839 837 878">
    <p class='ocr_par' dir='ltr' id='par_1_19' title="bbox 9 839 837 878">
     <span class='ocr_line' id='line_1_19' title="bbox 9 839 837 878; baseline -0.008 -6"><span class='ocrx_word' id='word_1_113' title='bbox 9 850 45 873; x_wconf 89' lang='lat' dir='ltr'><strong>et</strong></span> <span class='ocrx_word' id='word_1_114' title='bbox 77 844 124 872; x_wconf 82' lang='lat' dir='ltr'><strong>ad</strong></span> <span class='ocrx_word' id='word_1_115' title='bbox 152 844 230 871; x_wconf 82' lang='lat' dir='ltr'><strong>aliud</strong></span> <span class='ocrx_word' id='word_1_116' title='bbox 257 847 365 878; x_wconf 77' lang='lat' dir='ltr'><strong>tempus</strong></span> <span class='ocrx_word' id='word_1_117' title='bbox 383 845 536 870; x_wconf 80' lang='lat' dir='ltr'><strong>reservaret</strong></span> <span class='ocrx_word' id='word_1_118' title='bbox 554 839 752 869; x_wconf 89' lang='lat' dir='ltr'><strong>emendandam</strong></span> <span class='ocrx_word' id='word_1_119' title='bbox 763 858 770 870; x_wconf 91' lang='lat'><strong>,</strong></span> <span class='ocrx_word' id='word_1_120' title='bbox 788 845 837 872; x_wconf 89' lang='lat' dir='ltr'><strong>per</strong></span> 
     </span>
    </p>
   </div>
   <div class='ocr_carea' id='block_1_20' title="bbox 9 884 830 924">
    <p class='ocr_par' dir='ltr' id='par_1_20' title="bbox 9 884 830 924">
     <span class='ocr_line' id='line_1_20' title="bbox 9 884 830 924; baseline -0.009 -6"><span class='ocrx_word' id='word_1_121' title='bbox 9 891 113 918; x_wconf 87' lang='lat' dir='ltr'><strong>illum</strong></span> <span class='ocrx_word' id='word_1_122' title='bbox 142 890 261 921; x_wconf 88' lang='lat' dir='ltr'><strong>scilicet,</strong></span> <span class='ocrx_word' id='word_1_123' title='bbox 287 889 320 916; x_wconf 91' lang='lat' dir='ltr'><strong>de</strong></span> <span class='ocrx_word' id='word_1_124' title='bbox 334 897 389 924; x_wconf 86' lang='lat' dir='ltr'><strong>quo</strong></span> <span class='ocrx_word' id='word_1_125' title='bbox 402 888 461 923; x_wconf 88' lang='lat' dir='ltr'><strong>ipse</strong></span> <span class='ocrx_word' id='word_1_126' title='bbox 471 887 561 915; x_wconf 78' lang='lat' dir='ltr'><strong>dixit:</strong></span> <span class='ocrx_word' id='word_1_127' title='bbox 584 886 744 921; x_wconf 82' lang='lat' dir='ltr'><strong>Prophetam</strong></span> <span class='ocrx_word' id='word_1_128' title='bbox 758 884 830 912; x_wconf 84' lang='lat' dir='ltr'><strong>vobis</strong></span> 
     </span>
    </p>
   </div>
   <div class='ocr_carea' id='block_1_21' title="bbox 9 932 835 971">
    <p class='ocr_par' dir='ltr' id='par_1_21' title="bbox 9 932 835 971">
     <span class='ocr_line' id='line_1_21' title="bbox 9 932 835 971; baseline -0.007 -8"><span class='ocrx_word' id='word_1_129' title='bbox 9 936 183 964; x_wconf 71' lang='lat' dir='ltr'><strong>suscitabit</strong></span> <span class='ocrx_word' id='word_1_130' title='bbox 199 935 255 971; x_wconf 83' lang='lat'><strong>(38)</strong></span> <span class='ocrx_word' id='word_1_131' title='bbox 270 935 398 968; x_wconf 76' lang='lat' dir='ltr'><strong>Dominus</strong></span> <span class='ocrx_word' id='word_1_132' title='bbox 412 933 483 961; x_wconf 82' lang='lat' dir='ltr'><strong>Deus</strong></span> <span class='ocrx_word' id='word_1_133' title='bbox 501 937 584 961; x_wconf 79' lang='lat' dir='ltr'><strong>vester</strong></span> <span class='ocrx_word' id='word_1_134' title='bbox 599 933 666 960; x_wconf 81' lang='lat' dir='ltr'><strong>sicut</strong></span> <span class='ocrx_word' id='word_1_135' title='bbox 681 940 732 964; x_wconf 83' lang='lat' dir='ltr'><strong>me,</strong></span> <span class='ocrx_word' id='word_1_136' title='bbox 748 932 835 966; x_wconf 86' lang='lat' dir='ltr'><strong>ipsum</strong></span> 
     </span>
    </p>
   </div>
   <div class='ocr_carea' id='block_1_22' title="bbox 9 978 832 1016">
    <p class='ocr_par' dir='ltr' id='par_1_22' title="bbox 9 978 832 1016">
     <span class='ocr_line' id='line_1_22' title="bbox 9 978 832 1016; baseline -0.006 -7"><span class='ocrx_word' id='word_1_137' title='bbox 9 983 128 1010; x_wconf 80' lang='lat' dir='ltr'><strong>audite</strong></span> <span class='ocrx_word' id='word_1_138' title='bbox 153 981 299 1009; x_wconf 75' lang='lat' dir='ltr'><strong>secundum</strong></span> <span class='ocrx_word' id='word_1_139' title='bbox 325 981 413 1008; x_wconf 82' lang='lat' dir='ltr'><strong>omnia</strong></span> <span class='ocrx_word' id='word_1_140' title='bbox 425 988 482 1016; x_wconf 78' lang='lat' dir='ltr'><strong>qua:</strong></span> <span class='ocrx_word' id='word_1_141' title='bbox 496 980 594 1006; x_wconf 74' lang='lat' dir='ltr'><strong>dixerit</strong></span> <span class='ocrx_word' id='word_1_142' title='bbox 611 979 694 1006; x_wconf 83' lang='lat' dir='ltr'><strong>vobis.</strong></span> <span class='ocrx_word' id='word_1_143' title='bbox 715 978 832 1012; x_wconf 77' lang='lat' dir='ltr'><strong>Quium-</strong></span> 
     </span>
    </p>
   </div>
   <div class='ocr_carea' id='block_1_23' title="bbox 9 1025 835 1064">
    <p class='ocr_par' dir='ltr' id='par_1_23' title="bbox 9 1025 835 1064">
     <span class='ocr_line' id='line_1_23' title="bbox 9 1025 835 1064; baseline -0.005 -9"><span class='ocrx_word' id='word_1_144' title='bbox 9 1037 71 1064; x_wconf 75' lang='lat' dir='ltr'><strong>que</strong></span> <span class='ocrx_word' id='word_1_145' title='bbox 88 1028 172 1055; x_wconf 78' lang='lat' dir='ltr'><strong>enim</strong></span> <span class='ocrx_word' id='word_1_146' title='bbox 181 1035 231 1054; x_wconf 86' lang='lat' dir='ltr'><strong>non</strong></span> <span class='ocrx_word' id='word_1_147' title='bbox 240 1027 353 1054; x_wconf 80' lang='lat' dir='ltr'><strong>audierit</strong></span> <span class='ocrx_word' id='word_1_148' title='bbox 361 1026 514 1061; x_wconf 82' lang='lat' dir='ltr'><strong>prophetam</strong></span> <span class='ocrx_word' id='word_1_149' title='bbox 522 1025 607 1058; x_wconf 79' lang='lat' dir='ltr'><strong>illum,</strong></span> <span class='ocrx_word' id='word_1_150' title='bbox 616 1025 835 1053; x_wconf 72' lang='lat' dir='ltr'><strong>exterminabitur</strong></span> 
     </span>
    </p>
   </div>
   <div class='ocr_carea' id='block_1_24' title="bbox 9 1071 842 1107">
    <p class='ocr_par' dir='ltr' id='par_1_24' title="bbox 9 1071 842 1107">
     <span class='ocr_line' id='line_1_24' title="bbox 9 1071 842 1107; baseline -0.004 -6"><span class='ocrx_word' id='word_1_151' title='bbox 9 1075 126 1101; x_wconf 84' lang='lat' dir='ltr'><strong>anima</strong></span> <span class='ocrx_word' id='word_1_152' title='bbox 138 1073 200 1107; x_wconf 82' lang='lat' dir='ltr'><strong>ejus</strong></span> <span class='ocrx_word' id='word_1_153' title='bbox 212 1073 243 1099; x_wconf 85' lang='lat' dir='ltr'><strong>de</strong></span> <span class='ocrx_word' id='word_1_154' title='bbox 252 1072 348 1107; x_wconf 68' lang='lat' dir='ltr'><strong>populo</strong></span> <span class='ocrx_word' id='word_1_155' title='bbox 365 1080 413 1099; x_wconf 82' lang='lat' dir='ltr'><strong>suo</strong></span> <span class='ocrx_word' id='word_1_156' title='bbox 423 1071 458 1099; x_wconf 86' lang='grc'><strong>³¹.</strong></span> <span class='ocrx_word' id='word_1_157' title='bbox 840 1095 842 1098; x_wconf 78' lang='grc'>.</span> 
     </span>
    </p>
   </div>
   <div class='ocr_carea' id='block_1_25' title="bbox 59 1116 833 1150">
    <p class='ocr_par' dir='ltr' id='par_1_25' title="bbox 59 1116 833 1150">
     <span class='ocr_line' id='line_1_25' title="bbox 59 1116 833 1150; baseline -0.003 -4"><span class='ocrx_word' id='word_1_158' title='bbox 59 1118 215 1147; x_wconf 70' lang='lat' dir='ltr'><strong>XXXVII.</strong></span> <span class='ocrx_word' id='word_1_159' title='bbox 228 1119 268 1146; x_wconf 87' lang='lat' dir='ltr'><strong>Ad</strong></span> <span class='ocrx_word' id='word_1_160' title='bbox 290 1119 347 1146; x_wconf 72' lang='lat' dir='ltr'><strong>haec</strong></span> <span class='ocrx_word' id='word_1_161' title='bbox 360 1121 452 1145; x_wconf 87' lang='lat' dir='ltr'><strong>autem</strong></span> <span class='ocrx_word' id='word_1_162' title='bbox 477 1118 559 1145; x_wconf 83' lang='lat' dir='ltr'><strong>etiam</strong></span> <span class='ocrx_word' id='word_1_163' title='bbox 576 1117 666 1145; x_wconf 89' lang='lat' dir='ltr'><strong>locum</strong></span> <span class='ocrx_word' id='word_1_164' title='bbox 683 1117 787 1150; x_wconf 84' lang='lat' dir='ltr'><strong>statuit,</strong></span> <span class='ocrx_word' id='word_1_165' title='bbox 805 1116 833 1144; x_wconf 92' lang='lat' dir='ltr'><strong>in</strong></span> 
     </span>
    </p>
   </div>
   <div class='ocr_carea' id='block_1_26' title="bbox 9 1163 833 1202">
    <p class='ocr_par' dir='ltr' id='par_1_26' title="bbox 9 1163 833 1202">
     <span class='ocr_line' id='line_1_26' title="bbox 9 1163 833 1202; baseline -0.005 -8"><span class='ocrx_word' id='word_1_166' title='bbox 9 1174 80 1202; x_wconf 85' lang='lat' dir='ltr'><strong>quo</strong></span> <span class='ocrx_word' id='word_1_167' title='bbox 106 1166 176 1193; x_wconf 90' lang='lat' dir='ltr'><strong>solo</strong></span> <span class='ocrx_word' id='word_1_168' title='bbox 192 1165 286 1193; x_wconf 86' lang='lat' dir='ltr'><strong>liceret</strong></span> <span class='ocrx_word' id='word_1_169' title='bbox 304 1165 345 1192; x_wconf 91' lang='lat' dir='ltr'><strong>eis</strong></span> <span class='ocrx_word' id='word_1_170' title='bbox 368 1164 512 1192; x_wconf 86' lang='lat' dir='ltr'><strong>immolare</strong></span> <span class='ocrx_word' id='word_1_171' title='bbox 531 1163 587 1191; x_wconf 88' lang='lat' dir='ltr'><strong>Deo</strong></span> <span class='ocrx_word' id='word_1_172' title='bbox 598 1164 630 1192; x_wconf 79' lang='lat'><strong>&quot;.</strong></span> <span class='ocrx_word' id='word_1_173' title='bbox 657 1163 715 1191; x_wconf 90' lang='lat' dir='ltr'><strong>Hoc</strong></span> <span class='ocrx_word' id='word_1_174' title='bbox 742 1167 833 1191; x_wconf 89' lang='lat' dir='ltr'><strong>autem</strong></span> 
     </span>
    </p>
   </div>
   <div class='ocr_carea' id='block_1_27' title="bbox 9 1210 833 1247">
    <p class='ocr_par' dir='ltr' id='par_1_27' title="bbox 9 1210 833 1247">
     <span class='ocr_line' id='line_1_27' title="bbox 9 1210 833 1247; baseline -0.005 -7"><span class='ocrx_word' id='word_1_175' title='bbox 9 1218 121 1240; x_wconf 82' lang='lat' dir='ltr'><strong>totum</strong></span> <span class='ocrx_word' id='word_1_176' title='bbox 138 1218 176 1239; x_wconf 88' lang='lat' dir='ltr'><strong>eo</strong></span> <span class='ocrx_word' id='word_1_177' title='bbox 197 1213 345 1247; x_wconf 85' lang='lat' dir='ltr'><strong>prospectu</strong></span> <span class='ocrx_word' id='word_1_178' title='bbox 363 1210 521 1246; x_wconf 71' lang='lat' dir='ltr'><strong>gerebatur,</strong></span> <span class='ocrx_word' id='word_1_179' title='bbox 534 1213 564 1237; x_wconf 94' lang='lat' dir='ltr'><strong>ut</strong></span> <span class='ocrx_word' id='word_1_180' title='bbox 581 1217 643 1237; x_wconf 90' lang='lat' dir='ltr'><strong>cum</strong></span> <span class='ocrx_word' id='word_1_181' title='bbox 659 1213 767 1245; x_wconf 89' lang='lat' dir='ltr'><strong>tempus</strong></span> <span class='ocrx_word' id='word_1_182' title='bbox 780 1216 833 1244; x_wconf 92' lang='lat' dir='ltr'><strong>op-</strong></span> 
     </span>
    </p>
   </div>
   <div class='ocr_carea' id='block_1_28' title="bbox 9 1251 830 1295">
    <p class='ocr_par' dir='ltr' id='par_1_28' title="bbox 9 1251 830 1295">
     <span class='ocr_line' id='line_1_28' title="bbox 9 1251 830 1295; baseline -0.005 -9"><span class='ocrx_word' id='word_1_183' title='bbox 9 1251 188 1295; x_wconf 78' lang='lat' dir='ltr'><strong>portunum</strong></span> <span class='ocrx_word' id='word_1_184' title='bbox 204 1257 323 1285; x_wconf 87' lang='lat' dir='ltr'><strong>venisset</strong></span> <span class='ocrx_word' id='word_1_185' title='bbox 347 1261 375 1284; x_wconf 84' lang='lat' dir='ltr'><strong>et</strong></span> <span class='ocrx_word' id='word_1_186' title='bbox 392 1256 556 1284; x_wconf 81' lang='lat' dir='ltr'><strong>didicisScnt</strong></span> <span class='ocrx_word' id='word_1_187' title='bbox 580 1264 629 1292; x_wconf 88' lang='lat' dir='ltr'><strong>per</strong></span> <span class='ocrx_word' id='word_1_188' title='bbox 658 1255 830 1291; x_wconf 85' lang='lat' dir='ltr'><strong>prophetam,</strong></span> 
     </span>
    </p>
   </div>
   <div class='ocr_carea' id='block_1_29' title="bbox 9 1300 831 1341">
    <p class='ocr_par' dir='ltr' id='par_1_29' title="bbox 9 1300 831 1341">
     <span class='ocr_line' id='line_1_29' title="bbox 9 1300 831 1341; baseline -0.006 -9"><span class='ocrx_word' id='word_1_189' title='bbox 9 1305 97 1341; x_wconf 70' lang='lat' dir='ltr'><strong>quia</strong></span> <span class='ocrx_word' id='word_1_190' title='bbox 116 1303 197 1331; x_wconf 87' lang='lat' dir='ltr'><strong>Deus</strong></span> <span class='ocrx_word' id='word_1_191' title='bbox 214 1302 431 1330; x_wconf 82' lang='lat' dir='ltr'><strong>misericordiam</strong></span> <span class='ocrx_word' id='word_1_192' title='bbox 443 1301 498 1330; x_wconf 85' lang='lat' dir='ltr'><strong>vult</strong></span> <span class='ocrx_word' id='word_1_193' title='bbox 509 1305 537 1329; x_wconf 88' lang='lat' dir='ltr'><strong>et</strong></span> <span class='ocrx_word' id='word_1_194' title='bbox 553 1309 605 1329; x_wconf 94' lang='lat' dir='ltr'><strong>non</strong></span> <span class='ocrx_word' id='word_1_195' title='bbox 618 1301 784 1330; x_wconf 78' lang='lat' dir='ltr'><strong>sacriﬁcium</strong></span> <span class='ocrx_word' id='word_1_196' title='bbox 795 1300 831 1334; x_wconf 70' lang='lat'><strong>“,</strong></span> 
     </span>
    </p>
   </div>
   <div class='ocr_carea' id='block_1_30' title="bbox 9 1346 829 1383">
    <p class='ocr_par' dir='ltr' id='par_1_30' title="bbox 9 1346 829 1383">
     <span class='ocr_line' id='line_1_30' title="bbox 9 1346 829 1383; baseline -0.004 -7"><span class='ocrx_word' id='word_1_197' title='bbox 9 1350 166 1378; x_wconf 78' lang='lat' dir='ltr'><strong>viderent</strong></span> <span class='ocrx_word' id='word_1_198' title='bbox 179 1355 241 1376; x_wconf 88' lang='lat' dir='ltr'><strong>eum</strong></span> <span class='ocrx_word' id='word_1_199' title='bbox 257 1348 303 1383; x_wconf 91' lang='lat' dir='ltr'><strong>qui</strong></span> <span class='ocrx_word' id='word_1_200' title='bbox 327 1355 375 1375; x_wconf 89' lang='lat' dir='ltr'><strong>eos</strong></span> <span class='ocrx_word' id='word_1_201' title='bbox 397 1347 506 1375; x_wconf 88' lang='lat' dir='ltr'><strong>doceret</strong></span> <span class='ocrx_word' id='word_1_202' title='bbox 532 1347 622 1374; x_wconf 83' lang='lat' dir='ltr'><strong>locum</strong></span> <span class='ocrx_word' id='word_1_203' title='bbox 647 1346 696 1374; x_wconf 89' lang='lat' dir='ltr'><strong>Dei</strong></span> <span class='ocrx_word' id='word_1_204' title='bbox 712 1347 829 1375; x_wconf 87' lang='lat' dir='ltr'><strong>electum</strong></span> 
     </span>
    </p>
   </div>
   <div class='ocr_carea' id='block_1_31' title="bbox 9 1393 830 1429">
    <p class='ocr_par' dir='ltr' id='par_1_31' title="bbox 9 1393 830 1429">
     <span class='ocr_line' id='line_1_31' title="bbox 9 1393 830 1429; baseline -0.004 -6"><span class='ocrx_word' id='word_1_205' title='bbox 9 1404 87 1423; x_wconf 80' lang='lat' dir='ltr'><strong>esse</strong></span> <span class='ocrx_word' id='word_1_206' title='bbox 103 1394 273 1429; x_wconf 81' lang='lat' dir='ltr'><strong>sapientiam</strong></span> <span class='ocrx_word' id='word_1_207' title='bbox 287 1394 361 1429; x_wconf 87' lang='lat' dir='ltr'><strong>ejus,</strong></span> <span class='ocrx_word' id='word_1_208' title='bbox 379 1394 406 1422; x_wconf 88' lang='lat' dir='ltr'><strong>in</strong></span> <span class='ocrx_word' id='word_1_209' title='bbox 420 1402 475 1429; x_wconf 86' lang='lat' dir='ltr'><strong>quo</strong></span> <span class='ocrx_word' id='word_1_210' title='bbox 489 1394 649 1421; x_wconf 90' lang='lat' dir='ltr'><strong>conveniret</strong></span> <span class='ocrx_word' id='word_1_211' title='bbox 664 1393 756 1421; x_wconf 83' lang='lat' dir='ltr'><strong>offerri</strong></span> <span class='ocrx_word' id='word_1_212' title='bbox 778 1393 830 1420; x_wconf 80' lang='lat' dir='ltr'><strong>ho-</strong></span> 
     </span>
    </p>
   </div>
   <div class='ocr_carea' id='block_1_32' title="bbox 9 1438 832 1474">
    <p class='ocr_par' dir='ltr' id='par_1_32' title="bbox 9 1438 832 1474">
     <span class='ocr_line' id='line_1_32' title="bbox 9 1438 832 1474; baseline -0.001 -7"><span class='ocrx_word' id='word_1_213' title='bbox 9 1440 96 1467; x_wconf 73' lang='lat' dir='ltr'><strong>stias</strong></span> <span class='ocrx_word' id='word_1_214' title='bbox 123 1438 194 1470; x_wconf 90' lang='lat' dir='ltr'><strong>Deo,</strong></span> <span class='ocrx_word' id='word_1_215' title='bbox 206 1438 280 1466; x_wconf 91' lang='lat' dir='ltr'><strong>hunc</strong></span> <span class='ocrx_word' id='word_1_216' title='bbox 291 1442 381 1467; x_wconf 86' lang='lat' dir='ltr'><strong>autem</strong></span> <span class='ocrx_word' id='word_1_217' title='bbox 397 1439 504 1471; x_wconf 89' lang='lat' dir='ltr'><strong>locum,</strong></span> <span class='ocrx_word' id='word_1_218' title='bbox 519 1439 566 1474; x_wconf 90' lang='lat' dir='ltr'><strong>qui</strong></span> <span class='ocrx_word' id='word_1_219' title='bbox 581 1438 615 1466; x_wconf 91' lang='lat' dir='ltr'><strong>ad</strong></span> <span class='ocrx_word' id='word_1_220' title='bbox 632 1442 739 1474; x_wconf 87' lang='lat' dir='ltr'><strong>tempus</strong></span> <span class='ocrx_word' id='word_1_221' title='bbox 754 1439 832 1466; x_wconf 91' lang='lat' dir='ltr'><strong>vide-</strong></span> 
     </span>
    </p>
   </div>
   <div class='ocr_carea' id='block_1_33' title="bbox 9 1476 865 1530">
    <p class='ocr_par' dir='ltr' id='par_1_33' title="bbox 9 1476 865 1530">
     <span class='ocr_line' id='line_1_33' title="bbox 9 1476 865 1530; baseline 0 -17"><span class='ocrx_word' id='word_1_222' title='bbox 9 1487 115 1513; x_wconf 81' lang='lat' dir='ltr'><strong>batur</strong></span> <span class='ocrx_word' id='word_1_223' title='bbox 135 1484 260 1517; x_wconf 82' lang='lat' dir='ltr'><strong>electus.</strong></span> <span class='ocrx_word' id='word_1_224' title='bbox 284 1485 489 1512; x_wconf 83' lang='lat' dir='ltr'><strong>incursionibus</strong></span> <span class='ocrx_word' id='word_1_225' title='bbox 517 1485 638 1513; x_wconf 88' lang='lat' dir='ltr'><strong>hostium</strong></span> <span class='ocrx_word' id='word_1_226' title='bbox 657 1488 686 1513; x_wconf 86' lang='lat' dir='ltr'><strong>et</strong></span> <span class='ocrx_word' id='word_1_227' title='bbox 713 1476 829 1514; x_wconf 79' lang='lat' dir='ltr'><strong>excidiis</strong></span> <span class='ocrx_word' id='word_1_228' title='bbox 843 1501 865 1530; x_wconf 67' lang='grc' dir='ltr'><em>ε</em></span> 
     </span>
    </p>
   </div>
   <div class='ocr_carea' id='block_1_34' title="bbox 9 1530 830 1567">
    <p class='ocr_par' dir='ltr' id='par_1_34' title="bbox 9 1530 830 1567">
     <span class='ocr_line' id='line_1_34' title="bbox 9 1530 830 1567; baseline -0.001 -8"><span class='ocrx_word' id='word_1_229' title='bbox 9 1538 103 1567; x_wconf 67' lang='lat' dir='ltr'><strong>saepe</strong></span> <span class='ocrx_word' id='word_1_230' title='bbox 138 1533 279 1563; x_wconf 70' lang='lat' dir='ltr'><strong>vexatum,</strong></span> <span class='ocrx_word' id='word_1_231' title='bbox 309 1533 336 1558; x_wconf 89' lang='lat' dir='ltr'><strong>et</strong></span> <span class='ocrx_word' id='word_1_232' title='bbox 356 1530 390 1557; x_wconf 91' lang='lat' dir='ltr'><strong>ad</strong></span> <span class='ocrx_word' id='word_1_233' title='bbox 418 1531 546 1558; x_wconf 90' lang='lat' dir='ltr'><strong>ultimum</strong></span> <span class='ocrx_word' id='word_1_234' title='bbox 565 1538 674 1566; x_wconf 87' lang='lat' dir='ltr'><strong>quoque</strong></span> <span class='ocrx_word' id='word_1_235' title='bbox 702 1530 830 1558; x_wconf 85' lang='lat' dir='ltr'><strong>audirent</strong></span> 
     </span>
    </p>
   </div>
   <div class='ocr_carea' id='block_1_35' title="bbox 9 1575 829 1613">
    <p class='ocr_par' dir='ltr' id='par_1_35' title="bbox 9 1575 829 1613">
     <span class='ocr_line' id='line_1_35' title="bbox 9 1575 829 1613; baseline -0.001 -9"><span class='ocrx_word' id='word_1_236' title='bbox 9 1577 148 1613; x_wconf 85' lang='lat' dir='ltr'><strong>penitus</strong></span> <span class='ocrx_word' id='word_1_237' title='bbox 179 1575 399 1603; x_wconf 81' lang='lat' dir='ltr'><strong>excidendum&quot;.</strong></span> <span class='ocrx_word' id='word_1_238' title='bbox 424 1576 454 1603; x_wconf 94' lang='lat' dir='ltr'><strong>In</strong></span> <span class='ocrx_word' id='word_1_239' title='bbox 478 1575 558 1611; x_wconf 86' lang='lat' dir='ltr'><strong>cujus</strong></span> <span class='ocrx_word' id='word_1_240' title='bbox 585 1577 626 1604; x_wconf 87' lang='lat' dir='ltr'><strong>rei</strong></span> <span class='ocrx_word' id='word_1_241' title='bbox 651 1575 730 1604; x_wconf 85' lang='lat' dir='ltr'><strong>tidem</strong></span> <span class='ocrx_word' id='word_1_242' title='bbox 746 1576 829 1604; x_wconf 87' lang='lat' dir='ltr'><strong>etiam</strong></span> 
     </span>
    </p>
   </div>
   <div class='ocr_carea' id='block_1_36' title="bbox 9 1619 830 1656">
    <p class='ocr_par' dir='ltr' id='par_1_36' title="bbox 9 1619 830 1656">
     <span class='ocr_line' id='line_1_36' title="bbox 9 1619 830 1656; baseline -0.001 -7"><span class='ocrx_word' id='word_1_243' title='bbox 9 1625 91 1650; x_wconf 84' lang='lat' dir='ltr'><strong>ante</strong></span> <span class='ocrx_word' id='word_1_244' title='bbox 112 1619 263 1647; x_wconf 86' lang='lat' dir='ltr'><strong>adventum</strong></span> <span class='ocrx_word' id='word_1_245' title='bbox 292 1620 350 1648; x_wconf 87' lang='lat' dir='ltr'><strong>veri</strong></span> <span class='ocrx_word' id='word_1_246' title='bbox 375 1621 532 1656; x_wconf 54' lang='lat' dir='ltr'><strong>propheta,</strong></span> <span class='ocrx_word' id='word_1_247' title='bbox 560 1621 606 1656; x_wconf 91' lang='lat' dir='ltr'><strong>qui</strong></span> <span class='ocrx_word' id='word_1_248' title='bbox 621 1624 695 1649; x_wconf 86' lang='lat' dir='ltr'><strong>esset</strong></span> <span class='ocrx_word' id='word_1_249' title='bbox 723 1621 830 1649; x_wconf 86' lang='lat' dir='ltr'><strong>hostias</strong></span> 
     </span>
    </p>
   </div>
   <div class='ocr_carea' id='block_1_37' title="bbox 9 1664 829 1700">
    <p class='ocr_par' dir='ltr' id='par_1_37' title="bbox 9 1664 829 1700">
     <span class='ocr_line' id='line_1_37' title="bbox 9 1664 829 1700; baseline 0.001 -7"><span class='ocrx_word' id='word_1_250' title='bbox 9 1673 90 1694; x_wconf 82' lang='lat' dir='ltr'><strong>cum</strong></span> <span class='ocrx_word' id='word_1_251' title='bbox 124 1665 190 1692; x_wconf 80' lang='lat' dir='ltr'><strong>loco</strong></span> <span class='ocrx_word' id='word_1_252' title='bbox 210 1664 313 1699; x_wconf 85' lang='lat' dir='ltr'><strong>pariter</strong></span> <span class='ocrx_word' id='word_1_253' title='bbox 330 1665 534 1700; x_wconf 85' lang='lat' dir='ltr'><strong>repudiaturus,</strong></span> <span class='ocrx_word' id='word_1_254' title='bbox 557 1673 629 1700; x_wconf 62' lang='lat' dir='ltr'><strong>saepe</strong></span> <span class='ocrx_word' id='word_1_255' title='bbox 647 1666 682 1694; x_wconf 90' lang='lat' dir='ltr'><strong>ab</strong></span> <span class='ocrx_word' id='word_1_256' title='bbox 703 1666 829 1697; x_wconf 85' lang='lat' dir='ltr'><strong>hOstibus</strong></span> 
     </span>
    </p>
   </div>
   <div class='ocr_carea' id='block_1_38' title="bbox 9 1709 826 1746">
    <p class='ocr_par' dir='ltr' id='par_1_38' title="bbox 9 1709 826 1746">
     <span class='ocr_line' id='line_1_38' title="bbox 9 1709 826 1746; baseline 0.001 -10"><span class='ocrx_word' id='word_1_257' title='bbox 9 1709 186 1746; x_wconf 74' lang='lat' dir='ltr'><strong>pepulatus</strong></span> <span class='ocrx_word' id='word_1_258' title='bbox 204 1712 246 1737; x_wconf 86' lang='lat' dir='ltr'><strong>est</strong></span> <span class='ocrx_word' id='word_1_259' title='bbox 269 1713 296 1736; x_wconf 90' lang='lat' dir='ltr'><strong>et</strong></span> <span class='ocrx_word' id='word_1_260' title='bbox 311 1709 373 1745; x_wconf 79' lang='lat' dir='ltr'><strong>igne</strong></span> <span class='ocrx_word' id='word_1_261' title='bbox 396 1710 545 1741; x_wconf 77' lang='lat' dir='ltr'><strong>incensus;</strong></span> <span class='ocrx_word' id='word_1_262' title='bbox 562 1713 645 1745; x_wconf 86' lang='lat' dir='ltr'><strong>atque</strong></span> <span class='ocrx_word' id='word_1_263' title='bbox 659 1711 687 1737; x_wconf 90' lang='lat' dir='ltr'><strong>in</strong></span> <span class='ocrx_word' id='word_1_264' title='bbox 709 1711 826 1746; x_wconf 88' lang='lat' dir='ltr'><strong>captivi-</strong></span> 
     </span>
    </p>
   </div>
   <div class='ocr_carea' id='block_1_39' title="bbox 9 1755 830 1790">
    <p class='ocr_par' dir='ltr' id='par_1_39' title="bbox 9 1755 830 1790">
     <span class='ocr_line' id='line_1_39' title="bbox 9 1755 830 1790; baseline 0 -6"><span class='ocrx_word' id='word_1_265' title='bbox 9 1762 118 1787; x_wconf 75' lang='lat' dir='ltr'><strong>tatem</strong></span> <span class='ocrx_word' id='word_1_266' title='bbox 154 1755 273 1790; x_wconf 83' lang='lat' dir='ltr'><strong>populus</strong></span> <span class='ocrx_word' id='word_1_267' title='bbox 294 1755 428 1784; x_wconf 91' lang='lat' dir='ltr'><strong>abductus</strong></span> <span class='ocrx_word' id='word_1_268' title='bbox 458 1756 485 1783; x_wconf 89' lang='lat' dir='ltr'><strong>in</strong></span> <span class='ocrx_word' id='word_1_269' title='bbox 509 1760 616 1784; x_wconf 81' lang='lat' dir='ltr'><strong>exteras</strong></span> <span class='ocrx_word' id='word_1_270' title='bbox 641 1756 778 1789; x_wconf 86' lang='lat' dir='ltr'><strong>nationes,</strong></span> <span class='ocrx_word' id='word_1_271' title='bbox 802 1760 830 1784; x_wconf 89' lang='lat' dir='ltr'><strong>et</strong></span> 
     </span>
    </p>
   </div>
   <div class='ocr_carea' id='block_1_40' title="bbox 9 1801 829 1838">
    <p class='ocr_par' dir='ltr' id='par_1_40' title="bbox 9 1801 829 1838">
     <span class='ocr_line' id='line_1_40' title="bbox 9 1801 829 1838; baseline -0.001 -7"><span class='ocrx_word' id='word_1_272' title='bbox 9 1801 134 1833; x_wconf 80' lang='lat' dir='ltr'><strong>exinde</strong></span> <span class='ocrx_word' id='word_1_273' title='bbox 151 1808 215 1828; x_wconf 84' lang='lat' dir='ltr'><strong>cum</strong></span> <span class='ocrx_word' id='word_1_274' title='bbox 234 1801 268 1829; x_wconf 87' lang='lat' dir='ltr'><strong>ad</strong></span> <span class='ocrx_word' id='word_1_275' title='bbox 282 1801 498 1829; x_wconf 86' lang='lat' dir='ltr'><strong>misericordiam</strong></span> <span class='ocrx_word' id='word_1_276' title='bbox 515 1801 562 1830; x_wconf 87' lang='lat' dir='ltr'><strong>Dei</strong></span> <span class='ocrx_word' id='word_1_277' title='bbox 575 1801 734 1838; x_wconf 72' lang='lat' dir='ltr'><strong>confugeret</strong></span> <span class='ocrx_word' id='word_1_278' title='bbox 749 1810 829 1830; x_wconf 90' lang='lat' dir='ltr'><strong>revo-</strong></span> 
     </span>
    </p>
   </div>
   <div class='ocr_carea' id='block_1_41' title="bbox 9 1847 829 1883">
    <p class='ocr_par' dir='ltr' id='par_1_41' title="bbox 9 1847 829 1883">
     <span class='ocr_line' id='line_1_41' title="bbox 9 1847 829 1883; baseline -0.002 -5"><span class='ocrx_word' id='word_1_279' title='bbox 9 1854 112 1878; x_wconf 79' lang='lat' dir='ltr'><strong>catus</strong></span> <span class='ocrx_word' id='word_1_280' title='bbox 136 1851 200 1879; x_wconf 85' lang='lat' dir='ltr'><strong>est,</strong></span> <span class='ocrx_word' id='word_1_281' title='bbox 222 1851 251 1874; x_wconf 89' lang='lat' dir='ltr'><strong>ut</strong></span> <span class='ocrx_word' id='word_1_282' title='bbox 267 1855 316 1882; x_wconf 91' lang='lat' dir='ltr'><strong>per</strong></span> <span class='ocrx_word' id='word_1_283' title='bbox 338 1847 395 1875; x_wconf 55' lang='lat' dir='ltr'><strong>haec</strong></span> <span class='ocrx_word' id='word_1_284' title='bbox 423 1847 578 1880; x_wconf 89' lang='lat' dir='ltr'><strong>doceretur,</strong></span> <span class='ocrx_word' id='word_1_285' title='bbox 604 1848 668 1883; x_wconf 85' lang='lat' dir='ltr'><strong>quia</strong></span> <span class='ocrx_word' id='word_1_286' title='bbox 693 1849 829 1876; x_wconf 87' lang='lat' dir='ltr'><strong>sacriﬁcia</strong></span> 
     </span>
    </p>
   </div>
   <div class='ocr_carea' id='block_1_42' title="bbox 9 1892 824 1928">
    <p class='ocr_par' dir='ltr' id='par_1_42' title="bbox 9 1892 824 1928">
     <span class='ocr_line' id='line_1_42' title="bbox 9 1892 824 1928; baseline -0.002 -6"><span class='ocrx_word' id='word_1_287' title='bbox 9 1896 154 1922; x_wconf 78' lang='lat' dir='ltr'><strong>onerens</strong></span> <span class='ocrx_word' id='word_1_288' title='bbox 176 1893 321 1928; x_wconf 79' lang='lat' dir='ltr'><strong>expellitur</strong></span> <span class='ocrx_word' id='word_1_289' title='bbox 337 1896 364 1919; x_wconf 91' lang='lat' dir='ltr'><strong>et</strong></span> <span class='ocrx_word' id='word_1_290' title='bbox 384 1892 411 1919; x_wconf 95' lang='lat' dir='ltr'><strong>in</strong></span> <span class='ocrx_word' id='word_1_291' title='bbox 438 1900 535 1920; x_wconf 84' lang='lat' dir='ltr'><strong>manus</strong></span> <span class='ocrx_word' id='word_1_292' title='bbox 555 1893 675 1921; x_wconf 85' lang='lat' dir='ltr'><strong>hostium</strong></span> <span class='ocrx_word' id='word_1_293' title='bbox 694 1893 824 1927; x_wconf 86' lang='lat' dir='ltr'><strong>traditur,</strong></span> 
     </span>
    </p>
   </div>
   <div class='ocr_carea' id='block_1_43' title="bbox 9 1937 826 1973">
    <p class='ocr_par' dir='ltr' id='par_1_43' title="bbox 9 1937 826 1973">
     <span class='ocr_line' id='line_1_43' title="bbox 9 1937 826 1973; baseline -0.002 -4"><span class='ocrx_word' id='word_1_294' title='bbox 9 1939 255 1969; x_wconf 76' lang='lat' dir='ltr'><strong>misericordiam</strong></span> <span class='ocrx_word' id='word_1_295' title='bbox 268 1945 335 1966; x_wconf 83' lang='lat' dir='ltr'><strong>vero</strong></span> <span class='ocrx_word' id='word_1_296' title='bbox 350 1937 452 1966; x_wconf 77' lang='lat' dir='ltr'><strong>iaciens</strong></span> <span class='ocrx_word' id='word_1_297' title='bbox 468 1943 495 1966; x_wconf 88' lang='lat' dir='ltr'><strong>et</strong></span> <span class='ocrx_word' id='word_1_298' title='bbox 520 1939 666 1973; x_wconf 88' lang='lat' dir='ltr'><strong>justitiam,</strong></span> <span class='ocrx_word' id='word_1_299' title='bbox 695 1940 756 1967; x_wconf 86' lang='lat' dir='ltr'><strong>sine</strong></span> <span class='ocrx_word' id='word_1_300' title='bbox 779 1947 826 1968; x_wconf 89' lang='lat' dir='ltr'><strong>sa-</strong></span> 
     </span>
    </p>
   </div>
   <div class='ocr_carea' id='block_1_44' title="bbox 9 1983 826 2021">
    <p class='ocr_par' dir='ltr' id='par_1_44' title="bbox 9 1983 826 2021">
     <span class='ocr_line' id='line_1_44' title="bbox 9 1983 826 2021; baseline -0.001 -6"><span class='ocrx_word' id='word_1_301' title='bbox 9 1985 148 2016; x_wconf 75' lang='lat' dir='ltr'><strong>criﬁciis</strong></span> <span class='ocrx_word' id='word_1_302' title='bbox 165 1983 199 2012; x_wconf 89' lang='lat' dir='ltr'><strong>de</strong></span> <span class='ocrx_word' id='word_1_303' title='bbox 214 1985 510 2019; x_wconf 87' lang='lat' dir='ltr'><strong>captivitateliberatur</strong></span> <span class='ocrx_word' id='word_1_304' title='bbox 521 1989 548 2012; x_wconf 88' lang='lat' dir='ltr'><strong>et.</strong></span> <span class='ocrx_word' id='word_1_305' title='bbox 558 1985 585 2012; x_wconf 87' lang='lat' dir='ltr'><strong>in</strong></span> <span class='ocrx_word' id='word_1_306' title='bbox 595 1989 696 2013; x_wconf 88' lang='lat' dir='ltr'><strong>terram</strong></span> <span class='ocrx_word' id='word_1_307' title='bbox 708 1986 826 2021; x_wconf 88' lang='lat' dir='ltr'><strong>patriam</strong></span> 
     </span>
    </p>
   </div>
   <div class='ocr_carea' id='block_1_45' title="bbox 9 2028 828 2065">
    <p class='ocr_par' dir='ltr' id='par_1_45' title="bbox 9 2028 828 2065">
     <span class='ocr_line' id='line_1_45' title="bbox 9 2028 828 2065; baseline -0.004 -5"><span class='ocrx_word' id='word_1_308' title='bbox 9 2029 202 2060; x_wconf 83' lang='lat' dir='ltr'><strong>restituitur.</strong></span> <span class='ocrx_word' id='word_1_309' title='bbox 226 2028 280 2057; x_wconf 86' lang='lat' dir='ltr'><strong>Sed</strong></span> <span class='ocrx_word' id='word_1_310' title='bbox 309 2029 361 2056; x_wconf 89' lang='lat' dir='ltr'><strong>hoc</strong></span> <span class='ocrx_word' id='word_1_311' title='bbox 375 2030 527 2065; x_wconf 84' lang='lat' dir='ltr'><strong>intelligere</strong></span> <span class='ocrx_word' id='word_1_312' title='bbox 551 2037 653 2064; x_wconf 88' lang='lat' dir='ltr'><strong>paucos</strong></span> <span class='ocrx_word' id='word_1_313' title='bbox 681 2030 828 2057; x_wconf 87' lang='lat' dir='ltr'><strong>admodum</strong></span> 
     </span>
    </p>
   </div>
   <div class='ocr_carea' id='block_1_46' title="bbox 9 2072 829 2104">
    <p class='ocr_par' dir='ltr' id='par_1_46' title="bbox 9 2072 829 2104">
     <span class='ocr_line' id='line_1_46' title="bbox 9 2072 829 2104; baseline -0.001 0"><span class='ocrx_word' id='word_1_314' title='bbox 9 2074 145 2104; x_wconf 79' lang='lat' dir='ltr'><strong>accidit.</strong></span> <span class='ocrx_word' id='word_1_315' title='bbox 163 2072 260 2102; x_wconf 88' lang='lat' dir='ltr'><strong>Plures</strong></span> <span class='ocrx_word' id='word_1_316' title='bbox 277 2074 350 2102; x_wconf 90' lang='lat' dir='ltr'><strong>enim</strong></span> <span class='ocrx_word' id='word_1_317' title='bbox 360 2075 468 2103; x_wconf 85' lang='lat' dir='ltr'><strong>etiamsi</strong></span> <span class='ocrx_word' id='word_1_318' title='bbox 485 2075 588 2103; x_wconf 84' lang='lat' dir='ltr'><strong>sentire</strong></span> <span class='ocrx_word' id='word_1_319' title='bbox 606 2075 664 2103; x_wconf 60' lang='lat' dir='ltr'><strong>hac</strong></span> <span class='ocrx_word' id='word_1_320' title='bbox 684 2081 712 2103; x_wconf 89' lang='lat' dir='ltr'><strong>et</strong></span> <span class='ocrx_word' id='word_1_321' title='bbox 730 2076 829 2104; x_wconf 83' lang='lat' dir='ltr'><strong>adver-</strong></span> 
     </span>
    </p>
   </div>
   <div class='ocr_carea' id='block_1_47' title="bbox 9 2120 828 2156">
    <p class='ocr_par' dir='ltr' id='par_1_47' title="bbox 9 2120 828 2156">
     <span class='ocr_line' id='line_1_47' title="bbox 9 2120 828 2156; baseline 0.005 -11"><span class='ocrx_word' id='word_1_322' title='bbox 9 2128 80 2149; x_wconf 70' lang='grc' dir='ltr'><strong>[ει-ε</strong></span> <span class='ocrx_word' id='word_1_323' title='bbox 101 2122 246 2155; x_wconf 82' lang='lat' dir='ltr'><strong>poterant,</strong></span> <span class='ocrx_word' id='word_1_324' title='bbox 262 2120 335 2155; x_wconf 89' lang='lat' dir='ltr'><strong>vulgi</strong></span> <span class='ocrx_word' id='word_1_325' title='bbox 352 2124 442 2148; x_wconf 91' lang='lat' dir='ltr'><strong>tamen</strong></span> <span class='ocrx_word' id='word_1_326' title='bbox 451 2120 605 2148; x_wconf 86' lang='lat' dir='ltr'><strong>irrationali</strong></span> <span class='ocrx_word' id='word_1_327' title='bbox 613 2121 743 2156; x_wconf 91' lang='lat' dir='ltr'><strong>opinione</strong></span> <span class='ocrx_word' id='word_1_328' title='bbox 755 2126 828 2149; x_wconf 89' lang='lat' dir='ltr'><strong>tene-</strong></span> 
     </span>
    </p>
   </div>
   <div class='ocr_carea' id='block_1_48' title="bbox 891 199 1678 235">
    <p class='ocr_par' dir='ltr' id='par_1_48' title="bbox 891 199 1678 235">
     <span class='ocr_line' id='line_1_48' title="bbox 891 199 1678 235; baseline 0.003 -9"><span class='ocrx_word' id='word_1_329' title='bbox 891 206 941 226; x_wconf 81' lang='lat' dir='ltr'><strong>sen</strong></span> <span class='ocrx_word' id='word_1_330' title='bbox 959 199 1105 234; x_wconf 87' lang='lat' dir='ltr'><strong>quemdam</strong></span> <span class='ocrx_word' id='word_1_331' title='bbox 1125 200 1237 227; x_wconf 89' lang='lat' dir='ltr'><strong>nomine</strong></span> <span class='ocrx_word' id='word_1_332' title='bbox 1252 207 1414 235; x_wconf 69' lang='lat' dir='ltr'><strong>prteponens</strong></span> <span class='ocrx_word' id='word_1_333' title='bbox 1430 200 1550 235; x_wconf 84' lang='lat' dir='ltr'><strong>populo,</strong></span> <span class='ocrx_word' id='word_1_334' title='bbox 1566 201 1612 235; x_wconf 86' lang='lat' dir='ltr'><strong>qni</strong></span> <span class='ocrx_word' id='word_1_335' title='bbox 1630 208 1678 228; x_wconf 82' lang='lat' dir='ltr'><strong>cos</strong></span> 
     </span>
    </p>
   </div>
   <div class='ocr_carea' id='block_1_49' title="bbox 890 245 1678 281">
    <p class='ocr_par' dir='ltr' id='par_1_49' title="bbox 890 245 1678 281">
     <span class='ocr_line' id='line_1_49' title="bbox 890 245 1678 281; baseline 0.001 -9"><span class='ocrx_word' id='word_1_336' title='bbox 890 249 1032 273; x_wconf 88' lang='lat' dir='ltr'><strong>revocaret</strong></span> <span class='ocrx_word' id='word_1_337' title='bbox 1057 245 1092 272; x_wconf 85' lang='lat' dir='ltr'><strong>ad</strong></span> <span class='ocrx_word' id='word_1_338' title='bbox 1116 245 1232 281; x_wconf 88' lang='lat' dir='ltr'><strong>patriam</strong></span> <span class='ocrx_word' id='word_1_339' title='bbox 1260 250 1381 278; x_wconf 87' lang='lat' dir='ltr'><strong>terram,</strong></span> <span class='ocrx_word' id='word_1_340' title='bbox 1409 246 1469 281; x_wconf 89' lang='lat' dir='ltr'><strong>ipse</strong></span> <span class='ocrx_word' id='word_1_341' title='bbox 1494 246 1528 273; x_wconf 87' lang='lat' dir='ltr'><strong>ad</strong></span> <span class='ocrx_word' id='word_1_342' title='bbox 1556 251 1678 274; x_wconf 87' lang='lat' dir='ltr'><strong>montem</strong></span> 
     </span>
    </p>
   </div>
   <div class='ocr_carea' id='block_1_50' title="bbox 890 291 1678 327">
    <p class='ocr_par' dir='ltr' id='par_1_50' title="bbox 890 291 1678 327">
     <span class='ocr_line' id='line_1_50' title="bbox 890 291 1678 327; baseline 0.001 -9"><span class='ocrx_word' id='word_1_343' title='bbox 890 291 1036 326; x_wconf 88' lang='lat' dir='ltr'><strong>quemdam</strong></span> <span class='ocrx_word' id='word_1_344' title='bbox 1051 296 1188 327; x_wconf 64' lang='lat' dir='ltr'><strong>praecepto</strong></span> <span class='ocrx_word' id='word_1_345' title='bbox 1212 291 1258 319; x_wconf 87' lang='lat' dir='ltr'><strong>Dei</strong></span> <span class='ocrx_word' id='word_1_346' title='bbox 1283 291 1401 319; x_wconf 85' lang='lat' dir='ltr'><strong>viventis</strong></span> <span class='ocrx_word' id='word_1_347' title='bbox 1426 291 1595 323; x_wconf 72' lang='lat' dir='ltr'><strong>ascendente,</strong></span> <span class='ocrx_word' id='word_1_348' title='bbox 1621 292 1678 319; x_wconf 83' lang='lat' dir='ltr'><strong>illic</strong></span> 
     </span>
    </p>
   </div>
   <div class='ocr_carea' id='block_1_51' title="bbox 889 336 1679 373">
    <p class='ocr_par' dir='ltr' id='par_1_51' title="bbox 889 336 1679 373">
     <span class='ocr_line' id='line_1_51' title="bbox 889 336 1679 373; baseline 0 -9"><span class='ocrx_word' id='word_1_349' title='bbox 889 336 1036 365; x_wconf 85' lang='lat' dir='ltr'><strong>defunctus</strong></span> <span class='ocrx_word' id='word_1_350' title='bbox 1060 342 1123 371; x_wconf 89' lang='lat' dir='ltr'><strong>est;</strong></span> <span class='ocrx_word' id='word_1_351' title='bbox 1148 337 1229 373; x_wconf 87' lang='lat' dir='ltr'><strong>cujus</strong></span> <span class='ocrx_word' id='word_1_352' title='bbox 1255 341 1347 365; x_wconf 88' lang='lat' dir='ltr'><strong>tamen</strong></span> <span class='ocrx_word' id='word_1_353' title='bbox 1373 337 1438 365; x_wconf 86' lang='lat' dir='ltr'><strong>talis</strong></span> <span class='ocrx_word' id='word_1_354' title='bbox 1464 338 1516 365; x_wconf 83' lang='lat' dir='ltr'><strong>fuit</strong></span> <span class='ocrx_word' id='word_1_355' title='bbox 1540 345 1632 369; x_wconf 87' lang='lat' dir='ltr'><strong>mors,</strong></span> <span class='ocrx_word' id='word_1_356' title='bbox 1648 341 1679 364; x_wconf 84' lang='lat' dir='ltr'><strong>ut</strong></span> 
     </span>
    </p>
   </div>
   <div class='ocr_carea' id='block_1_52' title="bbox 889 383 1679 418">
    <p class='ocr_par' dir='ltr' id='par_1_52' title="bbox 889 383 1679 418">
     <span class='ocr_line' id='line_1_52' title="bbox 889 383 1679 418; baseline 0 -8"><span class='ocrx_word' id='word_1_357' title='bbox 889 391 979 418; x_wconf 87' lang='lat' dir='ltr'><strong>usque</strong></span> <span class='ocrx_word' id='word_1_358' title='bbox 992 383 1021 410; x_wconf 87' lang='lat' dir='ltr'><strong>in</strong></span> <span class='ocrx_word' id='word_1_359' title='bbox 1037 383 1201 411; x_wconf 88' lang='lat' dir='ltr'><strong>hodiernum</strong></span> <span class='ocrx_word' id='word_1_360' title='bbox 1215 383 1287 411; x_wconf 90' lang='lat' dir='ltr'><strong>diem</strong></span> <span class='ocrx_word' id='word_1_361' title='bbox 1309 383 1480 418; x_wconf 89' lang='lat' dir='ltr'><strong>sepulturam</strong></span> <span class='ocrx_word' id='word_1_362' title='bbox 1503 383 1565 418; x_wconf 83' lang='lat' dir='ltr'><strong>ejus</strong></span> <span class='ocrx_word' id='word_1_363' title='bbox 1586 384 1679 411; x_wconf 93' lang='lat' dir='ltr'><strong>nullus</strong></span> 
     </span>
    </p>
   </div>
   <div class='ocr_carea' id='block_1_53' title="bbox 889 428 1678 464">
    <p class='ocr_par' dir='ltr' id='par_1_53' title="bbox 889 428 1678 464">
     <span class='ocr_line' id='line_1_53' title="bbox 889 428 1678 464; baseline 0 -8"><span class='ocrx_word' id='word_1_364' title='bbox 889 428 1035 457; x_wconf 87' lang='lat' dir='ltr'><strong>invenerit.</strong></span> <span class='ocrx_word' id='word_1_365' title='bbox 1051 428 1087 456; x_wconf 89' lang='lat' dir='ltr'><strong>Ut</strong></span> <span class='ocrx_word' id='word_1_366' title='bbox 1100 436 1166 464; x_wconf 81' lang='lat' dir='ltr'><strong>ergo</strong></span> <span class='ocrx_word' id='word_1_367' title='bbox 1177 429 1295 464; x_wconf 81' lang='lat' dir='ltr'><strong>populus</strong></span> <span class='ocrx_word' id='word_1_368' title='bbox 1310 429 1429 464; x_wconf 87' lang='lat' dir='ltr'><strong>patrium</strong></span> <span class='ocrx_word' id='word_1_369' title='bbox 1442 429 1556 464; x_wconf 87' lang='lat' dir='ltr'><strong>contigit</strong></span> <span class='ocrx_word' id='word_1_370' title='bbox 1570 429 1657 457; x_wconf 89' lang='lat' dir='ltr'><strong>solum</strong></span> <span class='ocrx_word' id='word_1_371' title='bbox 1668 448 1678 462; x_wconf 89' lang='lat'><strong>,</strong></span> 
     </span>
    </p>
   </div>
   <div class='ocr_carea' id='block_1_54' title="bbox 888 474 1680 510">
    <p class='ocr_par' dir='ltr' id='par_1_54' title="bbox 888 474 1680 510">
     <span class='ocr_line' id='line_1_54' title="bbox 888 474 1680 510; baseline 0 -9"><span class='ocrx_word' id='word_1_372' title='bbox 888 481 936 509; x_wconf 91' lang='lat' dir='ltr'><strong>per</strong></span> <span class='ocrx_word' id='word_1_373' title='bbox 958 474 1160 510; x_wconf 86' lang='lat' dir='ltr'><strong>providentiam</strong></span> <span class='ocrx_word' id='word_1_374' title='bbox 1182 474 1229 502; x_wconf 89' lang='lat' dir='ltr'><strong>Dei</strong></span> <span class='ocrx_word' id='word_1_375' title='bbox 1250 474 1339 509; x_wconf 90' lang='lat' dir='ltr'><strong>primo</strong></span> <span class='ocrx_word' id='word_1_376' title='bbox 1358 475 1453 502; x_wconf 86' lang='lat' dir='ltr'><strong>statim</strong></span> <span class='ocrx_word' id='word_1_377' title='bbox 1477 474 1604 509; x_wconf 80' lang='lat' dir='ltr'><strong>ingressu</strong></span> <span class='ocrx_word' id='word_1_378' title='bbox 1625 474 1680 501; x_wconf 56' lang='grc' dir='ltr'><strong>ἰπὶ»</strong></span> 
     </span>
    </p>
   </div>
   <div class='ocr_carea' id='block_1_55' title="bbox 887 519 1678 555">
    <p class='ocr_par' dir='ltr' id='par_1_55' title="bbox 887 519 1678 555">
     <span class='ocr_line' id='line_1_55' title="bbox 887 519 1678 555; baseline 0.001 -8"><span class='ocrx_word' id='word_1_379' title='bbox 887 527 1003 555; x_wconf 89' lang='lat' dir='ltr'><strong>quarum</strong></span> <span class='ocrx_word' id='word_1_380' title='bbox 1023 520 1146 555; x_wconf 91' lang='lat' dir='ltr'><strong>gentium</strong></span> <span class='ocrx_word' id='word_1_381' title='bbox 1169 520 1338 548; x_wconf 88' lang='lat' dir='ltr'><strong>habitatores</strong></span> <span class='ocrx_word' id='word_1_382' title='bbox 1355 519 1495 554; x_wconf 84' lang='lat' dir='ltr'><strong>fugantur,</strong></span> <span class='ocrx_word' id='word_1_383' title='bbox 1511 524 1540 548; x_wconf 90' lang='lat' dir='ltr'><strong>et</strong></span> <span class='ocrx_word' id='word_1_384' title='bbox 1553 521 1604 555; x_wconf 87' lang='lat' dir='ltr'><strong>ipsi</strong></span> <span class='ocrx_word' id='word_1_385' title='bbox 1619 520 1678 548; x_wconf 78' lang='lat' dir='ltr'><strong>bte-</strong></span> 
     </span>
    </p>
   </div>
   <div class='ocr_carea' id='block_1_56' title="bbox 888 565 1677 601">
    <p class='ocr_par' dir='ltr' id='par_1_56' title="bbox 888 565 1677 601">
     <span class='ocr_line' id='line_1_56' title="bbox 888 565 1677 601; baseline 0.001 -9"><span class='ocrx_word' id='word_1_386' title='bbox 888 565 1032 593; x_wconf 86' lang='lat' dir='ltr'><strong>reditatem</strong></span> <span class='ocrx_word' id='word_1_387' title='bbox 1048 571 1190 601; x_wconf 87' lang='lat' dir='ltr'><strong>paternam</strong></span> <span class='ocrx_word' id='word_1_388' title='bbox 1204 566 1298 600; x_wconf 83' lang='lat' dir='ltr'><strong>judice</strong></span> <span class='ocrx_word' id='word_1_389' title='bbox 1322 570 1398 593; x_wconf 90' lang='lat' dir='ltr'><strong>sorte</strong></span> <span class='ocrx_word' id='word_1_390' title='bbox 1418 566 1585 601; x_wconf 87' lang='lat' dir='ltr'><strong>suscipiunt.</strong></span> <span class='ocrx_word' id='word_1_391' title='bbox 1607 565 1677 593; x_wconf 91' lang='lat' dir='ltr'><strong>Tum</strong></span> 
     </span>
    </p>
   </div>
   <div class='ocr_carea' id='block_1_57' title="bbox 886 612 1678 648">
    <p class='ocr_par' dir='ltr' id='par_1_57' title="bbox 886 612 1678 648">
     <span class='ocr_line' id='line_1_57' title="bbox 886 612 1678 648; baseline -0.001 -8"><span class='ocrx_word' id='word_1_392' title='bbox 886 612 986 640; x_wconf 86' lang='lat' dir='ltr'><strong>deinde</strong></span> <span class='ocrx_word' id='word_1_393' title='bbox 1014 620 1063 648; x_wconf 86' lang='lat' dir='ltr'><strong>per</strong></span> <span class='ocrx_word' id='word_1_394' title='bbox 1091 613 1262 647; x_wconf 88' lang='lat' dir='ltr'><strong>aliquantum</strong></span> <span class='ocrx_word' id='word_1_395' title='bbox 1284 613 1416 647; x_wconf 91' lang='lat' dir='ltr'><strong>temporis</strong></span> <span class='ocrx_word' id='word_1_396' title='bbox 1435 612 1592 647; x_wconf 89' lang='lat' dir='ltr'><strong>judicibus,</strong></span> <span class='ocrx_word' id='word_1_397' title='bbox 1622 620 1678 639; x_wconf 92' lang='lat' dir='ltr'><strong>non</strong></span> 
     </span>
    </p>
   </div>
   <div class='ocr_carea' id='block_1_58' title="bbox 886 657 1676 694">
    <p class='ocr_par' dir='ltr' id='par_1_58' title="bbox 886 657 1676 694">
     <span class='ocr_line' id='line_1_58' title="bbox 886 657 1676 694; baseline -0.001 -8"><span class='ocrx_word' id='word_1_398' title='bbox 886 659 997 694; x_wconf 81' lang='lat' dir='ltr'><strong>regibus</strong></span> <span class='ocrx_word' id='word_1_399' title='bbox 1012 659 1158 694; x_wconf 83' lang='lat' dir='ltr'><strong>gubernati</strong></span> <span class='ocrx_word' id='word_1_400' title='bbox 1169 678 1177 691; x_wconf 90' lang='lat'><strong>,</strong></span> <span class='ocrx_word' id='word_1_401' title='bbox 1193 663 1266 686; x_wconf 88' lang='lat' dir='ltr'><strong>statu</strong></span> <span class='ocrx_word' id='word_1_402' title='bbox 1281 658 1475 693; x_wconf 80' lang='lat' dir='ltr'><strong>tranquilliore</strong></span> <span class='ocrx_word' id='word_1_403' title='bbox 1490 657 1626 686; x_wconf 84' lang='lat' dir='ltr'><strong>durarunt</strong></span> <span class='ocrx_word' id='word_1_404' title='bbox 1641 658 1676 685; x_wconf 83' lang='lat'><strong>&quot;.</strong></span> 
     </span>
    </p>
   </div>
   <div class='ocr_carea' id='block_1_59' title="bbox 886 701 1673 738">
    <p class='ocr_par' dir='ltr' id='par_1_59' title="bbox 886 701 1673 738">
     <span class='ocr_line' id='line_1_59' title="bbox 886 701 1673 738; baseline 0 -8"><span class='ocrx_word' id='word_1_405' title='bbox 886 701 939 730; x_wconf 89' lang='lat' dir='ltr'><strong>Ubi</strong></span> <span class='ocrx_word' id='word_1_406' title='bbox 954 710 1018 730; x_wconf 90' lang='lat' dir='ltr'><strong>vero</strong></span> <span class='ocrx_word' id='word_1_407' title='bbox 1032 706 1163 738; x_wconf 83' lang='lat' dir='ltr'><strong>tyrannos</strong></span> <span class='ocrx_word' id='word_1_408' title='bbox 1179 703 1231 730; x_wconf 90' lang='lat' dir='ltr'><strong>sibi</strong></span> <span class='ocrx_word' id='word_1_409' title='bbox 1246 702 1332 738; x_wconf 82' lang='lat' dir='ltr'><strong>magis</strong></span> <span class='ocrx_word' id='word_1_410' title='bbox 1348 703 1501 737; x_wconf 56' lang='lat' dir='ltr'><strong>quaesivere</strong></span> <span class='ocrx_word' id='word_1_411' title='bbox 1521 710 1603 738; x_wconf 87' lang='lat' dir='ltr'><strong>quam</strong></span> <span class='ocrx_word' id='word_1_412' title='bbox 1626 710 1673 730; x_wconf 78' lang='lat' dir='ltr'><strong>re-</strong></span> 
     </span>
    </p>
   </div>
   <div class='ocr_carea' id='block_1_60' title="bbox 885 748 1676 783">
    <p class='ocr_par' dir='ltr' id='par_1_60' title="bbox 885 748 1676 783">
     <span class='ocr_line' id='line_1_60' title="bbox 885 748 1676 783; baseline 0.001 -8"><span class='ocrx_word' id='word_1_413' title='bbox 885 755 950 783; x_wconf 90' lang='lat' dir='ltr'><strong>ges,</strong></span> <span class='ocrx_word' id='word_1_414' title='bbox 975 751 1041 775; x_wconf 88' lang='lat' dir='ltr'><strong>tunc</strong></span> <span class='ocrx_word' id='word_1_415' title='bbox 1063 748 1144 776; x_wconf 90' lang='lat' dir='ltr'><strong>etiam</strong></span> <span class='ocrx_word' id='word_1_416' title='bbox 1168 749 1197 775; x_wconf 93' lang='lat' dir='ltr'><strong>in</strong></span> <span class='ocrx_word' id='word_1_417' title='bbox 1220 748 1295 781; x_wconf 89' lang='lat' dir='ltr'><strong>loco,</strong></span> <span class='ocrx_word' id='word_1_418' title='bbox 1310 748 1357 783; x_wconf 89' lang='lat' dir='ltr'><strong>qui</strong></span> <span class='ocrx_word' id='word_1_419' title='bbox 1379 748 1420 776; x_wconf 87' lang='lat' dir='ltr'><strong>eis</strong></span> <span class='ocrx_word' id='word_1_420' title='bbox 1434 748 1570 776; x_wconf 87' lang='lat' dir='ltr'><strong>orationis</strong></span> <span class='ocrx_word' id='word_1_421' title='bbox 1590 756 1676 776; x_wconf 86' lang='lat' dir='ltr'><strong>causa</strong></span> 
     </span>
    </p>
   </div>
   <div class='ocr_carea' id='block_1_61' title="bbox 889 793 1677 829">
    <p class='ocr_par' dir='ltr' id='par_1_61' title="bbox 889 793 1677 829">
     <span class='ocr_line' id='line_1_61' title="bbox 889 793 1677 829; baseline -0.003 -8"><span class='ocrx_word' id='word_1_422' title='bbox 889 793 978 821; x_wconf 80' lang='lat' dir='ltr'><strong>fuerat</strong></span> <span class='ocrx_word' id='word_1_423' title='bbox 1000 793 1228 829; x_wconf 73' lang='lat' dir='ltr'><strong>przedestinatus,</strong></span> <span class='ocrx_word' id='word_1_424' title='bbox 1246 794 1377 829; x_wconf 81' lang='lat' dir='ltr'><strong>templum</strong></span> <span class='ocrx_word' id='word_1_425' title='bbox 1392 801 1442 829; x_wconf 87' lang='lat' dir='ltr'><strong>pro</strong></span> <span class='ocrx_word' id='word_1_426' title='bbox 1458 794 1608 822; x_wconf 90' lang='lat' dir='ltr'><strong>ambitione</strong></span> <span class='ocrx_word' id='word_1_427' title='bbox 1630 802 1677 821; x_wconf 78' lang='lat' dir='ltr'><strong>re.-</strong></span> 
     </span>
    </p>
   </div>
   <div class='ocr_carea' id='block_1_62' title="bbox 889 839 1677 875">
    <p class='ocr_par' dir='ltr' id='par_1_62' title="bbox 889 839 1677 875">
     <span class='ocr_line' id='line_1_62' title="bbox 889 839 1677 875; baseline 0.001 -8"><span class='ocrx_word' id='word_1_428' title='bbox 889 839 931 875; x_wconf 82' lang='lat' dir='ltr'><strong>gia</strong></span> <span class='ocrx_word' id='word_1_429' title='bbox 946 843 1125 868; x_wconf 81' lang='lat' dir='ltr'><strong>construxere</strong></span> <span class='ocrx_word' id='word_1_430' title='bbox 1135 860 1143 873; x_wconf 93' lang='lat'><strong>,</strong></span> <span class='ocrx_word' id='word_1_431' title='bbox 1160 843 1187 868; x_wconf 90' lang='lat' dir='ltr'><strong>ct</strong></span> <span class='ocrx_word' id='word_1_432' title='bbox 1202 840 1243 867; x_wconf 84' lang='lat' dir='ltr'><strong>sic</strong></span> <span class='ocrx_word' id='word_1_433' title='bbox 1258 847 1306 875; x_wconf 89' lang='lat' dir='ltr'><strong>per</strong></span> <span class='ocrx_word' id='word_1_434' title='bbox 1320 840 1444 867; x_wconf 86' lang='lat' dir='ltr'><strong>ordinem</strong></span> <span class='ocrx_word' id='word_1_435' title='bbox 1460 839 1571 875; x_wconf 78' lang='lat' dir='ltr'><strong>regibus</strong></span> <span class='ocrx_word' id='word_1_436' title='bbox 1585 840 1677 875; x_wconf 91' lang='lat' dir='ltr'><strong>impiis</strong></span> 
     </span>
    </p>
   </div>
   <div class='ocr_carea' id='block_1_63' title="bbox 887 885 1678 921">
    <p class='ocr_par' dir='ltr' id='par_1_63' title="bbox 887 885 1678 921">
     <span class='ocr_line' id='line_1_63' title="bbox 887 885 1678 921; baseline -0.001 -8"><span class='ocrx_word' id='word_1_437' title='bbox 887 885 940 914; x_wconf 83' lang='lat' dir='ltr'><strong>sibi</strong></span> <span class='ocrx_word' id='word_1_438' title='bbox 954 886 1071 913; x_wconf 85' lang='lat' dir='ltr'><strong>invicem</strong></span> <span class='ocrx_word' id='word_1_439' title='bbox 1087 885 1301 913; x_wconf 85' lang='lat' dir='ltr'><strong>succedentibus</strong></span> <span class='ocrx_word' id='word_1_440' title='bbox 1314 906 1321 918; x_wconf 93' lang='lat'><strong>,</strong></span> <span class='ocrx_word' id='word_1_441' title='bbox 1337 885 1372 912; x_wconf 89' lang='lat' dir='ltr'><strong>ad</strong></span> <span class='ocrx_word' id='word_1_442' title='bbox 1385 885 1505 920; x_wconf 81' lang='lat' dir='ltr'><strong>majores</strong></span> <span class='ocrx_word' id='word_1_443' title='bbox 1520 885 1678 921; x_wconf 88' lang='lat' dir='ltr'><strong>impietates</strong></span> 
     </span>
    </p>
   </div>
   <div class='ocr_carea' id='block_1_64' title="bbox 886 931 1277 967">
    <p class='ocr_par' dir='ltr' id='par_1_64' title="bbox 886 931 1277 967">
     <span class='ocr_line' id='line_1_64' title="bbox 886 931 1277 967; baseline -0.003 -8"><span class='ocrx_word' id='word_1_444' title='bbox 886 932 969 960; x_wconf 89' lang='lat' dir='ltr'><strong>etiam</strong></span> <span class='ocrx_word' id='word_1_445' title='bbox 985 931 1104 967; x_wconf 81' lang='lat' dir='ltr'><strong>populus</strong></span> <span class='ocrx_word' id='word_1_446' title='bbox 1118 931 1277 959; x_wconf 81' lang='lat' dir='ltr'><strong>declinavit.</strong></span> 
     </span>
    </p>
   </div>
   <div class='ocr_carea' id='block_1_65' title="bbox 921 977 1677 1013">
    <p class='ocr_par' dir='ltr' id='par_1_65' title="bbox 921 977 1677 1013">
     <span class='ocr_line' id='line_1_65' title="bbox 921 977 1677 1013; baseline 0 -9"><span class='ocrx_word' id='word_1_447' title='bbox 921 977 1044 1006; x_wconf 75' lang='lat' dir='ltr'><strong>XXXIX.</strong></span> <span class='ocrx_word' id='word_1_448' title='bbox 1066 977 1102 1004; x_wconf 88' lang='lat' dir='ltr'><strong>Ut</strong></span> <span class='ocrx_word' id='word_1_449' title='bbox 1115 980 1206 1004; x_wconf 90' lang='lat' dir='ltr'><strong>autem</strong></span> <span class='ocrx_word' id='word_1_450' title='bbox 1221 980 1331 1012; x_wconf 88' lang='lat' dir='ltr'><strong>tempus</strong></span> <span class='ocrx_word' id='word_1_451' title='bbox 1346 977 1444 1005; x_wconf 84' lang='lat' dir='ltr'><strong>adesse</strong></span> <span class='ocrx_word' id='word_1_452' title='bbox 1458 977 1557 1012; x_wconf 74' lang='lat' dir='ltr'><strong>cmpit,</strong></span> <span class='ocrx_word' id='word_1_453' title='bbox 1572 985 1628 1013; x_wconf 86' lang='lat' dir='ltr'><strong>quo</strong></span> <span class='ocrx_word' id='word_1_454' title='bbox 1648 977 1677 1004; x_wconf 85' lang='lat' dir='ltr'><strong>id</strong></span> 
     </span>
    </p>
   </div>
   <div class='ocr_carea' id='block_1_66' title="bbox 885 1023 1675 1059">
    <p class='ocr_par' dir='ltr' id='par_1_66' title="bbox 885 1023 1675 1059">
     <span class='ocr_line' id='line_1_66' title="bbox 885 1023 1675 1059; baseline -0.003 -8"><span class='ocrx_word' id='word_1_455' title='bbox 885 1024 958 1059; x_wconf 89' lang='lat' dir='ltr'><strong>quod</strong></span> <span class='ocrx_word' id='word_1_456' title='bbox 971 1023 1067 1052; x_wconf 87' lang='lat' dir='ltr'><strong>deesse</strong></span> <span class='ocrx_word' id='word_1_457' title='bbox 1080 1023 1182 1059; x_wconf 83' lang='lat' dir='ltr'><strong>Moysis</strong></span> <span class='ocrx_word' id='word_1_458' title='bbox 1207 1023 1341 1051; x_wconf 87' lang='lat' dir='ltr'><strong>institutis</strong></span> <span class='ocrx_word' id='word_1_459' title='bbox 1361 1023 1480 1051; x_wconf 78' lang='lat' dir='ltr'><strong>diximus</strong></span> <span class='ocrx_word' id='word_1_460' title='bbox 1502 1024 1675 1059; x_wconf 87' lang='lat' dir='ltr'><strong>impleretur,</strong></span> 
     </span>
    </p>
   </div>
   <div class='ocr_carea' id='block_1_67' title="bbox 884 1069 1676 1106">
    <p class='ocr_par' dir='ltr' id='par_1_67' title="bbox 884 1069 1676 1106">
     <span class='ocr_line' id='line_1_67' title="bbox 884 1069 1676 1106; baseline 0 -9"><span class='ocrx_word' id='word_1_461' title='bbox 884 1074 911 1098; x_wconf 88' lang='lat' dir='ltr'><strong>et</strong></span> <span class='ocrx_word' id='word_1_462' title='bbox 930 1070 1062 1105; x_wconf 87' lang='lat' dir='ltr'><strong>propheta</strong></span> <span class='ocrx_word' id='word_1_463' title='bbox 1079 1078 1159 1105; x_wconf 88' lang='lat' dir='ltr'><strong>quem</strong></span> <span class='ocrx_word' id='word_1_464' title='bbox 1178 1070 1359 1106; x_wconf 68' lang='lat' dir='ltr'><strong>praecinuerat</strong></span> <span class='ocrx_word' id='word_1_465' title='bbox 1378 1072 1542 1104; x_wconf 87' lang='lat' dir='ltr'><strong>appareret,</strong></span> <span class='ocrx_word' id='word_1_466' title='bbox 1559 1069 1606 1104; x_wconf 91' lang='lat' dir='ltr'><strong>qui</strong></span> <span class='ocrx_word' id='word_1_467' title='bbox 1627 1077 1676 1097; x_wconf 87' lang='lat' dir='ltr'><strong>eos</strong></span> 
     </span>
    </p>
   </div>
   <div class='ocr_carea' id='block_1_68' title="bbox 884 1116 1677 1154">
    <p class='ocr_par' dir='ltr' id='par_1_68' title="bbox 884 1116 1677 1154">
     <span class='ocr_line' id='line_1_68' title="bbox 884 1116 1677 1154; baseline -0.003 -9"><span class='ocrx_word' id='word_1_468' title='bbox 884 1118 974 1154; x_wconf 88' lang='lat' dir='ltr'><strong>primo</strong></span> <span class='ocrx_word' id='word_1_469' title='bbox 999 1125 1048 1152; x_wconf 89' lang='lat' dir='ltr'><strong>per</strong></span> <span class='ocrx_word' id='word_1_470' title='bbox 1072 1116 1291 1144; x_wconf 90' lang='lat' dir='ltr'><strong>miscricordiam</strong></span> <span class='ocrx_word' id='word_1_471' title='bbox 1314 1116 1362 1144; x_wconf 90' lang='lat' dir='ltr'><strong>Dei</strong></span> <span class='ocrx_word' id='word_1_472' title='bbox 1384 1118 1509 1143; x_wconf 87' lang='lat' dir='ltr'><strong>moneret</strong></span> <span class='ocrx_word' id='word_1_473' title='bbox 1529 1123 1640 1143; x_wconf 80' lang='lat' dir='ltr'><strong>cessare</strong></span> <span class='ocrx_word' id='word_1_474' title='bbox 1659 1123 1677 1143; x_wconf 76' lang='grc' dir='ltr'><strong>ει</strong></span> 
     </span>
    </p>
   </div>
   <div class='ocr_carea' id='block_1_69' title="bbox 883 1161 1676 1198">
    <p class='ocr_par' dir='ltr' id='par_1_69' title="bbox 883 1161 1676 1198">
     <span class='ocr_line' id='line_1_69' title="bbox 883 1161 1676 1198; baseline -0.003 -7"><span class='ocrx_word' id='word_1_475' title='bbox 883 1163 1028 1192; x_wconf 88' lang='lat' dir='ltr'><strong>sacriﬁciis</strong></span> <span class='ocrx_word' id='word_1_476' title='bbox 1037 1183 1044 1196; x_wconf 91' lang='lat'><strong>,</strong></span> <span class='ocrx_word' id='word_1_477' title='bbox 1060 1165 1089 1190; x_wconf 87' lang='lat' dir='ltr'><strong>et</strong></span> <span class='ocrx_word' id='word_1_478' title='bbox 1103 1170 1137 1190; x_wconf 89' lang='lat' dir='ltr'><strong>ne</strong></span> <span class='ocrx_word' id='word_1_479' title='bbox 1154 1162 1224 1190; x_wconf 71' lang='lat' dir='ltr'><strong>forte</strong></span> <span class='ocrx_word' id='word_1_480' title='bbox 1237 1166 1366 1198; x_wconf 86' lang='lat' dir='ltr'><strong>putarent</strong></span> <span class='ocrx_word' id='word_1_481' title='bbox 1380 1161 1556 1189; x_wconf 84' lang='lat' dir='ltr'><strong>cessantibus</strong></span> <span class='ocrx_word' id='word_1_482' title='bbox 1574 1161 1676 1189; x_wconf 86' lang='lat' dir='ltr'><strong>hostiis</strong></span> 
     </span>
    </p>
   </div>
   <div class='ocr_carea' id='block_1_70' title="bbox 884 1207 1676 1243">
    <p class='ocr_par' dir='ltr' id='par_1_70' title="bbox 884 1207 1676 1243">
     <span class='ocr_line' id='line_1_70' title="bbox 884 1207 1676 1243; baseline -0.001 -6"><span class='ocrx_word' id='word_1_483' title='bbox 884 1209 1077 1238; x_wconf 87' lang='lat' dir='ltr'><strong>remissionem</strong></span> <span class='ocrx_word' id='word_1_484' title='bbox 1093 1208 1147 1236; x_wconf 87' lang='lat' dir='ltr'><strong>sibi</strong></span> <span class='ocrx_word' id='word_1_485' title='bbox 1163 1216 1218 1236; x_wconf 92' lang='lat' dir='ltr'><strong>non</strong></span> <span class='ocrx_word' id='word_1_486' title='bbox 1243 1208 1300 1236; x_wconf 89' lang='lat' dir='ltr'><strong>ﬁeri</strong></span> <span class='ocrx_word' id='word_1_487' title='bbox 1321 1213 1516 1243; x_wconf 88' lang='lat' dir='ltr'><strong>peccatorum,</strong></span> <span class='ocrx_word' id='word_1_488' title='bbox 1538 1207 1676 1243; x_wconf 83' lang='lat' dir='ltr'><strong>baptisma</strong></span> 
     </span>
    </p>
   </div>
   <div class='ocr_carea' id='block_1_71' title="bbox 881 1253 1672 1291">
    <p class='ocr_par' dir='ltr' id='par_1_71' title="bbox 881 1253 1672 1291">
     <span class='ocr_line' id='line_1_71' title="bbox 881 1253 1672 1291; baseline -0.001 -8"><span class='ocrx_word' id='word_1_489' title='bbox 881 1255 922 1284; x_wconf 85' lang='lat' dir='ltr'><strong>eis</strong></span> <span class='ocrx_word' id='word_1_490' title='bbox 936 1263 985 1291; x_wconf 89' lang='lat' dir='ltr'><strong>per</strong></span> <span class='ocrx_word' id='word_1_491' title='bbox 999 1262 1098 1290; x_wconf 86' lang='lat' dir='ltr'><strong>aquam</strong></span> <span class='ocrx_word' id='word_1_492' title='bbox 1115 1254 1229 1287; x_wconf 87' lang='lat' dir='ltr'><strong>statuit,</strong></span> <span class='ocrx_word' id='word_1_493' title='bbox 1243 1254 1271 1281; x_wconf 92' lang='lat' dir='ltr'><strong>in</strong></span> <span class='ocrx_word' id='word_1_494' title='bbox 1285 1261 1341 1289; x_wconf 92' lang='lat' dir='ltr'><strong>quo</strong></span> <span class='ocrx_word' id='word_1_495' title='bbox 1355 1254 1389 1281; x_wconf 92' lang='lat' dir='ltr'><strong>ab</strong></span> <span class='ocrx_word' id='word_1_496' title='bbox 1404 1253 1532 1281; x_wconf 86' lang='lat' dir='ltr'><strong>omnibus</strong></span> <span class='ocrx_word' id='word_1_497' title='bbox 1550 1254 1672 1289; x_wconf 82' lang='lat' dir='ltr'><strong>peccatis</strong></span> 
     </span>
    </p>
   </div>
   <div class='ocr_carea' id='block_1_72' title="bbox 881 1297 1673 1336">
    <p class='ocr_par' dir='ltr' id='par_1_72' title="bbox 881 1297 1673 1336">
     <span class='ocr_line' id='line_1_72' title="bbox 881 1297 1673 1336; baseline 0 -8"><span class='ocrx_word' id='word_1_498' title='bbox 881 1301 1011 1328; x_wconf 87' lang='lat' dir='ltr'><strong>invocato</strong></span> <span class='ocrx_word' id='word_1_499' title='bbox 1033 1300 1095 1336; x_wconf 87' lang='lat' dir='ltr'><strong>ejus</strong></span> <span class='ocrx_word' id='word_1_500' title='bbox 1116 1300 1229 1327; x_wconf 89' lang='lat' dir='ltr'><strong>nomine</strong></span> <span class='ocrx_word' id='word_1_501' title='bbox 1250 1298 1434 1331; x_wconf 82' lang='lat' dir='ltr'><strong>solverentur,</strong></span> <span class='ocrx_word' id='word_1_502' title='bbox 1459 1301 1487 1326; x_wconf 87' lang='lat' dir='ltr'><strong>et</strong></span> <span class='ocrx_word' id='word_1_503' title='bbox 1508 1297 1543 1326; x_wconf 89' lang='lat' dir='ltr'><strong>de</strong></span> <span class='ocrx_word' id='word_1_504' title='bbox 1564 1298 1673 1336; x_wconf 81' lang='lat' dir='ltr'><strong>reliquo</strong></span> 
     </span>
    </p>
   </div>
   <div class='ocr_carea' id='block_1_73' title="bbox 881 1344 1676 1383">
    <p class='ocr_par' dir='ltr' id='par_1_73' title="bbox 881 1344 1676 1383">
     <span class='ocr_line' id='line_1_73' title="bbox 881 1344 1676 1383; baseline -0.004 -8"><span class='ocrx_word' id='word_1_505' title='bbox 881 1347 1030 1383; x_wconf 85' lang='lat' dir='ltr'><strong>perfectam</strong></span> <span class='ocrx_word' id='word_1_506' title='bbox 1045 1347 1130 1374; x_wconf 87' lang='lat' dir='ltr'><strong>vitam</strong></span> <span class='ocrx_word' id='word_1_507' title='bbox 1153 1349 1301 1380; x_wconf 85' lang='lat' dir='ltr'><strong>sequentes</strong></span> <span class='ocrx_word' id='word_1_508' title='bbox 1316 1345 1345 1372; x_wconf 90' lang='lat' dir='ltr'><strong>in</strong></span> <span class='ocrx_word' id='word_1_509' title='bbox 1360 1344 1569 1372; x_wconf 80' lang='lat' dir='ltr'><strong>immortalitate</strong></span> <span class='ocrx_word' id='word_1_510' title='bbox 1590 1345 1676 1372; x_wconf 83' lang='lat' dir='ltr'><strong>dura-</strong></span> 
     </span>
    </p>
   </div>
   <div class='ocr_carea' id='block_1_74' title="bbox 880 1390 1675 1428">
    <p class='ocr_par' dir='ltr' id='par_1_74' title="bbox 880 1390 1675 1428">
     <span class='ocr_line' id='line_1_74' title="bbox 880 1390 1675 1428; baseline -0.003 -7"><span class='ocrx_word' id='word_1_511' title='bbox 880 1397 962 1425; x_wconf 89' lang='lat' dir='ltr'><strong>rent,</strong></span> <span class='ocrx_word' id='word_1_512' title='bbox 987 1400 1043 1420; x_wconf 91' lang='lat' dir='ltr'><strong>non</strong></span> <span class='ocrx_word' id='word_1_513' title='bbox 1068 1391 1206 1428; x_wconf 86' lang='lat' dir='ltr'><strong>pecudum</strong></span> <span class='ocrx_word' id='word_1_514' title='bbox 1232 1390 1367 1426; x_wconf 87' lang='lat' dir='ltr'><strong>sanguine</strong></span> <span class='ocrx_word' id='word_1_515' title='bbox 1390 1392 1439 1418; x_wconf 83' lang='lat' dir='ltr'><strong>sed</strong></span> <span class='ocrx_word' id='word_1_516' title='bbox 1460 1391 1603 1426; x_wconf 67' lang='lat' dir='ltr'><strong>sapientia:</strong></span> <span class='ocrx_word' id='word_1_517' title='bbox 1626 1390 1675 1419; x_wconf 86' lang='lat' dir='ltr'><strong>Dei</strong></span> 
     </span>
    </p>
   </div>
   <div class='ocr_carea' id='block_1_75' title="bbox 882 1436 1674 1475">
    <p class='ocr_par' dir='ltr' id='par_1_75' title="bbox 882 1436 1674 1475">
     <span class='ocr_line' id='line_1_75' title="bbox 882 1436 1674 1475; baseline -0.003 -9"><span class='ocrx_word' id='word_1_518' title='bbox 882 1439 1073 1475; x_wconf 81' lang='lat' dir='ltr'><strong>purificatione</strong></span> <span class='ocrx_word' id='word_1_519' title='bbox 1090 1438 1210 1474; x_wconf 78' lang='lat' dir='ltr'><strong>purgati.</strong></span> <span class='ocrx_word' id='word_1_520' title='bbox 1233 1437 1357 1472; x_wconf 88' lang='lat' dir='ltr'><strong>Denique</strong></span> <span class='ocrx_word' id='word_1_521' title='bbox 1380 1436 1463 1464; x_wconf 90' lang='lat' dir='ltr'><strong>etiam</strong></span> <span class='ocrx_word' id='word_1_522' title='bbox 1487 1437 1539 1464; x_wconf 91' lang='lat' dir='ltr'><strong>hoc</strong></span> <span class='ocrx_word' id='word_1_523' title='bbox 1559 1437 1674 1472; x_wconf 90' lang='lat' dir='ltr'><strong>ponitur</strong></span> 
     </span>
    </p>
   </div>
   <div class='ocr_carea' id='block_1_76' title="bbox 880 1482 1675 1520">
    <p class='ocr_par' dir='ltr' id='par_1_76' title="bbox 880 1482 1675 1520">
     <span class='ocr_line' id='line_1_76' title="bbox 880 1482 1675 1520; baseline -0.004 -8"><span class='ocrx_word' id='word_1_524' title='bbox 880 1484 992 1512; x_wconf 89' lang='lat' dir='ltr'><strong>evidens</strong></span> <span class='ocrx_word' id='word_1_525' title='bbox 1014 1484 1104 1520; x_wconf 79' lang='lat' dir='ltr'><strong>magni</strong></span> <span class='ocrx_word' id='word_1_526' title='bbox 1133 1483 1258 1519; x_wconf 85' lang='lat' dir='ltr'><strong>mysterii</strong></span> <span class='ocrx_word' id='word_1_527' title='bbox 1280 1482 1362 1517; x_wconf 84' lang='lat' dir='ltr'><strong>hujus</strong></span> <span class='ocrx_word' id='word_1_528' title='bbox 1384 1482 1517 1509; x_wconf 88' lang='lat' dir='ltr'><strong>indicium</strong></span> <span class='ocrx_word' id='word_1_529' title='bbox 1541 1482 1614 1516; x_wconf 78' lang='lat'><strong>(39),</strong></span> <span class='ocrx_word' id='word_1_530' title='bbox 1643 1485 1675 1510; x_wconf 89' lang='lat' dir='ltr'><strong>ut</strong></span> 
     </span>
    </p>
   </div>
   <div class='ocr_carea' id='block_1_77' title="bbox 881 1527 1675 1565">
    <p class='ocr_par' dir='ltr' id='par_1_77' title="bbox 881 1527 1675 1565">
     <span class='ocr_line' id='line_1_77' title="bbox 881 1527 1675 1565; baseline -0.005 -7"><span class='ocrx_word' id='word_1_531' title='bbox 881 1530 972 1558; x_wconf 90' lang='lat' dir='ltr'><strong>omnis</strong></span> <span class='ocrx_word' id='word_1_532' title='bbox 994 1530 1042 1565; x_wconf 87' lang='lat' dir='ltr'><strong>qui</strong></span> <span class='ocrx_word' id='word_1_533' title='bbox 1064 1529 1179 1557; x_wconf 88' lang='lat' dir='ltr'><strong>credens</strong></span> <span class='ocrx_word' id='word_1_534' title='bbox 1207 1528 1347 1564; x_wconf 60' lang='lat' dir='ltr'><strong>prophetae</strong></span> <span class='ocrx_word' id='word_1_535' title='bbox 1366 1527 1432 1555; x_wconf 89' lang='lat' dir='ltr'><strong>huic</strong></span> <span class='ocrx_word' id='word_1_536' title='bbox 1445 1547 1453 1559; x_wconf 86' lang='lat'><strong>,</strong></span> <span class='ocrx_word' id='word_1_537' title='bbox 1476 1527 1523 1562; x_wconf 94' lang='lat' dir='ltr'><strong>qui</strong></span> <span class='ocrx_word' id='word_1_538' title='bbox 1543 1535 1559 1555; x_wconf 87' lang='lat' dir='ltr'><strong>a</strong></span> <span class='ocrx_word' id='word_1_539' title='bbox 1580 1527 1675 1563; x_wconf 83' lang='lat' dir='ltr'><strong>Moyse</strong></span> 
     </span>
    </p>
   </div>
   <div class='ocr_carea' id='block_1_78' title="bbox 882 1573 1674 1613">
    <p class='ocr_par' dir='ltr' id='par_1_78' title="bbox 882 1573 1674 1613">
     <span class='ocr_line' id='line_1_78' title="bbox 882 1573 1674 1613; baseline -0.005 -9"><span class='ocrx_word' id='word_1_540' title='bbox 882 1576 1032 1613; x_wconf 48' lang='lat' dir='ltr'><strong>praedictus</strong></span> <span class='ocrx_word' id='word_1_541' title='bbox 1054 1579 1112 1608; x_wconf 88' lang='lat' dir='ltr'><strong>est,</strong></span> <span class='ocrx_word' id='word_1_542' title='bbox 1137 1575 1295 1610; x_wconf 84' lang='lat' dir='ltr'><strong>baptizatur</strong></span> <span class='ocrx_word' id='word_1_543' title='bbox 1317 1575 1344 1601; x_wconf 92' lang='lat' dir='ltr'><strong>in</strong></span> <span class='ocrx_word' id='word_1_544' title='bbox 1371 1573 1482 1601; x_wconf 85' lang='lat' dir='ltr'><strong>nomine</strong></span> <span class='ocrx_word' id='word_1_545' title='bbox 1504 1573 1612 1609; x_wconf 89' lang='lat' dir='ltr'><strong>ipsius,</strong></span> <span class='ocrx_word' id='word_1_546' title='bbox 1635 1573 1674 1601; x_wconf 89' lang='lat' dir='ltr'><strong>ab</strong></span> 
     </span>
    </p>
   </div>
   <div class='ocr_carea' id='block_1_79' title="bbox 879 1619 1672 1657">
    <p class='ocr_par' dir='ltr' id='par_1_79' title="bbox 879 1619 1672 1657">
     <span class='ocr_line' id='line_1_79' title="bbox 879 1619 1672 1657; baseline -0.006 -6"><span class='ocrx_word' id='word_1_547' title='bbox 879 1622 990 1651; x_wconf 73' lang='lat' dir='ltr'><strong>excidio</strong></span> <span class='ocrx_word' id='word_1_548' title='bbox 1005 1622 1068 1650; x_wconf 90' lang='lat' dir='ltr'><strong>belli</strong></span> <span class='ocrx_word' id='word_1_549' title='bbox 1083 1621 1157 1657; x_wconf 89' lang='lat' dir='ltr'><strong>quod</strong></span> <span class='ocrx_word' id='word_1_550' title='bbox 1173 1621 1321 1648; x_wconf 68' lang='lat' dir='ltr'><strong>incredulae</strong></span> <span class='ocrx_word' id='word_1_551' title='bbox 1335 1620 1410 1656; x_wconf 78' lang='lat' dir='ltr'><strong>genti</strong></span> <span class='ocrx_word' id='word_1_552' title='bbox 1423 1619 1548 1647; x_wconf 90' lang='lat' dir='ltr'><strong>imminet</strong></span> <span class='ocrx_word' id='word_1_553' title='bbox 1562 1627 1595 1646; x_wconf 80' lang='lat' dir='ltr'><strong>ac</strong></span> <span class='ocrx_word' id='word_1_554' title='bbox 1610 1619 1672 1647; x_wconf 93' lang='lat' dir='ltr'><strong>loco</strong></span> 
     </span>
    </p>
   </div>
   <div class='ocr_carea' id='block_1_80' title="bbox 879 1665 1672 1704">
    <p class='ocr_par' dir='ltr' id='par_1_80' title="bbox 879 1665 1672 1704">
     <span class='ocr_line' id='line_1_80' title="bbox 879 1665 1672 1704; baseline -0.006 -7"><span class='ocrx_word' id='word_1_555' title='bbox 879 1669 950 1704; x_wconf 84' lang='lat' dir='ltr'><strong>ipsi,</strong></span> <span class='ocrx_word' id='word_1_556' title='bbox 968 1672 1094 1696; x_wconf 83' lang='lat' dir='ltr'><strong>servetur</strong></span> <span class='ocrx_word' id='word_1_557' title='bbox 1109 1667 1227 1699; x_wconf 82' lang='lat' dir='ltr'><strong>illaesus,</strong></span> <span class='ocrx_word' id='word_1_558' title='bbox 1242 1674 1297 1694; x_wconf 91' lang='lat' dir='ltr'><strong>non</strong></span> <span class='ocrx_word' id='word_1_559' title='bbox 1310 1665 1454 1693; x_wconf 87' lang='lat' dir='ltr'><strong>credentes</strong></span> <span class='ocrx_word' id='word_1_560' title='bbox 1466 1673 1532 1692; x_wconf 87' lang='lat' dir='ltr'><strong>vero</strong></span> <span class='ocrx_word' id='word_1_561' title='bbox 1547 1669 1672 1693; x_wconf 84' lang='lat' dir='ltr'><strong>extorres</strong></span> 
     </span>
    </p>
   </div>
   <div class='ocr_carea' id='block_1_81' title="bbox 879 1711 1672 1748">
    <p class='ocr_par' dir='ltr' id='par_1_81' title="bbox 879 1711 1672 1748">
     <span class='ocr_line' id='line_1_81' title="bbox 879 1711 1672 1748; baseline -0.006 -6"><span class='ocrx_word' id='word_1_562' title='bbox 879 1715 942 1742; x_wconf 91' lang='lat' dir='ltr'><strong>loco</strong></span> <span class='ocrx_word' id='word_1_563' title='bbox 957 1718 985 1741; x_wconf 88' lang='lat' dir='ltr'><strong>et</strong></span> <span class='ocrx_word' id='word_1_564' title='bbox 999 1719 1084 1748; x_wconf 86' lang='lat' dir='ltr'><strong>regno</strong></span> <span class='ocrx_word' id='word_1_565' title='bbox 1099 1713 1184 1745; x_wconf 85' lang='lat' dir='ltr'><strong>ﬁant,</strong></span> <span class='ocrx_word' id='word_1_566' title='bbox 1201 1716 1231 1740; x_wconf 92' lang='lat' dir='ltr'><strong>ut</strong></span> <span class='ocrx_word' id='word_1_567' title='bbox 1245 1712 1288 1740; x_wconf 80' lang='lat' dir='ltr'><strong>vel</strong></span> <span class='ocrx_word' id='word_1_568' title='bbox 1303 1711 1381 1739; x_wconf 87' lang='lat' dir='ltr'><strong>inviti</strong></span> <span class='ocrx_word' id='word_1_569' title='bbox 1398 1711 1553 1746; x_wconf 86' lang='lat' dir='ltr'><strong>intelligant</strong></span> <span class='ocrx_word' id='word_1_570' title='bbox 1565 1714 1592 1738; x_wconf 91' lang='lat' dir='ltr'><strong>et</strong></span> <span class='ocrx_word' id='word_1_571' title='bbox 1604 1711 1672 1738; x_wconf 82' lang='lat' dir='ltr'><strong>obe-</strong></span> 
     </span>
    </p>
   </div>
   <div class='ocr_carea' id='block_1_82' title="bbox 879 1757 1183 1788">
    <p class='ocr_par' dir='ltr' id='par_1_82' title="bbox 879 1757 1183 1788">
     <span class='ocr_line' id='line_1_82' title="bbox 879 1757 1183 1788; baseline -0.01 0"><span class='ocrx_word' id='word_1_572' title='bbox 879 1760 957 1788; x_wconf 90' lang='lat' dir='ltr'><strong>diant</strong></span> <span class='ocrx_word' id='word_1_573' title='bbox 971 1758 1108 1787; x_wconf 86' lang='lat' dir='ltr'><strong>voluntati</strong></span> <span class='ocrx_word' id='word_1_574' title='bbox 1125 1757 1183 1786; x_wconf 86' lang='lat' dir='ltr'><strong>Dei.</strong></span> 
     </span>
    </p>
   </div>
   <div class='ocr_carea' id='block_1_83' title="bbox 913 1802 1672 1840">
    <p class='ocr_par' dir='ltr' id='par_1_83' title="bbox 913 1802 1672 1840">
     <span class='ocr_line' id='line_1_83' title="bbox 913 1802 1672 1840; baseline -0.005 -7"><span class='ocrx_word' id='word_1_575' title='bbox 913 1806 970 1833; x_wconf 78' lang='grc' dir='ltr'><strong>ΧΙ...</strong></span> <span class='ocrx_word' id='word_1_576' title='bbox 978 1805 1027 1833; x_wconf 84' lang='lat' dir='ltr'><strong>His</strong></span> <span class='ocrx_word' id='word_1_577' title='bbox 1041 1804 1125 1840; x_wconf 83' lang='lat' dir='ltr'><strong>igitur</strong></span> <span class='ocrx_word' id='word_1_578' title='bbox 1140 1803 1394 1839; x_wconf 58' lang='lat' dir='ltr'><strong>ita,praaordinatis,</strong></span> <span class='ocrx_word' id='word_1_579' title='bbox 1414 1802 1495 1830; x_wconf 87' lang='lat' dir='ltr'><strong>adest</strong></span> <span class='ocrx_word' id='word_1_580' title='bbox 1508 1802 1556 1838; x_wconf 90' lang='lat' dir='ltr'><strong>qui</strong></span> <span class='ocrx_word' id='word_1_581' title='bbox 1571 1809 1672 1836; x_wconf 75' lang='lat' dir='ltr'><strong>exspe-</strong></span> 
     </span>
    </p>
   </div>
   <div class='ocr_carea' id='block_1_84' title="bbox 879 1849 1670 1886">
    <p class='ocr_par' dir='ltr' id='par_1_84' title="bbox 879 1849 1670 1886">
     <span class='ocr_line' id='line_1_84' title="bbox 879 1849 1670 1886; baseline -0.005 -6"><span class='ocrx_word' id='word_1_582' title='bbox 879 1853 1019 1884; x_wconf 87' lang='lat' dir='ltr'><strong>ctahatur,</strong></span> <span class='ocrx_word' id='word_1_583' title='bbox 1035 1850 1138 1878; x_wconf 89' lang='lat' dir='ltr'><strong>indicia</strong></span> <span class='ocrx_word' id='word_1_584' title='bbox 1154 1850 1197 1878; x_wconf 87' lang='lat' dir='ltr'><strong>sui</strong></span> <span class='ocrx_word' id='word_1_585' title='bbox 1213 1850 1314 1886; x_wconf 86' lang='lat' dir='ltr'><strong>quibus</strong></span> <span class='ocrx_word' id='word_1_586' title='bbox 1330 1850 1407 1877; x_wconf 84' lang='lat' dir='ltr'><strong>fieret</strong></span> <span class='ocrx_word' id='word_1_587' title='bbox 1427 1849 1606 1881; x_wconf 83' lang='lat' dir='ltr'><strong>manifestus,</strong></span> <span class='ocrx_word' id='word_1_588' title='bbox 1629 1849 1670 1876; x_wconf 87' lang='lat' dir='ltr'><strong>si-</strong></span> 
     </span>
    </p>
   </div>
   <div class='ocr_carea' id='block_1_85' title="bbox 878 1893 1672 1934">
    <p class='ocr_par' dir='ltr' id='par_1_85' title="bbox 878 1893 1672 1934">
     <span class='ocr_line' id='line_1_85' title="bbox 878 1893 1672 1934; baseline -0.006 -9"><span class='ocrx_word' id='word_1_589' title='bbox 878 1905 931 1934; x_wconf 78' lang='lat' dir='ltr'><strong>gna</strong></span> <span class='ocrx_word' id='word_1_590' title='bbox 955 1901 982 1925; x_wconf 90' lang='lat' dir='ltr'><strong>et</strong></span> <span class='ocrx_word' id='word_1_591' title='bbox 1004 1896 1129 1932; x_wconf 83' lang='lat' dir='ltr'><strong>prodigia</strong></span> <span class='ocrx_word' id='word_1_592' title='bbox 1150 1894 1292 1923; x_wconf 80' lang='lat' dir='ltr'><strong>deferens.</strong></span> <span class='ocrx_word' id='word_1_593' title='bbox 1322 1893 1376 1922; x_wconf 86' lang='lat' dir='ltr'><strong>Sed</strong></span> <span class='ocrx_word' id='word_1_594' title='bbox 1392 1902 1427 1922; x_wconf 91' lang='lat' dir='ltr'><strong>ne</strong></span> <span class='ocrx_word' id='word_1_595' title='bbox 1442 1894 1482 1921; x_wconf 86' lang='lat' dir='ltr'><strong>sic</strong></span> <span class='ocrx_word' id='word_1_596' title='bbox 1495 1893 1606 1929; x_wconf 90' lang='lat' dir='ltr'><strong>quidem</strong></span> <span class='ocrx_word' id='word_1_597' title='bbox 1622 1900 1672 1928; x_wconf 85' lang='lat' dir='ltr'><strong>po-</strong></span> 
     </span>
    </p>
   </div>
   <div class='ocr_carea' id='block_1_86' title="bbox 880 1938 1670 1976">
    <p class='ocr_par' dir='ltr' id='par_1_86' title="bbox 880 1938 1670 1976">
     <span class='ocr_line' id='line_1_86' title="bbox 880 1938 1670 1976; baseline -0.005 -8"><span class='ocrx_word' id='word_1_598' title='bbox 880 1941 962 1976; x_wconf 88' lang='lat' dir='ltr'><strong>pulus</strong></span> <span class='ocrx_word' id='word_1_599' title='bbox 979 1939 1116 1972; x_wconf 86' lang='lat' dir='ltr'><strong>credidit,</strong></span> <span class='ocrx_word' id='word_1_600' title='bbox 1138 1939 1185 1974; x_wconf 87' lang='lat' dir='ltr'><strong>qui</strong></span> <span class='ocrx_word' id='word_1_601' title='bbox 1208 1939 1243 1966; x_wconf 88' lang='lat' dir='ltr'><strong>ad</strong></span> <span class='ocrx_word' id='word_1_602' title='bbox 1265 1939 1323 1966; x_wconf 63' lang='lat' dir='ltr'><strong>haec</strong></span> <span class='ocrx_word' id='word_1_603' title='bbox 1342 1938 1480 1966; x_wconf 86' lang='lat' dir='ltr'><strong>credenda</strong></span> <span class='ocrx_word' id='word_1_604' title='bbox 1501 1942 1541 1965; x_wconf 89' lang='lat' dir='ltr'><strong>tot</strong></span> <span class='ocrx_word' id='word_1_605' title='bbox 1560 1938 1670 1965; x_wconf 72' lang='lat' dir='ltr'><strong>saeculis</strong></span> 
     </span>
    </p>
   </div>
   <div class='ocr_carea' id='block_1_87' title="bbox 878 1984 1671 2019">
    <p class='ocr_par' dir='ltr' id='par_1_87' title="bbox 878 1984 1671 2019">
     <span class='ocr_line' id='line_1_87' title="bbox 878 1984 1671 2019; baseline -0.005 -5"><span class='ocrx_word' id='word_1_606' title='bbox 878 1986 1003 2015; x_wconf 87' lang='lat' dir='ltr'><strong>eruditus</strong></span> <span class='ocrx_word' id='word_1_607' title='bbox 1020 1989 1084 2019; x_wconf 85' lang='lat' dir='ltr'><strong>est;</strong></span> <span class='ocrx_word' id='word_1_608' title='bbox 1100 1989 1128 2013; x_wconf 92' lang='lat' dir='ltr'><strong>et</strong></span> <span class='ocrx_word' id='word_1_609' title='bbox 1143 1993 1198 2012; x_wconf 92' lang='lat' dir='ltr'><strong>non</strong></span> <span class='ocrx_word' id='word_1_610' title='bbox 1213 1985 1303 2013; x_wconf 89' lang='lat' dir='ltr'><strong>solum</strong></span> <span class='ocrx_word' id='word_1_611' title='bbox 1319 1992 1376 2012; x_wconf 87' lang='lat' dir='ltr'><strong>non</strong></span> <span class='ocrx_word' id='word_1_612' title='bbox 1397 1984 1530 2017; x_wconf 84' lang='lat' dir='ltr'><strong>credidit,</strong></span> <span class='ocrx_word' id='word_1_613' title='bbox 1552 1984 1599 2011; x_wconf 86' lang='lat' dir='ltr'><strong>sed</strong></span> <span class='ocrx_word' id='word_1_614' title='bbox 1621 1984 1671 2011; x_wconf 89' lang='lat' dir='ltr'><strong>ad-</strong></span> 
     </span>
    </p>
   </div>
   <div class='ocr_carea' id='block_1_88' title="bbox 879 2029 1668 2066">
    <p class='ocr_par' dir='ltr' id='par_1_88' title="bbox 879 2029 1668 2066">
     <span class='ocr_line' id='line_1_88' title="bbox 879 2029 1668 2066; baseline -0.005 -6"><span class='ocrx_word' id='word_1_615' title='bbox 879 2033 948 2060; x_wconf 90' lang='lat' dir='ltr'><strong>didit</strong></span> <span class='ocrx_word' id='word_1_616' title='bbox 963 2031 1116 2059; x_wconf 85' lang='lat' dir='ltr'><strong>inlidelitati</strong></span> <span class='ocrx_word' id='word_1_617' title='bbox 1139 2030 1357 2066; x_wconf 78' lang='lat' dir='ltr'><strong>blasphemiam,</strong></span> <span class='ocrx_word' id='word_1_618' title='bbox 1379 2037 1508 2058; x_wconf 84' lang='lat' dir='ltr'><strong>voracem</strong></span> <span class='ocrx_word' id='word_1_619' title='bbox 1529 2029 1668 2057; x_wconf 89' lang='lat' dir='ltr'><strong>hominem</strong></span> 
     </span>
    </p>
   </div>
   <div class='ocr_carea' id='block_1_89' title="bbox 879 2075 1668 2111">
    <p class='ocr_par' dir='ltr' id='par_1_89' title="bbox 879 2075 1668 2111">
     <span class='ocr_line' id='line_1_89' title="bbox 879 2075 1668 2111; baseline -0.005 -5"><span class='ocrx_word' id='word_1_620' title='bbox 879 2082 906 2106; x_wconf 88' lang='lat' dir='ltr'><strong>et</strong></span> <span class='ocrx_word' id='word_1_621' title='bbox 922 2077 1017 2106; x_wconf 79' lang='lat' dir='ltr'><strong>ventri-</strong></span> <span class='ocrx_word' id='word_1_622' title='bbox 1025 2077 1191 2105; x_wconf 86' lang='lat' dir='ltr'><strong>servientem</strong></span> <span class='ocrx_word' id='word_1_623' title='bbox 1207 2076 1240 2109; x_wconf 79' lang='grc'><strong>³⁸,</strong></span> <span class='ocrx_word' id='word_1_624' title='bbox 1257 2083 1290 2104; x_wconf 90' lang='lat' dir='ltr'><strong>ac</strong></span> <span class='ocrx_word' id='word_1_625' title='bbox 1304 2076 1428 2104; x_wconf 71' lang='lat' dir='ltr'><strong>daemone</strong></span> <span class='ocrx_word' id='word_1_626' title='bbox 1448 2075 1492 2111; x_wconf 75' lang='lat' dir='ltr'><strong>agi</strong></span> <span class='ocrx_word' id='word_1_627' title='bbox 1512 2082 1575 2103; x_wconf 86' lang='lat' dir='ltr'><strong>eum</strong></span> <span class='ocrx_word' id='word_1_628' title='bbox 1588 2094 1596 2108; x_wconf 94' lang='lat'><strong>,</strong></span> <span class='ocrx_word' id='word_1_629' title='bbox 1618 2075 1668 2110; x_wconf 87' lang='lat' dir='ltr'><strong>qui</strong></span> 
     </span>
    </p>
   </div>
   <div class='ocr_carea' id='block_1_90' title="bbox 878 2119 1669 2152">
    <p class='ocr_par' dir='ltr' id='par_1_90' title="bbox 878 2119 1669 2152">
     <span class='ocr_line' id='line_1_90' title="bbox 878 2119 1669 2152; baseline -0.001 -3"><span class='ocrx_word' id='word_1_630' title='bbox 878 2122 914 2150; x_wconf 91' lang='lat' dir='ltr'><strong>ob</strong></span> <span class='ocrx_word' id='word_1_631' title='bbox 927 2122 1044 2149; x_wconf 90' lang='lat' dir='ltr'><strong>salutem</strong></span> <span class='ocrx_word' id='word_1_632' title='bbox 1059 2129 1138 2149; x_wconf 91' lang='lat' dir='ltr'><strong>suam</strong></span> <span class='ocrx_word' id='word_1_633' title='bbox 1152 2125 1282 2152; x_wconf 89' lang='lat' dir='ltr'><strong>venerat,</strong></span> <span class='ocrx_word' id='word_1_634' title='bbox 1311 2120 1415 2148; x_wconf 90' lang='lat' dir='ltr'><strong>dicens.</strong></span> <span class='ocrx_word' id='word_1_635' title='bbox 1439 2119 1468 2147; x_wconf 96' lang='lat' dir='ltr'><strong>ln</strong></span> <span class='ocrx_word' id='word_1_636' title='bbox 1488 2123 1596 2147; x_wconf 82' lang='lat' dir='ltr'><strong>tantum</strong></span> <span class='ocrx_word' id='word_1_637' title='bbox 1618 2128 1669 2148; x_wconf 91' lang='lat' dir='ltr'><strong>ne-</strong></span> 
     </span>
    </p>
   </div>
   <div class='ocr_carea' id='block_1_91' title="bbox 9 2163 1668 2204">
    <p class='ocr_par' dir='ltr' id='par_1_91' title="bbox 9 2163 1668 2204">
     <span class='ocr_line' id='line_1_91' title="bbox 9 2163 1668 2204; baseline -0.002 -8"><span class='ocrx_word' id='word_1_638' title='bbox 9 2169 144 2196; x_wconf 75' lang='lat' dir='ltr'><strong>bantur.</strong></span> <span class='ocrx_word' id='word_1_639' title='bbox 172 2163 323 2193; x_wconf 87' lang='lat' dir='ltr'><strong>Paucorum</strong></span> <span class='ocrx_word' id='word_1_640' title='bbox 334 2173 454 2201; x_wconf 86' lang='lat' dir='ltr'><strong>namque</strong></span> <span class='ocrx_word' id='word_1_641' title='bbox 469 2170 511 2194; x_wconf 89' lang='lat' dir='ltr'><strong>est</strong></span> <span class='ocrx_word' id='word_1_642' title='bbox 534 2171 608 2194; x_wconf 90' lang='lat' dir='ltr'><strong>recta</strong></span> <span class='ocrx_word' id='word_1_643' title='bbox 621 2174 684 2195; x_wconf 90' lang='lat' dir='ltr'><strong>cum</strong></span> <span class='ocrx_word' id='word_1_644' title='bbox 699 2167 827 2196; x_wconf 87' lang='lat' dir='ltr'><strong>libertate</strong></span> <span class='ocrx_word' id='word_1_645' title='bbox 842 2172 865 2200; x_wconf 86' lang='lat'><strong>1)</strong></span> <span class='ocrx_word' id='word_1_646' title='bbox 880 2169 968 2204; x_wconf 86' lang='lat' dir='ltr'><strong>quitia</strong></span> <span class='ocrx_word' id='word_1_647' title='bbox 988 2168 1126 2195; x_wconf 89' lang='lat' dir='ltr'><strong>malorum</strong></span> <span class='ocrx_word' id='word_1_648' title='bbox 1151 2167 1314 2195; x_wconf 80' lang='lat' dir='ltr'><strong>ministeriis</strong></span> <span class='ocrx_word' id='word_1_649' title='bbox 1333 2167 1422 2199; x_wconf 86' lang='lat' dir='ltr'><strong>valet,</strong></span> <span class='ocrx_word' id='word_1_650' title='bbox 1447 2166 1522 2202; x_wconf 90' lang='lat' dir='ltr'><strong>quod</strong></span> <span class='ocrx_word' id='word_1_651' title='bbox 1544 2166 1598 2194; x_wconf 87' lang='lat' dir='ltr'><strong>nisi</strong></span> <span class='ocrx_word' id='word_1_652' title='bbox 1617 2166 1668 2193; x_wconf 85' lang='lat' dir='ltr'><strong>Sa-</strong></span> 
     </span>
    </p>
   </div>
   <div class='ocr_carea' id='block_1_92' title="bbox 9 2211 187 2243">
    <p class='ocr_par' dir='ltr' id='par_1_92' title="bbox 9 2211 187 2243">
     <span class='ocr_line' id='line_1_92' title="bbox 9 2211 187 2243; baseline -0.022 0"><span class='ocrx_word' id='word_1_653' title='bbox 9 2211 187 2243; x_wconf 83' lang='lat' dir='ltr'><strong>sententia.</strong></span> 
     </span>
    </p>
   </div>
   <div class='ocr_carea' id='block_1_93' title="bbox 878 2213 1667 2251">
    <p class='ocr_par' dir='ltr' id='par_1_93' title="bbox 878 2213 1667 2251">
     <span class='ocr_line' id='line_1_93' title="bbox 878 2213 1667 2251; baseline 0 -9"><span class='ocrx_word' id='word_1_654' title='bbox 878 2214 981 2251; x_wconf 87' lang='lat' dir='ltr'><strong>pientia</strong></span> <span class='ocrx_word' id='word_1_655' title='bbox 1004 2213 1052 2241; x_wconf 91' lang='lat' dir='ltr'><strong>Dei</strong></span> <span class='ocrx_word' id='word_1_656' title='bbox 1073 2213 1207 2241; x_wconf 83' lang='lat' dir='ltr'><strong>adfuisset</strong></span> <span class='ocrx_word' id='word_1_657' title='bbox 1230 2213 1274 2241; x_wconf 86' lang='lat' dir='ltr'><strong>his</strong></span> <span class='ocrx_word' id='word_1_658' title='bbox 1293 2213 1341 2249; x_wconf 90' lang='lat' dir='ltr'><strong>qui</strong></span> <span class='ocrx_word' id='word_1_659' title='bbox 1364 2213 1482 2250; x_wconf 88' lang='lat' dir='ltr'><strong>diligunt</strong></span> <span class='ocrx_word' id='word_1_660' title='bbox 1502 2215 1667 2247; x_wconf 80' lang='lat' dir='ltr'><strong>veritatem.</strong></span> 
     </span>
    </p>
   </div>
   <div class='ocr_carea' id='block_1_94' title="bbox 54 2290 1666 2327">
    <p class='ocr_par' dir='ltr' id='par_1_94' title="bbox 54 2290 1666 2327">
     <span class='ocr_line' id='line_1_94' title="bbox 54 2290 1666 2327; baseline 0.002 -9"><span class='ocrx_word' id='word_1_661' title='bbox 54 2293 85 2309; x_wconf 75' lang='grc'><strong>’³</strong></span> <span class='ocrx_word' id='word_1_662' title='bbox 112 2290 196 2327; x_wconf 82' lang='lat' dir='ltr'><strong>Deut.</strong></span> <span class='ocrx_word' id='word_1_663' title='bbox 210 2298 287 2327; x_wconf 70' lang='lat' dir='ltr'><strong>xvm,</strong></span> <span class='ocrx_word' id='word_1_664' title='bbox 305 2291 349 2327; x_wconf 67' lang='lat'><strong>15;</strong></span> <span class='ocrx_word' id='word_1_665' title='bbox 361 2291 420 2318; x_wconf 83' lang='lat' dir='ltr'><strong>Act.</strong></span> <span class='ocrx_word' id='word_1_666' title='bbox 434 2299 476 2324; x_wconf 81' lang='lat' dir='ltr'><strong>in,</strong></span> <span class='ocrx_word' id='word_1_667' title='bbox 491 2291 537 2325; x_wconf 77' lang='lat'><strong>22,</strong></span> <span class='ocrx_word' id='word_1_668' title='bbox 552 2291 597 2319; x_wconf 76' lang='lat'><strong>23.</strong></span> <span class='ocrx_word' id='word_1_669' title='bbox 636 2290 660 2309; x_wconf 76' lang='lat'><strong>&quot;</strong></span> <span class='ocrx_word' id='word_1_670' title='bbox 676 2292 754 2320; x_wconf 68' lang='lat' dir='ltr'><strong>Deut.</strong></span> <span class='ocrx_word' id='word_1_671' title='bbox 783 2300 832 2326; x_wconf 80' lang='lat' dir='ltr'><strong>xu,</strong></span> <span class='ocrx_word' id='word_1_672' title='bbox 858 2293 904 2326; x_wconf 75' lang='lat' dir='ltr'><strong>it;</strong></span> <span class='ocrx_word' id='word_1_673' title='bbox 928 2292 951 2319; x_wconf 84' lang='lat' dir='ltr'><strong>ll</strong></span> <span class='ocrx_word' id='word_1_674' title='bbox 979 2293 1069 2320; x_wconf 89' lang='lat' dir='ltr'><strong>Paral.</strong></span> <span class='ocrx_word' id='word_1_675' title='bbox 1095 2300 1144 2325; x_wconf 77' lang='lat' dir='ltr'><strong>vn.</strong></span> <span class='ocrx_word' id='word_1_676' title='bbox 1173 2292 1217 2320; x_wconf 73' lang='grc'><strong>12.</strong></span> <span class='ocrx_word' id='word_1_677' title='bbox 1257 2293 1280 2310; x_wconf 78' lang='grc'>⁸⁸</span> <span class='ocrx_word' id='word_1_678' title='bbox 1300 2292 1396 2321; x_wconf 77' lang='lat' dir='ltr'><strong>Matth.</strong></span> <span class='ocrx_word' id='word_1_679' title='bbox 1426 2301 1465 2326; x_wconf 63' lang='grc' dir='ltr'><strong>ιχ,</strong></span> <span class='ocrx_word' id='word_1_680' title='bbox 1494 2294 1537 2327; x_wconf 77' lang='lat' dir='ltr'><strong>i3;</strong></span> <span class='ocrx_word' id='word_1_681' title='bbox 1561 2300 1612 2325; x_wconf 78' lang='lat' dir='ltr'><strong>xu,</strong></span> <span class='ocrx_word' id='word_1_682' title='bbox 1638 2295 1666 2321; x_wconf 62' lang='lat'><strong>&#39;1.</strong></span> 
     </span>
    </p>
   </div>
   <div class='ocr_carea' id='block_1_95' title="bbox 9 2326 513 2360">
    <p class='ocr_par' dir='ltr' id='par_1_95' title="bbox 9 2326 513 2360">
     <span class='ocr_line' id='line_1_95' title="bbox 9 2326 513 2360; baseline 0.004 -8"><span class='ocrx_word' id='word_1_683' title='bbox 9 2330 37 2346; x_wconf 76' lang='grc' dir='ltr'><strong>ιι</strong></span> <span class='ocrx_word' id='word_1_684' title='bbox 57 2326 172 2356; x_wconf 67' lang='lat' dir='ltr'><strong>Matth.</strong></span> <span class='ocrx_word' id='word_1_685' title='bbox 185 2333 259 2358; x_wconf 56' lang='grc' dir='ltr'>μιν,</span> <span class='ocrx_word' id='word_1_686' title='bbox 271 2326 308 2360; x_wconf 71' lang='lat'><strong>3;</strong></span> <span class='ocrx_word' id='word_1_687' title='bbox 321 2326 389 2354; x_wconf 84' lang='lat' dir='ltr'><strong>Luc.</strong></span> <span class='ocrx_word' id='word_1_688' title='bbox 399 2335 457 2359; x_wconf 65' lang='grc' dir='ltr'><strong>ιιι.</strong></span> <span class='ocrx_word' id='word_1_689' title='bbox 469 2327 513 2354; x_wconf 72' lang='grc'><strong>44.</strong></span> 
     </span>
    </p>
   </div>
   <div class='ocr_carea' id='block_1_96' title="bbox 559 2327 981 2362">
    <p class='ocr_par' dir='ltr' id='par_1_96' title="bbox 559 2327 981 2362">
     <span class='ocr_line' id='line_1_96' title="bbox 559 2327 981 2362; baseline 0.005 -8"><span class='ocrx_word' id='word_1_690' title='bbox 559 2327 582 2343; x_wconf 82' lang='grc'><strong>⁸⁸</strong></span> <span class='ocrx_word' id='word_1_691' title='bbox 597 2327 677 2356; x_wconf 87' lang='lat' dir='ltr'><strong>Deut.</strong></span> <span class='ocrx_word' id='word_1_692' title='bbox 691 2336 767 2360; x_wconf 68' lang='lat' dir='ltr'><strong>niti,</strong></span> <span class='ocrx_word' id='word_1_693' title='bbox 784 2336 870 2362; x_wconf 63' lang='grc' dir='ltr'>χχχιι,</span> <span class='ocrx_word' id='word_1_694' title='bbox 890 2337 981 2356; x_wconf 73' lang='lat' dir='ltr'><strong>xxxrv.</strong></span> 
     </span>
    </p>
   </div>
   <div class='ocr_carea' id='block_1_97' title="bbox 1030 2327 1628 2363">
    <p class='ocr_par' dir='ltr' id='par_1_97' title="bbox 1030 2327 1628 2363">
     <span class='ocr_line' id='line_1_97' title="bbox 1030 2327 1628 2363; baseline 0.005 -10"><span class='ocrx_word' id='word_1_695' title='bbox 1030 2329 1053 2344; x_wconf 79' lang='grc'><strong>⁸⁷</strong></span> <span class='ocrx_word' id='word_1_696' title='bbox 1074 2327 1082 2354; x_wconf 95' lang='lat' dir='ltr'><strong>l</strong></span> <span class='ocrx_word' id='word_1_697' title='bbox 1098 2327 1164 2363; x_wconf 74' lang='lat' dir='ltr'><strong>Reg.</strong></span> <span class='ocrx_word' id='word_1_698' title='bbox 1178 2336 1237 2356; x_wconf 86' lang='lat' dir='ltr'><strong>vm.</strong></span> <span class='ocrx_word' id='word_1_699' title='bbox 1278 2328 1301 2344; x_wconf 82' lang='grc'><em>⁸⁸</em></span> <span class='ocrx_word' id='word_1_700' title='bbox 1321 2328 1415 2356; x_wconf 81' lang='lat' dir='ltr'><strong>Matth.</strong></span> <span class='ocrx_word' id='word_1_701' title='bbox 1431 2337 1469 2362; x_wconf 75' lang='lat' dir='ltr'><strong>ix;</strong></span> <span class='ocrx_word' id='word_1_702' title='bbox 1483 2328 1564 2356; x_wconf 80' lang='lat' dir='ltr'><strong>Joan.</strong></span> <span class='ocrx_word' id='word_1_703' title='bbox 1581 2338 1628 2356; x_wconf 79' lang='lat' dir='ltr'><strong>vn.</strong></span> 
     </span>
    </p>
   </div>
   <div class='ocr_carea' id='block_1_98' title="bbox 683 2414 1012 2444">
    <p class='ocr_par' dir='ltr' id='par_1_98' title="bbox 683 2414 1012 2444">
     <span class='ocr_line' id='line_1_98' title="bbox 683 2414 1012 2444; baseline -0.003 -1"><span class='ocrx_word' id='word_1_704' title='bbox 683 2414 866 2443; x_wconf 79' lang='lat' dir='ltr'><strong>COTELEBll</strong></span> <span class='ocrx_word' id='word_1_705' title='bbox 896 2415 1012 2444; x_wconf 71' lang='grc' dir='ltr'><strong>ΝΟΤᾸΞ.</strong></span> 
     </span>
    </p>
   </div>
   <div class='ocr_carea' id='block_1_99' title="bbox 9 2491 821 2534">
    <p class='ocr_par' dir='ltr' id='par_1_99' title="bbox 9 2491 821 2534">
     <span class='ocr_line' id='line_1_99' title="bbox 9 2491 821 2534; baseline 0.002 -15"><span class='ocrx_word' id='word_1_706' title='bbox 9 2493 157 2534; x_wconf 54' lang='grc' dir='ltr'><strong>ἀνῆλοςν-</strong></span> <span class='ocrx_word' id='word_1_707' title='bbox 164 2491 314 2534; x_wconf 48' lang='lat' dir='ltr'><strong>inrumpe</strong></span> <span class='ocrx_word' id='word_1_708' title='bbox 331 2492 488 2534; x_wconf 57' lang='grc' dir='ltr'><strong>βουκρᾴενου.</strong></span> <span class='ocrx_word' id='word_1_709' title='bbox 508 2493 536 2534; x_wconf 80' lang='lat' dir='ltr'><strong>Id</strong></span> <span class='ocrx_word' id='word_1_710' title='bbox 551 2497 592 2534; x_wconf 75' lang='lat' dir='ltr'><strong>est</strong></span> <span class='ocrx_word' id='word_1_711' title='bbox 606 2503 613 2521; x_wconf 72' lang='grc' dir='ltr'><strong>ι</strong></span> <span class='ocrx_word' id='word_1_712' title='bbox 629 2493 691 2521; x_wconf 78' lang='lat' dir='ltr'><strong>Non</strong></span> <span class='ocrx_word' id='word_1_713' title='bbox 702 2494 771 2534; x_wconf 69' lang='lat' dir='ltr'><strong>enim</strong></span> <span class='ocrx_word' id='word_1_714' title='bbox 781 2494 821 2534; x_wconf 74' lang='lat' dir='ltr'><strong>fe-</strong></span> 
     </span>
    </p>
   </div>
   <div class='ocr_carea' id='block_1_100' title="bbox 9 2526 821 2562">
    <p class='ocr_par' dir='ltr' id='par_1_100' title="bbox 9 2526 821 2562">
     <span class='ocr_line' id='line_1_100' title="bbox 9 2526 821 2562; baseline -0.001 -5"><span class='ocrx_word' id='word_1_715' title='bbox 9 2526 125 2562; x_wconf 65' lang='grc' dir='ltr'>ξετίιιὰι</span> <span class='ocrx_word' id='word_1_716' title='bbox 136 2526 225 2559; x_wconf 64' lang='lat' dir='ltr'><strong>locis,</strong></span> <span class='ocrx_word' id='word_1_717' title='bbox 239 2526 285 2554; x_wconf 79' lang='lat' dir='ltr'><strong>aut</strong></span> <span class='ocrx_word' id='word_1_718' title='bbox 299 2526 377 2561; x_wconf 80' lang='lat' dir='ltr'><strong>hujus</strong></span> <span class='ocrx_word' id='word_1_719' title='bbox 390 2526 493 2556; x_wconf 62' lang='lat' dir='ltr'><strong>filiusve</strong></span> <span class='ocrx_word' id='word_1_720' title='bbox 507 2529 690 2559; x_wconf 76' lang='lat' dir='ltr'><strong>simulacrum,</strong></span> <span class='ocrx_word' id='word_1_721' title='bbox 703 2529 747 2556; x_wconf 76' lang='lat' dir='ltr'><strong>sed</strong></span> <span class='ocrx_word' id='word_1_722' title='bbox 760 2526 821 2556; x_wconf 78' lang='lat' dir='ltr'><strong>abs-</strong></span> 
     </span>
    </p>
   </div>
   <div class='ocr_carea' id='block_1_101' title="bbox 9 2562 822 2606">
    <p class='ocr_par' dir='ltr' id='par_1_101' title="bbox 9 2562 822 2606">
     <span class='ocr_line' id='line_1_101' title="bbox 9 2562 822 2606; baseline -0.001 -15"><span class='ocrx_word' id='word_1_723' title='bbox 9 2576 72 2606; x_wconf 71' lang='lat' dir='ltr'><strong>qu</strong></span> <span class='ocrx_word' id='word_1_724' title='bbox 90 2568 176 2606; x_wconf 61' lang='grc' dir='ltr'><strong>ρᾳνιο</strong></span> <span class='ocrx_word' id='word_1_725' title='bbox 190 2562 564 2606; x_wconf 38' lang='lat' dir='ltr'><strong>consilioluurum‘dederunt</strong></span> <span class='ocrx_word' id='word_1_726' title='bbox 577 2569 605 2590; x_wconf 84' lang='lat' dir='ltr'><strong>ut</strong></span> <span class='ocrx_word' id='word_1_727' title='bbox 627 2565 700 2606; x_wconf 63' lang='lat' dir='ltr'><strong>ﬁeret</strong></span> <span class='ocrx_word' id='word_1_728' title='bbox 721 2565 822 2606; x_wconf 62' lang='lat' dir='ltr'><strong>idolum</strong></span> 
     </span>
    </p>
   </div>
   <div class='ocr_carea' id='block_1_102' title="bbox 9 2596 822 2640">
    <p class='ocr_par' dir='ltr' id='par_1_102' title="bbox 9 2596 822 2640">
     <span class='ocr_line' id='line_1_102' title="bbox 9 2596 822 2640; baseline 0.002 -16"><span class='ocrx_word' id='word_1_729' title='bbox 9 2596 208 2640; x_wconf 54' lang='grc' dir='ltr'><strong>ἄκρααὶ-ξυιυς</strong></span> <span class='ocrx_word' id='word_1_730' title='bbox 216 2606 274 2624; x_wconf 81' lang='lat' dir='ltr'><strong>sors</strong></span> <span class='ocrx_word' id='word_1_731' title='bbox 288 2597 442 2630; x_wconf 79' lang='lat' dir='ltr'><strong>obtulisset;</strong></span> <span class='ocrx_word' id='word_1_732' title='bbox 458 2603 535 2633; x_wconf 82' lang='lat' dir='ltr'><strong>atque</strong></span> <span class='ocrx_word' id='word_1_733' title='bbox 547 2599 584 2626; x_wconf 81' lang='lat' dir='ltr'><strong>ita</strong></span> <span class='ocrx_word' id='word_1_734' title='bbox 598 2596 662 2626; x_wconf 64' lang='lat' dir='ltr'><strong>exiit</strong></span> <span class='ocrx_word' id='word_1_735' title='bbox 677 2599 763 2627; x_wconf 73' lang='lat' dir='ltr'><strong>boriui</strong></span> <span class='ocrx_word' id='word_1_736' title='bbox 776 2608 822 2626; x_wconf 77' lang='lat' dir='ltr'><strong>ca-</strong></span> 
     </span>
    </p>
   </div>
   <div class='ocr_carea' id='block_1_103' title="bbox 29 2633 217 2666">
    <p class='ocr_par' dir='ltr' id='par_1_103' title="bbox 29 2633 217 2666">
     <span class='ocr_line' id='line_1_103' title="bbox 29 2633 217 2666; baseline 0.005 -7"><span class='ocrx_word' id='word_1_737' title='bbox 29 2637 89 2666; x_wconf 65' lang='grc' dir='ltr'><strong>ειίε</strong></span> <span class='ocrx_word' id='word_1_738' title='bbox 105 2633 217 2666; x_wconf 60' lang='lat' dir='ltr'><strong>min.</strong></span> 
     </span>
    </p>
   </div>
   <div class='ocr_carea' id='block_1_104' title="bbox 9 2648 820 2709">
    <p class='ocr_par' dir='ltr' id='par_1_104' title="bbox 9 2648 820 2709">
     <span class='ocr_line' id='line_1_104' title="bbox 9 2648 820 2709; baseline 0.002 -15"><span class='ocrx_word' id='word_1_739' title='bbox 9 2648 397 2709; x_wconf 41' lang='lat' dir='ltr'><strong>Puwi-Edphetgmnuobis</strong></span> <span class='ocrx_word' id='word_1_740' title='bbox 408 2669 557 2700; x_wconf 82' lang='lat' dir='ltr'><strong>suscitabit,</strong></span> <span class='ocrx_word' id='word_1_741' title='bbox 572 2673 625 2709; x_wconf 69' lang='lat' dir='ltr'><strong>etc.</strong></span> <span class='ocrx_word' id='word_1_742' title='bbox 638 2668 721 2709; x_wconf 76' lang='lat' dir='ltr'><strong>Recte</strong></span> <span class='ocrx_word' id='word_1_743' title='bbox 733 2678 820 2709; x_wconf 56' lang='lat' dir='ltr'><strong>meme</strong></span> 
     </span>
    </p>
   </div>
   <div class='ocr_carea' id='block_1_105' title="bbox 9 2702 824 2739">
    <p class='ocr_par' dir='ltr' id='par_1_105' title="bbox 9 2702 824 2739">
     <span class='ocr_line' id='line_1_105' title="bbox 9 2702 824 2739; baseline 0.017 -20"><span class='ocrx_word' id='word_1_744' title='bbox 9 2702 224 2739; x_wconf 54' lang='lat' dir='ltr'><strong>bMMia</strong></span> <span class='ocrx_word' id='word_1_745' title='bbox 230 2703 293 2730; x_wconf 81' lang='lat' dir='ltr'><strong>etP.</strong></span> <span class='ocrx_word' id='word_1_746' title='bbox 303 2702 393 2736; x_wconf 84' lang='lat' dir='ltr'><strong>Potiti,</strong></span> <span class='ocrx_word' id='word_1_747' title='bbox 403 2711 471 2738; x_wconf 89' lang='lat' dir='ltr'><strong>quas</strong></span> <span class='ocrx_word' id='word_1_748' title='bbox 481 2712 536 2738; x_wconf 76' lang='lat' dir='ltr'><strong>prre</strong></span> <span class='ocrx_word' id='word_1_749' title='bbox 544 2705 632 2732; x_wconf 89' lang='lat' dir='ltr'><strong>oculis</strong></span> <span class='ocrx_word' id='word_1_750' title='bbox 644 2705 729 2731; x_wconf 84' lang='lat' dir='ltr'><strong>habeo</strong></span> <span class='ocrx_word' id='word_1_751' title='bbox 739 2713 745 2730; x_wconf 91' lang='lat'><strong>:</strong></span> <span class='ocrx_word' id='word_1_752' title='bbox 756 2705 824 2732; x_wconf 79' lang='lat' dir='ltr'><strong>Deus</strong></span> 
     </span>
    </p>
   </div>
   <div class='ocr_carea' id='block_1_106' title="bbox 9 2738 822 2779">
    <p class='ocr_par' dir='ltr' id='par_1_106' title="bbox 9 2738 822 2779">
     <span class='ocr_line' id='line_1_106' title="bbox 9 2738 822 2779; baseline 0.004 -15"><span class='ocrx_word' id='word_1_753' title='bbox 9 2738 119 2779; x_wconf 51' lang='grc' dir='ltr'><strong>κει-εξ</strong></span> <span class='ocrx_word' id='word_1_754' title='bbox 126 2739 201 2779; x_wconf 47' lang='lat' dir='ltr'><strong>sicut</strong></span> <span class='ocrx_word' id='word_1_755' title='bbox 215 2745 279 2779; x_wconf 51' lang='lat' dir='ltr'><strong>nte;</strong></span> <span class='ocrx_word' id='word_1_756' title='bbox 299 2739 386 2779; x_wconf 78' lang='lat' dir='ltr'><strong>ipsum</strong></span> <span class='ocrx_word' id='word_1_757' title='bbox 399 2738 488 2779; x_wconf 66' lang='lat' dir='ltr'><strong>audite</strong></span> <span class='ocrx_word' id='word_1_758' title='bbox 497 2740 639 2779; x_wconf 65' lang='lat' dir='ltr'><strong>secundum</strong></span> <span class='ocrx_word' id='word_1_759' title='bbox 655 2740 822 2779; x_wconf 56' lang='lat' dir='ltr'><strong>otitnia,_etc.</strong></span> 
     </span>
    </p>
   </div>
   <div class='ocr_carea' id='block_1_107' title="bbox 10 2771 824 2811">
    <p class='ocr_par' dir='ltr' id='par_1_107' title="bbox 10 2771 824 2811">
     <span class='ocr_line' id='line_1_107' title="bbox 10 2771 824 2811; baseline -0.001 -8"><span class='ocrx_word' id='word_1_760' title='bbox 10 2771 48 2808; x_wconf 68' lang='grc' dir='ltr'><strong><em>ἱὶι</em></strong></span> <span class='ocrx_word' id='word_1_761' title='bbox 59 2771 208 2811; x_wconf 50' lang='lat' dir='ltr'><strong>Chronico</strong></span> <span class='ocrx_word' id='word_1_762' title='bbox 215 2771 367 2811; x_wconf 75' lang='lat' dir='ltr'><strong>Raderiano</strong></span> <span class='ocrx_word' id='word_1_763' title='bbox 373 2781 422 2811; x_wconf 76' lang='lat' dir='ltr'><strong>seu</strong></span> <span class='ocrx_word' id='word_1_764' title='bbox 431 2774 627 2811; x_wconf 62' lang='lat' dir='ltr'><strong>Alexandrino,</strong></span> <span class='ocrx_word' id='word_1_765' title='bbox 638 2783 662 2810; x_wconf 92' lang='lat' dir='ltr'><strong>p.</strong></span> <span class='ocrx_word' id='word_1_766' title='bbox 672 2776 723 2811; x_wconf 69' lang='grc' dir='ltr'><strong>1ξο</strong></span> <span class='ocrx_word' id='word_1_767' title='bbox 735 2784 741 2802; x_wconf 92' lang='lat'>:</span> <span class='ocrx_word' id='word_1_768' title='bbox 754 2776 824 2811; x_wconf 77' lang='lat' dir='ltr'><strong>[lpo—</strong></span> 
     </span>
    </p>
   </div>
   <div class='ocr_carea' id='block_1_108' title="bbox 10 2808 821 2855">
    <p class='ocr_par' dir='ltr' id='par_1_108' title="bbox 10 2808 821 2855">
     <span class='ocr_line' id='line_1_108' title="bbox 10 2808 821 2855; baseline 0 0"><span class='ocrx_word' id='word_1_769' title='bbox 138 2809 213 2855; x_wconf 58' lang='grc' dir='ltr'><strong>ξδξιὶῑ</strong></span> <span class='ocrx_word' id='word_1_770' title='bbox 230 2808 502 2855; x_wconf 39' lang='lat' dir='ltr'><strong>inﬂectas</strong></span> <span class='ocrx_word' id='word_1_771' title='bbox 517 2811 535 2855; x_wconf 56' lang='lat'><strong>9,</strong></span> <span class='ocrx_word' id='word_1_772' title='bbox 548 2810 613 2855; x_wconf 58' lang='grc' dir='ltr'><strong>εὲεὲς</strong></span> <span class='ocrx_word' id='word_1_773' title='bbox 626 2808 821 2855; x_wconf 51' lang='grc' dir='ltr'><strong>ἐδέξ-</strong></span> 
     </span>
    </p>
   </div>
   <div class='ocr_carea' id='block_1_109' title="bbox 12 2843 821 2886">
    <p class='ocr_par' dir='ltr' id='par_1_109' title="bbox 12 2843 821 2886">
     <span class='ocr_line' id='line_1_109' title="bbox 12 2843 821 2886; baseline 0.002 -16"><span class='ocrx_word' id='word_1_774' title='bbox 12 2843 84 2886; x_wconf 66' lang='grc' dir='ltr'><strong>ᾧῶν</strong></span> <span class='ocrx_word' id='word_1_775' title='bbox 94 2843 147 2877; x_wconf 82' lang='grc' dir='ltr'><strong>’ὡς</strong></span> <span class='ocrx_word' id='word_1_776' title='bbox 163 2843 224 2879; x_wconf 56' lang='lat' dir='ltr'><strong>sui.</strong></span> <span class='ocrx_word' id='word_1_777' title='bbox 248 2843 334 2870; x_wconf 76' lang='grc' dir='ltr'><strong>Αὑτοῦ</strong></span> <span class='ocrx_word' id='word_1_778' title='bbox 357 2843 503 2871; x_wconf 71' lang='grc' dir='ltr'><strong>άκούσὲσθε</strong></span> <span class='ocrx_word' id='word_1_779' title='bbox 520 2845 589 2872; x_wconf 71' lang='grc' dir='ltr'>κατὰ</span> <span class='ocrx_word' id='word_1_780' title='bbox 606 2845 707 2878; x_wconf 76' lang='grc' dir='ltr'><strong>πάντα,</strong></span> <span class='ocrx_word' id='word_1_781' title='bbox 724 2846 772 2872; x_wconf 76' lang='grc' dir='ltr'><strong>ὅσα</strong></span> <span class='ocrx_word' id='word_1_782' title='bbox 789 2845 821 2872; x_wconf 77' lang='grc' dir='ltr'>ἂν</span> 
     </span>
    </p>
   </div>
   <div class='ocr_carea' id='block_1_110' title="bbox 875 2492 1664 2532">
    <p class='ocr_par' dir='ltr' id='par_1_110' title="bbox 875 2492 1664 2532">
     <span class='ocr_line' id='line_1_110' title="bbox 875 2492 1664 2532; baseline 0.003 -10"><span class='ocrx_word' id='word_1_783' title='bbox 875 2495 939 2532; x_wconf 62' lang='lat' dir='ltr'><strong>sitm</strong></span> <span class='ocrx_word' id='word_1_784' title='bbox 946 2495 1014 2531; x_wconf 83' lang='grc' dir='ltr'><strong>πρὸς</strong></span> <span class='ocrx_word' id='word_1_785' title='bbox 1022 2492 1103 2531; x_wconf 77' lang='grc' dir='ltr'><strong>ὗμᾶςι</strong></span> <span class='ocrx_word' id='word_1_786' title='bbox 1112 2496 1207 2532; x_wconf 79' lang='grc' dir='ltr'><strong>Ἔσται</strong></span> <span class='ocrx_word' id='word_1_787' title='bbox 1217 2496 1255 2532; x_wconf 69' lang='grc' dir='ltr'><strong>δξ,</strong></span> <span class='ocrx_word' id='word_1_788' title='bbox 1267 2497 1342 2523; x_wconf 81' lang='grc' dir='ltr'>πᾶσα.</span> <span class='ocrx_word' id='word_1_789' title='bbox 1349 2496 1432 2532; x_wconf 79' lang='grc' dir='ltr'><strong>ψυχὴ,</strong></span> <span class='ocrx_word' id='word_1_790' title='bbox 1443 2497 1504 2531; x_wconf 79' lang='grc' dir='ltr'><strong>ἥτις</strong></span> <span class='ocrx_word' id='word_1_791' title='bbox 1511 2496 1561 2523; x_wconf 75' lang='grc' dir='ltr'>οὐκ</span> <span class='ocrx_word' id='word_1_792' title='bbox 1571 2496 1664 2532; x_wconf 69' lang='grc' dir='ltr'><strong>ἀκούει</strong></span> 
     </span>
    </p>
   </div>
   <div class='ocr_carea' id='block_1_111' title="bbox 875 2530 1665 2567">
    <p class='ocr_par' dir='ltr' id='par_1_111' title="bbox 875 2530 1665 2567">
     <span class='ocr_line' id='line_1_111' title="bbox 875 2530 1665 2567; baseline 0.004 -11"><span class='ocrx_word' id='word_1_793' title='bbox 875 2530 1076 2567; x_wconf 42' lang='grc' dir='ltr'><strong>τᾳῦξπροερήτου</strong></span> <span class='ocrx_word' id='word_1_794' title='bbox 1091 2531 1204 2564; x_wconf 75' lang='grc' dir='ltr'><strong>ἐκείνου,</strong></span> <span class='ocrx_word' id='word_1_795' title='bbox 1220 2530 1472 2567; x_wconf 67' lang='grc' dir='ltr'><strong>ὲξολοθρεύθήσὲτάι</strong></span> <span class='ocrx_word' id='word_1_796' title='bbox 1488 2532 1520 2558; x_wconf 85' lang='grc' dir='ltr'><strong>ὲκ</strong></span> <span class='ocrx_word' id='word_1_797' title='bbox 1535 2531 1583 2558; x_wconf 82' lang='grc' dir='ltr'><strong>τοῦ</strong></span> <span class='ocrx_word' id='word_1_798' title='bbox 1598 2532 1665 2559; x_wconf 74' lang='grc' dir='ltr'><strong>λαοῦ</strong></span> 
     </span>
    </p>
   </div>
   <div class='ocr_carea' id='block_1_112' title="bbox 875 2550 1664 2628">
    <p class='ocr_par' dir='ltr' id='par_1_112' title="bbox 875 2550 1664 2628">
     <span class='ocr_line' id='line_1_112' title="bbox 875 2550 1664 2602; baseline 0.004 -11"><span class='ocrx_word' id='word_1_799' title='bbox 875 2550 1137 2601; x_wconf 52' lang='grc' dir='ltr'><strong>ωὑτῆςῖηὗέτείοηεε</strong></span> <span class='ocrx_word' id='word_1_800' title='bbox 1148 2552 1229 2594; x_wconf 60' lang='grc' dir='ltr'>θιίᾶιη</span> <span class='ocrx_word' id='word_1_801' title='bbox 1235 2550 1376 2602; x_wconf 58' lang='lat' dir='ltr'><strong>‘s&quot;y&quot;r&quot;i§Ea&quot;</strong></span> <span class='ocrx_word' id='word_1_802' title='bbox 1383 2550 1664 2601; x_wconf 47' lang='lat' dir='ltr'><strong>éi&#39;i&#39;raﬁfca&#39;végﬁ&#39;é:</strong></span> 
     </span>
     <span class='ocr_line' id='line_1_113' title="bbox 875 2600 1179 2628; baseline 0.003 -1"><span class='ocrx_word' id='word_1_803' title='bbox 875 2605 952 2628; x_wconf 85' lang='lat' dir='ltr'><strong>cunt.</strong></span> <span class='ocrx_word' id='word_1_804' title='bbox 964 2600 996 2627; x_wconf 81' lang='lat' dir='ltr'><strong>de</strong></span> <span class='ocrx_word' id='word_1_805' title='bbox 1011 2601 1108 2628; x_wconf 73' lang='lat' dir='ltr'><strong>vapulo</strong></span> <span class='ocrx_word' id='word_1_806' title='bbox 1121 2609 1179 2628; x_wconf 81' lang='lat' dir='ltr'><strong>suo.</strong></span> 
     </span>
    </p>
   </div>
   <div class='ocr_carea' id='block_1_113' title="bbox 874 2608 1661 2676">
    <p class='ocr_par' dir='ltr' id='par_1_113' title="bbox 874 2608 1661 2676">
     <span class='ocr_line' id='line_1_114' title="bbox 874 2608 1179 2636; baseline 0.007 -10"><span class='ocrx_word' id='word_1_807' title='bbox 874 2608 952 2630; x_wconf 87' lang='lat' dir='ltr'><strong>cunt,</strong></span> <span class='ocrx_word' id='word_1_808' title='bbox 964 2608 996 2627; x_wconf 84' lang='lat' dir='ltr'><strong>ae</strong></span> <span class='ocrx_word' id='word_1_809' title='bbox 1029 2608 1108 2636; x_wconf 77' lang='lat' dir='ltr'><strong>apulo</strong></span> <span class='ocrx_word' id='word_1_810' title='bbox 1121 2609 1179 2629; x_wconf 81' lang='lat' dir='ltr'><strong>suo.</strong></span> 
     </span>
     <span class='ocr_line' id='line_1_115' title="bbox 887 2609 1661 2676; baseline 0 -14"><span class='ocrx_word' id='word_1_811' title='bbox 887 2635 967 2676; x_wconf 33' lang='lat'><strong>“($39)</strong></span> <span class='ocrx_word' id='word_1_812' title='bbox 990 2609 1047 2676; x_wconf 44' lang='lat' dir='ltr'><strong>Herc</strong></span> <span class='ocrx_word' id='word_1_813' title='bbox 1057 2637 1164 2676; x_wconf 60' lang='lat' dir='ltr'><strong>ponitur</strong></span> <span class='ocrx_word' id='word_1_814' title='bbox 1178 2636 1280 2676; x_wconf 75' lang='lat' dir='ltr'><strong>euidens</strong></span> <span class='ocrx_word' id='word_1_815' title='bbox 1296 2636 1385 2676; x_wconf 59' lang='lat' dir='ltr'><strong>magni</strong></span> <span class='ocrx_word' id='word_1_816' title='bbox 1396 2636 1515 2676; x_wconf 69' lang='lat' dir='ltr'><strong>mysterii</strong></span> <span class='ocrx_word' id='word_1_817' title='bbox 1525 2635 1603 2676; x_wconf 45' lang='lat' dir='ltr'><strong>hujus</strong></span> <span class='ocrx_word' id='word_1_818' title='bbox 1617 2636 1661 2662; x_wconf 82' lang='lat' dir='ltr'><strong>in-</strong></span> 
     </span>
    </p>
   </div>
   <div class='ocr_carea' id='block_1_114' title="bbox 875 2667 1662 2705">
    <p class='ocr_par' dir='ltr' id='par_1_114' title="bbox 875 2667 1662 2705">
     <span class='ocr_line' id='line_1_116' title="bbox 875 2667 1662 2705; baseline 0.003 -9"><span class='ocrx_word' id='word_1_819' title='bbox 875 2667 986 2702; x_wconf 70' lang='lat' dir='ltr'><strong>dicium,</strong></span> <span class='ocrx_word' id='word_1_820' title='bbox 1004 2667 1061 2698; x_wconf 51' lang='lat' dir='ltr'><strong>etc:</strong></span> <span class='ocrx_word' id='word_1_821' title='bbox 1077 2671 1105 2698; x_wconf 89' lang='lat' dir='ltr'><strong>Si</strong></span> <span class='ocrx_word' id='word_1_822' title='bbox 1121 2672 1166 2698; x_wconf 93' lang='lat' dir='ltr'><strong>cui</strong></span> <span class='ocrx_word' id='word_1_823' title='bbox 1183 2673 1233 2699; x_wconf 88' lang='lat' dir='ltr'><strong>ista</strong></span> <span class='ocrx_word' id='word_1_824' title='bbox 1251 2676 1316 2699; x_wconf 89' lang='lat' dir='ltr'><strong>sunt</strong></span> <span class='ocrx_word' id='word_1_825' title='bbox 1332 2667 1449 2698; x_wconf 62' lang='lat' dir='ltr'><strong>dbscnfa</strong></span> <span class='ocrx_word' id='word_1_826' title='bbox 1462 2691 1470 2702; x_wconf 91' lang='lat'><strong>,</strong></span> <span class='ocrx_word' id='word_1_827' title='bbox 1489 2667 1563 2705; x_wconf 71' lang='lat' dir='ltr'><strong>legat</strong></span> <span class='ocrx_word' id='word_1_828' title='bbox 1576 2671 1662 2698; x_wconf 81' lang='lat' dir='ltr'><strong>Eusc-</strong></span> 
     </span>
    </p>
   </div>
   <div class='ocr_carea' id='block_1_115' title="bbox 878 2705 1659 2742">
    <p class='ocr_par' dir='ltr' id='par_1_115' title="bbox 878 2705 1659 2742">
     <span class='ocr_line' id='line_1_117' title="bbox 878 2705 1659 2742; baseline 0 -10"><span class='ocrx_word' id='word_1_829' title='bbox 878 2705 1042 2742; x_wconf 75' lang='lat' dir='ltr'><strong>bium,ﬂist.</strong></span> <span class='ocrx_word' id='word_1_830' title='bbox 1060 2707 1106 2734; x_wconf 88' lang='lat' dir='ltr'><strong>lib.</strong></span> <span class='ocrx_word' id='word_1_831' title='bbox 1119 2707 1274 2742; x_wconf 83' lang='lat' dir='ltr'><strong>m,cap.5;</strong></span> <span class='ocrx_word' id='word_1_832' title='bbox 1293 2706 1487 2741; x_wconf 82' lang='lat' dir='ltr'><strong>Epiphanium,</strong></span> <span class='ocrx_word' id='word_1_833' title='bbox 1506 2706 1600 2733; x_wconf 72' lang='lat' dir='ltr'><strong>haeresi</strong></span> <span class='ocrx_word' id='word_1_834' title='bbox 1613 2705 1659 2738; x_wconf 61' lang='grc' dir='ltr'><strong>ἓξ).</strong></span> 
     </span>
    </p>
   </div>
   <div class='ocr_carea' id='block_1_116' title="bbox 875 2741 1658 2774">
    <p class='ocr_par' dir='ltr' id='par_1_116' title="bbox 875 2741 1658 2774">
     <span class='ocr_line' id='line_1_118' title="bbox 875 2741 1658 2774; baseline 0 -8"><span class='ocrx_word' id='word_1_835' title='bbox 875 2748 951 2767; x_wconf 86' lang='lat' dir='ltr'><strong>num.</strong></span> <span class='ocrx_word' id='word_1_836' title='bbox 971 2741 996 2774; x_wconf 86' lang='lat'><strong>7;</strong></span> <span class='ocrx_word' id='word_1_837' title='bbox 1012 2742 1076 2774; x_wconf 64' lang='lat' dir='ltr'><strong>nter.</strong></span> <span class='ocrx_word' id='word_1_838' title='bbox 1094 2742 1139 2773; x_wconf 80' lang='lat'><strong>50,</strong></span> <span class='ocrx_word' id='word_1_839' title='bbox 1153 2741 1228 2768; x_wconf 84' lang='lat' dir='ltr'><strong>num.</strong></span> <span class='ocrx_word' id='word_1_840' title='bbox 1245 2743 1278 2774; x_wconf 73' lang='lat'><strong>2;</strong></span> <span class='ocrx_word' id='word_1_841' title='bbox 1296 2741 1356 2769; x_wconf 82' lang='lat' dir='ltr'><strong>Lib.</strong></span> <span class='ocrx_word' id='word_1_842' title='bbox 1381 2742 1413 2767; x_wconf 84' lang='lat' dir='ltr'><strong>de</strong></span> <span class='ocrx_word' id='word_1_843' title='bbox 1432 2749 1513 2768; x_wconf 82' lang='lat' dir='ltr'><strong>mem.</strong></span> <span class='ocrx_word' id='word_1_844' title='bbox 1529 2745 1554 2766; x_wconf 85' lang='lat' dir='ltr'><strong>et</strong></span> <span class='ocrx_word' id='word_1_845' title='bbox 1566 2741 1658 2774; x_wconf 77' lang='lat' dir='ltr'><strong>pond.,</strong></span> 
     </span>
    </p>
   </div>
   <div class='ocr_carea' id='block_1_117' title="bbox 873 2768 1660 2810">
    <p class='ocr_par' dir='ltr' id='par_1_117' title="bbox 873 2768 1660 2810">
     <span class='ocr_line' id='line_1_119' title="bbox 873 2768 1660 2810; baseline -0.001 -8"><span class='ocrx_word' id='word_1_846' title='bbox 873 2783 934 2810; x_wconf 85' lang='lat' dir='ltr'><strong>cap.</strong></span> <span class='ocrx_word' id='word_1_847' title='bbox 950 2768 996 2809; x_wconf 48' lang='lat'><strong>15;.</strong></span> <span class='ocrx_word' id='word_1_848' title='bbox 1010 2768 1204 2804; x_wconf 65' lang='lat' dir='ltr'><strong>Theodoritum</strong></span> <span class='ocrx_word' id='word_1_849' title='bbox 1218 2777 1251 2804; x_wconf 91' lang='lat' dir='ltr'><strong>ad</strong></span> <span class='ocrx_word' id='word_1_850' title='bbox 1266 2768 1404 2804; x_wconf 67' lang='lat' dir='ltr'><strong>Zachariae</strong></span> <span class='ocrx_word' id='word_1_851' title='bbox 1417 2784 1473 2808; x_wconf 80' lang='lat' dir='ltr'><strong>xw,</strong></span> <span class='ocrx_word' id='word_1_852' title='bbox 1487 2776 1514 2809; x_wconf 71' lang='lat'><strong>2;</strong></span> <span class='ocrx_word' id='word_1_853' title='bbox 1528 2768 1660 2810; x_wconf 60' lang='lat' dir='ltr'><strong>Nicepho;</strong></span> 
     </span>
    </p>
   </div>
   <div class='ocr_carea' id='block_1_118' title="bbox 874 2811 1658 2843">
    <p class='ocr_par' dir='ltr' id='par_1_118' title="bbox 874 2811 1658 2843">
     <span class='ocr_line' id='line_1_120' title="bbox 874 2811 1658 2843; baseline 0.003 -8"><span class='ocrx_word' id='word_1_854' title='bbox 874 2818 944 2842; x_wconf 84' lang='lat' dir='ltr'><strong>rum,</strong></span> <span class='ocrx_word' id='word_1_855' title='bbox 972 2811 1139 2843; x_wconf 85' lang='lat' dir='ltr'><strong>Cedrenum,</strong></span> <span class='ocrx_word' id='word_1_856' title='bbox 1169 2811 1336 2843; x_wconf 86' lang='lat' dir='ltr'><strong>Freculfum,</strong></span> <span class='ocrx_word' id='word_1_857' title='bbox 1364 2815 1418 2837; x_wconf 89' lang='lat' dir='ltr'><strong>etc.</strong></span> <span class='ocrx_word' id='word_1_858' title='bbox 1447 2811 1490 2838; x_wconf 83' lang='lat' dir='ltr'><strong>Ab</strong></span> <span class='ocrx_word' id='word_1_859' title='bbox 1511 2811 1545 2838; x_wconf 89' lang='lat' dir='ltr'><strong>iis</strong></span> <span class='ocrx_word' id='word_1_860' title='bbox 1569 2811 1658 2838; x_wconf 84' lang='lat' dir='ltr'><strong>lucem</strong></span> 
     </span>
    </p>
   </div>
   <div class='ocr_carea' id='block_1_119' title="bbox 872 2851 954 2881">
    <p class='ocr_par' dir='ltr' id='par_1_119' title="bbox 872 2851 954 2881">
     <span class='ocr_line' id='line_1_121' title="bbox 872 2851 954 2881; baseline 0.012 -8"><span class='ocrx_word' id='word_1_861' title='bbox 872 2851 954 2881; x_wconf 64' lang='lat' dir='ltr'><strong>petiit.</strong></span> 
     </span>
    </p>
   </div>
  </div>
