1892 3105
244 187 316 216 1255

241 289 345 323 fuisse,
369 290 479 318 etiamsi
504 291 638 326 scriptum
661 299 717 319 non
737 296 812 319 esset
836 292 864 318 in
889 292 970 327 lege:
991 292 1030 319 ita

241 344 305 364 cum
321 341 428 363 certum
451 337 487 364 sit
509 343 573 363 eum
594 336 756 372 prophetam
779 336 882 371 fuisse,
903 337 1031 365 similiter

239 386 346 410 certum
361 387 403 410 est
421 386 449 409 et
463 382 535 421 quod
554 387 654 410 unctus
670 384 721 416 sit,
736 383 801 418 quia
817 383 877 410 sine
891 387 1031 418 unguento

239 427 406 463 prophetare
425 435 479 454 non
496 432 615 463 poterat.
632 427 733 456 Verum
754 429 806 455 hoc
826 429 913 464 magis
938 429 1030 457 dicere

240 477 270 501 te
285 473 428 509 oportuit,
445 474 469 502 si
484 474 603 501 chrisma
625 480 685 502 arte
707 475 875 510 myropolica
896 476 1030 510 composi-

239 523 299 546 tum
323 523 366 547 est
382 520 416 547 ab
439 519 549 552 Aaron,
572 520 710 556 quomodo
731 520 838 556 primus
863 521 944 548 homo
970 529 1030 557 per-

240 565 305 601 ungi
326 566 415 601 potuit
435 570 575 602 unguento
596 571 677 599 ante,
698 567 906 602 compositionis
923 567 1029 596 artibus

240 610 363 638 nondum
379 611 518 646 repertis?
545 610 578 637 Et
595 618 648 646 ego
662 610 793 645 respondi
807 619 813 638 :
841 609 902 637 Non
916 618 960 638 me
977 615 1030 637 tra-

240 655 348 688 ducas,
363 655 465 689 Petre;
482 663 537 683 non
568 656 642 683 enim
661 656 694 683 de
714 661 855 691 unguento
875 656 1028 691 composito

238 707 266 730 et
283 701 426 737 temporali
442 702 505 729 oleo
531 701 638 736 loquor.
663 701 709 728 sed
732 702 766 729 de
788 702 836 728 illo
860 701 981 736 simplici
1000 706 1028 729 et

238 754 359 780 aeterno.
385 747 458 783 quod
484 756 499 775 a
525 747 581 776 Deo
606 747 709 774 factum
734 755 796 775 esse
821 748 961 780 docuisti.
992 748 1027 775 ad

239 795 319 829 cujus
351 793 560 822 similitudinem
585 793 658 821 istud
685 793 868 830 compositum
901 801 963 821 esse
993 794 1027 821 ab

241 839 399 867 hominibus
413 839 492 867 dicis.

273 885 389 912 XLVIII.
411 884 443 912 Et
466 884 564 913 Petrus
580 884 613 912 ad
633 884 701 918 haec,
729 887 759 911 ut
776 884 928 918 videbatur,
953 884 1025 913 indi-

237 939 348 968 gnans:
367 931 438 965 Quid
462 934 552 966 putas.
577 930 715 964 Clemens,
737 931 802 965 quia
822 937 918 958 omnes
937 930 1027 957 omnia
1042 930 1063 958 Β
1078 940 1192 968 regnum
1204 932 1294 967 justos
1310 939 1436 967 quosque
1455 935 1483 959 et
1503 938 1552 961 eos
1566 931 1612 966 qui
1626 932 1745 967 placere
1762 932 1854 959 studue-

238 981 302 1005 ante
325 981 432 1012 tempus
458 977 529 1005 scire
549 976 717 1012 possumus?
737 975 790 1004 Sed
809 983 883 1003 nunc
899 976 937 1003 uti
959 983 993 1003 ne
1011 983 1027 1003 a

237 1024 379 1059 proposito
402 1030 528 1051 sermone
547 1022 718 1054 recedamus,
733 1022 802 1049 alias
817 1022 866 1048 tibi
887 1029 948 1048 cum
964 1029 1028 1057 pro-

237 1067 326 1096 fectus
347 1072 411 1096 tuus
430 1068 594 1095 manifestus
611 1067 709 1100 fuerit,
725 1067 759 1095 de
779 1067 821 1095 his
841 1067 960 1102 apertius
980 1075 1026 1095 ex-

236 1122 381 1149 ponemus.
396 1113 473 1141 Tunc
488 1117 578 1141 autem
588 1117 727 1149 unguento
741 1113 892 1148 composito
906 1120 1025 1148 perunc-

235 1164 282 1188 tus
297 1159 420 1194 pontifex
436 1159 478 1187 vel
493 1159 624 1194 propheta
636 1180 643 1192 ,
660 1158 707 1186 Dei
719 1158 803 1186 altare
815 1158 984 1187 succendens
998 1158 1026 1186 in

235 1206 309 1233 omni
327 1205 428 1237 mundo
445 1205 537 1233 clarus
553 1205 713 1232 habebatur.
726 1203 779 1232 Sed
795 1208 856 1240 post
869 1204 960 1232 Aarou
978 1204 1025 1240 qui

237 1251 364 1288 pontifex
379 1251 441 1284 fuit,
457 1251 527 1278 alius
541 1259 574 1278 ex
584 1251 663 1286 aquis
679 1250 837 1282 assumitur,
849 1258 904 1278 non
915 1248 1025 1286 Moysen

234 1297 308 1329 dico,
330 1297 377 1325 sed
393 1297 469 1324 illum
482 1297 528 1332 qui
545 1296 574 1326 in
596 1296 675 1331 aquis
693 1295 820 1330 baptismi
835 1294 922 1323 Filius
940 1303 956 1323 a
971 1295 1026 1324 Deo

234 1344 396 1380 appellatus
410 1347 453 1371 est
476 1343 510 1370 η.
538 1341 617 1370 Jesus
644 1349 762 1377 namque
784 1345 837 1372 est.
865 1342 911 1377 qui
934 1341 1022 1378 ignem

234 1381 311 1421 illum
326 1397 406 1430 quem
429 1388 596 1415 accendebat
612 1387 734 1422 pontifex
757 1394 807 1422 pro
822 1387 941 1423 peccatis
952 1407 960 1419 ,
981 1395 1026 1415 re-

234 1436 330 1463 stinxit
342 1443 390 1471 per
403 1435 530 1470 baptismi
542 1434 717 1470 gratiamf;ex
726 1441 781 1469 quo
794 1433 867 1461 enim
882 1433 926 1461 hic
940 1441 1025 1469 appa-

234 1482 299 1513 ruit.
313 1481 431 1510 cessavit
445 1481 576 1514 chrisma,
593 1487 641 1516 per
652 1479 724 1515 quod
739 1479 913 1515 pontificatus
921 1479 1025 1515 praebe-

233 1527 333 1560 batur,
352 1528 394 1555 vel
411 1527 565 1563 prophetia,
581 1527 623 1554 vel
639 1534 764 1562 regnum.

269 1573 361 1601 XLIX.
388 1573 467 1600 Hunc
482 1573 565 1609 igitur
583 1572 740 1600 adfuturum
761 1572 886 1608 pradiin
904 1572 1022 1609 Moyses,

233 1620 281 1655 qui
294 1619 380 1655 legem
397 1619 445 1647 Dei
458 1619 615 1646 hominibus
628 1618 759 1652 tradidit;
774 1618 821 1646 sed
836 1622 863 1646 et
877 1619 947 1646 alius
959 1623 1024 1646 ante

232 1666 340 1701 ipsum,
367 1666 439 1693 sicut
462 1665 510 1692 tibi
535 1669 562 1693 et
578 1668 640 1693 ante
660 1665 716 1699 jam
743 1664 852 1692 tradidi.
877 1663 937 1699 Ipse
958 1672 1024 1700 ergo

232 1711 363 1739 indicavit
392 1719 454 1739 eum
481 1714 626 1738 venturum
650 1710 739 1745 primo
770 1710 879 1745 quidem
905 1709 1023 1738 adventu

233 1757 364 1784 humilem
375 1776 382 1788 ,
400 1756 522 1784 secundo
536 1763 602 1784 vero
619 1755 780 1791 gloriosum.
797 1754 830 1781 Et
842 1755 947 1790 primus
962 1754 1024 1790 qui-

230 1804 293 1831 dem
312 1802 368 1837 jam
393 1802 521 1838 impletus
536 1805 588 1834 est,
605 1809 667 1829 cum
683 1801 759 1828 venit
773 1805 801 1828 et
818 1800 922 1833 docuit,
942 1804 970 1828 et
980 1800 1027 1836 ju-

230 1849 282 1879 de'x
297 1847 419 1876 omnium
433 1848 573 1882 judicatus
589 1850 641 1879 est,
661 1854 692 1874 ac
708 1849 875 1882 peremptus.
896 1844 1022 1873 Secundo

229 1900 296 1921 vero
309 1892 427 1921 adventu
441 1891 619 1927 judicaturus
635 1891 773 1923 adveniet,
797 1894 825 1918 et
842 1890 940 1925 impios
960 1889 1022 1927 qui-

229 1939 291 1966 dem
315 1938 518 1970 condemnabit,
543 1938 604 1973 pios
625 1932 691 1964 vero
714 1939 742 1964 in
761 1936 931 1967 consortium
944 1935 1022 1969 regni

230 1985 446 2019 societatemque
460 1984 602 2019 suscipiet.
617 1982 699 2011 Fides
711 1990 777 2010 vero
796 1982 909 2010 secundi
924 1981 1021 2010 adven-

228 2035 274 2058 tus
287 2034 395 2058 constat
405 2037 438 2057 ex
456 2030 557 2065 primo.
575 2028 723 2064 Propheta;
741 2028 814 2055 enim
829 2027 863 2054 de
876 2027 966 2065 primo
980 2027 1021 2054 lo-

228 2077 285 2104 cuti
302 2079 384 2107 sunt,
405 2079 433 2103 et
456 2075 594 2110 prmcipue
615 2073 700 2100 Jacob
719 2077 747 2100 et
760 2072 878 2108 Moyses,
894 2072 1019 2102 nonnulli

228 2126 320 2148 tamen
334 2121 416 2149 etiam
428 2120 461 2148 de
472 2119 605 2147 secundo.
620 2117 674 2147 Sed
687 2119 892 2153 magnificentia
905 2118 1020 2154 prophe-

227 2169 272 2196 tiae
286 2168 314 2194 in
328 2167 380 2194 hoc
391 2166 510 2196 maxime
527 2165 732 2200 comprobatur,
751 2163 824 2200 quod
836 2164 904 2191 nihil
920 2172 1019 2192 secun-

228 2215 292 2241 dum
316 2212 540 2247 consequentiam
566 2218 658 2238 rerum
682 2210 716 2238 de
747 2210 848 2238 futuris
872 2210 1015 2244 dixerunt;

667 187 696 216 8.
713 186 909 216 CLEMENTIS
925 186 935 214 l
951 187 1035 216 ROM.
1052 187 1154 218 PONT.
1173 188 1288 217 OPERA
1305 189 1422 220 DUBIA.

240 251 305 272 eum
321 243 438 272 dixisset
449 264 457 276 ,
474 252 530 272 non
554 243 730 273 dubitaretur
743 250 772 273 et
787 246 948 281 prophetam
968 253 1032 273 eum
1048 250 1069 278 Α
1082 247 1109 274 1ιί
1134 255 1198 274 vero
1217 247 1265 283 qui
1278 247 1347 275 nihil
1367 247 1402 276 de
1414 248 1474 283 ipso
1490 248 1601 283 penitus
1616 248 1778 281 audierant,
1791 255 1852 278 ατε·

1804 193 1876 222 lilii

1081 292 1156 320 nisse
1169 292 1303 324 credunt,
1317 296 1345 320 et
1360 296 1504 321 venturum
1518 298 1642 329 sperant.
1660 294 1696 321 Et
1711 294 1752 322 ita
1773 295 1798 322 in
1812 302 1852 322 om-

1080 337 1161 366 nibus
1180 338 1321 373 prophetia
1345 338 1433 366 fideiis
1453 340 1590 375 apparuit,
1614 347 1680 375 quae
1701 340 1775 368 dixit
1788 341 1851 376 ipsum

1080 391 1141 411 esse
1153 384 1385 419 exspectationem
1400 385 1531 420 gentium.
1554 385 1732 414 Erraverunt
1752 394 1811 422 ergo
1821 386 1853 413 lu-

1081 429 1132 457 daai
1147 429 1181 457 de
1194 430 1284 465 primo
1297 429 1405 458 Domini
1422 430 1539 459 adventu
1554 440 1562 465 ;
1587 435 1616 459 et
1630 432 1708 459 inter
1729 439 1782 460 nos
1792 436 1853 467 atque

1079 476 1154 511 ipsos
1174 475 1207 503 de
1226 475 1278 502 hoc
1291 479 1334 503 est
1348 475 1407 503 solo
1420 475 1575 505 dissidium.
1602 475 1673 504 Nam
1687 477 1769 511 quod
1783 482 1853 505 ventu-

1079 529 1128 549 rus
1143 521 1179 548 sit
1193 520 1331 553 Christus,
1357 525 1459 548 norunt
1482 522 1565 550 etiam
1583 522 1638 558 ipsi
1653 526 1682 550 et
1699 526 1852 557 exspectant;

1078 566 1152 602 quod
1174 570 1264 594 autem
1285 567 1344 602 jam
1367 567 1474 595 venerit
1492 567 1520 594 in
1535 567 1693 596 humilitate
1708 568 1759 595 hic
1777 568 1852 603 quiti

1078 612 1150 639 citur
1160 612 1251 643 Jesus.
1268 613 1404 648 ignorant.
1421 611 1456 639 Et
1473 612 1501 639 in
1515 613 1567 640 hoc
1588 613 1714 640 maxime
1739 613 1798 648 ejus
1809 621 1854 640 tun-

1078 657 1202 685 iirmatur
1226 658 1370 689 adventus.
1397 658 1471 692 quod
1497 657 1521 685 ei
1545 665 1601 685 non
1622 665 1728 685 omnes
1751 657 1852 685 credunt.

1112 702 1155 731 Li.
1185 702 1264 730 Hunc
1281 711 1346 739 ergo
1368 703 1441 732 Deus
1463 703 1612 731 destinavit
1636 703 1665 730 in
1690 703 1754 730 (me
1773 704 1854 733 mundi.

1077 749 1142 784 quia
1164 748 1332 784 impossibile
1354 753 1414 777 erat
1436 749 1593 776 mortalium
1609 749 1682 776 maia
1699 750 1854 785 purgariper

1077 794 1160 822 alium
1172 815 1179 827 .
1194 795 1299 831 integra
1319 794 1453 822 duntaxat
1467 798 1646 830 permanente
1658 794 1779 822 humani
1792 802 1855 830 gene-

1077 840 1117 868 ris
1130 845 1267 875 creatura,
1285 840 1338 868 hoc
1361 845 1405 869 est
1428 841 1505 868 salva
1528 840 1637 868 arbitrii
1658 840 1800 868 libertate.
1813 839 1854 866 80c

1077 886 1160 921 igitur
1179 889 1252 914 statu
1276 886 1406 914 incolumi
1422 888 1576 918 reservato,
1602 886 1730 914 invitare
1752 885 1855 914 venitad

1077 982 1142 1005 runt
1162 978 1198 1010 ei,
1223 977 1324 1012 quibus
1337 978 1408 1005 bona
1423 977 1569 1006 ineti‘abilia
1584 978 1761 1012 praeparavit
1775 981 1800 1005 et
1811 976 1856 1004 iii:-

1076 1024 1195 1051 rusalem
1209 1023 1344 1051 civitatem
1355 1024 1507 1055 caelestem,
1520 1030 1581 1058 qua:
1592 1030 1679 1058 super
1697 1023 1853 1058 splenderet:

1076 1070 1143 1098 solis
1167 1068 1282 1105 fulgebit
1305 1069 1333 1096 in
1360 1069 1529 1096 habitatione
1550 1072 1729 1096 sanctorum.
1758 1069 1855 1103 Injusns
1875 1086 1876 1098 1

1076 1123 1140 1143 vero
1155 1119 1182 1143 et
1196 1115 1304 1151 impios,
1318 1118 1346 1143 et
1361 1115 1409 1151 qui
1428 1122 1479 1150 pro
1493 1114 1580 1142 nihilo
1594 1113 1760 1142 habuerunt
1778 1114 1853 1144 θεων

1075 1160 1306 1196 commissamque
1331 1160 1386 1188 sibi
1400 1160 1484 1188 vitam
1499 1159 1608 1187 diversa
1624 1159 1660 1186 ad
1679 1159 1790 1195 ﬂagitia
1808 1166 1855 1186 ceu

1075 1207 1198 1234 tulerunt
1207 1225 1216 1240 ,
1230 1213 1262 1233 ac
1275 1209 1384 1241 tempus
1398 1206 1491 1241 operis
1502 1205 1581 1240 justi,
1596 1205 1770 1233 exercitium
1787 1205 1854 1232 tecm

1075 1253 1196 1286 malitiae,
1215 1253 1433 1288 competentibus
1458 1253 1582 1289 ipsisque
1602 1252 1699 1288 dignis
1723 1252 1854 1280 altioribus

1075 1297 1173 1326 tradet.
1196 1298 1302 1326 Caatera
1322 1306 1388 1327 vero
1401 1306 1462 1334 quae
1477 1299 1515 1326 Ibi
1538 1305 1670 1334 gerentur
1698 1298 1817 1334 proferri
1836 1301 1854 1323 et

1075 1343 1179 1378 eloqui,
1191 1350 1281 1378 neque
1293 1343 1400 1379 angelis
1412 1351 1500 1379 neque
1514 1343 1675 1371 hominibus
1688 1343 1737 1371 fas
1751 1346 1808 1376 est;
1820 1341 1853 1369 scd

1075 1387 1127 1416 hoc
1141 1391 1248 1416 tantum
1261 1388 1334 1416 scire
1350 1395 1401 1416 nos
1420 1387 1536 1420 sufﬁcit,
1550 1387 1624 1423 quod
1638 1388 1728 1416 bonis
1742 1392 1855 1416 sternam

1074 1434 1208 1462 bonorum
1225 1434 1427 1469 possessionem
1438 1433 1561 1462 conferet
1576 1433 1660 1462 Deus.

1108 1479 1165 1507 LII.
1190 1479 1240 1508 liis
1259 1480 1294 1507 ab
1308 1487 1342 1508 eo
1361 1479 1444 1508 dictis
1470 1487 1520 1515 ego
1540 1479 1670 1514 respondi
1686 1488 1696 1507 :
1716 1479 1749 1507 Si
1770 1478 1855 1507 Christi

1074 1533 1159 1561 regno
1183 1525 1311 1553 fruentur
1333 1526 1372 1559 hi,
1390 1533 1461 1562 quos
1481 1526 1573 1560 justos
1587 1525 1731 1553 invenerit
1745 1525 1855 1560 ejnsad—

1874 103 1876 144 |

1875 208 1876 271 1

1875 590 1876 665 1

1875 694 1876 773 1

1875 882 1876 927 1

1875 984 1876 1057 1

1875 1273 1876 1320 1

1873 1374 1876 1450 1

1873 1481 1875 1524 l

1074 1626 1160 1654 regno
1176 1619 1287 1655 penitus
1307 1619 1461 1647 carebunt?
1477 1618 1546 1646 Tum
1558 1617 1659 1646 Petrus
1675 1628 1685 1645 -.
1710 1617 1797 1654 Cogis
1814 1625 1856 1646 me.

1074 1663 1174 1699 inquit,
1197 1672 1215 1692 o
1237 1664 1375 1697 Clemens,
1399 1664 1492 1699 aliqua
1513 1664 1547 1692 de
1569 1663 1766 1692 inell'abilibus
1787 1663 1858 1699 pubb-

1073 1717 1146 1739 care.
1168 1709 1363 1738 Verumtamen
1383 1710 1564 1746 quoadusque
1587 1709 1710 1744 proferri
1730 1710 1807 1741 licet,
1829 1708 1858 1735 fa-

1073 1763 1135 1784 cere
1144 1763 1200 1783 non
1213 1756 1326 1792 pigebit.
1345 1755 1472 1784 Christus
1483 1776 1492 1789 ,
1513 1755 1560 1791 qui
1572 1755 1607 1783 ab
1619 1755 1703 1783 initio
1718 1760 1750 1784 et
1766 1762 1859 1789 semp-3

1071 1804 1142 1833 erat,
1155 1808 1205 1836 per
1216 1801 1339 1836 singulas
1354 1808 1478 1836 quasque
1488 1801 1680 1836 generationes
1699 1801 1771 1835 piis.
1786 1802 1857 1828 lates-

1071 1850 1114 1874 ter
1127 1847 1200 1879 licet,
1216 1854 1324 1882 semper
1338 1851 1428 1874 tamen
1439 1847 1547 1878 aderat,
1561 1847 1604 1874 his
1613 1847 1773 1882 praecipue,
1787 1854 1803 1874 a
1814 1844 1859 1880 qli‘

1072 1891 1124 1919 bus
1141 1891 1362 1926 exspectabatur,
1380 1891 1534 1926 quibusque
1552 1890 1716 1925 frequenter
1730 1891 1856 1926 apparuit.

1072 1936 1125 1965 Sed
1139 1944 1195 1964 non
1213 1941 1273 1965 erat
1287 1940 1405 1972 tempus,
1427 1941 1458 1963 ut
1477 1941 1544 1964 tunc
1558 1936 1690 1964 resolutis
1703 1935 1856 1971 corpus-ibe:

1070 1980 1148 2008 i‘wret
1170 1981 1356 2014 resurrectio;
1374 1980 1423 2008 sed
1439 1980 1497 2008 haec
1517 1980 1605 2015 magis
1625 1979 1817 2008 remuneratio
1827 1987 1856 2004 vr

1070 2025 1186 2053 debatur
1200 2034 1216 2053 a
1230 2025 1296 2059 Deo,
1321 2030 1352 2054 ut
1370 2026 1418 2061 qui
1443 2026 1613 2053 inveniretur
1627 2025 1728 2060 justus
1739 2045 1748 2058 ,
1765 2025 1854 2052 diutius

1069 2076 1242 2109 permaneret
1256 2072 1285 2101 in
1299 2079 1426 2107 corpore,
1447 2076 1494 2098 aut
1510 2075 1596 2103 certe.
1607 2071 1682 2098 sicut
1697 2071 1735 2099 de
1746 2071 1853 2106 quodam

1066 2117 1143 2151 justo
1167 2117 1309 2144 evidenter
1335 2116 1453 2144 refertur
1476 2116 1503 2143 in
1527 2116 1628 2144 litteris
1655 2116 1729 2151 legis
1750 2116 1772 2148 ⁸,
1791 2113 1851 2150 quid

1068 2162 1240 2190 transtulerit
1264 2169 1326 2189 eum
1350 2161 1432 2190 Deus.
1451 2161 1539 2189 Simili
1554 2161 1681 2196 exemplo
1699 2162 1786 2189 etiam
1800 2168 1851 2187 sua“

1068 2208 1175 2236 ceteris
1193 2212 1298 2243 gestum
1315 2211 1358 2235 est
1379 2207 1424 2242 qui
1453 2208 1513 2242 ejus
1534 2206 1667 2234 voluntati
1685 2207 1849 2242 placuerunt.

227 2260 329 2295 alioqui
338 2259 491 2286 aestimasse
507 2257 599 2292 potius
615 2257 753 2291 sapientes
763 2257 824 2288 viri,
839 2256 912 2292 quod
924 2264 1015 2284 rerum
1033 2264 1055 2292 ι)
1067 2257 1097 2281 ut
1118 2253 1151 2280 ad
1176 2253 1335 2289 paradisum
1356 2253 1483 2283 translati
1508 2255 1654 2280 serventur
1676 2251 1714 2279 ad
1734 2258 1850 2287 regnet.

225 2305 423 2340 consequentia
437 2303 599 2336 dictaverat,
615 2302 786 2332 viderentur.

261 2350 293 2377 L.
309 2349 388 2383 Quod
405 2352 495 2376 autem
511 2348 583 2380 dico,
596 2348 649 2375 tale
665 2351 708 2375 cst
729 2357 735 2375 :
752 2347 892 2376 Christum
912 2347 1013 2383 suscipi

226 2404 241 2424 a
256 2396 356 2424 Iudaeis
372 2396 406 2423 ad
421 2403 491 2430 quos
511 2398 635 2426 venerat,
655 2398 682 2421 et
697 2394 771 2421 credi
785 2395 821 2425 ei,
842 2394 889 2429 qui
901 2401 1015 2428 exspec—

225 2442 336 2469 tabatur
359 2442 393 2469 ad
416 2440 532 2469 salutem
555 2440 649 2475 populi
680 2439 832 2467 secundum
854 2439 1014 2467 traditiones

223 2492 349 2524 patrum,
365 2495 538 2522 consequens
553 2490 622 2518 erat,
636 2491 730 2521 gentes
741 2494 805 2515 vero
820 2485 924 2513 alienas
939 2485 973 2513 ab
982 2493 1015 2514 eo

224 2534 293 2567 fore,
322 2533 421 2568 quibus
447 2539 536 2567 neque
561 2531 727 2566 promissum
752 2529 901 2564 quidquam
924 2528 957 2556 de
980 2536 1014 2556 eo

222 2587 311 2615 neque
322 2578 512 2606 annuntiatum
535 2577 643 2609 fuerat,
666 2576 721 2602 imo
734 2575 835 2610 quibus
852 2582 886 2602 ne
902 2574 1013 2601 nomine

221 2623 331 2659 quidem
349 2623 410 2658 ipso
429 2621 575 2657 aliquando
596 2621 764 2648 innotuerat.
787 2619 821 2646 Et
835 2623 928 2646 tamen
951 2626 1013 2654 pro-

221 2671 309 2706 pheta:
319 2690 326 2702 ,
342 2673 438 2697 contra
451 2668 574 2696 ordinem
588 2671 615 2694 et
629 2665 853 2700 consequentiam
867 2672 960 2692 rerum
971 2664 1014 2691 di-

219 2724 284 2744 xere
298 2723 360 2744 eum
385 2715 613 2750 exspectationem
627 2711 749 2747 gentium
767 2711 812 2743 ¹⁰⁰,
837 2715 864 2738 et
879 2718 934 2737 non
958 2709 1008 2741 Ju-

220 2761 340 2789 daeorum
364 2760 497 2787 futurum.
513 2757 553 2785 ita
571 2757 688 2793 denique
703 2759 730 2783 et
744 2759 850 2791 gestum
865 2759 918 2783 est.
936 2754 1004 2782 Cum

220 2807 291 2835 enim
304 2807 423 2834 venisset
437 2826 445 2837 ,
462 2805 495 2832 ab
507 2804 551 2831 his
565 2802 612 2838 qui
625 2809 688 2829 eum
704 2804 863 2836 exspectare
876 2801 1008 2829 videban-

223 2856 266 2879 tur
273 2858 304 2877 εκ
316 2850 464 2877 traditione
474 2848 619 2883 majorum,
632 2845 744 2874 omnino
756 2845 867 2881 agnitus
880 2853 935 2873 non
945 2849 987 2874 est
1000 2855 1007 2879 ;

258 2935 280 2954 ”
299 2936 392 2965 Matth.
405 2945 445 2969 tn,
463 2936 505 2963 l7.
542 2936 578 2972 l’”
599 2935 666 2963 Gen.
681 2942 758 2968 XLIX,
777 2934 819 2962 l0.
859 2934 865 2950 ¹
889 2933 956 2962 Gen.
970 2940 995 2966 v,
1009 2931 1055 2962 Ἡ.

1066 2306 1160 2327 eorum
1179 2305 1244 2326 vero
1261 2298 1308 2332 qui
1333 2306 1387 2325 non
1403 2298 1437 2325 ad
1462 2298 1597 2333 integrum
1612 2301 1731 2332 potuere
1750 2298 1849 2331 expiet?

1065 2352 1189 2373 normam
1199 2344 1326 2378 iustitiae,
1345 2344 1393 2372 sed
1407 2344 1515 2379 aliquas
1535 2344 1562 2370 in
1579 2351 1632 2371 sua
1646 2351 1733 2370 carne
1749 2342 1850 2370 maliti:

1064 2391 1195 2425 reliquias
1217 2390 1348 2422 habuere,
1366 2397 1483 2424 corpora
1507 2389 1618 2424 quidem
1637 2389 1848 2416 resolvet-emet.

1065 2437 1162 2464 anima:
1175 2444 1241 2463 vero
1256 2440 1433 2464 servarentur
1446 2435 1476 2462 in
1490 2435 1575 2463 bonis
1594 2434 1722 2470 laetisque
1737 2434 1848 2469 regions

1065 2483 1128 2515 bus,
1145 2486 1175 2509 ut
1190 2482 1218 2509 in
1239 2481 1442 2509 resurrectione
1461 2484 1646 2512 mortuorum,
1662 2487 1725 2507 cum
1743 2487 1798 2507 sua
1812 2486 1846 2504 rr-

1064 2527 1198 2563 ceperint,
1220 2527 1279 2562 ipsa
1301 2527 1358 2562 jam
1389 2526 1559 2557 resolutione
1589 2525 1717 2560 purgati,
1739 2531 1795 2560 pro
1813 2524 1849 2549 hs

1062 2580 1124 2607 quae
1140 2572 1210 2599 bene
1231 2575 1384 2607 gesserant,
1408 2575 1510 2599 aeterna
1525 2571 1683 2598 haereditate
1701 2570 1847 2604 potia-tur.

1062 2617 1096 2644 Et
1110 2616 1174 2644 ideo
1188 2616 1262 2643 beati
1281 2619 1346 2643 sunt
1363 2623 1459 2644 omnes
1473 2616 1521 2651 qui
1538 2623 1655 2651 regnum
1673 2613 1783 2642 Christi
1799 2613 1848 2640 iw;—

1060 2663 1118 2690 rint
1146 2661 1250 2697 adepti,
1272 2661 1336 2697 quia
1359 2669 1414 2689 non
1430 2662 1520 2689 solum
1546 2660 1647 2688 inferni
1668 2667 1771 2695 pinnas
1788 2659 1846 2686 elu—

1060 2708 1144 2743 gient,
1160 2707 1208 2735 sed
1219 2711 1246 2736 et
1260 2707 1485 2742 incorruptibiles
1497 2705 1708 2742 permanebunt,
1721 2709 1757 2732 et
1771 2704 1845 2741 prius

1060 2753 1144 2780 Deum
1167 2752 1277 2780 Patrem
1295 2751 1445 2785 videbunt,
1461 2756 1545 2788 atque
1561 2752 1632 2780 inter
1651 2751 1759 2786 primos
1779 2749 1843 2785 apd

1059 2779 1146 2827 Deum
1162 2779 1277 2826 honoris
1294 2779 1419 2826 ordinem
1438 2779 1661 2832 consanentur:
1795 2779 1805 2785 ’
1863 2779 1876 3056 J

1097 2843 1163 2873 LIII.
1179 2844 1294 2880 Propter
1309 2843 1382 2880 quod
1397 2851 1452 2872 non
1473 2843 1587 2872 minima
1598 2843 1632 2872 de
1646 2841 1759 2870 Christo
1777 2847 1839 2879 qu-

1075 1574 1183 1604 ventus,
1199 1579 1265 1606 ergo
1272 1571 1320 1607 qui
1335 1575 1398 1599 ante
1417 1571 1563 1598 adventum
1575 1571 1637 1605 ejus
1647 1570 1781 1598 defuncti
1796 1574 1855 1599 sunt.
1871 1570 1876 1589 ¹

1075 1626 1160 1654 regno
1176 1619 1287 1655 penitus
1307 1619 1461 1647 carebunt?
1477 1618 1546 1646 Tum
1558 1617 1659 1646 Petrus
1675 1628 1685 1645 -.
1710 1617 1797 1654 Cogis
1814 1625 1856 1646 Iunt.

1075 1663 1174 1699 inquit,
1197 1672 1215 1692 o
1237 1664 1375 1697 Clemens,
1399 1664 1492 1699 aliqua
1513 1664 1547 1692 de
1569 1663 1766 1692 inell'abilibus
1787 1663 1858 1699 pubb-

1075 1717 1146 1739 care.
1168 1709 1363 1738 Verumtamen
1383 1710 1564 1746 quoadusque
1587 1709 1710 1744 proferri
1730 1710 1807 1741 licet,
1829 1708 1858 1735 fa-

1075 1763 1135 1784 cere
1144 1763 1200 1783 non
1213 1756 1326 1792 pigebit.
1345 1755 1472 1784 Christus
1483 1776 1492 1789 ,
1513 1755 1560 1791 qui
1572 1755 1607 1783 ab
1619 1755 1703 1783 initio
1718 1760 1750 1784 et
1766 1762 1859 1789 semp-3

1075 1804 1142 1833 erat,
1155 1808 1205 1836 per
1216 1801 1339 1836 singulas
1354 1808 1478 1836 quasque
1488 1801 1680 1836 generationes
1699 1801 1771 1835 piis.
1786 1802 1857 1828 lates-

1075 1850 1114 1874 ter
1127 1847 1200 1879 licet,
1216 1854 1324 1882 semper
1338 1851 1428 1874 tamen
1439 1847 1547 1878 aderat,
1561 1847 1604 1874 his
1613 1847 1773 1882 praecipue,
1787 1854 1803 1874 a
1814 1844 1859 1880 qli‘

1075 1891 1124 1919 bus
1141 1891 1362 1926 exspectabatur,
1380 1891 1534 1926 quibusque
1552 1890 1716 1925 frequenter
1730 1891 1856 1926 apparuit.

1075 1936 1125 1965 Sed
1139 1944 1195 1964 non
1213 1941 1273 1965 erat
1287 1940 1405 1972 tempus,
1427 1941 1458 1963 ut
1477 1941 1544 1964 tunc
1558 1936 1690 1964 resolutis
1703 1935 1856 1971 corpus-ibe:

1075 1980 1148 2008 fieret
1170 1981 1356 2014 resurrectio;
1374 1980 1423 2008 sed
1439 1980 1497 2008 haec
1517 1980 1605 2015 magis
1625 1979 1817 2008 remuneratio
1827 1987 1856 2004 vr

1075 2025 1186 2053 debatur
1200 2034 1216 2053 a
1230 2025 1296 2059 Deo,
1321 2030 1352 2054 ut
1370 2026 1418 2061 qui
1443 2026 1613 2053 inveniretur
1627 2025 1728 2060 justus
1739 2045 1748 2058 ,
1765 2025 1854 2052 diutius

1075 2076 1242 2109 permaneret
1256 2072 1285 2101 in
1299 2079 1426 2107 corpore,
1447 2076 1494 2098 aut
1510 2075 1596 2103 certe.
1607 2071 1682 2098 sicut
1697 2071 1735 2099 de
1746 2071 1853 2106 quodam

1869 2471 1875 2515 i

1097 2843 1163 2873 LIII.
1179 2844 1294 2880 Propter
1309 2843 1382 2880 quod
1397 2851 1452 2872 non
1473 2843 1587 2872 minima
1598 2843 1632 2872 de
1646 2841 1759 2870 Christo
1777 2847 1839 2879 qu-
