1892 3105
62 143 121 170 ηπ

652 138 937 168 ΒΕΕΟΕΜΤΙΟΝΗΜ
956 138 1020 166 LIB.
1039 138 1059 167 Ι.

1609 141 1676 168 1258

60 201 105 228 uio
114 200 273 232 babetur,et
286 197 408 227 inﬁdeles
420 198 566 234 quiqueex
583 197 831 226 Indaeisirnmensa
846 200 869 228 Α
882 195 980 231 cipulis
1000 193 1115 223 Joannis
1136 195 1205 231 (46),
1228 195 1275 230 qui
1300 195 1464 226 videbantur
1487 205 1548 225 esse
1571 198 1672 233 magni.

59 247 191 274 adversum
211 252 261 273 nos
281 244 390 273 insania
410 250 633 277 commoventur,
654 249 780 272 verentes
798 251 833 271 ne

58 291 121 319 forte
139 291 198 326 ipse
213 289 260 322 sit,
284 291 312 318 in
327 298 409 325 quem
426 295 623 325 peccaverunt;
649 295 676 318 et
698 297 731 317 co
747 290 833 324 magis

58 340 138 366 metu:
151 336 293 368 increscit,
313 337 388 372 quod
405 337 508 369 sciunt,
523 336 615 364 statim
634 340 664 363 ut
673 344 736 364 eum
756 336 832 364 cruci

57 382 164 413 allixere.
182 382 338 410 universum
357 383 384 410 ei
406 390 580 417 compassum
601 390 664 411 esse
688 382 831 415 mundum,

56 436 201 464 corpusque
215 429 276 464 ejus
289 428 415 464 diligenti
429 436 445 456 a
459 437 493 457 se
499 428 625 457 custodia
639 433 832 456 conservatum

56 482 182 510 nusquam
208 475 416 511 comparuisse,
446 479 528 510 atque
553 474 588 501 ad
613 474 693 502 ﬁdem
713 473 832 501 nominis

55 521 110 556 ejus
132 520 289 549 innumeras
315 520 504 548 multitudines
523 519 680 547 convenire.
703 518 781 546 Unde
805 521 833 546 et

56 564 181 599 compulsi
199 569 265 593 sunt
285 573 339 592 una
362 572 425 592 cum
450 563 577 599 pontiﬁce
596 563 713 598 Caipha,
733 563 832 598 saepius

57 611 155 638 mittere
174 610 208 638 ad
223 618 275 638 nos
287 630 296 643 ,
318 614 348 637 ut
361 610 396 638 de
417 610 536 637 nominis
550 609 614 644 ejus
629 609 742 637 veritate
755 616 831 644 quae-

56 659 161 683 reretur.
189 655 313 691 Cumque
341 655 436 683 crebro
458 654 638 690 deposcerent
663 657 693 681 ut
714 653 748 681 de
767 652 832 680 Iesu

56 705 97 727 aut
112 700 247 728 discerent
269 704 316 727 aut
331 700 473 732 docerent,
493 700 516 728 si
531 701 590 735 ipse
606 703 679 727 esset
692 699 831 730 Christus,

56 746 135 773 visum
153 746 232 774 nobis
250 751 292 774 est
308 746 457 774 ascendere
480 745 514 775 ad
527 746 669 781 templum,
691 749 723 774 et.
739 752 832 772 coram

55 792 123 819 omni
150 792 250 827 populo
277 793 425 828 protestari
445 793 478 820 de
502 800 545 825 eo,
571 793 654 820 simul
677 796 703 820 et
718 799 832 827 arguere

54 836 153 865 Iudaeos
165 837 199 866 de
215 838 320 871 multis,
336 846 397 873 quae
415 838 449 865 ab
463 838 504 866 eis
522 838 642 866 absurde
656 837 829 874 gerebantur.

884 244 1064 276 segregarunt
1080 248 1110 268 se
1123 249 1139 268 a
1159 241 1259 277 populo
1274 245 1301 268 et
1316 242 1478 277 magistrum
1493 250 1572 270 suum
1589 244 1673 270 veluti

882 286 1021 315 Christum
1045 287 1240 322 praedicarunt.
1263 286 1325 314 Haec
1347 294 1435 314 autem
1453 287 1546 315 omnia
1570 297 1674 324 prmpa-

882 339 941 362 rata
959 338 1024 361 sunt
1037 333 1196 365 schismata,
1218 337 1247 361 ut
1258 337 1285 361 et
1303 333 1370 362 ﬁdes
1380 334 1483 362 Christi
1493 334 1608 370 perbrec
1623 336 1673 363 iut-

882 379 1031 415 pediretur,
1048 383 1075 408 et
1087 380 1232 414 baptisma.

916 424 973 453 LV.
992 425 1197 456 Verumtamen.
1220 429 1249 452 ut
1274 425 1367 453 dicere
1393 433 1577 461 cceperamus,
1608 434 1671 454 cum

881 470 1038 505 frequenter
1059 477 1110 498 nos
1131 470 1252 505 pontifex
1272 477 1320 505 per
1346 471 1502 498 sacerdotes
1529 476 1672 505 rogasset,

882 519 912 543 ut
930 515 965 543 de
987 515 1050 543 Iesu
1072 523 1164 543 sermo
1178 515 1257 543 nobis
1277 516 1424 544 haberetur
1442 516 1477 543 ad
1498 516 1671 550 alterutrum,

882 561 928 589 ubi
943 565 1128 596 opportunum
1150 561 1239 589 visum
1260 564 1302 589 est
1324 566 1351 590 et
1371 561 1446 589 omni
1462 561 1591 590 Ecclesia:
1612 563 1672 598 pla-

881 607 949 639 cuit,
965 607 1143 634 ascendimus
1164 606 1199 634 ad
1215 607 1356 642 templum,
1374 611 1401 635 et
1418 611 1523 636 stantes
1538 609 1564 636 in
1580 609 1673 644 gradi-

883 652 934 680 bus
949 661 1003 680 una
1018 661 1080 680 cum
1097 653 1225 681 ﬁdelibus
1246 654 1379 681 fratribus
1399 655 1502 683 nostris
1512 675 1519 687 ,
1536 655 1608 683 facto
1623 663 1671 691 po-

883 698 939 734 puli
958 707 1065 728 summo
1076 700 1195 731 silentio.
1213 701 1288 735 prior
1302 700 1422 736 pontifex
1435 701 1519 736 erepit
1532 701 1672 731 adhortari

883 745 1024 780 populum,
1037 750 1067 772 ut
1081 746 1216 781 patienter
1225 749 1325 785 etcum
1339 747 1430 781 quiete
1442 747 1564 780 audiant,
1576 748 1673 776 simul-

882 798 936 825 que
948 798 1042 818 eorum
1054 799 1114 826 quae
1125 791 1241 819 dicenda
1257 796 1322 819 sunt
1349 796 1433 821 testes
1443 793 1584 828 etjudices
1594 794 1670 822 ﬁant.

883 834 953 862 Tum
968 835 1067 864 deinde
1088 836 1182 864 multis
1197 836 1325 864 laudibus
1340 835 1458 865 eﬁ'erens
1472 837 1672 865 sacriﬁciorum

56 881 80 909 in
93 883 188 910 multas
202 883 304 911 etenim
317 883 374 918 jam
393 888 485 919 partes
504 884 623 919 populus
643 882 831 915 scindebatur,
848 877 869 905 Β
883 880 977 913 ritum,
1006 881 1054 917 qui
1080 881 1115 908 ad
1143 882 1335 910 remissionem
1353 887 1528 917 peccatorum
1552 882 1673 910 humano

55 929 125 956 initio
139 933 249 964 sumpto
266 937 281 956 a
294 929 402 958 Joanne
414 929 547 965 Baptista.

84 974 146 1003 LIV.
161 975 231 1003 Cum
249 976 322 1005 enim
341 976 400 1011 jam
418 976 574 1006 immineret
591 979 669 1005 ortus
682 977 785 1006 Christi
796 977 831 1005 ad

55 1022 178 1049 sacriﬁcia
197 1022 310 1058 quidem
330 1022 522 1058 reprimenda.
545 1023 673 1058 baptismi
689 1030 754 1051 vero
767 1032 832 1059 gra-

53 1067 110 1094 tiam
134 1067 320 1103 largiendum,
345 1067 478 1096 inimicus
498 1075 536 1098 ex.
554 1068 598 1096 bis
623 1075 683 1103 qua
701 1069 831 1104 praedicta

55 1112 151 1140 fuerant
167 1114 267 1141 adesse
293 1117 403 1148 tempus
423 1113 591 1150 intelligens,
613 1114 729 1150 [diversa
755 1115 831 1143 schi-

54 1163 117 1185 uiata
130 1159 296 1194 operabatur
313 1160 341 1187 in
363 1161 465 1195 populo
479 1161 536 1196 (ιιι)
547 1181 555 1194 ,
571 1166 601 1190 ιιι
618 1162 642 1190 si
663 1161 734 1190 forte
753 1164 831 1198 prius

54 1209 182 1240 peccatum
202 1207 340 1242 potuisset
359 1207 472 1241 aboleri,
496 1208 617 1236 secunda
634 1209 736 1246 corrigi
750 1209 831 1245 culpa

54 1259 102 1278 non
114 1257 214 1287 posset.
240 1253 305 1281 Erat
320 1261 385 1290 ergo
403 1254 521 1289 primum
537 1255 656 1283 schisma
672 1263 767 1283 eorum
783 1256 830 1291 qui

54 1296 204 1326 dicebantur
235 1298 395 1333 Sadducazi,
432 1301 513 1329 initio
539 1300 656 1330 Joannis
678 1302 737 1337 jam
761 1310 831 1338 pene

54 1345 212 1380 temporibus
227 1351 347 1381 sumpto.
363 1346 451 1382 Hique
463 1352 494 1375 ut
508 1347 753 1384 caaterisjustiores
762 1349 830 1385 (45),

53 1397 186 1427 segregare
201 1400 234 1420 se
248 1399 357 1428 erepere
370 1401 386 1420 a
402 1394 495 1429 populi
512 1399 596 1427 cestu,
616 1399 644 1422 et
659 1399 831 1423 mortuorum

54 1439 275 1467 resurrectionem
296 1441 423 1475 negare'
437 1440 521 1477 idque
545 1444 708 1477 argumento
734 1442 831 1471 inﬁde-

54 1483 134 1512 litatis
155 1493 292 1518 asserere,
332 1486 456 1515 dicentes
483 1495 539 1515 non
566 1495 634 1517 esse
656 1489 769 1524 dignum
801 1493 831 1518 ut

53 1531 123 1563 quasi
139 1532 190 1559 sub
207 1532 336 1561 mercede
351 1534 492 1569 proposita
509 1535 616 1563 colatur
629 1535 711 1564 Deus.
728 1536 831 1565 Auctor

53 1584 110 1604 vero
125 1579 269 1607 sententiae
290 1579 373 1614 bujus
394 1580 500 1615 primus
515 1580 672 1614 Dositbeus,
695 1584 833 1613 secundus

54 1622 136 1650 Simon
148 1624 208 1654 fuit.
221 1626 301 1653 Aliud
313 1625 479 1654 Samaraeum
489 1627 608 1654 schisma
621 1631 680 1662 est;
695 1628 747 1662 ipsi
758 1630 831 1658 enim

53 1672 273 1701 resurrectionem
290 1678 461 1700 mortuorum
481 1678 612 1709 negantes
622 1680 759 1708 asserunt,
775 1685 832 1705 non

54 1716 77 1743 in
88 1717 287 1755 Hierosolymis,
306 1719 355 1747 sed
371 1719 399 1746 in
416 1723 507 1747 monte
527 1719 637 1747 Garizin
661 1721 830 1750 adorandum

53 1768 106 1789 esse
126 1762 218 1791 Deum.
243 1763 296 1796 Qui
312 1767 402 1791 tamen
416 1771 500 1790 unum
518 1771 612 1791 verum
625 1765 784 1799 prophetam
795 1774 830 1794 ex

54 1807 143 1843 Inysis
161 1809 402 1837 vaticinationibus
418 1813 491 1837 recte
514 1814 721 1845 exspectantes,
740 1812 831 1847 pravi-

54 1857 102 1881 tate
120 1854 243 1883 Dosithei
264 1856 384 1891 impediti
401 1859 474 1887 sunt,
489 1863 524 1883 ne
534 1856 607 1883 hunc
621 1864 701 1891 quem
718 1865 832 1893 exspeco

54 1898 146 1931 labant,
172 1900 317 1928 crederent
344 1907 406 1928 esse
426 1899 530 1928 Iesum.
562 1899 665 1929 Scriba:
682 1910 791 1938 quoque
803 1908 831 1931 et

53 1942 169 1972 Pharisaei
187 1946 214 1973 in
226 1946 299 1974 aliud
311 1947 430 1974 schisma
441 1946 623 1975 deducuntur.
639 1947 692 1975 Sed
704 1948 731 1975 bi
742 1949 830 1984 bapti-

52 1991 99 2016 zati
117 1999 130 2018 a
148 1991 264 2022 Joanne.
280 1995 306 2020 et
319 1993 394 2020 velut
413 1993 516 2021 clavem
530 1994 606 2029 regni
619 1995 752 2022 ctelorum
765 2003 827 2023 ver-

53 2034 108 2063 bum
119 2038 241 2065 veritatis
255 2041 379 2066 tenentes
398 2046 431 2066 ex
449 2038 551 2074 Moysis
568 2040 716 2069 traditione
730 2049 824 2070 susce-

52 2086 129 2116 ptum,
147 2085 320 2112 occultarum
334 2085 447 2112 auribus
461 2086 551 2120 populi
567 2090 587 2113 ³.
611 2085 663 2115 Sed
679 2091 706 2115 et
718 2095 752 2115 ex
764 2087 823 2116 dis-

86 2161 198 2190 *Matth.
215 2170 284 2195 xxIt;
297 2163 342 2190 25.
379 2163 390 2178 ³
406 2162 471 2191 Luc.
490 2171 529 2197 xi,
544 2164 596 2194 52..

845 1563 867 1592 C

883 927 978 962 generi
1004 927 1136 956 divinitus
1160 932 1234 956 esset
1259 928 1393 961 indultus,
1415 928 1584 956 causabatur
1606 928 1673 957 Iesu

883 973 972 1001 nostri
990 973 1125 1008 baptisma
1141 974 1215 1001 velut
1229 977 1326 1001 contra
1344 974 1401 1002 haec
1415 982 1503 1009 nuper
1518 974 1670 1002 inductum.

884 1017 938 1046 Sed
953 1019 1186 1054 propositionibus
1201 1019 1262 1054 ejus
1277 1026 1426 1047 occurrens
1442 1019 1597 1051 Mattheus,
1612 1019 1672 1047 evi-

883 1062 980 1090 denter
993 1064 1115 1091 ostendit
1149 1063 1223 1099 (ιιιοά
1248 1063 1271 1091 si
1293 1064 1356 1099 quis
1378 1063 1442 1092 Iesu
1466 1064 1601 1100 baptisma
1618 1072 1672 1092 non

883 1108 966 1137 fuerit
992 1113 1168 1141 consecutus.
1195 1111 1218 1139 is
1243 1119 1298 1138 non
1320 1110 1408 1138 solum
1437 1111 1569 1138 caelorum
1587 1119 1673 1147 regno

883 1154 1057 1182 fraudabitur
1067 1175 1075 1188 ,
1090 1163 1184 1183 verum
1199 1157 1266 1184 etin
1283 1157 1485 1184 resurrectione
1499 1161 1672 1185 mortuorum

882 1208 937 1228 non
959 1201 1062 1236 absque
1088 1201 1211 1237 periculo
1235 1201 1299 1234 erit,
1324 1202 1432 1229 etiamsi
1453 1202 1531 1230 bonae
1557 1203 1621 1230 vita:
1644 1208 1672 1231 et

881 1250 963 1275 rectae
975 1248 1074 1275 mentis
1090 1248 1268 1283 praerogativa
1288 1249 1439 1277 muniatur.
1457 1247 1519 1276 Hac
1531 1252 1559 1276 et
1576 1249 1620 1277 his
1634 1250 1673 1278 si-

882 1293 956 1320 tnilia
969 1297 1133 1328 prosecutus
1149 1294 1226 1322 siluit
1240 1293 1392 1322 Matthaeus.

916 1348 985 1378 LVI.
1016 1349 1070 1377 Sed
1093 1349 1307 1379 Sadducaaorum
1326 1358 1402 1386 pars,
1426 1358 1487 1386 quzc
1512 1354 1593 1387 negat
1610 1358 1673 1379 esse

883 1396 1113 1424 resurrectionem
1134 1400 1317 1428 mortuorum.
1345 1396 1486 1432 indignata
1509 1400 1562 1429 est,
1585 1397 1623 1424 ita
1641 1401 1672 1424 ut

882 1443 992 1478 quidam
1024 1451 1057 1471 ex
1085 1443 1154 1479 ipsis
1184 1443 1218 1471 de
1245 1444 1336 1471 medio
1372 1444 1465 1479 populi
1489 1444 1671 1476 exclamaret,

882 1489 978 1517 dicens
994 1489 1110 1517 multum
1128 1497 1222 1517 errare
1237 1497 1286 1517 eos
1303 1489 1350 1525 qui
1366 1493 1462 1524 putent
1483 1494 1606 1517 mortuos
1622 1489 1673 1516 ali-

882 1535 994 1570 quando
1007 1543 1161 1571 resurgere.
1178 1535 1282 1563 Contra
1299 1535 1374 1563 hunc
1389 1534 1513 1563 Andreas
1528 1543 1605 1563 meus
1618 1535 1674 1562 fra-

883 1585 926 1609 ter
939 1582 1120 1617 respondens,
1141 1581 1235 1610 docuit
1245 1589 1368 1609 errorem
1385 1590 1439 1609 non
1455 1589 1517 1609 esse
1527 1601 1534 1614 ,
1551 1581 1597 1609 sed
1609 1589 1672 1608 cer-

882 1627 1017 1655 tissimam
1033 1627 1124 1660 ﬁdem,
1139 1627 1213 1663 quod
1227 1627 1328 1655 mortui
1343 1632 1500 1663 resurgant,
1517 1627 1671 1655 secundum

880 1680 912 1700 ea
925 1680 985 1708 quae
999 1673 1092 1701 docuit
1105 1673 1128 1701 is
1142 1693 1150 1706 ,
1171 1681 1252 1709 quem
1267 1672 1374 1709 Moyses
1389 1673 1515 1709 pra-dixit
1526 1678 1674 1701 venturum.

881 1719 1059 1754 prophetam;
1075 1723 1123 1746 aut
1133 1719 1157 1748 si
1169 1727 1225 1747 non
1238 1719 1377 1747 videretur
1389 1719 1430 1747 eis
1442 1719 1500 1754 ipse
1514 1727 1576 1746 esse
1589 1728 1675 1754 quent

880 1766 1005 1801 praedixit
1020 1765 1135 1801 Moyses,
1144 1765 1177 1793 de
1192 1765 1254 1798 hoc.
1275 1765 1376 1801 inquit.
1393 1765 1481 1801 primo
1501 1766 1669 1801 requiratur,

882 1815 912 1839 ut
937 1819 999 1839 cum
1018 1811 1158 1839 evidenter
1181 1812 1240 1847 ipse
1267 1811 1350 1839 fuerit
1374 1811 1522 1847 probatus,
1542 1810 1611 1838 nihil
1635 1810 1676 1839 de

880 1857 987 1893 reliquo
1015 1865 1098 1893 super
1127 1857 1170 1885 his
1193 1865 1255 1893 qua:
1278 1857 1373 1885 docuit
1406 1857 1570 1892 ambigatur.
1605 1855 1669 1884 llaec

880 1907 971 1931 autem
979 1908 1007 1932 et
1014 1904 1056 1932 his
1070 1903 1170 1932 similia
1182 1904 1261 1940 plura
1267 1907 1436 1940 protestatus
1445 1903 1522 1930 siluit
1532 1902 1667 1930 Andreas.

915 1948 995 1978 LVII.
1018 1949 1173 1978 Samaraeus
1190 1957 1255 1978 vero
1275 1949 1396 1985 quidam,
1416 1948 1555 1977 contraria
1570 1948 1670 1984 populo

878 2000 906 2025 et
922 1996 978 2024 Deo
998 1996 1123 2032 loquens,
1139 2000 1167 2024 et.
1183 2003 1272 2032 neque
1290 1999 1413 2023 mortuos
1432 1992 1560 2023 asserens
1572 2002 1669 2022 resur-

886 2047 1023 2075 recturos,
1040 2050 1129 2077 neque
1141 2050 1204 2070 eum
1215 2043 1262 2077 qui
1273 2047 1315 2070 est
1332 2042 1361 2069 in
1374 2041 1546 2069 Hierusalem
1562 2040 1667 2068 cultum

881 2087 929 2116 Dei
952 2088 1119 2121 tenendum,
1138 2089 1186 2118 sed
1203 2092 1322 2117 mentem
1334 2087 1442 2116 Garizin
1460 2087 1645 2116 venerandum
1657 2099 1666 2114 ι

684 2253 866 2283 COTELERll
891 2254 1008 2284 NGTJE.

81 2352 141 2391 tu),
155 2353 263 2391 Diversa
275 2354 627 2391 schismatdoperabatur‘in
638 2354 742 2389 populo.
755 2354 822 2382 Pro-

899 2356 924 2388 ii,
950 2355 1086 2391 corrigere
1110 2354 1242 2391 debemus
1261 2353 1374 2383 Suidam
1392 2353 1587 2391 :Eaaﬁouxatq;
1611 2356 1666 2383 ἀπὸ

51 2386 102 2415 iero
117 2386 144 2416 in
160 2389 312 2424 rervulgata
327 2389 428 2424 aliquid
444 2386 502 2417 'non
523 2389 596 2416 omni
618 2386 650 2416 ex
666 2386 743 2424 parte
764 2391 824 2418 vul-

49 2426 133 2456 gutum
157 2433 164 2451 :
191 2423 334 2451 formulam
362 2423 483 2452 Graecam
507 2423 681 2453 renuntiandi
704 2424 824 2453 Iudaicae

51 2457 175 2495 religioni,
187 2458 415 2495 llebrazorumque
429 2460 527 2487 ritibus
541 2464 568 2487 et
591 2460 692 2495 sectis;
709 2461 824 2495 amplio-

50 2499 100 2530 rem
112 2493 156 2530 illa
174 2501 235 2530 qum
251 2493 576 2530 habetur'EuchoIogiirp.
592 2494 654 2522 544.
672 2494 735 2521 Eam
749 2493 825 2522 com-

50 2526 168 2564 Diectitur
180 2526 266 2564 codex
276 2528 376 2564 Regius
391 2530 471 2557 1818.
483 2526 519 2549 ὲ
530 2526 623 2557 Exstat
635 2537 699 2557 vero
711 2530 781 2557 infra
796 2531 824 2558 in

180 2563 299 2591 Monum.
318 2562 368 2593 bis
399 2564 533 2600 Recognit.
566 2564 643 2592 libris
677 2565 799 2599 subjecta
814 2584 823 2598 ,

50 2603 117 2625 num.
133 2603 160 2627 2.

81 2630 139 2667 (ιε)
153 2631 187 2660 Ut
201 2634 302 2661 caeteris
311 2634 447 2668 justiom.
468 2633 574 2662 Allusio
586 2633 619 2661 ad
631 2641 729 2661 nomen
761 2634 825 2662 Hie-

51 2672 184 2702 ronymus,
200 2669 251 2696 sub
270 2669 350 2696 ﬁnem
374 2669 436 2697 libri
455 2677 486 2697 ιιι
522 2669 777 2697 Commentariorum
797 2670 824 2697 iu

50 2699 197 2730 Metilium
219 2711 229 2730 :
259 2703 402 2731 Sadducazi
427 2709 515 2732 autem
544 2705 589 2732 aui
617 2704 824 2732 interpretantur

58 2701 197 2730 "uallum
219 2711 229 2730 :
259 2703 402 2731 Sadducazi
427 2709 515 2731 autem
544 2705 589 2731 aui
617 2704 807 2731 internretantu

50 2711 197 2730 meum»:
219 2711 229 2730 :
259 2711 402 2731 aaaaucwt
427 2711 515 2732 autem
544 2712 589 2739 qui
617 2711 824 2738 interpretamur

46 2736 116 2775 justi,
127 2737 211 2772 etipsi
225 2739 392 2775 uindicabant
405 2739 456 2775 sibi
476 2739 544 2775 quod
561 2747 611 2775 non
627 2738 822 2775 erantaTheo-

51 2771 345 2814 phylactuiadnblauh.
360 2774 447 2814 LIIL7,
467 2771 502 2814 De
525 2773 706 2814 Sqddncm‘sa
718 2774 821 2814 Ἑρμη-

50 2807 335 2845 νειξθνναι-δὶκδικαῳι.
349 2809 442 2845 νΣεςδὲκ
464 2809 518 2845 γὰρ
533 2810 561 2845 νὴ
585 2807 756 2845 δικαιοσύνηξ
768 2807 821 2836 ⁷Δὶ-

50 2841 135 2880 ξαςιζυς
146 2842 200 2880 τὰρ
214 2844 325 2880 Etruros;
340 2841 489 2880 ᾠγόμαζοὺ.
503 2841 561 2871 ”“Ὴ’
573 2844 627 2871 ἀπὺ
636 2879 639 2880 ν
648 2841 822 2880 αἱρεςιζιᾶρχου

51 2875 134 2904 Σαδὼκ
153 2875 336 2912 ὂνὸμάζσνται.
350 2875 445 2913 Unde,
458 2886 490 2907 ac
504 2887 536 2908 ex
550 2875 685 2908 similibus
707 2875 822 2916 Epipha-

876 2392 968 2418 τϐπου.
993 2388 1358 2426 δίῑῖἰρειξιπιιιμιίιπδβιτρὸττιη⁸
1374 2398 1389 2417 ιι
1413 2388 1537 2426 moribus.
1567 2389 1666 2417 Remo-

876 2427 930 2454 tior
940 2429 982 2453 est
996 2424 1151 2453 emendatio
1166 2424 1270 2457 Drusii,
1287 2433 1318 2452 ιιι
1334 2425 1370 2452 De
1381 2425 1458 2452 sectis
1467 2424 1622 2452 Judworum
1635 2426 1663 2457 ι,

876 2461 931 2490 ἀπὸ
945 2460 1081 2487 Δοσιθέου.
1657 2465 1659 2469 ‘

913 2496 969 2531 (ιϐ)
990 2495 1032 2523 Ea;
1046 2495 1182 2531 discipulis
1192 2494 1316 2531 Joannis.
1334 2498 1387 2522 etc.
1404 2493 1527 2531 Vigilius
1542 2494 1664 2529 Tapsen-

877 2531 915 2559 sis
932 2529 979 2559 lib.
1009 2539 1017 2558 ι
1033 2529 1123 2558 contra
1138 2530 1242 2562 Arium,
1255 2530 1399 2557 Sabellium
1410 2534 1434 2556 et
1450 2529 1591 2556 P/totitmnt
1601 2538 1662 2565 cap.

877 2566 913 2593 20
926 2576 932 2593 :
952 2565 986 2592 Et
1000 2566 1061 2601 quia
1079 2565 1156 2592 multi
1169 2567 1321 2601 dogmatum
1338 2571 1462 2601 novorum
1481 2569 1601 2592 auctores
1615 2574 1663 2591 ex.

876 2599 1010 2633 stilerant,
1030 2601 1157 2629 doctrina:
1182 2599 1314 2628 oﬁrianm
1340 2599 1506 2634 apostolicw,
1525 2605 1664 2634 Omnesque

876 2641 1017 2664 sectatores
1034 2645 1095 2663 suos
1109 2636 1251 2670 discipulos
1267 2635 1448 2667 nominabant,
1464 2643 1509 2661 nec
1525 2639 1583 2661 erat
1605 2636 1662 2662 ulla

875 2672 989 2699 nominis
1015 2671 1138 2699 discretio
1161 2671 1230 2698 inter
1253 2679 1326 2697 veros
1349 2670 1481 2704 falsosque
1504 2669 1659 2703 discipulos,

874 2707 927 2734 sive
938 2707 981 2738 qui
996 2706 1105 2738 Christi,
1122 2706 1174 2733 sive
1188 2706 1233 2740 qui
1253 2705 1382 2740 Dosithei,
1398 2705 1451 2732 sive
1469 2704 1591 2736 Tlteodaa.
1607 2705 1661 2732 sive

872 2740 952 2769 Judre
967 2741 1117 2776 cujusdam,
1134 2739 1286 2776 siveetiam
1305 2739 1419 2776 Joannis
1442 2744 1600 2776 sectatores,
1615 2741 1661 2775 qui

873 2785 902 2812 se
918 2774 1182 2812 quasi'Christojita
1208 2775 1371 2812 membranae
1382 2774 1474 2809 [legite
1498 2782 1527 2812 ιι.
1551 2774 1660 2806 558.⁷θι
1676 2803 1678 2805 τ

872 2809 956 2839 editio
978 2809 1142 2840 Cassandri)‘
1158 2810 1261 2837 credere
1278 2809 1443 2844 fatebuntur;
1466 2809 1606 2839 noluerunt
1630 2814 1671 2837 ηιξ

876 2855 927 2875 ιιηο
940 2846 1129 2881 discipulorum
1143 2846 1246 2873 nomine
1262 2849 1438 2872 censerentur.
