1892 3105
195 1701 210 1726 ι

224 153 294 182 1259

650 153 679 182 S.
697 152 895 181 CLEMENTIS
911 152 921 179 l
938 152 1022 182 ROM.
1040 153 1142 182 PONT.
1160 153 1276 183 OPERA
1292 153 1406 184 DUBIA.

222 212 329 241 addidit
349 215 445 240 contra
466 218 518 239 nos
531 211 615 238 etiam
637 211 711 243 haec,
734 211 806 246 quod
821 212 902 240 Jesus
917 214 1011 239 noster
1025 228 1048 258 Α
1060 211 1148 247 major
1164 213 1210 240 ille
1222 213 1283 240 sine
1298 213 1401 246 dubio,
1416 213 1464 249 qui
1478 218 1506 242 et
1520 215 1655 251 propheta
1674 220 1704 244 et
1722 217 1854 247 Christus

220 266 276 286 non
293 262 366 286 esset
383 258 452 293 ipse,
474 264 555 292 quem
571 256 678 293 Moyses
689 258 850 293 prophetam
865 261 1009 285 venturum

220 313 282 334 esse
299 305 464 340 praedixerit.
485 303 638 332 Adversum
658 304 731 331 hunc
747 307 774 331 et
786 303 868 330 alium
885 304 932 339 qui
948 311 1010 331 cum

221 352 283 386 ipso
322 351 380 378 haec
421 349 517 377 eadem
557 350 775 385 prosequebatur
806 349 929 378 Zebedati
962 349 1010 377 ﬁlii

219 396 339 424 Jacobus
365 400 392 423 et
417 395 538 423 Joannes
561 396 738 423 vehementer
761 395 852 423 obnisi
876 400 957 428 sunt,
983 399 1010 424 ct

218 439 345 478 quamvis
374 439 507 467 haberent
528 439 707 472 mandatum,
734 448 769 468 ne
799 439 1010 475 ingrederentur

219 486 344 514 civitates
355 493 449 513 eorum
464 493 553 521 neque
568 486 681 513 verbum
696 486 738 514 eis
751 486 955 521 praedicationis
967 485 1010 513 in-

218 533 323 561 ferrent
336 532 358 564 δ,
371 537 462 559 tamen
473 540 508 559 ne
522 540 615 559 sermo
623 540 729 566 eorum,
743 533 766 560 si
781 532 940 560 confutatus
954 540 1008 560 non

218 583 303 611 esset,
322 578 438 605 aliorum
457 578 565 605 laederet
581 577 678 610 ﬁdem,
696 579 733 605 ita
748 578 898 613 prudenter
911 581 939 605 et
953 577 1009 605 for-

218 625 283 653 titer
313 624 536 660 responderunt,
562 627 592 651 ut
621 628 782 659 perpetuum
803 625 846 652 eis
869 624 1008 652 silentium

217 671 326 698 darent.
351 669 420 697 Nam
433 668 553 697 Jacobus
568 669 601 696 de
619 670 822 698 resurrectione
836 675 1008 698 mortuorum

218 724 282 744 cum
297 716 382 743 totius
397 715 490 751 populi
508 715 600 742 favore
619 716 760 750 peroravit
777 736 784 748 ,
804 715 924 744 Joannes
944 724 1009 745 vero

218 761 358 794 Ostendit,
380 762 445 796 quia
462 760 484 788 si
499 764 642 788 cessarent
662 760 697 788 ab
717 768 813 788 errore
834 761 936 789 montis
955 760 1007 788 ϐου

218 808 306 839 rizln,
333 809 537 841 consequenter
564 810 745 841 agnoscerent
768 806 858 842 ipsum
881 814 943 835 esse
963 806 1008 835 Je-

217 861 279 881 sum
290 873 297 885 ,
313 852 360 888 qui
381 852 533 881 secundum
555 852 727 887 prophetiam
751 852 852 888 Moysis
868 857 1008 887 exspecta-

1059 263 1119 291 est,
1137 266 1218 293 quam
1235 259 1280 286 ille
1295 259 1342 294 qui
1358 259 1447 288 solum
1464 261 1597 295 propheta
1613 265 1668 289 est.
1685 261 1754 290 Haec
1769 268 1799 290 et
1815 264 1855 290 his

1061 305 1162 332 similia
1179 305 1257 340 plura
1272 309 1437 341 prosecutus
1450 306 1536 334 siluit.
1560 306 1628 334 Post
1643 307 1721 335 hunc
1734 307 1855 336 Jacobus

1061 350 1167 386 Alpliaei
1188 358 1342 378 sermonem
1363 350 1429 378 fecit
1450 350 1484 378 ad
1505 353 1656 387 populum,
1679 361 1740 388 quo
1762 360 1854 381 θειω-

1059 395 1137 423 deret
1146 415 1154 427 ,
1170 403 1225 423 non
1239 395 1301 423 ideo
1317 395 1485 424 credendum
1499 404 1562 425 esse
1576 396 1644 425 Jesu
1657 417 1667 430 ,
1681 399 1752 433 quia
1772 399 1808 426 de
1826 406 1856 426 eo

1784 158 1892 188 ιεω¹

1059 442 1199 477 prophetae
1213 442 1407 477 praedixerint,
1422 443 1470 470 sed
1486 443 1548 471 ideo
1570 444 1661 479 magis
1687 445 1854 472 credendum
1891 472 1892 475 η

1059 496 1121 517 esse
1135 489 1291 525 prophetis,
1306 489 1380 524 quod
1396 496 1459 517 vere
1473 489 1612 524 prophetae
1635 491 1695 518 sint
1707 510 1715 523 ,
1731 491 1800 525 quia
1819 491 1855 518 eis
1891 487 1892 522 ξ

1059 534 1247 561 testimonium
1273 534 1402 563 Christus
1428 534 1535 562 reddat.
1557 534 1627 562 Nam
1652 537 1811 571 praesentia
1832 542 1856 565 et
1891 559 1892 562 η

1059 580 1194 609 adventus
1208 581 1312 608 Christi
1338 581 1402 610 illos
1416 589 1481 610 vere
1500 582 1651 617 prophetas
1672 582 1767 611 fuisse
1786 583 1856 611 desi-

1059 630 1134 660 gnat.
1159 625 1273 654 Dicebat
1293 627 1368 655 enim
1392 634 1448 654 non
1469 626 1504 654 ab
1528 626 1717 655 inferioribus
1742 628 1855 662 majori,

1058 672 1106 700 sed
1122 679 1137 699 a
1152 673 1257 707 majore
1279 673 1457 701 inferioribus
1481 673 1543 700 ﬁdei
1564 674 1766 701 testimonium
1787 674 1854 701 dari.

1059 716 1122 745 Haec
1136 722 1164 745 et
1178 719 1264 747 multa
1281 719 1323 747 his
1338 719 1439 747 similia
1459 722 1625 753 prosecutus
1637 738 1645 750 ,
1670 719 1763 746 etiam
1783 719 1857 746 Jaeo-
1891 735 1892 762 ξ

1059 763 1111 792 bus
1127 765 1214 793 siluit.
1230 765 1297 794 Post
1311 766 1385 794 hunc
1398 766 1532 794 Lebbaeus
1547 766 1685 801 populum
1707 767 1794 802 ccepit
1813 775 1856 794 re-
1891 787 1892 790 η

1058 810 1200 840 hementer
1215 820 1331 848 arguere
1343 834 1350 846 ,
1367 813 1440 848 quod
1456 821 1511 840 non
1525 813 1676 841 crederent
1693 813 1764 842 Jesu
1775 815 1797 846 ',
1813 814 1855 849 qui

1058 857 1099 885 eis
1116 861 1223 885 tantum
1246 859 1397 894 profuerit,
1419 859 1543 887 docendo
1558 867 1622 894 qua
1637 859 1690 887 Dei
1714 865 1797 892 sunt,
1813 868 1856 887 so-

216 899 298 927 batur
324 905 386 926 esse
411 901 565 930 venturus.
593 897 724 932 quoniam
748 897 859 932 quidem
886 898 964 932 signa
980 901 1008 927 et
1023 899 1140 938 Blando
1155 901 1290 935 alﬁictos,
1308 903 1444 931 medendo
1458 903 1591 937 inﬁrmis,
1607 911 1756 939 pauperes
1767 912 1858 932 conso-

217 945 358 981 prodigia,
377 947 408 971 ut
425 943 490 972 fecit
513 943 639 979 Moyses,
661 942 699 970 ita
721 942 787 970 fecit
806 943 887 970 etiam
908 942 1005 975 Jesus,

216 995 244 1019 et
259 990 372 1018 dubium
390 997 444 1017 non
459 993 500 1018 est
513 989 581 1025 quin
595 988 746 1017 similitudo
761 988 900 1024 signorum
917 988 1007 1024 ipsum

216 1044 279 1065 esse
293 1039 420 1069 testetur,
437 1043 518 1071 quem
533 1035 606 1063 sicut
629 1042 659 1063 se
683 1034 752 1062 dixit
769 1042 831 1062 esse
850 1037 1005 1062 venturum.

216 1082 279 1110 [hec
293 1085 321 1110 et
336 1082 389 1108 alia
405 1081 485 1117 plura
499 1081 543 1109 his
560 1081 660 1109 similia
676 1080 819 1115 protestati
835 1080 945 1107 siluere.

252 1127 345 1156 LVlll.
364 1127 398 1154 Et
412 1135 478 1155 ecce
494 1127 607 1162 quidam
623 1126 657 1154 de
674 1125 779 1155 Scribis
795 1126 829 1153 de
846 1124 937 1153 medio
954 1132 1006 1160 po-

218 1173 276 1210 puli
293 1173 452 1201 exclamans
470 1173 508 1200 ait
522 1183 528 1199 :
544 1171 626 1200 Iesus
641 1176 733 1200 vester
749 1172 827 1208 signa
843 1175 870 1199 et
884 1171 1006 1208 prodigia

215 1227 276 1254 quas
297 1219 381 1252 fecit,
404 1223 435 1247 ut
456 1227 553 1255 magus
575 1227 630 1246 non
647 1222 677 1247 ut
692 1219 826 1254 propheta
843 1218 919 1246 fecit.
937 1217 1007 1246 Huic

215 1264 358 1300 Philippus
372 1265 547 1292 vehementer
561 1265 683 1292 occurrit
697 1264 845 1292 ostendens
855 1284 862 1296 ,
877 1264 941 1300 quia
955 1264 1006 1292 hac

216 1311 324 1337 ratione
337 1314 481 1339 accusaret
494 1310 577 1338 etiam
593 1309 715 1346 Moysen.
729 1309 798 1337 Cum
812 1310 886 1338 enim
900 1309 1007 1345 Moyses

215 1357 293 1393 signa
309 1361 338 1384 et
352 1356 478 1392 prodigia
496 1356 592 1384 fecerit
608 1357 636 1384 in
650 1356 770 1393 Egypto
780 1377 788 1390 ,
811 1357 939 1385 similiter
958 1364 1008 1384 au-

216 1407 270 1431 tem
285 1407 313 1430 et
327 1402 408 1431 Jesus
423 1403 450 1430 in
473 1402 567 1430 Judaea
581 1423 589 1435 ,
605 1403 726 1430 dubitari
750 1410 804 1430 non
821 1403 923 1438 possit,
940 1403 1007 1438 quin

215 1448 289 1483 quod
313 1448 347 1476 de
369 1446 434 1475 Jesu
455 1448 605 1480 diceretur,
628 1448 680 1475 hoc
703 1448 784 1475 etiam
799 1448 832 1475 de
848 1447 940 1484 Moyse
953 1448 1006 1477 dici

214 1494 363 1522 videretur.
378 1493 442 1521 Haec
456 1498 484 1521 et
504 1493 548 1521 his
569 1494 670 1521 similia
694 1494 773 1531 plura
785 1497 955 1529 protestatus
965 1494 1005 1525 si-

214 1539 267 1567 luit
281 1539 436 1576 Philippus.

1058 946 1139 974 lando
1149 968 1156 980 ,
1170 947 1218 975 sed
1232 955 1283 983 pro
1295 949 1339 976 bis
1354 949 1483 977 omnibus
1497 949 1578 977 bonis
1593 949 1663 977 odia
1679 955 1854 985 mortemqu

1058 992 1238 1022 reddiderint.
1261 993 1324 1022 llaec
1346 998 1374 1022 et
1393 995 1439 1023 bis
1458 995 1559 1023 similia
1583 995 1668 1030 plura
1697 1004 1764 1024 cum
1788 1000 1858 1024 esset

1058 1039 1159 1076 popqu
1173 1044 1355 1075 protestatus,
1371 1041 1457 1069 siluit.

1092 1083 1149 1112 LX.
1169 1084 1204 1112 Et
1215 1093 1281 1114 ecce
1297 1094 1368 1115 unus
1383 1095 1416 1114 ex
1430 1087 1574 1122 discipulis
1593 1085 1722 1115 Joannis
1745 1087 1859 1115 anima-

1057 1131 1119 1164 bat,
1135 1131 1278 1159 Christum
1298 1132 1432 1160 Joannem
1455 1133 1560 1165 fuisse,
1576 1137 1606 1160 et
1622 1141 1682 1160 non
1700 1132 1799 1160 Jesum
1812 1142 1820 1165 ;
1835 1133 1857 1159 in

1057 1179 1185 1209 tantum,
1199 1177 1310 1212 inquit,
1327 1181 1357 1205 ut
1377 1181 1405 1206 et
1425 1178 1483 1213 ipse
1506 1177 1588 1206 Jesus
1611 1178 1756 1206 omnibus
1780 1179 1858 1205 boni-

1056 1220 1140 1248 nibus
1162 1224 1190 1249 et
1212 1222 1354 1256 prophetis
1378 1222 1510 1257 majorem
1537 1230 1601 1250 esse
1629 1223 1858 1257 pronuntiaverit

1057 1265 1189 1294 Joannem
1206 1267 1227 1294 '.
1248 1266 1276 1294 Si
1293 1275 1359 1303 ergo
1374 1287 1382 1299 ,
1399 1268 1506 1303 inquit,
1522 1268 1613 1303 major
1638 1272 1686 1295 est;
1708 1269 1856 1301 omnibus,

1058 1311 1119 1338 sine
1133 1311 1218 1339 dubio
1233 1316 1260 1339 et
1275 1311 1367 1348 Moyse
1389 1317 1416 1340 et
1439 1313 1499 1349 ipso
1513 1312 1580 1340 Jesu
1603 1312 1703 1347 major
1719 1313 1859 1341 habendus

1057 1361 1109 1386 est.
1119 1357 1196 1390 Quod
1205 1358 1228 1386 si
1237 1359 1360 1386 omnium
1372 1359 1589 1394 majorest,ipse
1601 1363 1648 1387 est
1662 1359 1811 1387 Christus.
1823 1360 1858 1386 Ad

1057 1403 1115 1431 haec
1132 1403 1284 1433 Cananazus
1300 1403 1395 1432 Simon
1415 1405 1605 1440 respondens,
1632 1405 1766 1433 asseruit
1780 1404 1859 1432 Joan-
1891 1403 1892 1440 ξ

1057 1458 1119 1478 nem
1135 1450 1267 1485 majorem
1289 1450 1400 1485 quidem
1426 1451 1512 1479 fuisse
1537 1451 1674 1479 omnibus
1700 1451 1858 1486 prophetis.

1056 1500 1084 1524 et
1107 1497 1237 1525 omnibus
1263 1497 1311 1532 qui
1336 1501 1402 1525 sunt
1425 1498 1473 1525 ﬁlii
1495 1498 1664 1530 mulierum,
1688 1505 1754 1526 non
1776 1502 1860 1525 tamen

1056 1542 1189 1578 majorem
1204 1550 1266 1570 csse
1281 1542 1351 1570 Filio
1366 1543 1498 1571 hominis.
1514 1543 1547 1570 Et
1563 1542 1628 1570 ideo
1642 1542 1736 1571 Jesus
1751 1543 1859 1578 quidem

251 1585 319 1614 LIX.
333 1585 491 1614 Pharisaeus
507 1590 598 1614 autem
611 1586 722 1622 quidam
739 1586 855 1614 audiens
870 1587 944 1620 haec,
960 1587 1004 1615 in-
1017 1588 1039 1618 C
1055 1592 1083 1616 et
1098 1588 1227 1616 Christus
1242 1592 1283 1616 est
1296 1608 1304 1621 ,
1320 1587 1441 1617 Joannes
1454 1597 1520 1616 vero
1535 1589 1627 1616 solum
1649 1589 1797 1624 propheta
1808 1608 1817 1620 ,
1836 1593 1859 1615 et

214 1632 363 1660 simulabat
378 1631 551 1668 Philippum,
567 1632 640 1668 quod
656 1631 769 1667 Moysen
785 1633 916 1668 aequalem
931 1632 1006 1661 dice-

214 1682 256 1706 ret
266 1677 342 1709 Jesu.
357 1679 407 1707 Cui
420 1679 637 1706 Bartholomaaus
650 1678 830 1713 respondens,
845 1682 1007 1707 constanter

213 1724 340 1758 edocuit,
356 1726 422 1761 quia
437 1732 492 1753 non
507 1725 626 1752 dicimus
645 1724 738 1752 Jesum
762 1725 850 1752 solum
871 1725 1005 1760 aqualem

214 1769 318 1805 Moysi,
341 1770 388 1798 sed
413 1771 566 1805 majorem;
590 1770 654 1806 quia
676 1770 784 1806 Moyses
804 1771 915 1806 quidem
937 1778 1003 1807 pro-

213 1817 295 1851 pheta
318 1817 386 1850 fuit,
411 1816 484 1852 quod
507 1817 560 1844 fuit
583 1821 610 1845 et
628 1817 727 1850 Jcsus.
743 1816 818 1853 quod
837 1821 928 1845 autem
952 1817 1004 1846 fuit

213 1863 310 1894 Jesus,
330 1863 436 1899 Moyses
450 1871 505 1890 non
522 1863 592 1896 fuit,
609 1863 662 1891 hoc
676 1867 718 1892 est
735 1863 862 1892 Christus
873 1882 881 1895 .
897 1867 926 1891 et
940 1863 1002 1892 ideo

1058 1638 1166 1662 tantum
1181 1635 1298 1665 interest
1314 1635 1387 1662 inter
1402 1635 1492 1670 ipsum
1514 1639 1541 1662 et
1561 1633 1659 1662 Jesum
1678 1635 1745 1670 (ιῖ)
1756 1655 1764 1666 ,
1780 1642 1861 1670 quan-

1057 1685 1116 1708 tum
1131 1681 1203 1708 inter
1218 1687 1417 1715 praecursorem
1433 1684 1460 1708 et
1474 1688 1537 1708 eum
1553 1680 1599 1707 cui
1615 1681 1825 1715 praecum-itur,
1839 1684 1861 1707 et

1057 1731 1190 1763 quantum
1207 1727 1279 1754 inter
1292 1735 1354 1754 eum
1369 1727 1416 1762 qui
1432 1727 1517 1761 legem
1541 1726 1588 1753 dat
1608 1730 1639 1754 et
1658 1734 1733 1754 eum
1759 1727 1808 1762 qui
1831 1727 1862 1753 le

1057 1780 1119 1808 gem
1135 1776 1235 1799 servat.
1261 1771 1325 1799 Haec
1343 1777 1371 1799 et
1392 1772 1435 1799 his
1458 1772 1559 1799 similia
1583 1776 1766 1806 prosecutus
1790 1772 1861 1800 siluit

1056 1817 1140 1845 etiam
1157 1816 1321 1845 Cananazus.
1342 1816 1408 1845 Post
1421 1824 1502 1852 quem
1518 1816 1662 1843 Barnabas
1682 1818 1742 1852 qui
1758 1822 1788 1845 et
1803 1816 1862 1843 Met-

1055 1863 1129 1890 thias
1143 1862 1215 1898 (48),
1232 1863 1279 1898 qui
1294 1863 1322 1890 in
1337 1864 1427 1891 locum
1450 1862 1528 1891 Juda:
1551 1864 1732 1898 subrogatus
1746 1869 1793 1892 est
1806 1871 1861 1898 φα

247 1921 258 1934 ⁸
278 1917 370 1946 Matth.
387 1927 415 1950 κ,
431 1919 457 1946 5.
493 1919 503 1934 '
523 1917 604 1952 lbid.,
616 1919 644 1952 5,
658 1919 686 1946 il
701 1918 806 1948 Graeco.
845 1919 855 1934 '
873 1917 969 1946 Matth.
982 1925 1022 1950 ιι,
1036 1917 1065 1951 9,
1080 1918 1089 1945 4

1099 1918 1124 1945 ι.

864 1994 1049 2023 COTELERH
1078 1994 1196 2025 NOTIE.

249 2065 306 2100 (Π)
326 2064 442 2092 Tantum
455 2065 562 2092 interest
581 2065 650 2092 inter
665 2065 751 2099 ipsum
773 2069 798 2091 et
821 2063 924 2100 losum.
946 2063 1002 2092 Re-

213 2100 267 2127 fert
277 2100 492 2136 Christophorus
509 2100 628 2128 Sandius
643 2100 670 2127 in
685 2103 803 2136 tractatu
820 2099 859 2126 De
870 2099 999 2136 ueteribus

213 2135 596 2170 scriptoribusecclesiasticis,
612 2135 740 2170 subjungi
756 2135 790 2170 in,
805 2142 857 2162 ms.
875 2135 1000 2163 Bodleia-

214 2178 260 2201 no.
277 2176 403 2205 quantum
418 2172 486 2198 inter
509 2171 599 2198 stellas
620 2175 644 2197 el
661 2169 752 2197 solem.
776 2169 841 2202 Qua:
862 2170 962 2199 absum
984 2177 1000 2197 a

214 2206 293 2233 libris
308 2206 389 2234 editis
402 2210 429 2233 et
443 2214 458 2233 a
474 2207 576 2234 nostris
592 2205 733 2233 codicibus
751 2215 757 2232 :
770 2210 853 2232 recte.

251 2241 312 2282 (48)¹
327 2241 479 2282 Barnabas,
507 2242 552 2277 qui
562 2246 600 2282 _et
621 2241 760 2282 Matt/tias.
784 2240 851 2282 (20d.
874 2239 908 2268 R.
929 2244 955 2282 et
969 2240 1000 2267 P.
1016 2239 1089 2275 mit

1092 2239 1137 2282 ξοές
1151 2242 1200 2282 ὑπ’
1215 2239 1430 2282 αὑτῶνλβληθεὶς
1446 2239 1577 2282 {intuma
1597 2241 1629 2281 ὲ]

214 2276 363 2309 Barsabas,
387 2277 415 2303 in
437 2275 530 2305 Carm.
559 2276 722 2307 Bnrsabbas,
743 2276 770 2302 in
791 2275 870 2305 Sorh.
900 2280 1000 2306 autem,

214 2312 355 2339 Barnabas
368 2320 430 2339 cum
454 2320 485 2338 sa
506 2319 587 2346 supra
603 2320 647 2340 na.
664 2311 744 2338 Certe
766 2311 893 2338 vicinitas
917 2310 1003 2346 nomiv

214 2355 280 2374 num
297 2347 464 2375 Barnabieet
481 2345 617 2378 Barsabaa,
636 2347 724 2373 fraudi
746 2354 817 2381 sarpe
833 2346 883 2372 fuit
907 2345 1002 2372 indili-

214 2382 385 2417 gentioribus
400 2383 531 2410 librorum
548 2382 776 2417 exscriptoribus.
793 2381 848 2408 lmo
864 2381 1004 2417 arbitran-

214 2416 260 2444 tur
281 2418 352 2453 apud
369 2417 468 2445 Bcdam
493 2418 627 2450 nonnulli,
641 2416 877 2453 Paulbcollcgain
892 2416 926 2443 de
949 2423 1003 2450 quo

214 2454 276 2480 Act.
296 2451 332 2484 iv.
349 2453 394 2483 56.
415 2460 477 2480 esse
495 2461 557 2480 eum
577 2453 623 2488 qui
639 2460 701 2479 cum
717 2451 829 2488 Matthia
844 2451 877 2488 ad
893 2455 1003 2488 aposto-

215 2490 287 2515 latus
304 2492 406 2515 sortem
422 2492 464 2516 est
484 2486 614 2520 statutus.
628 2487 688 2515 Act.
708 2495 727 2519 ι,
740 2487 787 2520 25,
804 2486 1003 2514 confundentes

213 2523 368 2550 Barnabam
385 2531 447 2550 cum
462 2523 599 2557 Barsaba;
619 2531 652 2551 eo
674 2523 771 2557 magis,
795 2522 903 2556 opinor,
929 2520 1003 2556 quod

215 2563 330 2593 uterque
345 2558 486 2586 diceretur
499 2558 579 2586 Joses
595 2567 642 2587 seu
653 2557 753 2593 Joseph
768 2567 773 2585 :
789 2558 919 2592 illamque
934 2563 1002 2593 _s_en-

213 2590 327 2622 tentiam
347 2593 433 2628 rejicit
449 2601 558 2629 quoque
582 2593 610 2621 S.
631 2590 912 2629 Chrys'ostomus._'At
934 2590 1002 2629 Mat-

213 2630 278 2657 thiae
290 2626 384 2656 datum
404 2626 490 2657 fuisse
512 2626 611 2656 nomen
633 2626 765 2656 Barilabte
787 2631 835 2655 aut
863 2626 1000 2658 Barsabm,

214 2665 266 2693 hoc
282 2664 415 2692 duntaxat
428 2664 456 2691 in
474 2665 544 2696 loco,
569 2664 591 2691 si
615 2664 684 2692 bene
703 2663 825 2696 memini,
855 2661 973 2689 refertur
993 2670 1001 2689 :

212 2700 444 2737 quemadmodum
457 2700 490 2728 de
505 2699 609 2737 Thema
632 2699 706 2727 dicto
728 2699 809 2737 etiam
832 2697 913 2737 Juda,
938 2696 1002 2737 uni:

212 2731 275 2763 cum
299 2736 369 2763 forte
392 2739 481 2763 exstat
508 2735 672 2770 impressum
701 2734 910 2770 testimonium,
929 2731 1001 2770 apud

213 2771 372 2803 Eusebium,
384 2771 457 2806 ῌίδι.
473 2767 555 2806 περς
568 2770 615 2798 lib.
625 2778 646 2802 ι,
656 2777 717 2806 cap.
729 2770 780 2806 ult.
794 2768 844 2796 Cui
858 2767 1002 2806 addo-haec

213 2815 244 2834 ex
261 2799 377 2842 apostoli
392 2805 510 2842 Thomze
522 2799 646 2842 Periodis
665 2799 838 2842 ξΑἶιεκδότρις.
854 2799 1001 2842 _Co_d._l_ieg.

213 2837 299 2870 2594':
317 2842 432 2877 Ἐλαχεν
453 2841 530 2868 Ἰνδία
557 2841 641 2876 Ἰούδᾳ.
659 2841 745 2876 Θωμᾷ
762 2839 801 2874 τῷ
819 2839 865 2877 ita}
884 2837 1001 2877 Αιδύμῳ,

214 2881 239 2902 et
251 2877 331 2910 paulo
343 2872 413 2912 post,
435 2877 535 2912 Ἰούδαν
551 2872 678 2911 tis/dudm;
692 2872 821 2912 uiditque,
842 2872 941 2900 Ἰούδαν
956 2872 1002 2912 ’ξὺν

217 2907 262 2938 ai
276 2907 386 2947 θωμᾶν.
405 2912 440 2940 De
451 2907 659 2940 Jacobo.autcm
678 2915 705 2940 et
727 2907 864 2938 Th'addzco
880 2907 1009 2947 comple-A

1054 2065 1139 2092 ctitur
1155 2065 1212 2093 haec
1227 2065 1302 2092 velut
1317 2064 1346 2091 S.
1363 2064 1508 2099 Epiphanii
1531 2066 1616 2092 codex
1628 2063 1747 2100 Regius
1774 2066 1836 2093 1026
1850 2077 1855 2093 :

1061 2100 1187 2132 Ἰάκωϐος
1201 2102 1215 2127 ό
1230 2100 1388 2137 ἐπικληθεὶς
1403 2100 1542 2137 Θαδδαῖος,
1557 2099 1749 2137 ᾁδελφρςίτοῧ
1763 2103 1856 2137 Rapio;

1054 2137 1198 2172 γεγᾲμενος
1214 2136 1244 2162 τὸ
1260 2135 1330 2172 mea
1347 2135 1445 2172 σάρκα.
1464 2136 1511 2166 ’ος
1525 2135 1578 2172 ξιιὶὲ
1592 2136 1712 2172 πρεῖγτος
1732 2137 1766 2162 ἐν
1791 2135 1855 2171 Ἱερι-

1055 2170 1181 2206 άολύμοις
1196 2170 1350 2205 κατεστάθη
1370 2170 1518 2206 ἐπίσκοπος
1534 2170 1587 2196 ὑπὸ
1603 2170 1660 2196 τῶν
1683 2171 1853 2198 duos-73m.

1054 2203 1220 2240 Προῲάσεως
1239 2206 1267 2232 δὲ
1281 2203 1429 2240 γενομένης
1444 2203 1608 2240 ζητημάτων
1625 2207 1686 2236 τοίς
1711 2207 1853 2237 Ἰουδαίοις.

1054 2277 1101 2303 καὶ
1118 2277 1175 2303 ἐκεῖ
1189 2277 1275 2311 ἐτάφη
1291 2275 1404 2311 πλησίον
1421 2275 1468 2302 τοῦ
1488 2275 1573 2311 τάφου
1587 2275 1643 2302 τῶν
1662 2275 1774 2311 ἱερέων
1791 2275 1842 2302 ἐνὶ

1055 2310 1186 2346 ξως.......
1203 2310 1415 2346 Θαδδαῖοςδᾲδ
1432 2310 1478 2337 καὶ
1489 2310 1633 2346 Λεϐβαῖος,
1648 2311 1663 2336 ὁ
1682 2310 1854 2346 ᾁδελφὸςαὺ-

1053 2343 1110 2379 ἑοῦ,
1125 2348 1140 2373 ὁ
1156 2343 1313 2379 ἐπικληθεὶς
1334 2345 1433 2377 Ἰούδας
1456 2345 1593 2377 Ἰακώϐου,
1608 2350 1663 2372 etc.
1688 2345 1727 2373 Et
1743 2343 1779 2373 de
1793 2346 1853 2374 Juda

1053 2368 1663 2411 Ξᾶἑὲιιῖο’ἶίἰ”’ᾕὶξιῖῖιειὶζἶῖόιηὶιὲὶὶῖὶῆἕνὲῐῑέ
1688 2368 1852 2411 ’δ’ἐῖἐςῖἑῖ

1054 2425 1135 2452 quam
1151 2416 1237 2444 edidit
1260 2418 1392 2452 integram
1421 2415 1535 2452 carolus
1553 2415 1715 2452 _Labb:eys.
1743 2425 1852 2452 qurqne

1053 2449 1087 2479 ex
1103 2456 1180 2485 parte
1195 2451 1293 2486 legitur
1307 2449 1335 2478 ἰῖι
1350 2450 1416 2490 Iure
1438 2450 1579 2490 Orientali,
1601 2451 1631 2478 in
1650 2449 1727 2478 λείη
1754 2449 1852 2478 Βῖθὶό-

1060 2484 1189 2515 Romnno,
1203 2488 1266 2515 post
1281 2483 1424 2515 Synopmn
1441 2483 1630 2515 Basilicarum.
1651 2492 1687 2513 ac
1706 2488 1738 2514 in
1764 2487 1853 2515 Balsa—

1181 2504 1189 2516 ,
1204 2495 1266 2517 post
1281 2495 1424 2517 oynopnm
1441 2495 1630 2517 balinearum,
1651 2495 1687 2513 ac
1706 2495 1738 2514 m

1060 2492 1189 2516 nom/mo,
1203 2492 1266 2519 post
1281 2492 1424 2519 aynopmn
1441 2492 1630 2517 satiricorum,
1651 2492 1687 2513 ac
1706 2495 1738 2514 in
1764 2492 1851 2515 nats..-

1059 2520 1148 2547 monis
1160 2518 1278 2547 Scholiis
1292 2520 1326 2547 ad
1339 2519 1465 2549 Photiani
1477 2518 1675 2546 Nomocmwm‘s
1689 2522 1807 2550 titulum
1821 2523 1851 2549 7:

1052 2557 1101 2583 Διὰ
1111 2557 1158 2583 τὸν
1174 2555 1324 2583 ἀπόστολον
1344 2555 1444 2582 Ἰούδαν
1459 2555 1505 2581 τὸν
1516 2555 1563 2581 καὶ
1577 2554 1724 2588 Θαδδαῖον,
1742 2556 1792 2582 καὶ
1806 2557 1852 2582 Δε-

1054 2592 1129 2621 δαῖον
1156 2595 1204 2618 aut
1227 2591 1359 2618 Λεϐϐαῖον
1372 2611 1379 2622 ,
1412 2589 1459 2616 καὶ
1501 2589 1648 2621 Ἰάκωὸον,
1690 2598 1852 2624 quanquam

1060 2626 1186 2654 Ἰακώϐου
1203 2625 1297 2654 forsan
1308 2625 1392 2654 scribi
1408 2624 1515 2656 debeat,
1530 2624 1630 2651 ludam
1644 2624 1761 2653 Jacobi.
1776 2624 1853 2652 Βηί-

1054 2671 1108 2697 que
1115 2663 1150 2689 de
1161 2661 1299 2689 Thaddteo
1308 2659 1573 2697 Barsaba,_CIrronici
1581 2659 1739 2697 Λίβα-απαξ,
1751 2669 1780 2695 p.
1793 2660 1849 2697 5N;

1053 2695 1180 2729 Θαδδαῖος
1192 2698 1205 2723 ὁ
1223 2697 1270 2724 καὶ
1286 2695 1400 2727 Δεὸαῖος
1410 2696 1425 2722 ὁ
1439 2695 1595 2731 ἐπικληθεὶς
1605 2696 1773 2731 Βαρσαὸἀς.
1785 2696 1850 2728 Quid

1054 2734 1076 2760 si
1092 2733 1225 2768 scriptum
1236 2732 1410 2768 aisubdititio
1433 2729 1583 2768 Clemente,
1597 2731 1612 2757 ὸ
1631 2729 1799 2768 Sapo-163);
1811 2731 1851 2768 ita

1053 2765 1196 2799 Barsalim;
1211 2767 1307 2795 eodem
1323 2774 1406 2794 sensu
1420 2773 1474 2800 quo
1490 2765 1525 2793 de
1539 2765 1618 2793 Justo
1638 2766 1705 2792 Act.
1725 2773 1748 2796 ι,
1764 2766 1811 2793 25.
1826 2767 1848 2791 ia

1053 2803 1288 2837 Chrysostomo,6
1304 2801 1373 2837 μετὰ
1394 2800 1526 2832 Ματθίου,
1549 2801 1593 2836 qui
1621 2808 1683 2828 cum
1707 2801 1848 2837 Matth];

1053 2834 1170 2866 Rufinus
1193 2845 1258 2865 vero
1281 2834 1378 2872 legerit
1405 2840 1452 2864 aut
1485 2834 1632 2872 legendum
1664 2836 1815 2872 putaverit
1834 2835 1847 2862 d

1054 2873 1208 2911 BapoaGEtg,
1224 2871 1378 2901 Barsabas?
