1892 3105
52 156 104 184 ηιι

633 152 917 182 ΒΕΟΟΟΝΙΤΙΟΝΠΜ
934 152 999 181 LIB.
1017 153 1039 181 I.

1576 156 1647 184 ηις

50 213 140 244 stolus,
155 218 262 239 monere
278 210 409 246 populum
426 211 526 247 coepit,
544 219 578 239 ne
592 211 657 238 odio
676 210 809 238 haberent
824 212 847 240 Α
862 213 1046 241 mortuorum,
1063 213 1216 237 Samarttas
1233 209 1268 237 de
1292 211 1502 239 consecratione
1516 210 1647 240 Hierusa-

48 258 124 286 Jesum
139 265 222 292 neque
235 256 458 292 blasphemarent
471 265 545 285 eum.
559 256 644 283 Multo
657 257 730 284 enim
748 263 809 283 esse

49 304 150 335 rectius,
172 303 252 330 etiam
277 303 417 337 ignoranti
443 303 485 330 vel
510 303 644 330 dubitanti
671 303 705 330 de
724 302 807 334 Iesu,

48 357 126 376 amare
140 357 197 376 eum
213 356 293 385 quain
308 349 411 377 odisse.
426 348 559 377 Charitati
574 350 647 377 enirn
660 348 731 375 Deus
744 355 809 383 prae-

48 394 116 420 mium
129 393 235 428 posuit.
252 393 325 421 odiis
341 401 460 428 poenam.
477 393 535 421 Hoc
551 394 640 429 ipsum
655 393 727 421 enim
739 413 747 425 ,
770 393 811 420 in-

49 439 110 473 quit,
137 438 207 474 quod
231 438 374 466 Iudaicum
389 446 492 474 corpus
516 439 665 474 assumpsit
685 443 713 466 et
738 440 810 466 inter

47 483 141 512 Iudaos
159 489 237 512 natus
259 488 301 512 est
317 504 325 517 ,
340 492 396 520 quo
410 484 492 511 modo
508 492 563 512 non
578 485 708 512 omnibus
731 485 809 512 vobis

47 530 164 557 incentiva
177 531 219 558 sui
235 531 337 558 amoris
358 531 496 558 ineussit‘!
510 530 573 558 Haec
594 535 622 558 et
643 531 688 559 his
709 531 809 559 similia

47 583 96 602 cum
110 580 274 610 perorasset,
290 576 398 604 dicendi
414 576 494 603 ﬁnem
509 576 582 604 fecit.

73 620 132 648 LXI.
153 620 228 648 Tunc
239 621 358 657 Caiphas
371 621 522 650 doctrinam
538 621 602 649 Iesu
619 622 731 658 culpare
746 626 809 649 ten-

45 667 116 698 tabat,
129 667 220 695 dicens
231 674 295 694 eum
306 675 352 696 res
363 675 449 695 vanas
465 667 586 695 locutum
603 677 609 695 :
627 668 722 695 beatos
734 668 808 695 enirn

45 720 159 748 pauperes
172 713 241 740 dixit
254 713 276 745 ⁷,
292 717 318 741 et
334 717 459 741 terrenas
490 714 548 741 fore
572 715 808 743 remunerationes

44 759 160 792 promisit,
170 767 200 786 ac
211 767 346 787 summam
357 759 479 787 muneris
491 760 519 788 in
530 763 638 788 terrena
651 760 809 789 haereditate

44 804 178 836 constituit,
190 804 314 839 cibisque
327 811 359 831 ac
369 808 435 839 potu
447 812 495 832 eos
506 805 552 840 qui
563 805 698 839 justitiam
712 813 807 833 serva-

45 849 96 881 rint,
113 849 234 884 promisit
244 857 306 881 esse
317 850 498 882 saturandos:
513 855 541 878 et
555 851 599 878 his
614 851 714 879 similia
723 852 808 879 multa

43 894 152 923 docuisse
175 895 400 931 deprehenditur.
416 896 466 924 Cui
495 896 614 925 Thomas
639 897 808 933 respondens

43 941 117 975 arguit
127 949 186 968 eum
200 941 305 969 frustra
314 946 484 975 causantem,
496 942 656 976 ostendens,
667 944 731 979 quia
741 952 808 979 pro-

43 986 115 1021 phetae
135 987 231 1022 magis,
248 988 350 1023 quibus
364 989 447 1016 etiam
463 989 522 1024 ipse
541 989 640 1022 credit,
653 990 690 1016 ita
706 990 809 1018 docue-

42 1033 95 1064 rint,
109 1041 156 1061 nec
175 1038 267 1061 tamen
283 1035 420 1069 quomodo
435 1039 516 1062 erunt
536 1035 592 1063 haec
609 1039 657 1062 aut
670 1035 808 1070 quomodo

42 1079 218 1114 percipientur,
231 1080 413 1113 ostenderint,
423 1080 504 1109 Iesus
512 1089 576 1109 vero
589 1082 707 1117 qualiter
720 1082 807 1117 accipi

41 1124 87 1151 hzec
101 1125 222 1159 debeant,
238 1126 479 1154 demonstraverit.
501 1126 534 1154 Et
559 1135 621 1154 cum
647 1127 705 1155 haec
726 1132 808 1163 atque

40 1169 76 1198 his
90 1171 180 1198 similia
196 1172 276 1207 plura
291 1172 417 1204 dixisset,
435 1173 512 1200 siluit
523 1173 605 1200 etiam
623 1172 753 1200 Thomas.

68 1215 136 1244 LXII.
144 1216 207 1245 Post
215 1217 273 1244 haec
280 1225 390 1245 rursum
398 1217 516 1253 Caiphas
523 1226 566 1245 me
573 1219 692 1250 intuens.
700 1223 727 1246 et
734 1226 809 1247 nunc

40 1266 64 1288 ut
75 1270 191 1296 monens,
207 1271 283 1291 nunc
296 1271 363 1291 vero
377 1268 407 1291 ut
424 1265 551 1300 culparis,
564 1264 683 1297 dicebat.
697 1273 808 1294 cessare

39 1316 74 1335 me
83 1310 174 1338 debere
194 1311 228 1338 de
250 1310 358 1345 reliquo
373 1317 388 1337 a
400 1311 593 1346 praedicatione
608 1311 710 1339 Christi
729 1311 806 1344 Jesu,

40 1362 67 1380 ne
80 1354 103 1381 in
115 1356 260 1390 perniciem
277 1357 329 1384 mei
345 1357 398 1384 hoc
413 1364 534 1392 agerem,
552 1364 620 1385 neve
642 1358 699 1393 ipse
713 1365 808 1386 errore

39 1400 151 1435 deceptus
167 1403 235 1430 alios
248 1410 360 1438 quoque
373 1411 434 1431 meo
445 1411 538 1431 errore
558 1404 723 1440 deciperem.
737 1404 808 1432 Tum

38 1451 150 1480 praeterea
161 1449 294 1484 arguebat
308 1457 351 1477 me
366 1450 539 1482 temeritatis,
553 1450 626 1485 quod
640 1458 702 1478 cttm
718 1458 808 1479 essem

39 1491 86 1525 ipse
97 1493 244 1528 imperitus,
261 1494 381 1529 piscator
393 1498 421 1522 et
435 1496 565 1529 rusticus,
579 1496 698 1524 oﬁicium
715 1498 809 1526 subire

38 1537 143 1587 doctoris
156 1540 296 1568 auderem.
309 1540 372 1568 Haec
382 1545 410 1568 et
420 1541 472 1568 alia
492 1542 571 1577 plura
586 1542 630 1570 his
646 1543 745 1571 similia
770 1544 809 1571 di-
819 1557 843 1587 ο

37 1583 107 1616 centi,
128 1592 177 1620 ego
200 1593 313 1621 quoque
331 1586 359 1613 in
387 1586 445 1614 haec
473 1588 556 1615 verba
580 1589 807 1624 respondizlllihi

37 1630 131 1663 quidem
158 1633 251 1661 minus
281 1641 349 1666 esse,
370 1635 496 1670 periculi.
512 1635 547 1667 si.
564 1640 594 1662 ut
615 1636 674 1670 ipse
689 1637 738 1669 ait,
756 1638 808 1665 iste

36 1682 82 1703 non
99 1677 133 1705 sit
144 1678 283 1712 Christus,
306 1681 371 1716 quia
395 1681 537 1710 doctorem
552 1682 620 1717 legis
641 1684 805 1718 receperim;

37 1720 80 1754 ipsi
104 1731 166 1750 vero
187 1725 285 1760 Ingens
302 1733 364 1753 esse
392 1726 553 1759 discrimen.
578 1727 602 1755 si
627 1727 673 1755 hic
697 1729 756 1763 ipse
771 1729 807 1756 sit

35 1765 154 1801 Christus,
171 1770 244 1797 sicut
263 1774 291 1798 et
318 1776 392 1799 certe
405 1776 458 1801 est.
475 1772 531 1809 Ego
545 1775 617 1801 enim
634 1775 718 1802 credo
742 1775 806 1802 huic

35 1813 71 1846 qui
86 1816 218 1850 apparuit;
240 1817 299 1852 ipse
319 1822 410 1846 autem
425 1819 470 1846 cui
491 1819 537 1846 alii
553 1819 632 1847 ﬁdetn
651 1828 762 1849 servare
777 1829 807 1849 se

35 1858 117 1892 credit,
134 1861 178 1896 qui
199 1863 293 1890 nullus
319 1864 465 1899 apparuit?
480 1864 509 1892 Si
525 1872 590 1893 vero
611 1868 639 1893 et
666 1865 760 1898 idiota,
776 1870 807 1894 ut

35 1904 76 1937 ais.
91 1911 115 1934 et
130 1907 275 1943 imperitus
287 1917 318 1936 ac
330 1910 451 1945 piscator
464 1916 492 1940 et
502 1912 634 1944 rusticus,
647 1920 730 1948 super
744 1921 806 1949 pre-

35 1954 141 1990 shyteros
164 1958 304 1993 sapientes
332 1959 492 1995 intelligam,
519 1960 572 1988 hoc
602 1960 662 1993 tibi,
681 1962 804 1996 inquatn,

35 2002 106 2036 magis
120 2007 221 2031 metum
238 2004 319 2032 debet
334 2004 468 2033 incutere.
485 2005 553 2033 Nam
568 2007 592 2034 si
602 2015 635 2034 ex
651 2007 805 2035 eruditione

36 2047 109 2082 aliqua
123 2049 268 2085 disputans
283 2050 435 2078 obtinerem
453 2058 502 2079 vos
514 2052 652 2087 sapientes
667 2056 694 2080 et
716 2053 807 2080 erudi-

36 2100 75 2125 os,
87 2095 319 2130 videreturutique
325 2097 450 2124 doctrina
457 2097 508 2125 hoc
518 2098 582 2125 mihi
590 2098 663 2134 longi
674 2099 805 2134 temporis

36 2144 51 2165 ξι
70 2148 119 2168 non
137 2143 235 2170 divina!
251 2143 361 2171 virtutis
382 2144 467 2179 gratia
483 2144 644 2177 contulisse,
661 2153 734 2172 nunc
751 2153 803 2173 au-

38 2194 73 2214 em
86 2197 155 2222 cum,
168 2194 197 2217 ut
207 2190 275 2222 dixi,
287 2198 338 2218 nos
352 2190 470 2225 imperiti
482 2198 530 2218 vos
539 2191 675 2227 sapientes
690 2192 805 2219 convin-

861 256 925 287 letn,
946 264 1001 283 non
1027 260 1118 282 tamen
1141 256 1257 291 ingressi
1283 256 1422 284 civitatem
1446 257 1582 292 ipsorum,
1597 258 1646 285 sed

860 302 968 336 publice
983 301 1164 336 disputantes,
1190 300 1301 329 Scribas
1324 310 1389 330 vero
1403 307 1430 329 et
1445 302 1599 331 Pharisaeos
1615 305 1648 332 de

859 355 946 384 regno
968 348 1114 379 caelorum,
1128 347 1279 382 discipulos
1293 347 1419 379 Ioannis.
1436 357 1469 376 ne
1485 350 1645 378 scandalum

859 398 1019 430 paterentur
1039 394 1067 420 in
1088 392 1204 425 Joanne,
1220 401 1329 420 omnem
1345 401 1411 421 vero
1426 395 1566 429 populum,
1582 397 1646 431 quia

859 439 940 468 Iesus
965 443 1007 467 est
1030 439 1158 467 Christus
1181 443 1310 467 aeternus.
1334 439 1375 466 Ad
1399 440 1524 467 ultimum
1555 446 1646 469 autem

859 485 954 512 mortui
969 492 1028 516 eos,
1045 489 1075 511 ut
1090 484 1249 519 priusquam
1264 485 1491 520 progrederemur
1505 486 1539 513 ad
1552 491 1648 523 gentes

859 531 1009 567 praedicare
1024 531 1065 558 eis
1079 531 1245 566 agnitionem
1268 530 1315 558 Dei
1337 530 1437 564 Patris,
1452 531 1504 567 ipsi
1521 533 1647 560 reconci-

859 578 992 605 liarentur
1003 577 1058 604 Deo
1077 577 1260 612 suscipientes
1271 575 1370 603 Filium
1386 577 1456 611 cjus.
1472 578 1558 606 Aliter
1572 579 1646 607 enim

860 624 936 651 nullo
945 624 1027 650 modo
1043 630 1090 650 eos
1102 622 1210 649 ostendi
1228 630 1308 657 posse
1323 623 1434 655 salvari,
1451 624 1503 651 nisi
1518 632 1566 659 per
1582 631 1646 652 san-

859 668 897 695 cti
908 666 1030 702 Spiritus
1045 667 1160 702 gratiam
1176 667 1254 694 trinae
1273 666 1457 696 invocationis
1473 668 1539 696 dilui
1555 670 1647 705 bapti-

859 716 946 739 smate
959 715 1147 746 properarent,
1164 716 1191 739 et
1204 711 1403 740 Eucharistiam
1419 713 1522 742 Christi
1538 714 1647 744 Domini

859 757 1027 789 sumerent',
1043 758 1087 784 cui
1108 757 1170 790 soli,
1187 757 1220 785 de
1235 758 1277 785 Itis
1290 765 1352 792 quae
1365 758 1458 786 docuit
1477 761 1589 789 credere
1600 762 1646 790 de-

860 802 965 834 berent,
986 806 1016 829 ut
1031 803 1072 830 sic
1083 806 1213 830 aeternam
1225 803 1341 830 salutem
1356 805 1487 840 eurisequi
1508 814 1648 835 mereren-

861 852 916 881 tur,
931 849 1011 876 aliter
1033 856 1099 876 vero
1120 848 1292 884 impossibile
1318 857 1431 884 prorsus
1446 858 1508 878 esse
1523 854 1649 881 reconci-

824 882 846 912 Β
861 895 922 922 Iiari
938 902 986 923 eos
996 894 1062 927 Deo,
1075 895 1156 922 etiam
1172 896 1196 922 si
1211 895 1284 923 mille
1295 895 1320 923 ei
1335 903 1398 923 aras
1417 900 1444 924 et
1461 898 1557 925 altaria
1573 900 1647 928 mille

858 941 1038 969 succendant.

894 987 988 1016 LXIV.
1009 987 1065 1015 Nos
1093 988 1176 1020 enim,
1203 988 1326 1023 inquam,
1341 996 1391 1023 pro
1414 993 1490 1017 certo
1511 991 1647 1026 comperi-

858 1042 931 1067 mus,
956 1034 1032 1069 quod
1057 1042 1141 1069 super
1165 1034 1309 1062 sacriﬁciis
1333 1043 1394 1070 qua
1418 1035 1532 1068 otl'crtis,
1558 1038 1645 1066 inulto

858 1081 945 1116 magis
972 1085 1151 1115 exasperatur
1175 1079 1256 1111 Deus.
1290 1080 1489 1108 sacriﬁciorutn
1523 1086 1646 1117 tetnpore

858 1126 992 1153 duntaxat
1005 1127 1122 1162 expleto.
1136 1126 1169 1153 Et
1181 1127 1245 1161 quia
1257 1134 1306 1153 vos
1321 1134 1376 1153 non
1391 1127 1472 1155 vultis
1485 1136 1645 1163 agnoscere,

858 1180 999 1201 emensum
1019 1181 1081 1200 esse
1102 1173 1159 1207 jam
1187 1177 1296 1208 tempus
1322 1173 1427 1201 hostias
1451 1174 1593 1207 ollerendi,
1609 1177 1646 1203 ob

858 1220 911 1248 hoc
928 1220 1087 1247 destruetur
1099 1223 1125 1247 et
1135 1220 1266 1255 templum
1280 1219 1348 1256 (49),
1373 1224 1400 1247 et
1414 1220 1581 1249 abominatio
1598 1223 1647 1250 de-

859 1266 1006 1293 solationis
1021 1269 1158 1293 statuetur
1176 1265 1204 1293 in
1220 1265 1279 1292 loco
1295 1266 1420 1299 sancto',
1436 1271 1463 1294 et
1481 1271 1546 1295 tunc.
1559 1269 1647 1303 genti-

858 1311 1111 1347 bus-Evangelium
1151 1311 1346 1347 praedicabitur
1389 1312 1421 1339 ad
1459 1313 1646 1342 testimonium

858 1359 954 1390 vestri.
971 1363 1001 1386 ut
1016 1367 1049 1387 ex
1066 1359 1176 1386 illorum
1196 1359 1248 1386 ﬁde
1263 1362 1354 1387 vestra
1370 1359 1516 1388 inlidelitas
1537 1360 1646 1395 judice-

859 1411 915 1434 tttr.
932 1406 1028 1434 Omnis
1040 1406 1140 1434 etenim
1152 1405 1272 1433 mundus
1287 1405 1405 1433 diversis
1424 1407 1593 1441 temporibus
1606 1407 1648 1435 di-

859 1461 954 1481 versas
971 1454 1084 1481 malitiae
1096 1453 1273 1488 aegritudines
1287 1452 1400 1488 patitur,
1416 1453 1458 1480 vel
1481 1461 1530 1488 per
1552 1462 1648 1482 omnes

859 1500 1034 1536 generaliter,
1051 1500 1093 1527 vel
1102 1507 1151 1535 per
1165 1499 1288 1534 singulos
1303 1506 1428 1534 quosque
1444 1500 1608 1534 specialiter,
1620 1504 1648 1528 et

860 1547 922 1574 ideo
936 1546 1040 1581 indiget
1059 1546 1178 1577 medico,
1201 1546 1248 1580 qui
1274 1553 1338 1572 eum
1361 1545 1455 1573 visitet
1469 1546 1502 1573 ad
1519 1547 1645 1575 salutem.

858 1592 915 1620 Nos
930 1601 995 1628 ergo
1004 1596 1188 1627 protestamur
1199 1591 1288 1621 vobis.
1300 1595 1327 1618 et
1337 1592 1409 1626 quod
1423 1600 1647 1628 unumquemque

857 1632 980 1667 vestrum
995 1639 1074 1666 latuit
1086 1639 1256 1666 nuntiamus.
1270 1637 1399 1665 Vestrum
1423 1642 1465 1666 est
1479 1638 1644 1671 deliberare,

857 1686 923 1721 quid
938 1685 1065 1720 expediat
1079 1685 1165 1712 vobis.

893 1730 974 1758 LXV.
996 1730 1044 1758 His
1058 1738 1073 1757 a
1085 1738 1129 1758 me
1143 1730 1236 1761 dictis,
1248 1729 1382 1764 ingemuit
1395 1730 1485 1757 omnis
1499 1729 1646 1756 multitudo

857 1778 1043 1810 sacerdotum,
1067 1777 1140 1812 quod
1160 1777 1200 1804 eis
1220 1776 1254 1803 de
1272 1775 1366 1811 templi
1382 1775 1561 1804 subversione
1573 1783 1644 1811 prae-

857 1825 985 1852 dixerim.
1002 1824 1080 1857 Quod
1096 1831 1157 1851 cum
1177 1823 1294 1850 vidisset
1306 1821 1437 1849 Gamaliel
1452 1822 1581 1857 princeps
1596 1830 1645 1857 po-

857 1871 915 1906 puli
942 1871 1000 1906 (qui
1021 1870 1138 1897 latenter
1164 1869 1248 1895 frater
1275 1872 1369 1894 noster
1382 1871 1441 1894 erat
1466 1868 1493 1895 in
1519 1867 1581 1901 llde,
1596 1867 1645 1894 sed

856 1917 972 1945 consilio
986 1919 1082 1943 nostro
1093 1915 1163 1942 inter
1178 1922 1226 1942 eos
1238 1918 1298 1942 erat
1314 1913 1370 1949 [50]
1384 1915 1404 1948 ),
1419 1914 1483 1948 quia
1498 1914 1576 1941 valde
1589 1913 1645 1941 fre-

856 1966 963 1990 merent
977 1966 1004 1990 et
1017 1962 1119 1997 ingenti
1130 1961 1275 1988 adversum
1287 1968 1338 1987 nos
1351 1959 1443 1987 furore
1454 1963 1641 1991 moverentur.

856 2016 1004 2044 assurgens
1018 2009 1056 2035 ait
1068 2008 1089 2023 ‘°
1105 2017 1111 2035 :
1127 2007 1266 2040 Quiescite
1283 2007 1431 2042 paulisper,
1448 2013 1465 2032 ο
1487 2005 1539 2032 viri
1553 2004 1643 2032 Israe-

856 2056 921 2087 litze,
938 2063 993 2082 non
1007 2054 1079 2081 enim
1096 2053 1239 2081 advertitis
1263 2053 1442 2079 tentationem
1462 2058 1523 2086 qua:
1552 2051 1645 2078 immi-

855 2106 903 2129 net
913 2101 1001 2132 vobis,
1018 2103 1130 2135 propter
1137 2099 1210 2134 quod
1221 2098 1339 2126 desinite
1354 2098 1388 2124 ab
1401 2097 1558 2124 hominibus
1570 2097 1641 2130 istis,

855 2151 882 2175 et
898 2147 920 2175 si
932 2147 1041 2182 quidem
1057 2145 1168 2173 humani
1192 2145 1299 2172 consilii
1317 2149 1358 2171 est
1377 2143 1450 2178 quod
1469 2147 1564 2178 agunt,
1585 2143 1641 2170 cito

856 2193 985 2225 cessabit,
1002 2192 1025 2220 si
1039 2196 1130 2219 autent
1146 2199 1161 2218 a
1176 2191 1232 2219 Deo
1243 2194 1296 2222 est,
1312 2199 1362 2218 cur
1379 2191 1438 2218 sine
1446 2198 1528 2217 causa
1544 2197 1642 2224 pecca-

36 2233 103 2262 éimus
114 2239 140 2263 et
155 2244 337 2272 Superamus,
359 2237 403 2264 cui
423 2245 534 2265 sensum
559 2238 670 2265 habenti
685 2246 740 2265 non
754 2246 803 2273 pa—
819 2232 840 2259 Ῑ)
856 2240 891 2267 tis
919 2247 970 2266 nec
991 2238 1126 2274 prolicilis
1147 2237 1315 2273 quidquam?
1327 2237 1373 2264 Dei
1383 2237 1456 2263 enim
1470 2236 1639 2262 voluntatem

36 2288 72 2307 an]
86 2286 136 2314 est,
156 2284 222 2318 quia
242 2283 294 2310 hoc
310 2291 364 2310 non
381 2283 508 2311 humana:
529 2285 643 2321 argutia:
657 2293 726 2320 opus
748 2288 800 2317 est,

36 2327 66 2353 ed
76 2328 169 2356 divinae
188 2330 339 2357 voluntatis
353 2333 380 2356 et
400 2330 540 2358 muneris?

54 2372 137 2403 LXIII.
159 2375 222 2403 Haec
245 2376 329 2412 igitur
348 2379 375 2402 et
391 2376 444 2403 alia
459 2376 615 2411 huiusmodi
633 2384 801 2412 prasequen-

36 2426 70 2451 es,
84 2426 284 2456 consequenter
306 2424 449 2458 protestati
470 2431 566 2451 sumus
593 2432 624 2451 ac
654 2424 800 2451 docuimus

36 2472 68 2491 uos
81 2466 197 2501 imperiti
224 2472 251 2495 et
276 2469 439 2503 piscatores,
456 2469 615 2498 sacerdotes
636 2470 747 2505 quidem
766 2470 801 2497 de

37 2519 72 2537 mo
93 2513 150 2541 solo
176 2513 232 2541 Deo
253 2515 325 2546 coeli,
350 2515 515 2544 Sadducaaos
538 2517 573 2544 de
597 2517 800 2544 resurrectione

856 2286 919 2321 quis
933 2288 1025 2320 potest
1043 2283 1281 2318 superare?Nunc
1292 2290 1369 2318 ergo,
1385 2280 1515 2316 quoniam
1527 2280 1639 2316 quidem

854 2332 882 2359 in
898 2338 1039 2367 vesperam
1052 2330 1176 2365 vergitur
1190 2328 1260 2360 dies,
1269 2328 1390 2355 crastino
1400 2328 1451 2355 hoc
1466 2328 1526 2363 ipso
1536 2328 1564 2354 in
1579 2328 1641 2354 loco

854 2378 1030 2405 audientibus
1044 2376 1133 2407 vobis,
1150 2382 1201 2410 ego
1213 2375 1272 2409 ipse
1283 2381 1346 2400 cum
1362 2373 1424 2401 istis
1439 2374 1594 2409 disputabo,
1610 2376 1641 2400 ut

854 2431 962 2452 omnem
981 2430 1102 2450 errorem
1114 2421 1203 2457 palam
1220 2427 1345 2455 arguam,
1358 2419 1530 2455 dilucideque
1543 2419 1638 2446 conl'u-

851 2474 917 2497 tem.
933 2469 967 2496 Et
979 2469 1023 2496 his
1038 2468 1120 2495 dictis
1137 2473 1282 2501 repressus
1299 2469 1342 2493 est
1356 2473 1450 2492 eorum
1466 2465 1640 2500 aliquatenus

852 2514 940 2546 furor,
955 2521 988 2541 ea
1012 2512 1149 2548 praecipue
1172 2519 1231 2547 spe,
1256 2511 1330 2546 quod
1343 2510 1388 2538 die
1402 2511 1523 2538 crastina
1536 2510 1639 2538 erroris

50 2599 210 2641 'AIIatth._v__;
221 2602 293 2641 _L_uc.
312 2611 339 2630 x.
370 2603 383 2619 ⁸
394 2603 427 2630 El
439 2606 715 2634 cuc/tar.—sumerent
731 2608 804 2635 dcsut

888 2606 968 2634 codd.
998 2605 1073 2641 Lips.
1087 2605 1114 2633 l.
1153 2605 1164 2622 ⁹
1176 2604 1254 2632 Deut.
1274 2611 1312 2636 Ix,
1327 2603 1380 2637 27;
1393 2603 1487 2632 Matth.
1501 2612 1576 2636 xxiv,
1594 2604 1636 2631 I5.

37 2634 43 2648 '
54 2634 108 2663 Act.
122 2645 148 2669 v,
169 2637 265 2665 35-59.

661 2715 842 2743 (ἷΟΤΙ-ᾸᾸΞΒΙΙ
870 2715 987 2743 NOTAE.

53 2782 104 2815 (I9)
122 2782 279 2811 Destruetur
294 2790 318 2811 et
338 2785 471 2819 templum.
485 2784 592 2811 Similes
605 2784 795 2819 prrcdirtioues

37 2818 242 2855 omplectebatur
257 2821 326 2848 alius
338 2821 405 2847 Iibcr
427 2818 613 2855 apocryphus;
628 2820 746 2853 scriptus
762 2819 795 2845 de

40 2853 204 2882 raedicatione
218 2853 290 2883 Petri
307 2860 334 2882 et
357 2855 434 2882 Pauli
445 2853 478 2883 in
495 2853 561 2883 urbe
581 2854 676 2883 Roma.
694 2855 796 2881 Auctor

37 2890 169 2918 .actantius
183 2889 232 2918 lib.
249 2898 285 2924 tv,
303 2898 362 2923 can.
376 2891 416 2918 2t.

884 2784 940 2819 (50)
959 2784 1010 2812 Sed
1026 2785 1135 2813 consilio
1150 2790 1240 2812 nostra
1252 2790 1321 2812 inter
1335 2793 1379 2812 eos
1393 2790 1461 2813 erat.
1486 2784 1635 2819 Vulpinum

849 2820 902 2847 hoc
913 2821 1069 2856 consilium,
1089 2820 1220 2856 apostolis
1236 2819 1378 2856 indignum
1398 2824 1451 2856 est.
1469 2820 1579 2855 Decepit
1594 2827 1637 2846 ta-

849 2862 911 2882 men
932 2854 1029 2882 Bedam
1057 2854 1418 2890 pseudo-Clemnsﬂuﬁni.
1447 2855 1481 2883 At
1505 2854 1560 2883 non
1585 2862 1638 2892 ego

850 2889 977 2918 credulus
992 2890 1057 2919 illis.
