1892 3105
236 177 307 206 1263

661 178 691 207 S.
708 179 907 208 CLEMENTIS
922 179 933 208 I
950 180 1033 210 80M.
1050 183 1152 213 PONT.
1170 184 1285 214 OPERA
1301 184 1413 213 DUBIA.

1794 188 1866 216 ιειι

233 244 286 265 nos
297 236 404 271 publice
413 236 568 271 arguendos
584 239 737 272 sperarent.
755 236 789 264 Et
806 237 847 264 sic
870 245 933 264 cum
955 245 1022 273 pace
1036 245 1059 274 Α
1072 239 1165 268 dicere
1177 241 1250 276 quod
1265 242 1373 270 sentitis
1387 242 1519 277 apertius,
1532 249 1585 278 ego
1595 246 1628 270 ut
1642 250 1693 271 vos
1715 243 1800 271 etiam
1816 246 1867 273 bu-

234 283 364 318 populum
383 282 497 310 dimisit.

271 327 362 355 LXVI.
381 327 437 356 Nos
457 336 524 355 vero
546 336 609 355 cum
632 329 806 356 venissemus
830 329 864 356 ad
889 328 1022 356 Iacobum

234 377 370 404 nostrum,
381 373 473 400 omnia
493 380 554 408 qute
575 373 649 400 dicta
673 379 805 408 gestaque
822 373 931 400 fuerant
943 381 1024 408 expo-

234 423 341 451 nentes,
354 418 427 454 apud
441 427 503 446 eum
516 419 580 447 cibo
595 423 704 454 sumpto
716 421 879 451 mansimus,
895 421 1022 454 omnipo-

233 464 301 491 tenti
315 463 370 491 Deo
385 471 433 499 per
444 467 529 491 totam
546 467 654 490 noctem
668 463 867 498 supplicantes,
888 467 918 490 ut
948 463 1023 491 futu-

234 517 273 537 nr.
292 510 490 544 disputationis
514 516 607 536 sermo
631 509 814 536 indubitatam
843 508 904 536 tidei
921 513 1023 536 nostra

235 558 394 583 ostenderet
422 555 575 582 veritatem.
600 553 684 589 Igitur
711 557 822 589 postera
839 553 884 581 die
902 553 1022 582 Jacohus

233 602 381 637 episcopus
409 601 553 628 nobiscum
579 599 661 627 simul
683 603 711 626 et
740 606 802 626 cum
817 599 891 626 omni
906 600 1022 628 ecclesia

232 649 357 676 ascendit
368 647 401 675 ad
417 647 559 682 templum,
573 646 619 674 ubi
632 647 767 681 ingentem
783 646 936 681 reperimus
951 647 1023 673 mul-

231 694 387 725 titudinem,
403 701 417 720 a
431 693 522 720 medio
534 692 625 720 noctis
636 695 839 727 exspectantem
862 699 922 719 nos.
940 691 1022 720 Steti-

231 748 294 768 mus
308 747 373 774 ergo
389 739 417 766 in
435 739 513 770 locis,
528 737 629 772 quibus
654 741 681 764 et
709 737 797 772 prius,
813 741 842 764 ut
856 737 1021 765 eminentius

230 789 337 814 stantes
363 785 398 812 ab
423 785 553 811 universo
577 783 678 818 populo
692 791 880 811 cerueremur.
897 783 1021 819 Cumque

229 835 303 860 esset
314 838 451 859 summum
468 820 607 858 sileuiium
623 830 737 862 factum,
751 829 894 862 Gamaliel,
915 831 973 866 qui,
991 835 1021 858 ut

229 886 313 913 supra
323 877 454 909 diximus,
465 880 567 904 nostrae
579 875 639 904 fidei
652 880 721 908 erat,
734 876 940 910 dispensatione
955 885 1020 904 vero

1052 533 1070 598 ὃ

1071 288 1117 322 jus
1132 289 1279 316 occasione
1291 289 1400 317 timoris
1416 289 1566 320 absolvam,
1580 290 1648 324 juro
1655 291 1737 318 vobis
1748 299 1798 326 per
1808 301 1851 319 om
1859 309 1867 314 -

1074 334 1243 369 nipotentem
1257 334 1342 361 Deum
1362 339 1390 362 et
1406 335 1539 362 viventem
1557 335 1584 363 in
1597 337 1715 369 saecula,
1727 338 1794 372 quia
1807 339 1867 365 nul-

1074 379 1129 406 lum
1140 380 1297 415 permittam
1310 380 1425 415 injicere
1439 380 1515 408 vobis
1527 388 1637 409 manus.
1647 381 1793 410 Habentes
1805 391 1866 418 ergo

1072 425 1154 459 bujus
1182 425 1330 459 juramenti
1355 425 1407 452 mei
1433 431 1541 452 omnem
1561 425 1636 452 hunc
1663 427 1802 461 populum
1817 432 1867 454 tes-

1072 474 1141 501 tem.
1157 475 1184 497 et
1204 470 1332 497 idoneum
1357 470 1456 505 pignus
1481 471 1650 498 sacramenti
1668 472 1764 499 nostri
1780 472 1866 501 [tedas

1072 520 1206 549 tenentes,
1223 516 1328 550 absque
1341 516 1397 543 ulla
1410 516 1588 544 cunctatione
1611 518 1813 553 unusquisque
1823 527 1866 546 ve-

1074 566 1160 588 strum
1183 561 1257 596 quod
1273 562 1370 589 didicit
1383 562 1514 597 proferat,
1529 566 1558 590 et
1571 570 1624 590 nos
1639 562 1750 591 fratres
1768 565 1866 592 intente

1071 612 1098 634 et
1111 615 1173 634 cum
1185 607 1296 634 silentio
1306 607 1461 636 audiamus.

1105 651 1222 680 LXVIII.
1244 652 1308 679 Haec
1322 652 1418 680 dicens
1441 652 1572 681 Gamaliel
1595 661 1654 681 non
1680 654 1767 682 valde
1781 654 1866 688 place-

1071 697 1118 725 bat
1133 697 1253 731 Caiphae,
1269 701 1307 729 et,
1336 701 1366 724 ut
1394 698 1547 731 videbatur,
1571 704 1741 734 suspectum
1768 700 1865 728 habens

1070 749 1145 773 eum,
1162 742 1220 777 ipse
1240 743 1327 778 magis
1340 743 1461 770 inserere
1485 751 1515 771 se
1529 744 1673 772 subtiliter
1699 744 1865 779 disputatio-

1070 788 1152 815 nibus
1172 788 1271 824 ccepit:
1298 788 1446 816 subridens
1464 789 1538 817 enim
1555 789 1588 816 ad
1604 797 1638 817 ea
1654 798 1724 824 qua
1738 790 1865 818 GamaIiel

1070 834 1187 864 dixerat.
1202 833 1335 861 Iacobum
1354 835 1547 870 episcoporum
1570 835 1736 871 principem
1754 836 1810 870 (51)
1823 844 1865 863 sa-

1071 880 1211 908 cerdotum
1224 881 1350 916 princeps
1364 881 1470 912 orabat,
1482 885 1512 908 ut
1525 881 1560 908 de
1574 881 1697 910 Christo
1712 890 1771 909 non
1782 882 1864 909 aliun-

229 926 357 952 utanebat
370 924 441 951 inter
455 923 545 958 ipsos,
560 927 590 950 ut
612 923 635 950 si
652 922 763 958 quando
776 923 899 958 iniquuln
915 923 1018 959 aliquid
1035 920 1056 948 Β
1070 926 1105 954 de
1117 934 1208 954 sermo
1222 919 1352 961 quam'de
1365 927 1511 962 scripturis
1527 927 1616 958 fieret.
1631 931 1664 954 ut
1679 928 1815 957 sciamus.
1826 928 1865 953 in-

228 972 373 1000 adversqu
402 977 453 997 nos
473 974 521 997 aut
542 969 655 1004 impium
681 969 853 1002 molirentur,
876 970 918 997 vel
943 971 1019 1005 ipsos

229 1017 350 1045 coasilio
368 1016 529 1051 reprimeret
544 1014 694 1051 prudenter
702 1019 807 1050 aptato,
826 1015 867 1043 vel
885 1023 935 1044 nos
947 1024 1021 1044 com-

228 1065 352 1090 noneret
364 1064 394 1088 ut
408 1064 455 1087 aut
471 1067 570 1087 curare
594 1064 641 1087 aut
665 1059 805 1087 declinare
820 1067 978 1095 possemus;
995 1062 1019 1090 is

228 1115 295 1143 ergo
310 1112 441 1142 tanquam
458 1105 606 1133 adversum
622 1113 674 1132 nos
690 1113 786 1139 agens,
803 1106 880 1141 prior
893 1108 1018 1134 omnium

226 1155 388 1190 episcopum
412 1151 546 1180 «Iacobum
563 1153 676 1180 intuens
701 1152 753 1179 boc
777 1152 859 1179 modo
883 1152 1019 1180 allocutus

262 1246 368 1275 LXVII.
388 1246 418 1274 Si
431 1254 482 1282 ego
495 1245 629 1273 Gamaliel
644 1252 733 1280 neque
749 1244 917 1273 eruditionis
939 1253 1017 1277 mete.

229 1301 318 1329 neque
332 1294 483 1321 senectutis
499 1291 677 1328 opprobrium
693 1291 777 1325 duco,
794 1291 902 1319 discere
914 1292 1018 1328 aliquid

227 1346 243 1366 a
261 1338 383 1373 parvulis
397 1342 424 1365 et
440 1338 474 1364 ab
490 1337 635 1372 imperitis.
655 1337 677 1364 si
692 1337 758 1372 quid
774 1337 844 1365 forte
857 1341 900 1365 est
915 1338 1019 1366 utilita-

227 1385 265 1412 tis
286 1388 334 1411 aut
359 1384 458 1412 salutis
482 1383 625 1418 acquirere
655 1382 713 1418 (qui
731 1383 804 1410 enim
820 1383 1019 1411 rationabiliter

225 1430 305 1463 vivit,
317 1430 370 1457 scit
381 1429 444 1464 quia
459 1429 527 1456 nihil
538 1432 582 1457 est
595 1429 686 1456 anima
701 1428 871 1464 pretiosius),
880 1429 1018 1464 quomodo

227 1483 284 1503 non
304 1476 433 1503 omnibus
454 1475 572 1503 amabile
598 1479 651 1508 est,
663 1475 829 1511 cunctisque
845 1480 1016 1512 exoptatum,

226 1525 258 1548 ut
272 1529 334 1557 quae
349 1522 458 1557 ignorat
476 1522 576 1553 discat,
591 1529 652 1557 qua:
668 1522 795 1550 didicerit
816 1522 930 1550 doceat!
948 1522 1016 1550 Cer-

226 1662 294 1690 mini
310 1660 391 1688 debet
405 1667 466 1688 esse
477 1659 626 1695 pretiosior
638 1659 763 1687 veritate.
773 1658 807 1686 Et
823 1667 870 1687 vos
883 1667 949 1695 ergo
961 1659 1016 1686 fra»

224 1713 294 1740 tres,
310 1709 332 1736 si
347 1707 411 1743 quid
425 1707 542 1742 amplius
567 1707 664 1739 nostis,
682 1707 783 1742 populo
803 1707 850 1735 Dei
869 1708 915 1743 qui
927 1710 1016 1740 adest.

225 1756 346 1790 itemque
361 1754 495 1781 fratribus
510 1754 609 1781 vestris
623 1752 746 1788 proferre
758 1761 812 1781 non
824 1754 925 1789 pigeat.
941 1755 1016 1782 omni

223 1801 326 1838 popqu
341 1800 458 1827 libenter
482 1803 509 1827 et
529 1803 587 1826 tota
615 1799 760 1834 conquiete
775 1808 836 1835 quze
857 1800 950 1828 dicitis
967 1808 1015 1828 au-

223 1848 326 1875 diente.
339 1846 483 1880 Quomodo
496 1847 569 1873 enim
580 1853 634 1873 nou
651 1846 704 1874 hoc
715 1846 798 1873 faciat
811 1847 939 1882 populus.
951 1854 1015 1874 cum

223 1893 358 1928 meipsum
372 1892 463 1920 videat
477 1900 570 1920 secum
582 1891 683 1927 pariter
696 1892 765 1919 velle
778 1899 793 1919 a
808 1892 887 1919 vobis
897 1891 1016 1925 discere,

223 1940 249 1966 si
270 1938 335 1974 quid
351 1938 421 1965 forte
433 1938 551 1972 amplius
563 1937 640 1964 vobis
661 1937 790 1964 revelavit
810 1937 898 1966 Deus?
910 1937 938 1964 Si
951 1946 1017 1966 vero

225 1993 274 2013 vos
287 1985 315 2012 in
329 1984 422 2020 aliquo
436 1983 576 2018 indigetis,
593 1983 721 2010 similiter
739 1984 822 2010 etiam
839 1991 888 2011 vos
904 1991 918 2010 a
934 1984 1015 2012 nobis

223 2039 278 2060 non
302 2030 393 2066 pigeat
417 2029 523 2060 doceri.
540 2032 570 2056 ut
595 2035 661 2064 erga
688 2032 834 2064 utramque
860 2033 976 2064 partem,
990 2029 1014 2056 si

223 2076 290 2113 quid
306 2075 394 2107 deest.
409 2075 556 2110 adimpleat
568 2073 650 2102 Deus.
665 2073 744 2107 Quod
771 2073 795 2101 si
820 2074 920 2109 aliquis
944 2073 1013 2102 forte

223 2130 274 2150 vos
288 2128 362 2149 nunc
379 2121 508 2149 sollicitat
524 2124 624 2151 metus,
652 2123 765 2155 propter
790 2120 938 2148 nonnullos
963 2127 1013 2147 no-

224 2171 345 2194 strorum
370 2166 417 2201 qui
444 2164 632 2201 praejudicatis
667 2164 813 2192 adversum
840 2173 890 2193 vos
913 2164 1013 2193 animis

229 2216 358 2245 utuntur,
376 2215 404 2240 et
431 2211 547 2239 insidias
561 2218 657 2238 eorum
679 2215 815 2243 verentes,
835 2218 891 2238 non
907 2211 1014 2239 audetis

1070 972 1141 1007 quit,
1158 977 1249 1001 utrum
1265 972 1345 1001 Iesus
1362 973 1422 1008 ipse
1446 973 1484 1000 sit
1505 972 1651 1004 Christus,
1665 981 1706 1000 an
1719 981 1786 1001 non.
1799 973 1864 1000 τω

1068 1017 1198 1050 Iacobus,
1213 1018 1310 1054 primo,
1325 1018 1424 1052 inquit,
1436 1018 1621 1053 requiramus.
1634 1025 1670 1046 ex
1684 1019 1789 1054 quibus
1801 1019 1864 1046 scri-

1069 1064 1163 1099 pturis
1177 1064 1351 1100 potissimum
1371 1063 1586 1099 disputationem
1606 1063 1714 1092 haberi
1732 1069 1862 1100 oporteat.

1068 1109 1104 1137 At
1117 1109 1162 1138 ille
1173 1110 1217 1138 vix
1228 1110 1376 1146 aliquando
1386 1110 1492 1138 ratione
1506 1110 1565 1145 ipsa
1579 1116 1741 1145 superatus
1757 1119 1863 1146 respoao

1068 1156 1119 1187 dit,
1133 1163 1168 1183 ex
1194 1156 1251 1191 lege
1272 1155 1437 1187 habendam,
1452 1159 1480 1184 et
1494 1159 1557 1191 post
1576 1155 1633 1184 hoc
1646 1157 1739 1185 etiam
1754 1159 1862 1193 prophe-

1069 1205 1160 1228 tarum
1178 1200 1285 1228 addidit
1305 1203 1481 1229 mentionem.

1105 1244 1198 1273 LXIX.
1219 1245 1269 1274 Cui
1285 1245 1405 1274 Iacobus
1417 1248 1611 1284 noster‘coepit
1624 1249 1790 1283 ostendere,
1804 1251 1861 1285 quia

1069 1295 1097 1320 et
1111 1291 1251 1326 prophetae
1264 1298 1324 1326 qua:
1335 1291 1443 1323 dicunt.
1458 1300 1492 1320 ex
1507 1292 1567 1328 lege
1581 1295 1765 1329 sumpserint
1775 1299 1801 1323 et
1815 1296 1861 1330 legi

1068 1344 1191 1365 consona
1206 1337 1262 1365 sint
1278 1337 1373 1366 locuti.
1393 1336 1446 1365 Sed
1460 1342 1487 1365 et
1499 1338 1533 1366 de
1541 1338 1622 1367 libris
1636 1339 1802 1376 Regnorum
1816 1342 1863 1369 dis

1068 1382 1156 1411 seruit
1171 1383 1273 1418 aliqua,
1297 1384 1445 1418 quomodo,
1466 1388 1494 1412 et
1507 1385 1635 1420 quando.
1652 1391 1683 1414 ex
1694 1394 1712 1414 a
1728 1395 1786 1422 quo
1801 1390 1863 1415 seri-

1068 1429 1107 1465 pti
1123 1429 1190 1460 sint,
1201 1433 1229 1456 et
1243 1429 1382 1464 quomodo
1397 1429 1438 1457 eis
1452 1430 1490 1458 uti
1500 1435 1640 1466 oporteat.
1657 1432 1790 1469 Cumque
1802 1435 1862 1462 etde

1068 1475 1126 1510 lege
1136 1475 1296 1509 plenissime
1306 1475 1487 1511 disputasset.
1497 1483 1532 1504 ac
1542 1477 1656 1513 singula
1671 1480 1781 1514 quade
1790 1480 1863 1508 Chri-

1067 1524 1112 1548 sto
1122 1524 1198 1552 sunt,
1209 1520 1355 1556 purissima
1366 1522 1539 1557 expositione
1547 1524 1719 1558 protulisset
1729 1526 1758 1552 in
1769 1526 1861 1555 lucem.
1888 1531 1889 1535 ‘

226 1567 364 1595 tissimum
376 1575 495 1602 namque
502 1572 554 1600 est,
566 1575 676 1603 quoque
687 1575 774 1603 neque
784 1567 915 1599 amicitia,
927 1575 1016 1603 neque
1071 1565 1194 1594 ostendit
1207 1565 1454 1595 abundantissimis
1463 1567 1691 1602 probationibus,
1708 1571 1776 1604 quia
1791 1569 1863 1597 Iesus

226 1614 421 1649 propinquitas
436 1613 556 1649 generis,
576 1621 665 1649 neque
681 1614 758 1649 regni
784 1614 941 1642 sublimitas
966 1614 1016 1641 ho-
1029 1608 1051 1637 C
1066 1616 1109 1640 est
1123 1612 1261 1644 Christus,
1278 1617 1305 1640 et
1320 1613 1348 1640 in
1374 1613 1433 1648 ipso
1459 1615 1588 1642 universa
1611 1623 1677 1650 quae
1707 1615 1743 1644 de
1773 1616 1862 1643 bumili

1066 1658 1127 1693 ejus
1145 1658 1263 1686 adventu
1289 1657 1399 1685 fuerant
1424 1659 1566 1693 praedicta,
1583 1660 1780 1694 complentur.
1798 1660 1863 1687 Duo;
1887 1682 1888 1701 ἦ

1066 1704 1139 1731 enim
1164 1704 1224 1738 ejus
1245 1703 1391 1738 prardictos
1415 1712 1477 1732 esse
1501 1704 1597 1732 decuit
1612 1705 1769 1738 adventus,
1785 1715 1862 1733 unum

1067 1751 1232 1779 humilitatis
1257 1759 1339 1786 quem
1368 1751 1547 1787 adimplevit,
1573 1752 1660 1780 alium
1691 1753 1795 1788 gloria:
1823 1762 1862 1788 σιω

1066 1801 1193 1832 speratur
1209 1796 1375 1832 implendus,
1392 1804 1454 1824 cum
1478 1798 1569 1825 veniet
1582 1797 1651 1825 dare
1667 1805 1793 1834 regnum
1811 1807 1862 1825 cie
1886 1800 1887 1834 ξ

1068 1843 1198 1870 dentibus
1210 1843 1237 1870 in
1254 1850 1283 1870 se
1300 1846 1326 1870 et
1344 1843 1518 1870 servantibus
1533 1843 1627 1870 omnia
1641 1852 1708 1877 qua:
1725 1845 1860 1880 praecepit.

1067 1890 1193 1925 Cumque
1208 1889 1243 1917 de
1262 1889 1305 1917 his
1320 1889 1463 1917 evidenter
1487 1890 1618 1925 populum
1644 1891 1810 1923 docuisset.
1826 1891 1861 1917 ad-

1066 1935 1148 1963 debat
1171 1935 1254 1962 etiam
1267 1935 1336 1969 hoc;
1360 1935 1424 1970 quia
1445 1935 1497 1962 nisi
1514 1936 1576 1970 quis
1590 1936 1757 1971 baptizatus
1773 1938 1860 1964 [πήξει

1067 1982 1095 2009 in
1109 1989 1179 2016 aqua
1197 1980 1248 2008 sub
1263 1981 1445 2016 appellatione
1474 1981 1552 2008 trina:
1574 1981 1781 2015 beatitudinis,
1797 1985 1859 2011 sicut
1885 1980 1886 2005 l

1066 2027 1159 2054 docuit
1174 2034 1257 2054 verus
1272 2027 1416 2061 propheta,
1433 2035 1523 2062 nx-que
1533 2028 1736 2056 remissionem
1755 2030 1857 2064 accipe-

1065 2077 1106 2101 ret
1123 2077 1307 2108 peccatorum,
1324 2080 1413 2107 neque
1425 2072 1588 2101 introiretin
1599 2081 1687 2110 regna
1705 2076 1854 2103 caelorum:

1064 2122 1091 2146 et
1108 2118 1178 2145 banc
1190 2126 1254 2146 esse
1269 2117 1315 2144 Dei
1334 2117 1470 2155 [ingeniti]
1484 2119 1702 2154 przelinitioneln
1716 2121 1856 2148 coniruu-
1884 2149 1885 2158 γ

1064 2165 1113 2192 vit.
1141 2164 1246 2197 Quibus
1269 2163 1352 2191 ctiam
1367 2164 1387 2180 "
1404 2163 1462 2192 haec
1495 2165 1601 2193 addidit
1621 2175 1628 2192 ε
1646 2165 1748 2194 Nolite
1772 2170 1854 2202 putare

1064 2217 1116 2237 nos
1127 2210 1197 2237 duos
1211 2209 1347 2244 ingenitas
1367 2209 1460 2238 dicere
1475 2211 1552 2243 deos,
1568 2214 1617 2238 aut
1633 2219 1729 2239 unum
1746 2213 1852 2240 divisum

280 2314 300 2330 η
320 2312 460 2340 Vocabula
472 2309 671 2348 Quilgusctiam
683 2324 717 2329 —
729 2308 761 2336 de
778 2309 922 2336 Paracleto
938 2309 1051 2337 dicimus
1081 2318 1135 2339 non
1155 2311 1283 2347 leguntur
1293 2319 1321 2340 in
1339 2311 1422 2340 codd.
1440 2310 1528 2347 Lips.,
1543 2312 1590 2348 qui
1605 2313 1692 2340 etiam
1708 2322 1774 2342 voc.
1794 2316 1851 2348 inge-
1883 2306 1884 2311 ¹

227 2350 288 2381 uiti,
299 2349 373 2384 quod
389 2349 468 2376 uncis
485 2345 667 2378 iucludimus,
686 2352 740 2371 non
754 2350 919 2379 agnoscunt.

859 2425 1042 2454 COTELERII
1060 2425 1177 2454 ΝΟΤᾸΞ.

262 2508 466 2546 (Pil\_Jncobum
482 2507 660 2546 episcoporum
673 2508 824 2546 principem.
833 2507 1014 2546 pandejeria-
1029 2516 1052 2546 ο
1102 2515 1132 2538 Il,
1143 2515 1168 2546 ς..
1184 2507 1203 2546 1.
1218 2517 1224 2534 :
1240 2507 1424 2546 Apostolorum
1441 2507 1600 2546 episcopum.
1618 2506 1739 2546 Denjqu

228 2541 281 2577 nus
295 2541 376 2577 etiam
389 2541 485 2573 codex,
501 2541 631 2568 Iacobum
649 2541 818 2577 episcopum:
833 2541 904 2570 Petri
923 2543 1013 2577 Po-titi,

226 2576 357 2603 lucebunt
373 2581 491 2603 nostrum
504 2577 664 2611 principem;
682 2576 751 2605 infra
769 2586 829 2612 cap.
849 2579 951 2612 penult.
968 2578 1015 2605 Ja-

227 2612 308 2654 cobi:
326 2611 546 2654 archiepiscopus.
570 2612 596 2654 In
616 2613 732 2654 concilio
753 2611 887 2654 Ephesii-0
903 2618 980 2654 parte
994 2623 1012 2654 ιε

225 2656 251 2683 c.
267 2647 302 2674 30
316 2655 323 2674 :
345 2646 472 2683 ,IQXLDGOU
483 2647 630 2683 ἀποστόλου
641 2647 687 2673 καὶ
698 2646 921 2683 ᾁρχιεὲτισκὸποὺ.
936 2649 1012 2683 Apud

227 2656 251 2675 c.
267 2656 302 2674 ou
316 2656 323 2674 :
347 2656 472 2674 'iaxwoou
483 2656 630 2673 ams-mmo
641 2656 687 2673 και
698 2656 921 2708 πχιεπισκοπου.
936 2656 1012 2683 Apud

227 2682 352 2718 Pliotium
376 2682 502 2709 Bibliot/t.
525 2684 586 2718 eod.
610 2682 673 2709 275.
724 2684 851 2718 (‘SyCIlIlIS
875 2684 1014 2718 presbyter

227 2717 553 2753 Ilierosolymitanus,sbv
566 2717 619 2743 τῶν
634 2717 726 2753 ἱερέων
739 2717 936 2753 ἡῪεμόναίτῶν
947 2717 1015 2745 ἁπο-

228 2753 328 2790 στόλῳν
345 2752 611 2790 Δτὸνηέξαρχιξν,Ῠπςῂν
628 2752 662 2779 ὲν⁷
681 2752 811 2790 κεφαλαῖς
828 2755 968 2790 κορυφήν.
985 2755 1012 2782 1η

228 2773 325 2779 -.-η-υ.
357 2773 394 2779 ,νγ
420 2773 544 2788 αρνιμ,
568 2773 587 2778 ..
602 2773 609 2778 .
628 2773 654 2779 -,
682 2773 810 2787 mw..-“
838 2773 968 2790 ,ηιατηη

227 2788 332 2823 scliolio
345 2787 420 2823 lit-gii
433 2788 536 2815 codicis
551 2773 611 2816 705.
623 2789 694 2822 quod
710 2790 785 2822 posui
797 2789 874 2816 initio
887 2795 1012 2817 notarum

228 2822 433 2860 IILBal'llaDdln,
447 2823 554 2860 ῇρῶτρς
569 2823 727 2860 ἐπίσκοπος,
742 2823 815 2851 [little
831 2831 846 2850 a
863 2823 1014 2860 Nict-phoro

227 2855 282 2894 CP.
299 2859 439 2892 catalogus
462 2855 681 2894 Patriarcbarum
706 2855 1011 2894 IlierOsolymilan'orum

266 2891 329 2924 “tur
353 2891 416 2929 auje
439 2893 576 2929 catalogus
593 2893 758 2929 reliquorum
785 2891 1010 2929 patriarcharum.

321 2933 346 2953 ’ς
369 2925 498 2956 “lucrm:
516 2925 700 2957 ἀριαίαειῐσιιι
721 2925 828 2958 Eusebii
849 2938 864 2957 ιι
883 2939 911 2960 se
928 2939 1011 2959 versae

357 2977 497 3051 »μ

1740 2516 1757 2536 e
1779 2508 1849 2536 Nico-

1066 2544 1126 2570 laus
1143 2543 1338 2573 Methonensis,
1350 2544 1384 2570 de
1401 2541 1571 2569 Eucharistia
1588 2551 1595 2569 ε
1618 2541 1648 2568 '0
1671 2542 1755 2575 θεῖος
1777 2545 1850 2571 ἰἁιιι

1064 2578 1112 2609 ὁος
1134 2579 1148 2604 ὁ
1173 2577 1219 2604 τοῦ
1242 2577 1351 2613 πρᾴξτου
1370 2577 1418 2613 καὶ
1440 2577 1560 2613 μεγάλῳ
1574 2578 1734 2613 ἀργιερέπ
1751 2579 1849 2612 ἁδελφὸς

1064 2614 1111 2640 καὶ
1130 2611 1270 2647 autem:
1284 2611 1346 2639 Haec
1365 2613 1392 2639 in
1412 2611 1516 2639 Iaudem
1545 2611 1661 2639 Jacobi.
1683 2611 1772 2641 Sedis
1797 2611 1849 2639 mo

1065 2648 1307 2682 Ilierosolymiticte
1322 2647 1426 2674 illuslre
1441 2647 1610 2682 praeconium
1623 2649 1789 2682 suppeditat
1802 2649 1849 2681 Epi-

1064 2685 1133 2711 stola
1144 2681 1244 2710 Justiui
1257 2683 1428 2718 imperatoris
1438 2683 1471 2709 ad
1486 2681 1787 2718 IIormisdam’papam,
1801 2691 1847 2718 qua

1064 2718 1242 2753 subSequitur
1251 2717 1372 2754 ejusdem
1387 2718 1522 2754 pontificis
1529 2717 1768 2754 septuagesimam
1779 2717 1846 2754 quiar-

1063 2757 1130 2783 tam.
1144 2752 1217 2780 hisce
1229 2753 1319 2780 verbis
1333 2761 1339 2779 :
1354 2752 1395 2778 Ad
1405 2753 1565 2787 colligendus
1580 2757 1605 2779 et
1620 2752 1842 2780 αάιυῑαάαίιιὲ
1880 2762 1881 2769 ι

1063 2797 1111 2823 qua
1124 2787 1283 2815 venerabiles
1301 2786 1442 2823 chlesias,
1453 2786 1478 2814 et
1494 2786 1777 2823 Hierosolymorum
1789 2796 1840 2823 pro

1064 2820 1138 2858 cipue
1152 2830 1161 2851 :
1181 2823 1225 2849 cui
1242 2820 1366 2859 tqmen[l.
1382 2827 1485 2859 tantum
1499 2820 1802 2859 exuvcrtseditqonna'
1812 2824 1842 2855 fl-

1063 2866 1150 2885 vorem
1164 2857 1325 2892 impendunt,
1338 2858 1414 2892 quasi
1426 2857 1506 2884 matri
1517 2857 1667 2892 Christiani
1682 2857 1810 2887 iuuenis.
1823 2862 1842 2882 st

1063 2901 1137 2920 nemo
1152 2891 1592 2929 gudeatrabea'seurdisecrnere.
1617 2891 1732 2921 Videsis
1754 2894 1842 2929 pri-ri-

1063 2929 1136 2964 pium
1154 2927 1280 2967 Epistolas
1295 2927 1445 2956 Clementis
1456 2928 1488 2955 ad
1503 2927 1649 2960 Iacobum,
1663 2933 1691 2956 et
