1892 3105
212 153 281 182 ΙΞΠ

639 153 668 182 S.
686 153 883 183 CLEIENTIS
898 154 909 182 l
925 154 1008 183 ιιοὶι.
1026 155 1126 183 PONT.
1143 155 1258 184 ορειυλ
1274 156 1387 185 DUBIA.

1767 157 1826 185 ἔξω

210 218 296 245 num.
311 217 339 241 et
367 213 495 241 virtutem
523 221 658 241 summam
671 213 772 241 excelsi
790 212 838 241 Dei
861 213 931 248 (53).
946 213 995 248 qui
1009 218 1030 245 Α
1045 221 1080 241 eo
1099 215 1305 249 baptisarentur
1325 216 1352 242 in
1370 215 1480 242 nomine
1501 213 1577 245 Iesu,
1594 213 1730 242 inimicus
1754 213 1825 241 homo

211 262 246 288 sit
264 267 346 294 supra
375 259 546 287 conditorem
568 259 675 290 mundi.
692 260 829 293 simulque
856 260 994 286 mirabilia

211 307 329 341 plurima
343 306 492 333 ostendens
508 306 579 332 alios
606 305 743 335 dubitare,
761 305 831 332 alios
858 306 997 333 declinare

211 353 307 379 fecerit
328 351 362 378 ad
390 360 436 384 se;
466 356 622 386 cunctaque
646 351 790 386 diligenter
806 355 945 385 comperta
960 351 996 378 ab

209 398 264 429 his.
282 398 329 432 qui
346 397 423 432 prius
437 397 479 424 vel
496 397 563 424 socii
580 397 652 431 ejus.
671 397 714 423 vel
732 397 860 431 discipuli
875 396 994 427 fuerant,

209 447 236 470 et
254 447 315 477 post
329 442 380 468 hoc
397 442 429 468 ad
447 441 606 468 Zacchaaum
621 442 745 468 conversi
763 445 838 473 sunt,
855 442 994 469 iudicavit.

211 488 285 515 Ilulti
308 492 373 515 sunt
398 495 473 522 ergo,
490 488 578 522 inquit
592 486 723 518 Iacobus,
739 495 756 514 ο
771 486 862 517 Petre,
877 495 995 522 quorum

209 533 306 560 salutis
324 541 406 560 causa
432 532 567 567 proﬁcisci
588 537 615 559 te
628 536 747 567 oportet,
763 537 792 560 et
805 540 922 568 arguere
937 541 996 560 ma-

209 586 284 614 gum,
299 586 331 605 ac
345 586 500 605 sermonem
516 578 639 605 veritatis
655 578 772 611 docere;
785 578 833 605 sed
850 579 918 605 nihil
934 587 993 606 mo-

209 625 290 656 reris,
302 632 391 658 neque
406 628 432 651 te
447 623 593 650 contristet
614 623 688 657 quod
707 623 783 650 solus
799 624 994 658 proficisceris.

208 672 300 698 sciens
315 671 440 698 comitem
457 671 506 697 tibi
522 674 547 697 et
562 670 715 704 adjutorem
730 670 814 698 Deum
831 678 879 705 per
889 670 994 702 Iesum,

208 720 236 743 ct
251 717 306 743 cito
321 724 369 751 per
384 716 444 750 ejus
460 716 573 751 gratiam
591 716 692 743 multos
708 716 757 743 tibi
775 717 867 744 socios
881 721 908 743 et
923 725 993 743 una-

209 764 297 790 nimes
314 763 381 790 fore.
398 762 467 789 Dato
483 770 549 790 sane
563 770 686 797 operam,
700 767 729 789 ut
746 771 794 798 per
811 763 934 798 singulos
945 771 995 790 an-

207 816 260 836 nos
288 809 424 844 praecipua
448 817 562 844 quaeque
593 816 626 835 ex
654 808 737 836 dictis
765 809 905 844 gestisque
938 810 994 837 tuis

208 855 311 889 scripta
339 855 432 882 mittas
453 854 487 881 ad
511 863 564 887 me,
584 859 612 881 et
632 855 749 882 maxime
764 863 812 890 per
825 856 994 890 scptimanas

208 887 355 926 annorum.
371 899 402 926 Et
416 899 459 926 his
474 899 556 927 dictis
567 899 700 928 dimissus
710 900 745 927 ab
764 887 811 933 eo,
832 887 881 927 sea
897 900 994 929 diebus
1010 887 1030 915 Β

207 946 317 980 perveni
332 945 496 973 Caesaream.

244 991 358 1019 LXXIII.
379 991 545 1026 Ingredienti
576 997 666 1020 autem
699 993 765 1019 mihi
789 996 911 1020 occurrit
926 992 995 1021 Zac-

206 1038 299 1065 chants
308 1038 504 1066 dilectissimus
521 1039 605 1066 frater
616 1045 722 1070 noster,
739 1043 767 1066 et
784 1039 922 1067 inberens
936 1047 995 1067 am-

207 1085 332 1120 plexibus
350 1086 418 1113 meis
428 1085 555 1120 perduxit
570 1085 603 1113 ad
621 1086 672 1113 hoc
688 1086 715 1113 in
726 1094 783 1121 quo
800 1086 858 1121 ipse
873 1094 995 1114 comma-

207 1130 290 1157 nebat
305 1130 468 1165 hospitium,
480 1131 624 1166 requirens
639 1139 655 1157 a
672 1138 715 1159 me
736 1132 770 1158 de
796 1132 913 1167 singulis
935 1133 995 1167 qui-

206 1177 313 1212 busque
338 1177 480 1208 fratribus,
504 1177 641 1212 praecipue
667 1182 758 1204 tamen
783 1177 818 1205 de
841 1178 995 1205 honorabili

207 1223 292 1251 fratre
307 1227 403 1251 nostro
418 1223 530 1253 Iacobo.
548 1223 675 1258 Cumque
688 1223 811 1251 audisset
825 1231 840 1250 a
856 1231 911 1254 me.
921 1224 995 1259 quod

207 1277 263 1296 uno
280 1268 370 1295 adhuc
384 1268 552 1295 claudicaret
580 1268 659 1302 pede.
677 1267 848 1302 percontanti
863 1268 995 1295 continuo

207 1322 329 1346 causam,
341 1315 433 1341 omnia
450 1314 508 1341 haec
530 1321 592 1349 qua:
607 1321 680 1340 nunc
697 1313 746 1340 tibi
763 1314 953 1348 exposuimus,
968 1313 994 1341 ei

206 1361 348 1390 enarravi;
375 1360 514 1395 quomodo
529 1359 551 1375 "
566 1360 671 1387 evocati
695 1366 819 1387 essemus
835 1368 850 1386 a
865 1360 995 1387 sacerdo-

206 1408 280 1434 tibus
293 1410 320 1434 et
337 1406 466 1441 pontiﬁce
487 1405 591 1440 Caipha
608 1405 641 1432 ad
665 1405 809 1440 templum,
824 1409 851 1433 et
874 1405 995 1435 Iacobus

207 1454 432 1488 archiepiscopus
449 1456 526 1480 stans
540 1452 568 1479 in
596 1453 712 1481 summis
728 1453 869 1488 gradibus.
886 1461 934 1488 per
950 1462 995 1481 se-

208 1504 280 1533 ptem
296 1498 443 1526 continuos
459 1498 518 1525 dies
530 1498 661 1524 universo
677 1498 778 1533 populo
792 1498 826 1525 de
841 1497 994 1533 Scripturis

1045 260 1166 287 eiecerit
1181 262 1227 288 illa
1241 262 1345 292 omnia,
1357 269 1419 296 qua
1442 269 1525 297 supra
1539 260 1673 293 diximus,
1691 265 1724 287 ut
1738 268 1774 287 ne
1788 268 1826 287 ea-

1046 307 1107 334 dem
1124 308 1222 334 iterum
1233 308 1369 335 dicamus.

1080 353 1199 380 LXXIV.
1212 353 1317 386 Quibus
1333 354 1451 389 cognitis
1465 353 1614 381 Zaccharus
1641 360 1745 380 rursus
1769 353 1825 380 mihi

1044 407 1135 435 quea
1154 400 1267 427 Simone
1288 403 1433 434 agerentur
1458 399 1588 433 exponit;
1612 403 1640 426 et
1667 399 1745 426 inter
1767 399 1824 429 hac.
1866 413 1867 430 ς

1045 445 1140 472 nescio
1154 444 1227 472 unde
1237 444 1348 479 cognito
1359 443 1476 471 adventu
1490 451 1565 475 meo.
1591 445 1651 478 ipse
1666 444 1783 470 mandat
1799 444 1825 470 ad

1045 499 1089 519 me
1103 491 1219 518 Simon:
1234 490 1378 522 Audiente,
1393 490 1492 524 inquit.
1516 490 1616 525 popqu
1639 490 1687 517 die
1712 490 1826 517 crastina

1045 537 1227 572 disputemus.
1252 536 1303 564 Cui
1330 544 1402 571 ego:
1420 535 1491 568 Fiat,
1513 536 1633 571 inquam,
1654 538 1687 562 ut
1708 535 1788 562 libet.
1801 535 1827 562 Et
1867 554 1868 580 ξ

1045 582 1103 610 hac
1119 582 1352 616 pollicitatiomea
1375 582 1509 609 universa:
1529 581 1651 607 innotuit
1668 581 1788 611 civitati,
1798 581 1827 606 ita
1867 581 1868 588 ‘

1045 632 1076 655 ut
1089 628 1172 655 etiam
1183 631 1213 654 tu
1227 627 1275 662 qui
1292 627 1350 661 ipsa
1365 627 1410 654 die
1420 626 1579 658 adveneras.
1593 626 1722 653 disceres
1739 633 1783 653 me
1792 625 1828 652 (Γῆ

1045 678 1155 709 postera
1167 680 1230 700 cum
1249 672 1360 700 Simone
1379 672 1537 699 habiturum
1557 679 1619 699 esse
1638 675 1793 701 certamen,
1806 676 1827 698 et

1046 719 1178 754 requisita
1192 719 1336 746 mansione
1351 722 1445 746 nostra
1460 717 1610 746 secundum
1622 717 1733 744 indicia
1748 724 1805 752 qua
1815 725 1826 743 ι

1044 764 1170 792 Barnaba
1188 772 1347 800 acceperas,
1371 764 1480 792 venires
1492 764 1526 791 ad
1540 771 1601 791 nos.
1629 763 1691 798 Ego
1716 771 1782 790 vero
1793 764 1827 789 in-

1044 818 1140 846 gressu
1155 814 1203 837 tuo
1217 811 1254 837 ita
1267 810 1420 844 gratulatus
1435 818 1496 837 sum
1508 829 1516 841 ,
1533 814 1561 836 ut
1572 810 1672 837 nescio
1687 810 1763 836 unde
1777 817 1827 836 mo-
1869 835 1870 851 1

1045 861 1101 887 tus,
1117 855 1288 884 festinaverit
1301 856 1411 883 animus
1425 863 1503 882 meus
1517 862 1658 889 exponere
1669 855 1721 882 tibi
1738 858 1826 881 cuncta
1869 855 1870 860 ‘

1045 902 1186 934 velociter,
1206 902 1341 937 praecipue
1356 905 1447 928 tamen
1464 901 1537 935 quod
1553 905 1595 928 est
1607 901 1637 927 in
1666 900 1722 928 ﬁde
1750 901 1827 927 maxi-

1044 955 1119 975 mum
1132 947 1166 974 de
1178 955 1243 975 vero
1255 948 1399 982 propheta,
1419 946 1492 982 quod
1511 954 1596 973 unum
1623 953 1658 973 ac
1676 946 1765 973 totius
1786 946 1828 972 do—

1044 994 1141 1021 ctrina
1155 993 1362 1020 fundamentum
1377 992 1500 1021 sullicere
1525 999 1608 1027 posse
1625 999 1684 1019 non
1714 992 1828 1027 ambigo;
1870 992 1871 1024 1

1044 1043 1102 1066 tum
1115 1039 1198 1067 etiam
1210 1039 1232 1054 “
1244 1040 1353 1074 scripta
1364 1039 1432 1075 legis
1446 1046 1493 1073 per
1505 1037 1614 1073 singula
1625 1046 1748 1073 quaeque
1763 1038 1828 1072 capi-
1870 1038 1871 1041 “

1043 1084 1101 1111 tula
1119 1092 1237 1119 quorum
1248 1084 1320 1112 ratio
1342 1084 1481 1119 poscebat,
1493 1084 1677 1111 secretiorem
1693 1084 1745 1110 tibi
1758 1083 1828 1110 intel—

1044 1129 1184 1165 ligentiam
1198 1129 1324 1164 patefeci,
1343 1136 1397 1156 non
1413 1128 1577 1155 occultansa
1594 1132 1624 1155 te
1640 1135 1696 1156 nec
1711 1128 1829 1154 traditio-

1043 1183 1110 1203 num
1124 1176 1206 1203 bona.
1221 1175 1287 1208 Quae
1299 1183 1363 1202 vero
1373 1178 1520 1209 supersunt
1534 1174 1677 1208 incipiens
1689 1182 1706 1200 a
1718 1174 1763 1201 die
1777 1181 1827 1200 cra-

1044 1222 1133 1253 stina.
1151 1230 1185 1249 ea
1211 1222 1254 1250 his
1274 1229 1336 1256 quae
1351 1222 1379 1248 in
1397 1221 1597 1256 quaestionibus
1625 1227 1695 1247 eum
1727 1219 1828 1247 Simone

1045 1268 1236 1299 movebuntur,
1253 1276 1301 1303 per
1322 1268 1381 1295 dies
1405 1267 1527 1302 singulos
1553 1266 1664 1298 audies,
1694 1274 1828 1301 usquequo

1044 1313 1100 1342 Deo
1116 1314 1224 1341 favente
1236 1315 1412 1349 perveniatur
1425 1313 1459 1340 ad
1471 1313 1557 1347 ipsam
1571 1320 1628 1346 quo
1641 1314 1698 1339 iter
1714 1317 1827 1339 nostrum
1872 1313 1873 1327 ‘

1043 1359 1216 1395 dirigendum
1232 1360 1370 1387 credimus
1394 1359 1489 1386 urbem
1506 1358 1634 1385 Romam.
1651 1357 1781 1392 Cumque
1801 1357 1829 1383 ad

1044 1405 1102 1433 hanc
1117 1405 1152 1433 ab
1166 1413 1199 1432 eo
1214 1405 1298 1436 dicta,
1311 1412 1419 1432 omnem
1434 1404 1549 1439 gratiam
1561 1411 1605 1430 me
1619 1403 1647 1430 ei
1658 1403 1764 1430 debere
1776 1410 1829 1437 pro-

1045 1451 1158 1482 ﬁterer,
1184 1450 1377 1485 facturumque
1401 1450 1492 1477 omnia
1520 1457 1563 1477 me
1586 1457 1652 1484 qua:
1677 1449 1830 1484 praeciperet

1044 1496 1247 1531 promptissime
1262 1496 1416 1530 pollicerer,
1429 1495 1492 1522 cibo
1502 1499 1614 1530 sumpto
1625 1494 1775 1529 quiescere
1785 1501 1831 1521 nos

213 1543 362 1571 Dominicis
377 1541 568 1577 assignaverit,
587 1541 659 1576 quod
673 1540 753 1569 Iesus
768 1547 841 1569 esset
853 1541 992 1573 Christus,
1005 1559 1028 1588 ο
1042 1542 1126 1578 jussit
1137 1542 1246 1577 sibique
1260 1542 1319 1577 ipse
1332 1541 1451 1577 quietem
1462 1540 1547 1568 dedit.

206 1598 295 1625 quove
318 1589 399 1617 modo
422 1588 550 1615 omnibus
571 1587 628 1622 jam
646 1587 896 1623 acquiescentibus,
914 1590 944 1614 ut
959 1587 993 1613 ab

244 1668 267 1685 ¹³
287 1666 581 1701 Quomodo—dicamut
604 1665 704 1693 desunt
719 1665 747 1693 in
762 1669 880 1701 utroque
895 1665 956 1693 cod.
975 1664 1049 1699 Lips.
1084 1663 1107 1680 “
1122 1663 1188 1691 Tum
1202 1661 1491 1690 etiam—traditionum
1519 1660 1588 1688 bona
1619 1660 1728 1696 pariter
1743 1660 1835 1688 desunt

207 1704 235 1732 in
249 1708 365 1738 utroque
380 1703 442 1730 cod.
458 1702 534 1737 Lips.

840 1771 1024 1801 COTELERII
1043 1771 1161 1800 NOTAE.

206 1856 313 1885 duobus
335 1854 478 1882 Societalis
500 1852 564 1881 Iesu
586 1852 742 1887 insignibus
763 1849 907 1887 theologis.
929 1848 992 1887 Dio-

207 1884 286 1923 nysio
300 1891 409 1918 Petavio
433 1889 466 1916 ad
485 1884 664 1923 Epiphaniufn
688 1886 835 1923 indbtereSI
847 1884 991 1923 _Simonia-

206 1920 315 1959 norum,
330 1930 357 1953 et
380 1920 643 1958 Francisc'o'Vigero
666 1922 694 1949 in
714 1921 814 1948 Euseb.
840 1920 991 1954 Prwparat.

204 1961 383 1997 evangeltiib.
400 1968 429 1993 ιι,
446 1967 506 1994 cap.
524 1959 567 1986 18.

243 1989 311 2033 (ὃέ)Δ
324 1989 451 2033 Virtutem
465 1989 596 2021 summam
609 1991 706 2033 efcclsi
723 1990 783 2033 Dei:
805 1989 913 2033 miseris
933 1996 993 2033 mo:

206 2024 252 2060 dis
265 2024 408 2058 deformati
426 2034 490 2065 SILI“
512 2035 609 2065 versus
622 2024 943 2065 Quotorisngleuatnvopou
967 2028 994 2051 et

206 2067 359 2102 ἁνωνύμου,
378 2069 438 2100 post
450 2063 610 2091 Tertulliani
625 2062 726 2097 Opera,
750 2061 797 2088 lib.
824 2069 843 2092 ι,
866 2062 992 2086 adversus

206 2102 367 2131 Marcionth
381 2110 390 2128 :

1080 1848 1210 1883 Infundas
1223 1848 1294 1875 omni
1305 1849 1414 1883 magica
1427 1848 1559 1875 dementia
1572 1850 1665 1883 plenos

1080 1884 1231 1913 Persuasit.
1245 1891 1301 1910 sese
1315 1884 1434 1910 virtutem
1448 1884 1535 1910 dicere
1547 1893 1700 1916 summum;

1081 1918 1193 1955 Fingere
1204 1927 1263 1945 cum
1276 1919 1419 1955 meretrice,
1433 1919 1507 1953 nefas
1521 1927 1677 1955 peragrare.
1691 1921 1789 1949 volare.

1046 1953 1111 1981 Sine
1125 1954 1208 1981 dubio
1223 1954 1304 1981 scribi
1317 1954 1396 1981 debet
1416 1962 1423 1982 :

1081 1988 1197 2023 Infando
1212 1988 1314 2015 Simoni
1331 1989 1432 2023 niugica
1447 1988 1580 2016 dementia
1594 1990 1672 2023 plena

1082 2024 1232 2054 Persuasit,
1248 2032 1302 2051 sese
1312 2024 1432 2050 virtutem
1442 2023 1529 2051 dicere
1543 2033 1679 2052 summam
1692 2033 1702 2052 :

1080 2059 1202 2094 Fingere,
1214 2066 1274 2086 cum
1284 2059 1428 2091 meretrice,
1443 2059 1530 2094 nefas,
1542 2067 1699 2095 peragrare,
1714 2061 1808 2089 colare.

210 2172 1819 2191 Μ...

745 2233 927 2277 LIBER
961 2229 1287 2276 SECUNDUS.

244 2390 264 2418 I.
281 2389 348 2417 Cmn
365 2391 455 2414 autem
472 2385 542 2419 dies,
571 2392 632 2420 quae
643 2384 678 2411 ad
703 2382 912 2418 disceptandum
928 2390 990 2409 cum
1008 2385 1030 2412 Ι)
1044 2381 1183 2410 Eliesdros
1197 2385 1224 2409 et
1237 2380 1369 2413 Phineas,
1382 2380 1502 2408 Lazarus
1517 2384 1545 2408 et
1558 2380 1690 2415 Eliseus;
1706 2385 1767 2417 post
1782 2381 1826 2408 bos

206 2436 318 2466 Simone
328 2437 432 2462 statuta
446 2432 544 2463 fuerat,
558 2431 729 2458 illucesceret
743 2449 750 2461 ,
773 2428 872 2456 Petrus
895 2428 992 2463 primis

205 2482 339 2519 gallorum
365 2479 495 2506 cantibus
523 2484 640 2512 surgens
664 2475 796 2503 excitavit
822 2475 903 2501 etiam
925 2481 991 2506 nos;

204 2535 314 2557 eramus
330 2526 403 2554 enim
415 2525 443 2551 in
457 2524 552 2552 eodem
580 2522 704 2550 conclavi
733 2521 888 2548 cubitantes
908 2519 991 2546 simul

204 2581 301 2602 omnes
326 2571 468 2602 tredecim,
495 2570 523 2597 in
546 2569 646 2604 quibus
667 2568 772 2603 primus
795 2569 858 2602 post
878 2558 991 2593 P'etrum

203 2621 363 2651 Zaccbxus,
374 2618 472 2646 deinde
483 2616 648 2652 Sophonias,
659 2614 807 2650 Iosephus,
818 2617 845 2641 et
853 2612 991 2643 Michaeas,

1046 2436 1097 2464 ego
1107 2428 1233 2456 Clemens
1244 2431 1271 2454 et
1283 2426 1457 2458 Nicodemus,
1468 2426 1566 2454 deinde
1575 2426 1675 2455 Niceta
1687 2432 1715 2455 et
1726 2427 1824 2462 Aquila.

1046 2473 1092 2507 qui
1107 2472 1215 2499 fuerant
1241 2472 1318 2506 prius
1333 2471 1461 2506 discipuli
1491 2471 1636 2504 Simonis,
1665 2478 1694 2500 et
1719 2472 1825 2500 docente

1046 2518 1176 2546 Zacchaeo
1189 2517 1314 2545 conversi
1329 2521 1392 2545 sunt
1408 2518 1441 2545 ad
1457 2518 1537 2545 ﬁdem
1548 2517 1666 2547 Christi.
1691 2518 1824 2547 Mulierum

1046 2572 1113 2592 sane
1126 2563 1201 2590 nulla
1216 2570 1330 2598 prorsus
1345 2562 1450 2590 aderat.
1465 2561 1591 2597 Cumque
1606 2563 1699 2590 adhuc
1721 2568 1824 2597 vesper-

1045 2611 1134 2637 tinum
1157 2610 1248 2637 lumen
1271 2608 1382 2636 duraret
1397 2608 1465 2644 (59),
1482 2615 1578 2636 omnes
1606 2609 1780 2639 resedimus,
1801 2611 1824 2634 et

844 2681 1029 2712 COTELERII
1047 2680 1164 2709 NOTIE.

238 2761 294 2795 (59)
314 2758 543 2795 Cumquegadlmc
557 2755 733 2795 uespertinum.
760 2754 847 2795 lumen
869 2752 989 2795 duraret.

205 2787 407 2823 MstClauiIelei'.
422 2793 542 2820 clareret.
557 2791 592 2819 Ut
603 2787 827 2818 Clementiuorum
840 2787 934 2815 homil.
947 2794 988 2823 I_II.

206 2821 439 2865 ίίί-Ι-ενΕὖρὸμεν
458 2829 502 2855 τὸν
529 2827 578 2863 μὲν
597 2824 759 2865 ’λύχνονιρτι
779 2823 920 2865 ἓαιγοντιξἶ
942 2821 988 2865 Pe

273 2856 434 2892 {Iussi-nam
457 2871 510 2891 non
529 2856 735 2897 exstinguendi,
751 2856 801 2888 sed
815 2856 922 2887 sinendi
937 2856 986 2885 do-

1045 2758 1096 2778 nec
1111 2750 1184 2777 ultro
1203 2751 1422 2778 consumeretur,
1447 2745 1583 2774 videndus
1609 2744 1776 2775 Plutarchus
1799 2746 1824 2773 is

1044 2783 1240 2817 Quwstiouibus
1263 2782 1430 2817 Romanisrp.
1453 2780 1565 2817 27781,}.
1581 2779 1729 2806 Monacbos
1745 2780 1820 2817 etiam

1044 2810 1141 2848 solitos
1153 2818 1187 2847 ad
1205 2818 1295 2846 lumen
1310 2810 1443 2849 dormire,
1457 2810 1592 2844 discimus
1609 2822 1643 2842 cx
1664 2821 1759 2842 eorum
1779 2810 1821 2838 lte-

1045 2856 1126 2892 gulis.
