1892 3105
51 140 107 168 1249

623 137 851 168 RECOGNITION
857 138 906 167 ΗΜ
924 139 989 168 LIB.
1007 139 1040 168 ii.

1577 139 1645 169 1250

49 198 131 225 Petrus
145 196 236 224 videns
245 195 358 231 vigilare
369 202 420 223 nos
431 202 463 222 ac
485 195 538 223 sibi
561 195 715 228 intendere,
732 196 807 224 salue
821 198 844 226 Α
857 204 984 229 noscere,
1009 196 1091 232 quis,
1118 197 1244 232 qualisve
1268 197 1305 225 sit
1317 197 1342 226 is
1363 198 1409 226 cui
1431 198 1647 227 immortalitatis

50 243 102 270 tatis
114 242 186 270 nobis
200 241 329 269 continuo
343 240 390 267 dat
401 241 538 269 sermonis
548 241 703 270 exordium.
717 241 811 269 lirari

46 287 202 323 meequidem
219 287 315 319 fateor,
331 287 432 315 fratres
445 306 452 318 ,
476 287 603 315 humanae
627 292 733 315 natura
744 288 809 319 vim,

48 341 115 369 quam
130 333 161 360 ad
175 333 263 360 omnia
278 337 368 367 aptam
384 333 556 368 habilemque
567 341 628 361 esse
641 334 730 362 video.
754 333 812 361 Hoc

47 383 122 407 autem
140 379 227 407 dicere
240 379 267 406 in
279 379 440 406 memoriam
453 380 528 407 venit
540 387 573 407 ex
590 380 633 408 his
647 388 707 416 quae
728 380 811 409 rebus

47 426 103 461 ipsis
115 429 238 461 expertus
249 432 320 453 sum.
338 425 372 452 Ut
383 425 456 453 enim
471 426 612 454 transierit
627 427 746 454 medium
759 435 812 454 no-

48 473 99 503 ctis,
107 479 153 507 ego
162 476 256 507 sponte
263 472 319 507 jam
327 472 449 499 suscitor
459 476 486 499 et
499 473 569 499 ultra
581 480 694 502 somnus
708 480 812 509 nequa-

47 525 115 552 quam
129 518 199 545 venit
214 517 247 544 ad
261 525 321 551 me;
337 517 410 553 quod
425 518 492 545 mihi
515 519 616 546 accidit
630 526 663 546 ex
678 527 721 551 eo,
746 519 810 554 quia

47 571 69 589 in
81 562 267 590 consuetudine
283 563 366 591 habui
391 564 475 591 verba
491 563 599 592 Domini
620 565 684 597 mei,
701 573 762 600 quae
777 565 811 592 ab

47 611 96 645 ipso
108 611 253 645 audieram,
263 619 394 639 revocare
407 612 441 639 ad
452 614 622 646 memoriam,
633 617 660 641 et
672 621 722 649 pro
736 614 811 648 ipso-

46 665 95 683 rum
108 656 240 684 desiderio
255 658 383 685 suscitari
401 658 501 686 animis
517 659 584 687 meis
595 663 622 686 et
638 659 810 695 cogitationi-

45 702 86 729 bus
96 703 232 737 imperavi,
245 706 274 730 ut
289 703 422 738 evigilans
437 704 471 731 ad
487 711 519 731 ea
532 708 559 732 et
575 704 682 740 singula
698 713 811 740 qua-que

44 748 151 776 recolens
164 756 195 775 ac
210 753 337 777 retexens
348 749 450 784 possim
464 751 621 779 memoriter
629 751 757 779 retinere.
773 751 812 778 Ex

45 793 87 820 hoc
97 801 157 829 ergo
167 814 174 825 ,
192 794 255 822 dum
269 796 344 823 omni
359 804 421 824 cum
437 796 584 824 dulcedine
603 805 744 825 sermones
759 797 811 825 Do-

44 839 98 866 mini
111 847 218 868 versare
242 841 271 867 in
297 849 357 869 meo
375 842 460 870 corde
475 843 617 875 desidero,
638 844 811 871 consuetudo

44 885 145 912 obtinuit
158 887 299 922 vigilandi.
316 888 399 915 etiam
419 888 442 916 si
458 889 527 916 nihil
541 889 577 916 sit
591 889 664 924 quod
688 891 811 925 cogitare

43 931 119 958 velim.
134 930 172 959 ita
189 940 255 968 ergo
280 934 410 962 ineﬂ'abiii
434 934 553 969 quadam
574 937 694 969 ratione,
725 937 812 964 intro-

43 977 111 1004 ducta
122 978 170 1005 alia
184 979 395 1013 consuetudine,
405 986 484 1009 vetus
495 982 667 1010 consuetudo
677 987 811 1015 mutatur,

42 1027 64 1050 et
75 1024 98 1051 id
111 1032 203 1052 revera
219 1026 243 1053 si
259 1034 314 1053 non
331 1034 413 1061 supra
427 1027 536 1054 modum
552 1035 645 1063 cogas.
661 1027 709 1055 sed
725 1036 813 1062 quan-

43 1073 90 1095 tum
107 1071 198 1106 recipit
215 1079 344 1099 mensura
360 1076 475 1100 natura.
495 1072 590 1108 Neque
613 1073 686 1100 enim
702 1074 813 1109 penitus

42 1122 124 1143 somno
138 1124 231 1144 carere
244 1118 376 1152 possibile
390 1122 448 1152 est,
467 1119 570 1154 alioqui
597 1126 648 1147 nec
662 1118 736 1146 facta
759 1127 813 1147 nox

42 1160 126 1189 luisset
140 1162 172 1189 ad
188 1163 321 1198 quietem.

70 1207 97 1236 il.
113 1208 144 1236 Et
154 1217 204 1245 ego
219 1218 282 1238 cum
304 1211 457 1240 audissem:
474 1211 594 1247 Optime,
620 1213 745 1248 inquam,
771 1212 813 1241 di-

42 1253 106 1285 xisti,
121 1253 211 1288 Petre,
221 1257 285 1291 quia
297 1257 467 1285 consuetudo
475 1258 676 1285 consuetudine
690 1266 814 1286 commu-

41 1302 113 1328 tatur.
128 1300 193 1328 Nam
215 1306 243 1329 et
258 1310 308 1338 ego
320 1310 382 1330 cum
394 1303 550 1339 navigarem
566 1304 654 1339 primo
682 1304 813 1331 turbabar

40 1349 62 1371 ct
75 1346 141 1374 intra
156 1355 199 1375 me
214 1348 281 1375 mihi
298 1349 389 1375 omnia
404 1349 595 1382 vertebantur,
613 1350 652 1377 ita
667 1355 696 1377 ut
711 1350 813 1385 suggil-

41 1390 84 1419 lari
94 1393 197 1422 viderer
207 1402 260 1422 nec
272 1394 344 1423 ferre
357 1403 465 1430 possem
478 1396 602 1423 brumam
618 1396 675 1433 (00)
688 1402 714 1424 et
729 1398 813 1425 mole-

40 1439 109 1466 stiam
121 1441 216 1473 maris,
231 1445 293 1477 post
304 1449 407 1477 paucos
418 1446 509 1470 autem
519 1442 578 1470 dies
586 1442 633 1470 ubi
643 1442 814 1470 consuetudo

41 1483 101 1511 facta
114 1490 164 1518 est,
178 1487 362 1515 tolerabiliter
376 1487 447 1515 ferre
461 1488 543 1524 cmpi,
554 1489 593 1515 ita
606 1492 637 1516 ut
654 1496 733 1516 mane
756 1493 814 1517 sta-

39 1533 79 1559 tim
92 1541 141 1561 una
157 1542 222 1562 cum
237 1536 330 1563 nautis
347 1535 438 1563 cibum
454 1544 561 1563 sumere
574 1536 735 1568 delectarer,
750 1544 812 1564 cum

39 1580 105 1612 prius
128 1585 189 1609 ante
215 1581 310 1608 horam
326 1582 469 1616 septimam
486 1582 613 1617 capiendi
628 1582 681 1610 cibi
697 1590 814 1610 consue-

39 1626 97 1653 tudo
113 1635 165 1655 non
180 1632 267 1656 esset.
282 1627 360 1655 Nunc
375 1636 441 1664 ergo
460 1637 493 1656 ex
505 1629 558 1656 ista
583 1630 640 1656 sola
663 1633 814 1657 consuetu-

39 1670 103 1703 dine,
115 1674 185 1700 circa
201 1673 271 1701 illud
295 1678 402 1709 tempus
417 1682 471 1709 quo
485 1674 628 1702 comedere
643 1682 705 1702 cum
721 1675 814 1703 nautis

39 1717 158 1750 solebam,
180 1719 289 1747 esuries
306 1720 433 1747 admonet
446 1728 498 1752 me,
515 1720 588 1755 quod
612 1725 703 1748 tamen
717 1729 815 1749 rursus

39 1760 216 1796 depellendum
231 1771 322 1799 spero,
339 1772 402 1791 cum
417 1765 469 1792 alia
486 1765 568 1793 fuerit
582 1766 753 1794 consuetudo
768 1775 816 1795 su-

39 1813 129 1843 scepta.
147 1808 239 1837 Credo
254 1818 320 1846 ergo
332 1811 414 1838 etiam
433 1811 483 1838 tibi
493 1811 647 1847 vigiliarum
667 1816 816 1840 consuetu-

39 1853 129 1888 dinem,
146 1860 175 1883 ut
196 1857 336 1892 perhibes.
351 1858 522 1892 institutam;
548 1863 576 1886 et
590 1863 743 1895 opportune
763 1859 815 1887 hoc

38 1906 161 1934 exponere
178 1902 301 1935 voluisti,
317 1907 347 1930 ut
367 1907 394 1930 et
405 1911 455 1931 nos
471 1904 672 1939 aliquantulum
689 1905 780 1933 somni
799 1912 814 1932 a

38 1947 108 1975 nobis
122 1947 243 1983 abjicere
255 1953 337 1983 atque
348 1949 468 1985 eil'ugare
484 1958 538 1978 non
553 1951 657 1987 pigeat,
674 1955 704 1979 ut
725 1953 815 1987 possi-

38 2000 90 2021 mus
103 1995 236 2023 doctrinas
251 1996 367 2024 viventis
378 1996 502 2024 instituta
514 1998 664 2033 suscipere.
678 1998 728 2026 Ubi
741 1999 814 2026 enim

38 2038 133 2068 decocti
145 2041 248 2069 fuerint
265 2042 319 2069 cibi
329 2046 356 2070 et
370 2050 447 2070 mens
465 2044 601 2078 acceperit
615 2048 751 2072 nocturna
776 2045 815 2072 si-

37 2083 122 2117 lentia,
132 2086 367 2121 opportunissime
380 2095 441 2122 qua:
454 2087 588 2115 docentur
603 2088 733 2116 insident.

67 2131 106 2158 lll.
123 2131 157 2159 Et
169 2132 269 2160 Petrus
284 2132 400 2160 libenter
414 2133 563 2167 accipiens,
587 2134 660 2168 quod
675 2134 816 2162 intellexe-

37 2176 81 2202 rim
96 2176 264 2211 praefationis
276 2177 336 2211 ejus
347 2185 459 2205 causam
478 2177 511 2204 ad
530 2178 677 2205 utilitatem
692 2183 815 2206 nostram

860 243 943 270 verba
959 243 1096 271 credenda
1111 244 1195 271 sunt?
1209 243 1326 274 Solliciti
1342 245 1415 272 enim
1437 248 1464 272 et
1479 245 1557 273 valde
1571 245 1647 273 solli-

861 289 909 316 citi
925 296 986 317 esse
1000 289 1143 321 debemus,
1157 298 1191 318 ne
1203 290 1367 326 margaritas
1380 294 1491 318 nostras
1506 291 1647 319 mittamus

861 339 924 362 ante
941 343 1040 370 porcos
1052 335 1084 364 “.

896 383 941 411 iV.
962 382 1015 411 Sed
1028 387 1055 411 et
1070 383 1138 411 alias
1149 382 1185 410 ob
1207 390 1306 411 causas
1326 383 1393 411 utile
1418 386 1471 416 est,
1488 384 1539 411 viri
1563 383 1647 418 hujus

861 429 963 457 habere
980 437 1022 456 me
1037 429 1174 457 notitiam.
1206 428 1233 456 Si
1251 429 1323 457 enim
1340 430 1436 461 sciam,
1462 430 1527 466 quia
1550 430 1576 457 in
1592 430 1647 463 bis,

861 476 895 503 de
904 475 1003 511 quibus
1014 483 1069 503 non
1080 480 1169 511 potest
1178 476 1297 503 dubitari
1308 476 1380 512 quod
1392 477 1463 504 bona
1478 477 1542 507 sint,
1555 484 1648 504 emcn-

861 522 942 549 datus
956 525 998 549 est
1023 526 1050 549 et
1077 522 1264 557 inculpabilis,
1286 523 1337 550 hoc
1356 525 1409 555 est,
1439 522 1462 550 si
1480 522 1607 553 sobrius,
1624 522 1648 549 si

861 569 1032 601 misericors,
1049 569 1072 596 si
1087 568 1191 603 justus,
1206 569 1229 596 si
1242 568 1316 596 mitis
1329 573 1356 596 et
1368 569 1505 596 humanus
1520 573 1571 600 est,
1587 576 1649 603 qute

862 614 957 649 utique
972 614 1042 641 bona
1058 622 1118 642 esse
1133 614 1226 642 nullus
1250 615 1374 650 ambigit,
1395 619 1460 641 tunc
1473 622 1649 649 consequens

861 660 1008 692 videbitur,
1024 664 1054 687 ut
1069 661 1093 687 ei
1108 661 1156 696 qui
1178 661 1285 688 obtinet
1300 661 1371 688 bona
1397 662 1541 693 virtutum,
1565 662 1649 688 etiam

861 706 933 741 quod
947 706 1024 734 deest
1041 707 1101 734 fidei
1117 708 1144 734 et
1160 709 1282 735 scientiae
1307 708 1467 735 conferatur
1478 729 1484 739 ,
1497 712 1523 735 et
1540 709 1568 736 in
1588 708 1649 743 qui-

862 753 914 780 bus
929 753 1061 779 maculari
1076 753 1184 780 videtur
1199 754 1259 788 ejus
1271 753 1337 785 vita,
1353 762 1413 789 quae
1431 758 1472 781 est
1485 755 1511 781 in
1535 754 1649 789 reliquis

863 799 1025 834 probabilis,
1043 800 1213 827 emendetur.
1239 799 1267 827 Si
1281 808 1347 828 vero
1365 800 1393 827 in
1412 800 1455 827 his
1476 807 1537 835 quae
1559 800 1649 835 palam

864 849 939 877 sunt,
954 846 1076 880 peccatis
1102 846 1242 873 involutus
1261 850 1401 881 permanet
1427 851 1453 872 ct
1478 846 1648 881 inquinatus,

863 899 917 919 non
930 899 973 919 me
983 895 1092 927 oportet
1107 892 1132 919 ei
1146 893 1249 927 aliquid
1262 893 1295 920 de
1311 892 1506 920 secretioribus
1519 896 1545 919 et
1559 900 1650 920 remo—

862 938 898 965 tis
914 938 1013 965 divinm
1029 937 1151 965 scientia).
1165 939 1303 973 proloqui,
1321 938 1368 966 sed
1389 938 1477 973 magis
1502 937 1650 973 protestari

861 988 889 1012 et
903 984 1052 1011 convenire
1066 992 1141 1017 eum,
1159 989 1188 1011 ut
1201 992 1314 1019 peccare
1329 985 1436 1012 desinat
1448 987 1474 1011 et
1490 988 1568 1011 actus
1584 991 1650 1010 suos

862 1038 877 1057 a
894 1030 969 1058 vitiis
990 1031 1127 1058 emendet.
1155 1030 1232 1064 Quod
1249 1031 1271 1058 si
1288 1031 1434 1066 ingesserit
1450 1038 1479 1058 se
1499 1035 1526 1058 et
1550 1038 1651 1065 provo-

862 1077 966 1103 caverit
981 1084 1031 1103 nos
1051 1076 1154 1108 dicere,
1170 1085 1231 1112 qum
1247 1085 1308 1104 eum
1329 1077 1420 1105 minus
1433 1081 1507 1104 recte
1526 1081 1650 1111 agentem

863 1130 916 1150 non
935 1126 1043 1157 oportet
1059 1122 1164 1156 audire,
1181 1123 1328 1158 prudenter
1355 1131 1417 1150 eum
1443 1123 1576 1150 debemus
1591 1125 1652 1150 clu-

862 1168 945 1201 dere;
975 1176 1038 1195 nam
1063 1168 1133 1195 nihil
1159 1169 1271 1196 omnino
1300 1169 1465 1204 respondere
1495 1169 1650 1196 auditorum

863 1222 945 1241 causa
962 1214 1028 1242 utile
1044 1223 1098 1241 non
1124 1215 1244 1248 videtur,
1272 1223 1305 1242 ne
1330 1214 1399 1242 forte
1423 1215 1579 1243 existiment
1599 1223 1652 1242 nos

863 1260 1053 1294 responsionis
1067 1260 1181 1295 penuria
1197 1260 1337 1287 declinare
1353 1263 1507 1292 certamen,
1529 1264 1556 1286 et
1584 1259 1652 1286 iides

862 1314 957 1333 eorum
973 1306 1099 1339 laedatur,
1114 1314 1170 1333 non
1187 1306 1398 1341 intelligentium
1411 1305 1583 1341 propositum
1599 1313 1651 1332 no-

863 1357 961 1380 atrum.
1323 1345 1327 1348 ‘

899 1397 932 1424 ν.
949 1397 1073 1433 Cumque
1089 1398 1147 1425 haec
1170 1396 1268 1425 Petrus
1282 1397 1396 1425 dixisset
1423 1396 1456 1424 ad
1472 1404 1522 1424 nos
1534 1417 1541 1427 ,
1556 1395 1651 1424 Niccta

864 1448 943 1479 rogat
958 1444 1080 1479 permitti
1097 1444 1149 1471 sibi
1164 1443 1255 1471 dicere
1267 1443 1381 1477 aliquid,
1399 1447 1480 1478 atque
1494 1443 1653 1477 indulgente

864 1488 946 1516 Petro
961 1497 1023 1516 cum
1047 1489 1128 1517 venia
1155 1489 1261 1524 inquit:
1286 1487 1407 1516 Obsecro
1424 1492 1462 1517 te.
1488 1487 1598 1514 domine
1615 1487 1652 1514 mi

864 1535 956 1568 Petre,
975 1536 1071 1563 audias
1087 1544 1130 1563 me
1143 1536 1222 1563 valde
1237 1535 1384 1563 sollicitati]
1407 1534 1446 1561 tui
1459 1538 1486 1562 et
1501 1538 1651 1565 verentem,

866 1589 900 1607 ne
923 1580 994 1608 forte
1011 1581 1038 1608 in
1052 1581 1202 1608 certamine
1215 1581 1286 1616 quod
1303 1580 1352 1607 tibi
1370 1585 1413 1607 cst
1439 1588 1502 1607 cum
1530 1579 1651 1609 Simone,

865 1629 988 1663 superari
1004 1627 1134 1655 videaris.
1152 1627 1228 1654 Solet
1242 1627 1315 1654 enim
1332 1626 1490 1661 frequenter
1514 1626 1651 1657 accidere,

865 1679 895 1701 ut
906 1675 952 1710 qui
962 1674 1103 1701 veritatem
1114 1673 1246 1702 defendit.
1255 1681 1309 1700 non
1324 1680 1430 1708 semper
1442 1672 1573 1702 obtineat,
1587 1672 1652 1698 dum

865 1725 912 1748 aut
924 1721 950 1747 in
963 1720 1055 1755 aliquo
1069 1720 1198 1756 praeventi
1211 1724 1276 1748 sunt
1287 1720 1437 1750 auditores.
1447 1722 1493 1745 aut
1504 1726 1557 1745 non
1571 1726 1653 1753 gran-

865 1766 926 1794 dem
940 1774 1035 1794 curam
1062 1766 1184 1794 melioris
1199 1766 1342 1794 sententiae
1361 1768 1469 1800 gerunt.
1487 1764 1575 1799 Super
1595 1764 1653 1791 luce

865 1815 956 1840 autem
982 1812 1074 1839 omnia
1099 1816 1125 1838 et
1141 1812 1199 1846 ipse
1226 1811 1320 1838 Simon
1337 1811 1595 1838 vehementissiums
1610 1813 1653 1837 est

865 1861 969 1889 orator,
985 1856 1013 1884 in
1029 1860 1087 1884 arte
1103 1856 1246 1883 dialectica
1257 1859 1283 1883 et
1295 1855 1516 1891 syllogismorum
1530 1855 1654 1882 tendicu—

865 1904 900 1931 lis
913 1904 1061 1935 enutritus.
1078 1902 1151 1938 quod
1167 1906 1256 1929 autem
1271 1906 1314 1929 est
1335 1901 1463 1929 omnibus
1481 1901 1602 1936 gravius,
1625 1905 1653 1928 et

866 1949 894 1976 in
907 1952 965 1976 arte
978 1949 1083 1983 magica
1094 1947 1172 1975 valde
1184 1946 1370 1981 exercitatus;
1381 1951 1409 1974 et
1424 1947 1484 1974 ideo
1500 1950 1601 1979 metuo,
1618 1954 1653 1974 ne

866 1995 936 2023 forte
952 2000 1006 2022 tam
1018 1994 1107 2022 valide
1120 2003 1154 2022 ex
1168 1995 1243 2022 omni
1267 1998 1346 2030 parte
1358 1994 1489 2024 munitus,
1504 1992 1575 2028 apud
1605 2000 1653 2019 eos

865 2041 912 2076 qui
925 2042 1050 2077 ignorant
1073 2049 1152 2071 eum.
1179 2041 1248 2068 falsa
1261 2041 1381 2075 allegans
1397 2043 1509 2075 putetur
1527 2046 1590 2066 vera
1605 2038 1654 2065 de-

867 2087 987 2115 fendere.
1004 2087 1096 2122 Neque
1112 2087 1184 2114 enim
1200 2087 1240 2114 vel
1256 2095 1307 2114 nos
1326 2086 1376 2121 ipsi
1390 2093 1451 2113 eum
1468 2085 1655 2120 potuissemus

865 2132 985 2168 effugere
999 2136 1026 2160 et
1038 2132 1160 2159 converti
1173 2131 1205 2158 ad
1223 2131 1380 2161 Dominum,
1397 2129 1449 2157 nisi
1461 2129 1526 2156 dum
1542 2127 1654 2161 adjuto-

867 2186 911 2205 res
921 2177 981 2212 ejus
991 2181 1019 2204 et
1026 2184 1152 2204 errorum
1164 2176 1232 2204 socii
1242 2175 1354 2207 fuimus,
1364 2175 1570 2210 agnovissemus
1580 2173 1654 2208 quod

36 2223 173 2256 prolatam,
202 2224 364 2252 collaudatis
379 2231 422 2251 me
444 2223 609 2251 adhortandi
628 2229 656 2251 et
682 2225 815 2252 incitandi
831 2222 853 2250 D
868 2223 997 2258 deceptor
1014 2226 1087 2250 esset
1100 2230 1132 2250 ac
1143 2230 1250 2258 magus.

37 2269 89 2297 sine
98 2269 181 2298 dubio
192 2271 293 2306 gratia,
303 2274 515 2305 eonsequentem
525 2271 609 2305 erepit
618 2270 747 2305 expedire
757 2278 816 2298 ser-

36 2323 154 2344 monem:
184 2315 376 2351 Opportunum
392 2316 459 2344 mihi
484 2324 556 2344 nunc
571 2320 598 2344 et
626 2316 813 2344 necessarium

35 2361 148 2394 videtur,
166 2363 202 2390 de
214 2363 258 2390 his
268 2370 329 2398 quae
349 2363 493 2391 imminent
507 2364 597 2399 aliqua
622 2363 771 2396 discutere,
787 2363 815 2390 id

34 2412 72 2434 cst
86 2407 119 2434 de
138 2407 265 2435 Simone.
283 2407 360 2436 Scire
383 2409 455 2436 enim
472 2408 570 2442 velim,
586 2409 685 2444 quibus
705 2408 741 2436 sit
756 2416 816 2435 mo-

35 2452 106 2481 ribus
120 2457 148 2481 et
174 2454 276 2489 quibus
291 2454 409 2487 actibus,
424 2453 498 2489 quod
513 2454 590 2487 mihi,
622 2454 646 2482 si
661 2454 724 2490 quis
749 2454 813 2487 scit,

35 2499 153 2528 indicare
163 2508 222 2528 non
240 2504 350 2534 cesset;
363 2500 448 2528 refert
462 2501 535 2528 enim
557 2501 610 2528 ista
632 2507 813 2535 praenoscere.

35 2545 97 2572 Nam
113 2547 136 2574 si
149 2547 178 2574 in
193 2548 330 2574 mandatis
343 2547 486 2578 habemus,
504 2552 533 2574 ut
545 2548 687 2574 venientes
700 2548 733 2574 ad
748 2548 815 2574 civi-

35 2595 111 2619 talem
122 2593 265 2620 discamus
276 2593 362 2627 prius,
374 2594 436 2627 quis
448 2594 474 2620 in
490 2601 521 2620 ea
535 2594 633 2627 dignus
650 2594 685 2620 sit
702 2597 730 2619 ut
742 2593 813 2627 apud

35 2645 91 2665 eum
106 2639 199 2667 cibum
215 2647 357 2667 sumamus
373 2640 412 2673 ";
442 2645 545 2675 quanto
572 2640 658 2674 magis
687 2640 814 2666 convenit

86 2717 108 2733 "
127 2716 226 2744 Matth.
240 2725 274 2751 x;
296 2716 363 2744 Luc.
381 2725 408 2744 ι.
454 2718 474 2733 ¹⁶
495 2717 590 2744 Matth.
608 2725 645 2743 vn
673 2716 698 2743 6.

903 2269 948 2297 Vl.
969 2269 1037 2297 Cum
1053 2269 1111 2297 inec
1124 2267 1219 2296 Niceta
1234 2268 1360 2299 dixisset,
1373 2266 1473 2301 Aquila
1490 2272 1599 2300 quoque
1609 2272 1656 2291 ro-

866 2323 933 2352 gans
945 2316 997 2343 sibi
1009 2314 1120 2343 dicendi
1135 2314 1291 2342 facultatem
1305 2313 1376 2344 dari,
1401 2313 1452 2339 hoc
1468 2311 1549 2338 modo
1570 2310 1655 2337 etiam

867 2363 926 2398 ipse
940 2366 1103 2398 prosecutus
1119 2365 1177 2389 est:
1202 2361 1328 2395 Suscipe,
1346 2367 1449 2395 quaeso,
1464 2363 1491 2386 et
1512 2357 1566 2384 mei
1589 2364 1655 2391 erga

867 2413 893 2436 te
905 2409 1007 2436 amoris
1020 2416 1126 2441 curam,
1147 2407 1248 2442 optime
1263 2406 1360 2438 Petre;
1375 2409 1402 2432 et
1414 2412 1464 2439 ego
1481 2403 1554 2431 enim
1576 2402 1656 2429 valde

867 2454 1003 2482 sollicitus
1019 2461 1079 2481 sum
1091 2461 1140 2488 pro
1152 2456 1190 2481 te.
1205 2452 1261 2480 Nec
1278 2451 1464 2487 reprehendas
1479 2457 1531 2477 nos
1546 2449 1573 2476 in
1590 2449 1654 2479 hoc,

864 2501 928 2536 quia
945 2509 1039 2528 curam
1054 2508 1148 2536 gerere
1164 2499 1280 2533 alicujus
1297 2507 1330 2526 ex
1347 2498 1443 2525 ail'ectu
1464 2497 1548 2527 venit,
1565 2494 1656 2530 negli-

866 2554 927 2581 gere
940 2550 1029 2572 autem
1047 2553 1102 2573 non
1119 2545 1211 2572 minus
1226 2547 1268 2571 est
1294 2551 1377 2579 quam
1405 2541 1508 2570 odisse.
1539 2539 1652 2566 Testem

865 2601 928 2619 vero
942 2593 1039 2620 invoco
1050 2591 1147 2621 Deum.
1159 2591 1224 2627 quia
1235 2598 1290 2618 non
1303 2594 1334 2617 ut
1346 2589 1498 2625 segniorem
1511 2591 1538 2614 te
1551 2586 1579 2613 in
1591 2593 1655 2612 cer:—

867 2640 968 2666 tamine
979 2639 1070 2667 sciens
1079 2642 1171 2666 metuo
1182 2645 1232 2673 pro
1245 2640 1282 2669 te,
1299 2636 1399 2671 quippe
1407 2635 1454 2671 qui
1466 2641 1517 2661 nec
1530 2639 1653 2668 unquam

678 2792 857 2822 COTELERli
877 2792 991 2820 NOTAE.

70 2874 126 2913 (60)
147 2875 286 2906 Bnnmmt.
299 2875 424 2909 Candel.,
444 2880 470 2903 et
493 2874 610 2904 Carmel.
639 2882 757 2910 quoque,
783 2873 911 2908 bromum,
927 2873 997 2909 quod
1026 2877 1078 2907 est,
1094 2870 1203 2908 βρόμον,
1226 2868 1368 2905 fremitum.
