1892 3105
30 143 86 171 1253

605 131 888 162 BECOGNITIONUM
908 132 971 160 LIB.
990 131 1022 160 ll.

1561 128 1632 157 ηεςι

28 207 61 228 vis
72 200 174 226 barbam
190 195 348 232 producam,
364 193 393 222 in
408 200 499 221 aerem
526 191 646 220 volando
666 190 792 221 invehar.
808 194 831 221 Α
846 190 921 225 virga
933 190 1071 223 transire;
1087 197 1171 225 super
1184 196 1240 224 quo
1250 187 1460 223 obstupefactus
1474 187 1632 220 Dositheus,

28 252 109 273 aurum
125 243 268 278 plurimum
291 241 446 274 ostendam,
464 247 542 275 reges
567 239 664 267 faciam
686 246 790 274 eosque

27 289 144 324 dejiciam.
156 286 296 314 Adorabor
306 290 333 312 ul
348 285 429 317 Deus,
444 285 551 320 publice
557 284 657 312 divinis
666 284 791 311 donabor

28 334 169 365 honoribus,
184 333 221 360 ita
241 338 271 360 ut
287 332 466 360 simulacrum
481 330 549 358 mihi
569 334 719 357 statuentes
733 329 789 364 (64)

26 387 137 416 tanquam
151 380 234 407 Deum
248 379 338 406 colant
353 382 381 405 et
393 377 517 405 adorent.
535 376 569 403 Et
585 376 649 411 quid
664 383 734 411 opus
747 380 791 403 est

26 428 97 454 multa
123 425 232 454 dicere?
247 424 379 460 quidquid
409 423 522 451 voluero
546 422 657 454 facere,
685 428 788 457 potem.

25 474 93 500 Multa
105 472 201 500 etenim
216 471 271 506 jam
289 470 356 497 mihi
370 469 547 505 experimenti
561 476 645 496 causa
661 475 792 496 consum-

25 524 84 546 mata
102 522 173 546 sunt.
194 517 316 552 Denique
336 514 494 550 aliquando,
510 515 609 550 inquit,
626 522 688 542 cum
705 520 791 541 mater

25 573 72 592 mea
82 564 175 591 Rachel
187 563 294 598 juberet
306 569 349 589 me
359 562 433 589 exire
445 561 478 589 ad
491 568 597 596 agrum,
608 565 638 587 ut
650 565 790 593 meterem,

25 618 64 645 ego
86 609 177 637 falcem
205 608 299 635 videns
318 606 435 642 positam
461 606 575 641 praecepi
594 605 619 633 ei
647 610 676 632 ut
695 605 746 632 iret
763 609 792 633 et

25 660 129 686 meteret,
143 661 169 682 et
187 654 300 681 messuit
315 652 430 688 decuplo
445 651 563 687 amplius
578 651 693 679 caeteris.
707 651 790 678 Multa

25 704 68 737 iam
83 709 148 729 nova
164 701 278 737 virgulta
292 699 407 735 produxi
424 699 458 726 de
474 703 546 726 terra
560 703 586 726 et
604 699 791 727 convalescere

25 757 47 776 ea
65 748 127 780 feci,
148 748 200 775 sub
227 750 366 774 momento
386 745 518 779 tempOris
544 751 675 779 apparere
693 744 744 772 feci
763 748 792 772 et

25 797 126 820 montem
141 791 306 827 proximum,
325 798 375 825 ego
394 789 515 817 secundo
534 788 680 823 perforavi.

50 833 77 861 Χ.
97 833 148 862 Sed
166 834 224 862 haec
238 842 301 861 cum
317 834 422 862 diceret
448 835 483 863 de
499 835 624 871 virgultis
647 837 790 871 productis

25 884 41 906 et
51 883 132 907 monte
145 879 297 915 perforato,
308 881 500 916 stupescebam
512 889 562 916 pro
572 889 617 914 eo,
626 882 699 917 quod
709 883 789 910 etiam
808 872 828 899 Β

25 932 61 953 nos
69 925 268 953 circumvenire
283 926 360 960 velit,
374 926 475 961 quibus
501 935 531 954 se
555 928 749 956 commendare
764 933 791 956 et

25 971 165 1000 concredere
193 972 357 1006 videbatur;
386 973 542 1001 sciebamus
572 973 645 1001 enim
676 975 748 1009 quod
776 983 791 1002 a

25 1017 111 1044 proavis
123 1017 179 1045 haec
195 1017 324 1051 fuissent,
336 1026 397 1053 qua:
413 1025 427 1045 a
441 1026 471 1046 se
482 1027 569 1054 nuper
579 1018 651 1046 facta
664 1019 792 1055 perhibe-

25 1067 63 1090 iat.
78 1063 136 1091 Haec
148 1072 214 1099 ergo
225 1072 276 1092 nos
292 1065 326 1091 ab
335 1072 368 1092 eo
378 1064 479 1100 ﬂagitia
489 1065 641 1097 audientes.
653 1069 680 1093 et
694 1066 790 1093 horum

25 1109 147 1142 leteriora,
161 1111 349 1145 sequebamur
373 1115 464 1139 tamen
480 1115 507 1139 et
525 1112 576 1147 ipsi
596 1111 657 1146 ejus
674 1113 789 1144 scelera.

25 1158 39 1180 ει
50 1155 111 1183 alios
119 1156 153 1183 ab
168 1164 201 1184 eo
217 1156 307 1192 decipi
322 1157 507 1191 patiebamur,
522 1157 606 1184 multa
618 1158 699 1185 etiam
715 1165 792 1185 men-

27 1200 101 1228 lentes
114 1209 162 1236 pro
180 1209 224 1234 eo,
252 1206 279 1229 et
300 1203 352 1229 hoc
368 1203 529 1238 priusquam
557 1203 660 1238 aliquid
687 1203 791 1230 faceret

25 1254 98 1274 mrum
109 1255 168 1283 qua:
183 1248 360 1284 promiserat,
376 1250 414 1277 ita
432 1253 462 1277 ut
477 1249 561 1277 nullis
584 1250 674 1277 adhuc
693 1250 789 1286 gestis,

25 1295 169 1322 inonnullis
185 1298 279 1322 tamen
294 1299 440 1331 putaretur
459 1295 542 1324 Deus.

44 1338 84 1366 XI.
104 1340 217 1368 interim
234 1341 262 1368 in
277 1341 359 1369 initio
382 1349 444 1370 cum
471 1343 562 1370 adhuc
583 1343 655 1370 inter
678 1342 791 1378 triginta

25 1383 124 1413 iosithei
136 1386 293 1422 discipulos
309 1387 469 1421 haberetur,
484 1389 569 1424 erepit
584 1389 636 1424 ipsi
660 1388 791 1416 Dositheo

25 1430 141 1466 lerogare,
167 1436 299 1468 tanquam
324 1433 371 1468 qui
389 1441 444 1461 non
465 1433 569 1469 integre
594 1441 645 1461 nec
670 1433 791 1469 perfecte

25 1474 120 1509 loceret,
137 1477 220 1514 idque
235 1486 297 1506 eum
310 1487 365 1507 non
377 1479 480 1507 invidia
495 1479 586 1507 facere
598 1479 646 1507 sed
661 1480 688 1507 in
701 1480 791 1508 scien-

25 1521 55 1549 ia.
70 1521 167 1551 Verum
180 1523 328 1553 Dositheus
344 1526 391 1553 ubi
406 1526 458 1554 sibi
470 1525 595 1561 derogari
610 1526 697 1553 sensit
707 1532 722 1552 a
743 1525 788 1553 Si-

25 1574 93 1599 none,
111 1576 210 1597 verens
222 1578 256 1597 ne
264 1570 358 1606 opinio
371 1579 422 1599 sua
439 1572 638 1600 obscuraretur
654 1571 726 1607 apud
738 1572 788 1600 ho-

26 1612 109 1647 uines,
136 1615 183 1651 qui
206 1625 269 1644 eum
294 1618 429 1653 putabant
455 1619 545 1654 ipsum
564 1627 626 1647 esse
650 1619 786 1651 Stantem,

26 1665 96 1687 urore
106 1666 271 1695 commotus,
285 1671 347 1690 cum
363 1664 397 1691 ad
409 1664 531 1692 scholam
549 1665 630 1692 solito
641 1664 788 1693 convenis-

26 1709 75 1737 ent,
91 1706 164 1743 virga
179 1713 307 1744 correpta
320 1710 467 1738 verberare
491 1709 631 1738 Simonem
645 1710 746 1745 coepit,
762 1714 790 1738 et

26 1757 113 1786 sponte
123 1762 172 1790 per
185 1763 288 1792 corpus
303 1757 363 1793 ejus
373 1757 454 1792 quasi
473 1765 522 1793 per
539 1757 656 1791 fumum,
671 1758 732 1786 visa
746 1760 790 1785 est

802 1551 825 1582 C

844 235 883 262 ait
896 235 930 262 ad
945 242 1026 262 eum:
1041 234 1089 262 Dic
1104 234 1182 266 mihi,
1199 234 1221 261 si
1236 238 1264 261 tu
1276 241 1306 261 es
1321 233 1414 264 Stans.
1428 237 1458 261 ut
1468 233 1577 261 adorem
1595 238 1631 261 te.

843 280 967 316 Cumque
984 280 1078 308 Simon
1088 279 1287 315 respondisset,
1305 286 1356 314 ego
1382 286 1444 306 sum
1455 298 1463 310 ,
1488 277 1634 307 Dositheus

842 328 940 355 videns
966 335 996 355 se
1010 335 1065 354 non
1093 334 1155 354 esse
1182 325 1319 356 Stantem,
1337 325 1437 354 cecidit
1464 331 1491 353 et
1509 325 1634 352 adoravit

843 380 916 404 eum,
932 376 960 400 et
984 372 1089 400 Simoni
1112 372 1223 408 quidem
1240 371 1313 398 cedit
1328 371 1511 406 principatum
1540 379 1632 402 suum.

844 417 952 452 ipsique
963 417 1075 445 obedire
1089 424 1197 444 omnem
1224 416 1337 451 triginta
1365 417 1487 443 virorum
1506 415 1631 443 ordinem

841 463 932 498 jubet,
948 463 1126 498 semetipsum
1144 470 1209 489 vero
1233 462 1262 489 in
1277 462 1367 489 locum
1390 461 1512 489 Simonis
1535 461 1634 488 statuit

842 513 871 538 et
887 517 943 536 non
958 509 1044 536 multo
1057 512 1117 544 post
1132 508 1278 536 defunctus
1293 511 1336 535 est
1353 507 1421 543 (65).

878 556 935 584 Xll.
957 556 1041 592 Igitur
1056 560 1117 591 post
1132 556 1236 583 obitum
1257 555 1381 583 Dosithei
1406 555 1500 582 Simon
1524 556 1630 590 accepit

842 602 958 634 Lunam,
976 610 1037 629 cum
1049 610 1102 637 qua
1120 610 1207 637 usque
1225 601 1259 628 ad
1274 609 1396 636 praesens
1414 602 1524 633 circuit,
1546 605 1576 628 nt
1591 603 1632 628 vi-

842 650 914 678 detis
925 649 1065 683 decipiens
1078 649 1175 675 turbas
1191 652 1218 675 et
1233 655 1372 679 asserens,
1386 648 1562 683 semetipsum
1574 648 1634 683 qui-

842 696 903 724 dem
918 696 1047 723 virtutem
1066 702 1127 722 esse
1139 694 1297 729 quamdam,
1312 702 1374 730 quae
1389 695 1425 721 sit
1437 701 1519 729 supra
1535 694 1633 721 condi-

843 747 928 769 torem
946 741 1041 774 Deum,
1060 740 1165 768 Lunam
1183 748 1248 768 vero
1266 748 1327 775 quae
1346 748 1439 767 secum
1455 744 1508 773 est,
1523 748 1585 768 esse
1599 740 1633 767 de

842 787 1032 823 superioribus
1047 786 1126 813 caelis
1146 786 1302 818 deductam,
1321 786 1504 822 eamdemque
1516 789 1633 814 cuncto-

843 841 903 861 rum
926 833 1084 869 genitricem
1104 832 1204 860 asserit
1218 840 1279 859 esse
1300 832 1474 866 sapientiam,
1497 839 1546 867 pro
1565 839 1631 867 qua,

842 880 942 915 inquit,
971 879 1058 906 Graeci
1092 883 1120 906 et
1142 879 1251 906 barbari
1273 879 1461 913 confligentes.
1486 879 1632 914 imaginem

842 927 951 962 quidem
966 926 1027 961 ejus
1043 925 1099 959 (66)
1119 926 1210 961 aliqua
1223 934 1256 953 ex
1272 930 1351 961 parte
1365 926 1457 953 videre
1473 930 1631 960 potuerunt,

842 973 928 1008 ipsam
944 980 1008 999 vero
1023 976 1053 999 ut
1067 976 1120 1003 est,
1142 972 1251 1006 penitus
1268 972 1441 1007 ignorarunt,
1457 973 1558 1007 quippe
1570 980 1632 1008 qua:

842 1017 914 1053 apud
940 1017 1015 1044 illum
1035 1018 1154 1052 primum
1183 1017 1305 1044 omnium
1330 1022 1358 1045 et
1381 1018 1469 1045 solum
1495 1018 1632 1045 habitaret

842 1063 936 1091 Deum.
959 1062 991 1091 Et
1009 1063 1065 1090 haec
1078 1067 1161 1098 atque
1176 1063 1227 1090 alia
1243 1063 1287 1091 his
1298 1063 1397 1091 similia
1409 1071 1471 1090 cum
1485 1063 1630 1091 verborum

842 1117 939 1144 pompa
961 1109 1114 1144 proferens,
1143 1108 1252 1144 decepit
1274 1109 1385 1136 multos.
1407 1108 1459 1137 Sed
1477 1114 1504 1137 et
1520 1110 1572 1137 hoc
1590 1109 1629 1136 in—

841 1156 933 1183 dicare
955 1155 1052 1187 debeo,
1075 1155 1148 1190 quod
1166 1155 1224 1190 ipse
1247 1163 1297 1190 ego
1327 1155 1431 1183 vidisse
1447 1164 1491 1183 me
1506 1156 1630 1188 memini,

841 1209 902 1229 cum
913 1206 987 1229 esset
999 1201 1149 1237 aliquando
1158 1201 1235 1229 Luna
1248 1202 1294 1228 illa
1305 1201 1365 1236 ejus
1378 1201 1404 1228 in
1420 1202 1489 1228 turri
1501 1202 1630 1237 quadam,

841 1247 991 1275 multitudo
1006 1247 1104 1283 ingens
1120 1247 1154 1274 ad
1170 1255 1229 1274 eam
1251 1252 1418 1275 convenerat
1437 1248 1632 1283 pervidendam

841 1299 868 1322 et
882 1293 1003 1329 undique
1015 1294 1090 1321 circa
1105 1293 1204 1321 turrim
1226 1294 1334 1327 stabat;
1347 1298 1375 1321 at
1395 1294 1441 1321 illa
1463 1302 1512 1330 per
1534 1301 1633 1322 omnes

842 1339 976 1367 fenestras
992 1340 1078 1367 turris
1094 1340 1168 1368 illius
1184 1340 1258 1367 omni
1280 1340 1383 1375 populo
1395 1340 1576 1375 procumbere
1599 1348 1632 1368 ac

840 1386 999 1422 prospicere
1014 1386 1171 1414 videbatur.
1185 1385 1219 1413 Et
1234 1387 1321 1413 multa
1333 1386 1386 1413 alia
1408 1385 1546 1413 mirabilia
1567 1385 1633 1414 fecit

840 1436 868 1461 et
882 1433 959 1466 facit,
976 1433 1015 1460 ita
1036 1437 1067 1460 ut
1088 1437 1232 1469 stupentes
1249 1440 1299 1468 pro
1320 1432 1365 1460 bis
1383 1432 1511 1460 homines
1532 1436 1632 1468 putent

840 1486 903 1507 eum
915 1479 1005 1513 ipsum
1021 1486 1083 1507 esse
1098 1486 1236 1507 summum
1250 1477 1346 1507 Deum.

878 1524 949 1553 Xlll.
968 1523 1037 1553 Nam
1054 1525 1121 1552 mibi
1136 1525 1283 1560 aliquando
1296 1529 1323 1553 et
1337 1524 1439 1553 Nicetaa
1452 1524 1629 1561 rogantibus.

841 1576 871 1599 ut
884 1575 1031 1607 exponeret
1041 1571 1179 1607 quomodo
1190 1571 1247 1598 haec
1259 1571 1368 1606 possint
1382 1576 1442 1599 arte
1457 1571 1563 1606 magica
1586 1570 1627 1598 ef-

840 1617 895 1650 ilci,
912 1622 938 1645 et
950 1625 1011 1653 qua:
1022 1621 1095 1645 esset
1108 1617 1189 1652 hujus
1201 1617 1241 1644 rei
1257 1621 1366 1649 natura,
1385 1616 1479 1644 Simon
1496 1621 1631 1652 tanquam

839 1665 1020 1692 familiaribus
1036 1664 1094 1692 suis
1108 1665 1254 1699 explanare
1280 1664 1319 1691 ita
1345 1664 1448 1699 coepit:
1471 1663 1565 1697 Pueri,
1586 1664 1630 1691 in-

840 1711 911 1746 quit,
926 1710 1077 1746 incorrupti
1100 1714 1128 1737 et
1139 1710 1276 1737 violenter
1304 1710 1406 1742 necati,
1429 1710 1547 1737 animam
1570 1709 1630 1745 (67)

840 1756 1039 1792 adjuramentis
1054 1755 1237 1784 ineil‘abilibus
1260 1760 1403 1784 evocatam
1419 1756 1551 1784 assistere
1561 1755 1629 1783 mibi

637 1836 818 1866 COTELERII
834 1836 950 1865 NOTAE}.

43 1923 93 1958 (ει)
108 1922 152 1951 Ita
167 1928 197 1951 ut
212 1924 385 1952 simulacrum
406 1925 472 1953 mihi
496 1930 652 1954 statuentes.
673 1924 758 1954 Recte
772 1934 788 1954 a

26 1959 37 1996 ξ.
56 1959 151 1996 [regiam
168 1959 216 1987 lib.
234 1967 258 1996 ι,
276 1967 336 1995 cap.
352 1960 406 1992 20,
426 1961 533 1996 publica
561 1966 650 1989 statua
668 1961 788 1989 Simonis

26 1993 71 2033 lagi
86 1993 177 2036 itomae
198 1995 297 2036 posita,
312 1993 475 2036 'sccerni't‘nr
492 1996 533 2036 ab_
545 1996 788 2036 imagineprivata

26 2030 119 2067 rinionis
130 2029 223 2067 spec_i_e
233 2029 319 2067 iovis,
332 2039 414 2065 quam
428 2031 582 2067 Simoniani
598 2029 660 2059 cum
672 2029 789 2067 iinagine

26 2064 112 2101 elenes
122 2064 175 2101 seu
192 2064 301 2101 Helenae
314 2064 385 2093 facta
401 2066 435 2093 ad
450 2066 562 2101 ﬁguram
580 2067 708 2094 Minerva:
723 2064 789 2094 adu-

26 2099 106 2127 ibant.
122 2099 149 2127 id
167 2100 279 2136 monui,
297 2101 361 2136 quia
384 2101 414 2128 Β.
430 2099 599 2136 Augustinus
619 2102 647 2129 in
664 2102 733 2130 libro
751 2102 790 2129 De

27 2135 140 2172 teretibus
151 2135 272 2172 _videtur
291 2135 381 2172 minus
394 2135 523 2164 distincte
538 2137 621 2172 loqui.
643 2137 739 2165 dicens
753 2139 787 2165 de

30 2169 111 2198 imone
123 2180 130 2198 :
142 2170 235 2198 Jovem
250 2179 277 2198 se
287 2171 357 2198 credi
368 2171 480 2203 volebat,
495 2169 639 2199 Minervam
660 2181 719 2199 t'ero
733 2181 787 2199 me-

27 2205 117 2232 .vtricem
138 2205 283 2241 quamdam
297 2205 421 2238 Selenen;
436 2215 515 2241 quant
529 2208 580 2234 sibi
595 2208 693 2234 sociant
710 2210 789 2235 scele-

27 2248 63 2278 tnt
73 2239 168 2278 fecerat
185 2241 388 2278 :__imaginesqttc
398 2246 427 2278 ret
442 2239 520 2278 suam
535 2248 558 2269 et
570 2242 686 2278 ejusdem
704 2252 788 2270 ntere-
804 2239 826 2267 ι)

27 2275 76 2302 ’ἱεὶι
87 2275 292 2313 Δίεεὶριιιὶσ-ειιίε
305 2275 608 2311 prd-bebatadorandas,
621 2287 686 2313 quas
702 2284 726 2305 et
737 2278 788 2305 Ro-

27 2318 52 2336 rtz
68 2315 194 2347 tanquam
213 2311 321 2338 deorum
339 2313 484 2340 simulacra
505 2311 664 2340 auctoritate
682 2314 788 2348 publica

27 2348 181 2376 instituerat.

225 2379 308 2406 multo
316 2385 381 2442 lpost
396 2381 535 2422 defunctus
549 2382 722 2424 est._Morter_n
736 2382 788 2409 Do-

27 2419 38 2440 li
73 2422 81 2441 ι
94 2415 226 2442 descnbu
240 2420 301 2442 post
339 2416 496 2442 omhamum
513 2417 607 2442 haeresi
621 2418 663 2442 15.
678 2417 787 2442 Nicetes

27 2415 85 2450 ltbei
94 2415 226 2443 describit
240 2420 301 2450 post
316 2415 496 2450 Epiphanium
513 2417 607 2444 haeresi
621 2418 664 2449 15,
678 2417 787 2445 Nicetes

29 2449 147 2477 honiates
159 2450 209 2477 lib.
224 2449 390 2482 I'Tltetauri,
403 2459 427 2478 c.
440 2451 484 2478 55.
503 2451 588 2479 Paulo
601 2452 679 2479 aliter
692 2453 718 2479 in
732 2452 790 2479 Νο-

29 2484 197 2523 ςᾉιῃ-θιηιηιί
217 2485 399 2523 Ecchellensis
420 2485 559 2514 Maronitae
575 2489 608 2514 ad
625 2488 786 2523 Catalogum

30 2519 160 2553 cbcdjesu,
174 2528 200 2554 p.
218 2519 277 2546 164.

40 2553 260 2593 (ϐϋλιιιηαζιίηειη
283 2555 389 2590 quidem
401 2555 485 2593 pejus,
507 2560 559 2593 e_tc.
578 2556 654 2584 Haud
671 2557 785 2593 dubium

27 2589 66 2615 uin
81 2589 381 2627 Simon__cmnrncntum
400 2589 501 2627 hucrde
516 2591 591 2627 Luna
613 2593 660 2619 seu
677 2591 784 2627 Selene,

27 2630 71 2660 Icta
83 2625 164 2651 etiam
179 2624 290 2656 Helena,
305 2625 426 2653 hauserit
442 2626 476 2653 ab
492 2626 625 2660 ethnicis;
642 2634 704 2654 cum
722 2626 784 2654 Pla-

28 2659 76 2696 gnir
91 2660 208 2696 insignia
225 2660 310 2696 verba
328 2665 444 2696 exstent,
459 2661 506 2688 lib.
526 2669 552 2688 nt
574 2662 611 2688 De
627 2662 759 2696 republica
773 2670 784 2689 :

28 2694 38 2734 ξ)
50 2694 94 2728 τῆς
112 2694 234 2737 Ἑλένῃςλ
242 2695 350 2722 εἴδωλον
369 2695 422 2737 {me
439 2696 502 2737 τῶν.
514 2697 543 2722 ὲν
557 2697 643 2737 Τροίῇ
652 2694 782 2737 ξῖηςῐχο-

28 2729 46 2758 ἒς
61 2737 124 2767 Ῠῃᾳι
140 2730 477 2767 γενέσθαι-περψάχητον,
490 2729 644 2767 ἁγνοιᾳξητοῦ
656 2729 782 2767 ἀλήθόῦς.

29 2771 40 2788 e
65 2764 169 2791 Helena:
188 2764 494 2801 imagine-Stesichorus
515 2764 558 2794 ait
573 2764 708 2801 'Trojanoi
729 2769 782 2795 reri

28 2800 163 2837 ituram!
174 2800 331 2837 decertans.
345 2800 498 2837 Item,Seitti
515 2800 644 2837 Empirici
657 2803 781 2830 adversus

28 2833 199 2872 'ulheyttttcos
210 2834 257 2862 lib.
271 2843 318 2867 vn.
332 2844 357 2870 p.
373 2836 501 2872 184,185
516 2846 522 2864 :
541 2833 648 2872 Ἑλένης
661 2837 779 2871 εἴδωλον,

28 2868 62 2903 Ep!
74 2866 105 2897 οὖ
118 2868 249 2905 δεκαέτης
269 2866 383 2906 auus-wn
405 2866 531 2908 πόλεμος.
548 2866 654 2899 Helena:
670 2866 780 2901 simula;

839 1935 923 1959 crum,
935 1935 983 1961 pro
991 1934 1042 1960 quo
1053 1925 1198 1960 conﬂatum
1213 1925 1265 1960 fuit
1280 1924 1378 1961 bellum
1392 1924 1481 1961 decent
1492 1932 1637 1953 annorum.

840 1960 974 1990 Caeterum
988 1961 1099 1996 quando
1113 1960 1211 1988 Celsus
1219 1961 1290 1995 apud
1299 1960 1443 1996 Qrigenem
1459 1960 1629 1996 Simonianis

839 1998 898 2025 vult
913 1995 1070 2032 impositum
1086 1995 1558 2032 fuisse,nomenHelenianorumab
1573 1995 1629 2025 He-

841 2033 914 2064 lena,
929 2030 969 2059 vel
980 2035 1147 2067 praeceptore
1158 2030 1272 2063 Heleno,
1287 2031 1314 2058 in
1325 2030 1427 2058 Heleno
1440 2039 1494 2058 non
1507 2030 1628 2066 jocatur,

841 2069 948 2104 opinor,
960 2067 1014 2104 sed
1029 2071 1113 2104 errat.

878 2103 935 2138 (67)
953 2102 1034 2130 Pueri
1047 2102 1194 2136 incorrupti
1211 2107 1236 2128 et
1256 2101 1384 2138 violenter
1398 2102 1484 2128 necati
1497 2103 1626 2138 animant.

840 2138 966 2166 Justinus
984 2142 1086 2172 martyr
1101 2137 1310 2172 apologeticoi.
1328 2145 1354 2171 p.
1372 2137 1407 2164 65
1421 2146 1428 2163 :
1449 2137 1482 2163 Ai
1499 2137 1628 2172 ἀδιαφθό-

841 2183 895 2210 ρων
916 2173 1019 2210 πᾳιδων
1041 2173 1233 2210 ὲτιεοπιυεειξεειςι
1252 2172 1352 2210 Παῖδας
1367 2172 1510 2210 ἀφθρρους,
1528 2173 1555 2199 in
1573 2172 1626 2210 _So-

842 2207 927 2240 crate.
941 2209 989 2236 lib.
1007 2216 1049 2240 nt,
1066 2215 1126 2242 cap.
1148 2208 1191 2235 15.
1212 2207 1339 2234 Horatius
1358 2208 1469 2242 epod.v,
1484 2215 1560 2242 puer,
1574 2208 1626 2234 im-

837 2244 902 2278 pube
915 2252 1018 2277 corpus.
1034 2244 1110 2277 Apud
1125 2243 1284 2275 Eusebium,
1296 2242 1367 2269 Hist.
1380 2243 1426 2270 lib.
1441 2251 1490 2273 vlt.
1503 2250 1564 2277 cap.
1581 2243 1625 2271 10:

842 2279 981 2314 σπλάγχνα
998 2279 1108 2314 νεογεγῆ
1120 2298 1127 2309 ,
1153 2278 1214 2314 lib,
1227 2285 1292 2314 Vin,
1308 2285 1379 2314 Acap.
1398 2279 1443 2314 £75,
1469 2282 1496 2306 et
1513 2277 1553 2305 De
1573 2279 1628 2306 vita

840 2312 1008 2342 Constantini
1019 2313 1038 2344 Ι,
1048 2312 1236 2350 δεξιὴεογενῷν
1247 2312 1388 2350 στξλᾲγχνα
1406 2313 1524 2350 βρεφῶν.
1538 2314 1627 2350 Chry-

839 2355 988 2381 sostonius,
1001 2354 1066 2376 tom.
1076 2348 1108 2380 ν,
1124 2348 1256 2376 concione
1268 2348 1286 2374 2
1297 2348 1335 2374 De
1344 2348 1459 2380 Lazaro,
1477 2349 1545 2376 νέων
1557 2348 1627 2376 ἀπᾶ-

839 2385 892 2419 ᾉῷν
905 2384 1031 2419 (σώματα
1055 2383 1255 2418 κατασφάττειν
1267 2403 1274 2415 ,
1292 2391 1372 2418 quem
1389 2388 1416 2411 et
1431 2384 1493 2412 vide
1514 2385 1626 2412 homilia

838 2418 874 2445 28
901 2418 929 2445 in
942 2418 1109 2446 Matt/usum.
1125 2419 1294 2454 Augustinus
1310 2419 1357 2446 lib.
1374 2427 1439 2446 xvltl
1468 2419 1507 2447 De
1521 2421 1628 2447 ciuitate

839 2454 888 2481 Dei
902 2462 963 2489 cap.
976 2454 1027 2482 55:
1040 2454 1110 2481 Puer
1126 2454 1266 2481 anniculus
1282 2454 1383 2480 occisus
1393 2474 1400 2486 ,
1420 2459 1445 2481 et
1466 2455 1626 2487 dilaniatus,

837 2494 862 2516 et
877 2488 1045 2523 ritu’nefaria
1058 2489 1172 2524 sepultus
1187 2494 1235 2516 est.
1246 2488 1297 2515 Alii
1314 2490 1461 2524 innumeri.
1476 2490 1543 2523 Quis
1553 2490 1626 2517 enim

838 2532 893 2561 non
911 2525 1076 2561 memoravit
1082 2532 1175 2561 quam
1199 2527 1297 2561 vocant
1312 2523 1539 2561 lfsychagogiam.
1559 2524 1627 2561 Psy-

837 2560 1040 2595 chomantiam,
1066 2559 1301 2595 Necyomantiam,
1320 2559 1551 2592 Necromantiam.
1577 2559 1625 2588 seu

835 2594 913 2629 juxta
930 2594 1112 2622 Barbarorum
1124 2593 1470 2630 'lllios,_l‘iigrmnantiam,
1498 2595 1624 2630 peritiam

837 2628 927 2671 ἐξεπιάί
942 2630 1048 2671 animas
1062 2629 1215 2671 abinferjs,
1224 2628 1326 2671 Manes.
1334 2630 1469 2671 sepulcris
1486 2628 1627 2671 eligendi?

837 2663 892 2692 Nec
916 2666 1048 2700 pra-teriri
1070 2666 1150 2693 debet
1167 2664 1200 2700 de
1224 2663 1393 2700 Simonianis
1416 2666 1493 2693 loctts
1515 2664 1624 2692 Tertul-

837 2699 978 2735 lianifcap.
996 2701 1099 2735 penult.
1121 2700 1167 2727 lib.
1183 2699 1222 2727 De
1238 2700 1328 2726 anima
1343 2708 1352 2727 :
1371 2699 1437 2727 Ecce
1459 2700 1535 2727 hodie
1553 2701 1625 2734 ejus-

836 2735 894 2762 dem
905 2734 1020 2762 Simonis
1039 2735 1174 2763 ha’reticos
1190 2740 1264 2762 tanta
1274 2736 1443 2769 prmanmptio
1459 2736 1525 2762 artis
1538 2736 1625 2762 cxtol-

838 2771 875 2796 lit.
894 2776 922 2813 ut
936 2772 1209 2813 etiam'Prop/tetarttm
1220 2771 1368 2813 animarat!
1378 2771 1469 2803 inferis
1486 2778 1586 2813 movere
1597 2777 1626 2798 sa

837 2807 991 2839 spondeam.
1006 2805 1039 2832 Et
1052 2807 1129 2833 credo
1137 2806 1199 2840 quia
1211 2805 1346 2832 niendacio
1356 2810 1476 2840 possunt.
1488 2805 1565 2838 Quod
1575 2813 1625 2832 au-

838 2845 891 2867 tem
906 2841 1083 2868 doctissimus
1100 2841 1254 2868 Gronovius
1271 2840 1440 2868 Observator.
1456 2840 1483 2867 in
1504 2841 1625 2874 Scripto-

837 2875 910 2903 ribus
925 2876 1110 2903 ecclesiasticis
1124 2883 1185 2910 cap.
1205 2876 1220 2902 4
1240 2876 1304 2911 legit
1321 2876 1347 2903 in
1355 2875 1488 2904 Aldhelmi
1502 2876 1562 2904 loco
1576 2883 1625 2903 su-
