1892 3105
45 94 105 121 1257

630 89 914 120 ιιιξεοϐΝιτιοΝυιι
931 91 996 118 LIB.
1015 91 1048 119 il.

1580 91 1650 119 ηδτ

42 155 80 177 tus
92 149 134 181 sit,
153 149 221 184 quod
237 149 403 177 immrtales
419 153 483 176 sunt
501 148 598 175 animae
611 153 637 176 et
647 149 807 183 jndicantur
822 150 844 178 Δ
859 147 954 176 fideles
970 155 985 174 a
1002 147 1128 175 ﬁdelibus
1139 153 1165 175 et
1177 147 1420 182 piidiscernantur
1428 149 1463 175 ab
1473 148 1575 183 impiis,
1587 157 1650 183 per-

41 203 82 231 pro
91 196 130 223 his
141 203 198 231 quze
205 196 348 231 gesserint,
358 200 384 222 et
393 195 438 230 qui
447 203 476 222 se
482 198 557 229 putet
566 202 595 222 re
605 195 663 229 ipsa
676 194 766 222 videre
775 202 808 221 ea

40 248 92 275 quae
105 248 152 268 nos
165 241 214 267 ﬁde
230 241 379 269 credimus.
398 241 533 275 quamvis,
547 243 576 266 nt
592 239 658 271 dixi,
677 240 808 268 illudatur

38 295 52 314 a
63 287 230 318 daemonibus.
244 291 335 314 tamen
350 287 498 314 arbitratur
513 294 542 314 se
556 287 642 321 ipsam
657 287 753 314 animat
767 287 808 313 vi-

38 333 93 359 dere
106 332 292 360 substantiam.
304 331 419 364 Quando
429 331 484 362 hic,
497 331 618 366 inquam,
628 331 756 359 fatebitur
766 332 808 358 vel

38 378 137 405 malese
154 385 231 412 agere
248 378 275 404 in
293 381 370 404 tanto
384 378 456 404 malo
473 378 590 412 positus,
615 378 658 405 vel
677 377 807 412 judican-

34 422 91 450 dum
105 430 134 450 se
148 429 196 457 pro
206 422 249 449 his
265 429 327 457 quae
339 422 436 457 egerit,
449 423 495 456 qui
510 422 601 449 sciens
613 421 660 449 Dei
673 422 806 456 judicium

36 468 172 495 contemnit
191 472 217 495 et
235 467 376 495 inimicum
402 475 432 495 se
459 467 569 495 exhibet
590 467 655 501 Deo,
675 472 702 495 et
726 469 808 496 audet

35 518 82 540 tam
93 512 205 540 nefanda
218 513 408 541 committere?
422 512 500 541 Unde
516 518 620 541 certum
635 519 688 545 est,
708 514 807 541 fratres

36 558 236 586 meimonnullos
249 558 358 585 veritati
372 565 405 586 ac
417 558 540 593 religioni
556 558 604 585 Dei
615 566 669 585 non
684 559 744 586 ideo
760 557 808 585 ad-

34 603 136 636 versari,
151 603 222 638 quod
245 603 285 630 eis
303 603 366 631 ﬁdei
382 603 452 630 ratio
486 611 658 639 nequaquam
679 608 807 632 constare

34 647 157 680 videatur,
172 648 219 675 sed
237 648 303 682 quia
323 651 370 675 aut
384 648 524 675 nimietate
539 653 711 683 peccatorum
730 649 807 676 invo-

34 693 84 725 luti,
97 698 142 720 aut
155 693 232 720 malis
250 694 309 720 suis
325 694 461 728 prazvenli
473 697 501 721 et
516 698 624 722 tumore
637 694 729 722 cordis
742 695 806 722 elati

34 742 97 770 sunt,
112 738 148 764 ita
166 742 194 764 ut
208 745 257 765 nec
267 745 299 765 ea
313 738 423 772 quidem
437 738 561 771 credant,
577 747 637 774 qua:
648 739 735 767 oculis
749 739 806 768 suis

34 790 58 809 se
71 782 156 809 videre
169 782 346 810 arbitrantur.

60 847 133 876 XVII.
155 847 254 876 Verum
270 850 398 884 quoniam
412 850 531 885 ingenita
547 859 612 887 erga
633 851 718 879 Deum
735 860 804 879 con-

34 893 134 921 ditorem
149 893 276 921 sufﬁcere
291 893 325 921 ad
339 894 454 922 salutem
467 896 610 924 videbatur
625 897 734 924 aﬂ'ectio
750 898 803 931 his,

34 938 69 972 qui
83 938 223 973 diligerent
238 945 312 971 eum,
326 939 417 966 studet
438 939 567 968 inimicus
590 941 661 968 hanc
683 941 805 969 affectio-

34 991 83 1010 nem
98 984 125 1010 in
140 983 298 1010 hominibus
313 987 480 1018 pervertere,
496 989 523 1012 et
547 986 674 1014 inimicos
688 994 735 1014 eos
748 986 804 1014 cm-

34 1037 82 1056 L-ere
102 1033 181 1064 atque
204 1029 325 1064 ingratos
340 1029 482 1057 Conditori
507 1039 567 1059 suo.
593 1031 692 1059 Testor
713 1036 804 1060 autem

34 1074 116 1101 coelum
128 1078 288 1105 aeterram,
303 1074 376 1109 quod
393 1075 416 1102 si
431 1080 563 1110 quantum
585 1078 661 1112 cupit
676 1078 804 1106 inimicus

34 1119 160 1152 ileszevire,
175 1119 380 1154 permitteretur
392 1121 475 1147 etiam
491 1128 505 1148 a
530 1121 595 1152 Deo.
620 1123 685 1150 olim
708 1131 804 1151 omnes

34 1165 141 1193 homines
155 1166 345 1200 deperissent;
361 1167 409 1194 sed
432 1168 628 1196 misericordia:
645 1177 729 1197 causa
748 1177 804 1198 non

34 1212 84 1237 sinit
99 1211 178 1239 Deus.
195 1211 274 1244 Quod
288 1212 312 1239 si
320 1212 342 1228 “
358 1212 483 1240 aﬂ‘ectum
499 1221 578 1240 suum
596 1214 721 1243 homines
737 1223 805 1243 con-

34 1260 156 1284 verterent
171 1258 205 1284 ad
219 1257 314 1288 Deum,
333 1265 428 1285 omnes
443 1259 502 1286 sine
520 1259 603 1287 dubio
618 1261 801 1295 salvarentur,

34 1303 96 1329 etiam
111 1303 133 1330 si
150 1311 199 1338 pro
211 1304 349 1339 aliquibus
375 1304 482 1332 delictis
500 1305 536 1332 ob
550 1306 686 1340 justitiam
700 1308 803 1343 corripi

34 1347 180 1376 viderentur.
199 1348 253 1376 Sed
268 1357 342 1376 nunc
358 1349 468 1384 plurimi
488 1349 630 1377 hominum
646 1351 750 1378 inimici
762 1351 803 1379 ef-

34 1394 80 1421 ecti
94 1398 156 1422 sunt
176 1395 236 1429 Dei,
261 1403 378 1431 quorum
392 1396 528 1431 malignus
539 1398 622 1424 corda
640 1400 801 1432 penetravit,

34 1444 48 1465 τι
73 1440 197 1468 attectum
223 1449 305 1476 quem
331 1442 371 1469 eis
396 1435 523 1469 conditor
542 1442 613 1470 Deus
638 1444 801 1478 inseruerat,

859 194 974 221 missum
988 198 1030 221 est
1044 194 1164 229 maligno
1177 195 1215 221 uti
1232 195 1275 222 his
1285 195 1402 226 artibus,
1415 195 1516 230 quibus
1527 195 1649 229 singulo-

859 246 920 266 rum
931 246 995 274 erga
1009 246 1103 266 verum
1117 244 1258 274 parentem
1278 240 1427 274 probentur
1437 239 1561 266 aﬁ'ectus.
1572 239 1650 271 Quod

858 285 882 311 si
895 284 917 301 ¹⁶
930 291 994 311 vere
1013 289 1087 311 esset
1110 285 1210 319 aliquis
1229 285 1298 312 deus
1320 285 1438 316 alienus,
1452 289 1544 312 tamen
1557 285 1592 311 ab
1605 292 1648 312 eo.

858 329 905 365 qui
921 337 972 356 nos
995 335 1139 358 creaverat
1164 330 1267 366 quique
1291 330 1372 358 nobis
1383 336 1458 365 pater
1478 334 1505 357 et
1523 330 1651 357 conditor

859 375 958 407 fuerat,
977 379 1120 403 rectumne
1138 380 1210 407 erat,
1227 376 1324 403 relicto
1348 377 1459 411 proprio
1475 375 1594 403 transire
1616 376 1650 402 ad

858 420 998 447 alienum?
1016 421 1049 447 Et
1070 421 1169 455 Aquila
1186 431 1191 448 :
1208 420 1308 448 Absit!
1325 421 1424 455 inquit.
1444 420 1514 447 Tum
1531 419 1647 448 Petrus:

857 466 1000 500 Quomodo
1009 475 1075 502 ergo
1085 467 1210 495 dicemus
1222 467 1370 501 malignum
1382 475 1444 494 esse
1457 474 1568 494 causam
1583 474 1649 502 pec-

856 512 912 538 cati
929 512 1028 543 nostri,
1041 519 1104 539 cum
1118 512 1171 539 hoc
1179 512 1316 547 permissu
1326 511 1373 538 Dei
1389 511 1445 544 ﬁat,
1455 515 1485 538 ut
1499 519 1548 546 per
1560 511 1649 546 ipsum

857 558 1010 592 probentur
1023 561 1050 585 et
1066 557 1094 584 in
1109 558 1153 585 die
1165 557 1263 592 judicii
1282 562 1433 592 arguantur
1452 557 1478 584 hi
1497 557 1545 592 qui
1560 557 1650 591 majo-

857 604 935 632 ribus
952 604 1200 639 pollicitationibus
1224 604 1343 635 invitati,
1359 604 1416 631 veri
1437 603 1524 638 patris
1539 606 1566 630 ct
1585 610 1650 630 con-

858 649 957 676 ditoris
972 650 1016 676 sui
1033 649 1196 684 reliquerint
1213 649 1353 684 pietatem,
1374 649 1401 676 hi
1421 657 1488 676 vero
1503 649 1549 684 qni
1569 648 1649 675 ﬁdem

857 699 885 722 et
900 695 1062 722 charitatem
1078 696 1181 730 proprii
1195 696 1292 730 patris,
1306 696 1388 722 etiam
1404 703 1465 722 cum
1475 700 1648 730 paupertate,

857 741 881 768 si
896 741 1040 772 acciderit,
1055 745 1082 768 et
1097 749 1160 769 cum
1177 742 1354 770 tribulatione
1368 743 1550 773 servaverint,
1567 742 1648 769 donis

858 787 1017 815 ccelestibus
1035 787 1063 814 in
1079 795 1164 823 regno
1179 788 1239 822 ejus
1259 793 1285 816 et
1306 789 1508 815 immortalibus
1525 788 1649 817 muneri-

821 819 844 850 Β
858 834 910 861 bus
920 834 1098 869 perfruantur
1132 834 1185 862 Sed
1193 819 1255 862 haec
1269 835 1339 863 alias
1353 835 1513 870 diligentius
1527 843 1648 870 expone—

855 889 927 908 mus.
949 881 1020 914 Quid
1050 886 1141 909 autem
1166 880 1261 908 Simon
1285 882 1371 917 egerit
1394 887 1455 917 post
1482 883 1550 915 haec,
1575 884 1648 911 scire

853 927 945 962 cupio.

890 972 961 1000 XIX.
983 973 1016 1000 Et
1035 972 1132 1001 Niceta
1148 975 1290 1010 respondit
1306 984 1313 1002 :
1328 975 1378 1003 Ubi
1396 976 1564 1004 intellexisse
1583 984 1645 1004 cum

854 1019 1005 1052 sensimus,
1018 1020 1090 1054 quod
1102 1020 1292 1055 deprehensus
1309 1027 1383 1049 esset
1404 1029 1418 1048 a
1440 1022 1532 1053 nobis,
1556 1023 1646 1049 collo-

853 1063 911 1091 cuti
926 1063 996 1092 inter
1011 1072 1062 1092 nos
1073 1065 1107 1092 de
1120 1065 1273 1094 sceleribus
1291 1066 1351 1101 ejus
1366 1067 1530 1101 reliquimus
1544 1075 1606 1096 eum
1618 1073 1646 1095 et

855 1111 889 1138 ad
910 1111 1071 1139 Zacchmum
1094 1113 1232 1145 venimus,
1258 1113 1315 1140 haec
1338 1114 1397 1148 ipsa
1413 1115 1449 1145 ei,
1470 1122 1532 1149 qum
1553 1119 1581 1142 et
1595 1116 1645 1143 tibi

853 1164 930 1184 nunc
943 1158 1121 1190 protulimus,
1145 1158 1310 1186 indicantes.
1332 1158 1367 1186 At
1383 1159 1428 1187 ille
1445 1160 1645 1194 benignissime

854 1210 904 1230 nos
934 1203 1099 1238 suscipiens,
1125 1208 1153 1232 et
1177 1204 1212 1232 de
1241 1205 1293 1232 ﬁde
1320 1204 1427 1232 Domini
1462 1207 1548 1234 nostri
1577 1206 1645 1234 Jcsu

852 1246 957 1274 Christi
973 1248 1102 1281 edocens,
1124 1249 1245 1277 ﬁdelium
1267 1258 1384 1278 numero
1411 1251 1536 1279 sociavit.
1558 1252 1644 1280 Cum-

854 1299 907 1327 que
919 1291 977 1319 haec
994 1292 1091 1320 Niceta
1106 1293 1233 1326 dixisset,
1249 1294 1399 1323 Zacchazus
1416 1296 1463 1331 qui
1479 1297 1561 1331 paulo
1580 1301 1646 1324 ante

853 1344 984 1372 egressus
998 1337 1100 1372 fuerat,
1112 1340 1316 1375 ingrediebatur
1327 1341 1422 1370 dicens
1436 1352 1444 1370 :
1458 1342 1579 1378 Tempus
1590 1348 1644 1377 est.

855 1387 885 1410 ut
897 1383 1034 1419 procedas
1059 1385 1092 1411 ad
1117 1385 1326 1422 disputandum,
1348 1387 1447 1421 Petre;
1471 1388 1551 1416 turba
1572 1389 1645 1416 enim

855 1430 941 1456 multa
956 1430 983 1457 in
996 1431 1067 1457 atrio
1079 1430 1178 1459 domus
1194 1437 1358 1469 congregata
1371 1438 1398 1461 te
1409 1435 1561 1469 opperitur,
1574 1443 1644 1470 quo-

34 1489 51 1511 η
60 1493 118 1521 erga
134 1494 164 1514 se
181 1475 326 1519 hab’erem’
345 1488 374 1514 in
394 1488 573 1523 sellwtimllm
590 1488 710 1518 deﬂexit.
727 1475 804 1517 Alio;
816 1495 837 1524 ϐ
857 1482 918 1502 rum
940 1475 970 1524 in
990 1477 1081 1524 met—lio
1101 1478 1204 1524 multis,
1217 1477 1304 1506 fultus
1325 1479 1441 1507 asseclis
1456 1481 1585 1508 consistit
1601 1480 1646 1508 Si-

34 1539 76 1558 'um
100 1541 173 1565 vero,
190 1531 238 1569 qui
264 1534 464 1569 aliquantulum
489 1535 604 1569 vigilare
623 1536 797 1567 videbantur.

35 1585 47 1602 ιι
71 1577 213 1612 phantasia
237 1579 331 1614 gloria:
358 1582 385 1606 et
420 1579 576 1614 splendoris
601 1588 748 1616 apparens,
773 1586 800 1609 et

35 1629 110 1657 nagna
124 1624 248 1658 quredam
264 1627 346 1659 atque
366 1625 485 1660 ingentia
511 1626 717 1659 repromittens,
736 1634 800 1654 eva-

38 1668 71 1694 ari
84 1668 260 1698 nihilominus
275 1678 291 1697 a
309 1670 363 1698 Deo
375 1678 441 1698 vero
451 1675 569 1698 mentem
583 1676 663 1707 atque
678 1673 798 1700 animum

35 1713 92 1745 scit;
108 1722 167 1749 qua:
186 1719 280 1742 tamen
295 1720 452 1751 perpetrare
474 1716 500 1744 ei
512 1716 587 1752 justa
603 1718 720 1752 quadam
737 1726 795 1753 per-

35 1758 126 1786 mittitur
141 1760 258 1789 ratione.

51 1824 138 1854 XVIII.
158 1827 202 1855 Ad
218 1828 277 1856 haec
291 1829 388 1865 Aquila
407 1829 549 1865 respondit
565 1840 572 1859 :
589 1830 660 1864 Quid
676 1839 740 1867 ergo
750 1832 798 1859 de-

35 1876 136 1906 .nquunt
149 1872 288 1906 homines,
309 1874 332 1902 si
349 1875 485 1910 malignus
502 1876 704 1911 transformans
724 1886 753 1906 se
769 1878 797 1905 in

35 1918 178 1951 plendorcm
198 1920 300 1948 lucis"
314 1921 418 1956 majora
439 1923 606 1957 repromittit
627 1923 796 1956 hominibus,

37 1971 90 1990 nam
105 1965 162 2000 ipse
173 1965 302 1993 conditor
317 1966 409 1994 Deus?
421 1967 451 1994 Et
465 1967 563 1995 Petrus
581 1978 587 1995 :
605 1967 686 2001 Puto,
698 1969 795 2004 inquit,

36 2017 63 2036 oc
78 2011 208 2045 injustius
225 2012 293 2039 nihil
307 2020 378 2046 esse,
403 2017 430 2040 et
451 2018 587 2049 quatenus
608 2015 740 2050 iujustum
761 2017 797 2044 sit

36 2056 83 2084 udi.
100 2057 127 2084 Si
142 2057 218 2085 ﬁlius
230 2061 306 2090 tuus,
321 2058 369 2094 qui
384 2066 399 2086 a
420 2062 447 2088 te
459 2060 534 2087 omni
548 2061 688 2096 diligentia
704 2062 795 2088 crudi:

36 2109 57 2128 ts
79 2107 120 2130 est
142 2107 170 2131 et
191 2104 326 2136 nutritus,
353 2109 435 2140 atque
458 2104 492 2132 ad
520 2106 627 2133 virilem
648 2107 796 2142 perductus

38 2152 124 2181 tatem,
140 2150 267 2185 ingratus
280 2150 330 2177 tibi
341 2151 387 2183 sit,
400 2155 427 2179 et
439 2151 596 2187 relinquens
606 2156 633 2180 te
650 2153 683 2180 ad
696 2153 791 2189 alium,

36 2201 87 2220 uem
101 2194 171 2223 forte
182 2195 310 2222 ditiorem
323 2195 432 2228 viderit,
448 2200 502 2228 eat,
523 2201 550 2225 et
567 2197 698 2225 honorem
714 2207 795 2233 qne'u

37 2238 59 2265 bi
71 2239 186 2268 debebat
203 2240 242 2268 illi
255 2240 392 2271 exhibeat.
412 2248 445 2268 ac
464 2249 512 2276 spe
533 2243 646 2278 majoris
662 2243 730 2270 lucri
747 2252 792 2271 na-

36 2293 97 2312 Iram
114 2292 195 2321 neget
218 2290 245 2313 et
259 2286 322 2321 jura
339 2291 453 2322 paterna
473 2287 603 2323 defugiat,
623 2293 729 2316 rcctnm
746 2290 795 2317 tibi

39 2331 124 2363 detur,
143 2340 179 2360 an
202 2332 336 2367 impium?
349 2328 382 2360 Et
405 2333 504 2368 Aquila
522 2335 682 2370 respondit:
699 2335 796 2362 0mni~

36 2383 60 2403 us
73 2377 161 2412 palam
186 2382 242 2409 est,
268 2378 340 2413 quod
365 2379 478 2414 impium
502 2379 548 2407 sit.
577 2379 610 2406 Et
631 2380 748 2408 Petrus:
765 2381 795 2408 Si

36 2429 72 2458 30
84 2422 112 2450 in
125 2423 287 2451 hominibus
303 2425 355 2452 hoc
370 2425 484 2460 impium
499 2426 579 2457 dicis,
592 2432 696 2461 quanto
706 2428 793 2463 magis

36 2477 38 2491 ι
57 2465 120 2500 Deo,
136 2469 185 2503 qui
197 2476 280 2504 supra
299 2477 395 2498 omnes
417 2471 544 2499 homines
564 2472 668 2500 honore
689 2473 725 2501 ab
745 2474 794 2500 ho-

37 2513 124 2543 inibus
139 2515 242 2552 dignus
267 2517 327 2544 est?
348 2518 428 2553 cujus
456 2526 511 2546 non
542 2520 631 2548 solum
655 2521 795 2549 beneﬁciis

38 2559 134 2594 uimur,
161 2569 259 2590 verum
283 2567 309 2590 et
335 2571 386 2599 ope
405 2571 437 2592 ac
462 2565 565 2593 virtute
584 2574 645 2594 esse
659 2568 793 2602 cmpimus

37 2612 69 2633 Im
82 2615 137 2635 non
151 2615 290 2642 essemus,
303 2610 404 2646 cuique
419 2611 441 2638 si
456 2611 613 2646 placeamus
628 2614 794 2641 merebimur

37 2657 100 2685 Deo,
112 2656 145 2681 ιιι
156 2654 242 2682 etiam
257 2656 353 2683 aeterni
373 2656 402 2683 in
417 2657 498 2685 bonis
511 2658 610 2686 simus.
627 2658 662 2686 Ut
675 2667 741 2694 ergo
752 2661 794 2687 in-

855 1528 928 1548 mon.
949 1520 1018 1548 Tum
1032 1521 1130 1549 Petrus
1147 1525 1176 1549 ut
1197 1523 1256 1551 hzec
1278 1524 1391 1556 audivit,
1407 1525 1542 1553 orationis
1556 1527 1644 1561 gratia

851 1566 982 1594 secedere
999 1575 1040 1594 me
1051 1567 1153 1601 jubens
1177 1568 1310 1602 (nondum
1327 1570 1400 1596 enim
1413 1577 1489 1597 eram
1505 1571 1609 1598 dilatus
1628 1579 1643 1597 a

851 1611 982 1645 peccatis,
995 1619 1056 1646 quae
1071 1612 1098 1639 in
1115 1613 1269 1648 ignorantia
1283 1614 1540 1651 commiseram),ait
1554 1616 1587 1643 ad
1600 1623 1644 1642 re-

850 1657 959 1692 liquos:
976 1656 1092 1684 Oremus
1121 1657 1231 1690 fratres,
1259 1662 1289 1685 nt
1320 1658 1392 1686 Dens
1419 1667 1468 1694 per
1501 1659 1642 1688 Christum

849 1709 930 1729 suum
954 1709 1003 1736 pro
1026 1702 1157 1729 ineﬁ‘abili
1177 1703 1369 1731 misericordia
1391 1712 1440 1732 sua
1462 1705 1572 1739 adjuvet
1597 1713 1643 1732 mo

849 1751 993 1775 exeuntem
1011 1755 1062 1782 pro
1082 1748 1172 1776 salute
1194 1749 1347 1782 hominum,
1369 1751 1416 1786 qui
1431 1751 1466 1779 ab
1480 1752 1540 1786 ipso
1556 1753 1641 1779 creati

849 1796 923 1819 sunt.
939 1791 970 1818 Et
986 1793 1042 1819 haec
1055 1799 1118 1819 cum
1134 1793 1261 1825 dixisset.
1278 1796 1403 1823 oratione
1416 1796 1488 1824 facta
1499 1798 1641 1832 processit

848 1838 882 1864 ad
901 1838 1001 1864 atrium
1017 1837 1126 1870 domus,
1155 1839 1182 1865 in
1208 1847 1264 1874 quo
1291 1845 1351 1867 erat
1375 1842 1523 1870 multitudo
1547 1844 1640 1879 populi

849 1882 966 1916 plurima
981 1887 1164 1918 congregato;
1189 1892 1258 1919 quos
1285 1887 1331 1914 ubi
1355 1894 1451 1915 omnes
1471 1897 1580 1917 summo
1600 1890 1639 1917 si-

848 1926 932 1953 lentio
947 1926 981 1954 ad
998 1935 1028 1955 se
1043 1928 1161 1955 intentos
1174 1930 1251 1961 vrdit,
1266 1936 1293 1957 et
1313 1939 1422 1967 magum
1448 1933 1589 1963 Simonem
1606 1936 1634 1963 in

848 1972 937 2000 medio
950 1981 1046 2000 eorum
1066 1975 1141 2001 velut
1166 1975 1328 2010 signiferum
1344 1982 1473 2012 stantem,
1492 1979 1543 2007 hoc
1558 1980 1639 2008 modo

847 2019 935 2054 (cepit
948 2029 954 2046 :

883 2065 941 2093 XX.
961 2065 1016 2093 Pax
1029 2067 1107 2094 vobis
1120 2067 1157 2094 sit
1172 2068 1311 2101 omnibus,
1327 2069 1375 2104 qui
1391 2071 1479 2105 parati
1494 2073 1562 2100 estis
1571 2072 1639 2100 dex-

847 2114 921 2138 teras
937 2112 1003 2140 dare
1025 2114 1153 2148 veritati;
1175 2116 1334 2151 quicunque
1356 2118 1429 2145 enim
1450 2119 1583 2147 obediunt
1600 2121 1638 2154 ei,

847 2156 974 2184 videntur
988 2158 1098 2192 quidem
1119 2160 1172 2188 sibi
1196 2161 1299 2197 aliquid
1319 2164 1414 2198 gratia:
1428 2165 1556 2194 conferre
1572 2166 1639 2200 Deo.

849 2210 932 2237 porro
943 2207 1034 2231 autem
1049 2205 1102 2240 ipsi
1118 2206 1153 2233 ab
1165 2214 1197 2233 eo
1210 2206 1313 2235 donum
1324 2209 1425 2236 summi
1437 2212 1561 2239 muneris
1572 2219 1639 2240 eon-

849 2253 1001 2283 seqnuntur
1012 2251 1127 2284 justitia:
1139 2252 1199 2286 ejus
1215 2254 1321 2281 semitis
1339 2255 1507 2286 incedentes.
1523 2257 1640 2294 Propter

849 2294 923 2329 quod
940 2296 1059 2330 primum
1081 2302 1123 2324 est
1137 2299 1271 2329 omnium,
1287 2300 1424 2334 justitiam
1441 2302 1489 2330 Dei
1509 2311 1640 2339 regnum-

847 2349 901 2376 que
922 2342 982 2376 ejus
1002 2344 1192 2378 inquirere“;
1211 2346 1348 2380 justitiam
1371 2349 1482 2383 quidem
1510 2355 1540 2378 ut
1565 2356 1639 2379 recte

848 2395 929 2423 agerc
944 2388 1104 2423 doceamur,
1120 2400 1235 2427 regnum
1256 2401 1331 2426 vero,
1348 2399 1379 2422 ut
1393 2404 1454 2431 quae
1474 2397 1511 2424 sit
1530 2406 1637 2426 merces

847 2435 934 2468 posita
958 2435 1060 2463 laboris
1085 2442 1113 2464 et
1137 2438 1274 2472 patientia:
1297 2442 1464 2475 noverimus,
1481 2443 1509 2471 in
1526 2452 1581 2479 quo
1595 2449 1638 2472 est

849 2480 929 2508 hortis
948 2482 1061 2516 quidem
1082 2487 1248 2512 internarum
1275 2485 1408 2514 bonorum
1437 2491 1635 2521 remuneratio.

849 2526 891 2552 bis
906 2532 1007 2560 autem,
1021 2529 1068 2563 qui
1085 2533 1181 2556 contra
1198 2531 1366 2560 voluntatem
1384 2533 1431 2560 Dei
1447 2535 1564 2569 egerint,
1586 2544 1636 2570 pro

847 2572 1062 2609 uniuscujusque
1075 2575 1160 2610 gestis
1173 2584 1315 2611 pmnarum
1337 2578 1418 2614 digna
1427 2581 1574 2610 restitutio.
1586 2581 1636 2609 llic

847 2626 923 2653 ergo,
939 2619 990 2647 hoc
1005 2625 1048 2648 est
1069 2622 1097 2648 in
1122 2625 1249 2657 praesenti
1269 2625 1322 2651 vita
1343 2626 1447 2660 positos
1462 2632 1570 2662 oportet
1585 2636 1634 2655 vos

848 2670 998 2698 agnoscere
1013 2666 1181 2694 voluntatem
1193 2667 1251 2700 Dei,
1267 2669 1313 2696 ubi
1329 2676 1356 2696 et
1372 2671 1468 2705 agendi
1485 2672 1562 2699 locus
1579 2676 1632 2699 est.

172 2730 198 2780 Iri
212 2745 247 2780 ἶ
256 2730 406 2780 fiderent-qr
416 2737 449 2780 ἐξ
461 2735 842 2780 qliaatseqtliuntnridtiaram
857 2745 916 2780 sero
928 2754 964 2758 —-
981 2741 1143 2780 permittitur
1157 2742 1259 2780 ratione
1273 2742 1500 2780 desideranturin
1512 2750 1626 2780 utroque

37 2761 190 2814 altialii”.
223 2765 246 2781 ¹’
256 2764 276 2791 ll
290 2767 353 2794 Cor.
366 2775 405 2799 xl,
415 2767 458 2796 ιι.
469 2761 477 2768 ’
491 2769 513 2784 ¹⁰
523 2761 601 2802 Quod
616 2761 1264 2811 δἱ-ιηιιιιετίὂιὶῖῴιίιῖρῖααιιιέῖἶ⁷ιίξίιιηίέξιιιιῖιιιῖ
1474 2761 1626 2808 Ἵῗῖιῖῗιιὶῖ

42 2816 49 2829 ν
63 2797 220 2878 ⁵ἷϋίἰιοιη.
238 2846 293 2877 Gn.
315 2847 340 2877 Ι.

1412 2857 1451 2887 ΛΟ
