1892 3105
48 101 102 129 1281

43 296 160 330 possibile
172 302 224 329 est,
240 302 287 325 aut
302 299 324 326 si
341 304 431 334 potest
447 301 515 333 ﬁeri,
533 303 657 332 ostende.

70 342 156 371 XXIV.
178 343 219 370 Ad
234 344 290 372 haec
305 345 404 373 Petrus
417 356 424 374 ε
438 347 576 377 Altentius
589 351 695 384 audite,
712 359 729 379 ο
743 353 812 387 viri,

40 395 90 422 qua:
112 388 237 417 dicimus.
265 389 404 419 Ponanius
429 393 562 421 mundum
586 395 659 424 hunc
684 405 810 433 campum

38 441 90 460 esse
112 434 227 469 aliquem
249 443 396 471 magnum,
410 442 437 465 et
459 447 491 466 ex
513 440 620 469 duabus
636 442 810 477 civitatibus,

39 486 140 513 quarum
164 488 242 515 reges
266 482 320 508 sibi
344 483 460 511 invicem
477 486 532 512 sint
545 488 692 519 contrarii,
710 490 809 518 missos

37 532 88 551 esse
107 525 228 560 singulos
243 527 277 554 ad
290 527 475 559 dimicandum
493 531 578 559 duces
589 554 595 565 ,
611 538 638 561 et
655 535 729 562 illum
746 537 809 571 qui-

37 570 87 596 dem
102 570 162 597 boni
179 572 250 606 regis
264 572 361 600 ducem
385 575 533 603 consilium
548 577 625 611 dare,
643 584 673 606 ut
695 570 809 616 uterque

35 615 158 642 exercitus
174 616 277 651 absque
291 619 436 653 sanguinis
447 622 606 655 profusione
617 643 624 655 ,
638 615 808 654 melioris’in

35 660 96 694 regis
106 660 166 694 jura
182 663 331 695 concedat,
348 672 402 699 quo
417 666 477 693 sine
490 667 613 701 periculo
627 676 723 698 omnes
738 671 806 698 salvi

36 706 98 738 liam,
114 707 186 734 illum
203 716 268 735 vero
283 711 453 738 contrarium
469 713 580 742 dicere:
598 714 669 749 Non,
686 717 733 744 sed
753 724 806 752 pu-

34 755 126 786 gnetur,
140 757 169 779 ut
183 761 239 781 non
255 756 302 789 qui
314 755 414 792 dignus
428 762 488 790 est,
509 760 556 786 sed
571 761 617 796 qui
632 761 729 790 fortior
748 763 807 798 ipse

34 804 83 823 cum
97 798 136 826 his
146 799 193 833 qui
207 801 349 828 evaserint
364 808 470 838 regnet.
484 804 582 838 Quaeso
597 815 656 839 vos,
673 801 738 843 quid
751 817 805 836 Ina—

631 108 915 142 RECOGNITIONUM
936 115 999 145 LIB.
1019 116 1049 144 Il.

47 159 142 193 tevoIo,
154 160 216 195 quia
230 160 337 190 duobus
352 162 424 190 inter
437 170 467 191 se
478 163 674 195 dimicantibus
688 171 754 196 tunc
764 170 817 197 erit
831 173 854 201 Α
869 171 992 209 Intelligo

46 212 102 239 pax,
117 213 178 232 cum
193 207 261 234 alter
275 207 407 235 ceciderit
425 215 591 245 superatus;
606 216 633 239 et
649 213 710 241 ideo
726 222 815 250 pugna

45 255 68 276 ut
81 255 168 285 potes.
182 259 232 279 nec
243 254 368 288 requiras
384 261 478 289 pacein
490 256 550 284 sine
565 257 636 284 bello
646 279 654 291 ,
670 260 743 294 quod
764 261 815 287 im-

1584 124 1653 152 126!

1013 175 1148 203 versutias
1163 179 1240 209 tuas;
1255 177 1298 204 vis
1313 178 1386 205 enim
1402 179 1450 206 tibi
1464 186 1496 206 ea
1516 180 1575 215 ipse
1589 190 1654 216 pro-

868 225 983 252 ponere,
1002 228 1117 254 quorum
1139 221 1277 249 absolutio
1299 223 1367 250 bene
1385 224 1433 251 tibi
1450 225 1578 252 meditata
1593 231 1652 259 est,

869 267 897 290 ut
915 264 1108 299 ignorantibus
1120 267 1209 294 turbis
1223 267 1342 295 videaris
1352 273 1424 296 recte
1435 270 1536 305 aliquid
1550 271 1653 305 dicere;

866 309 912 336 sed
929 311 1000 345 apud
1021 319 1064 338 me
1079 319 1133 339 non
1151 313 1198 340 tibi
1213 314 1265 340 erit
1276 314 1373 341 horum
1391 315 1477 343 locus.
1491 315 1568 344 Nunc
1578 324 1653 352 ergo,

864 354 995 387 quoniam
1021 359 1050 381 ut
1068 356 1110 382 vir
1132 356 1212 385 fortis
1229 358 1365 393 polliceris
1378 379 1385 390 ,
1402 363 1428 387 te
1452 362 1527 388 omni
1552 362 1654 389 volenti

863 405 1016 433 proponere
1041 408 1256 436 responsurum.
1282 404 1348 430 mihi
1378 404 1486 432 interim
1503 406 1592 440 primo
1607 414 1653 434 re-

863 444 1004 478 spondeto.
1019 445 1052 472 Et
1068 446 1164 475 Petrus
1178 458 1183 474 :
1198 447 1324 480 Paratus,
1343 449 1442 484 inquit,
1459 458 1531 482 sum,
1546 455 1653 479 tantum

862 494 892 516 ut
914 498 976 517 cum
1000 499 1067 526 pace
1093 493 1128 520 sit
1152 501 1254 521 sermo.
1272 494 1340 521 Tum
1359 495 1472 523 Simon:
1489 496 1548 524 Non
1564 498 1651 530 vides,

860 535 959 570 inquit,
972 536 1272 573 imperitissime,quod
1289 541 1429 567 contraria
1446 542 1504 576 agis
1520 543 1652 577 magistro

861 585 917 613 tuo,
927 589 1022 616 pacem
1035 581 1198 617 deposcens,
1215 586 1288 619 quod
1304 586 1396 620 utique
1408 593 1462 613 non
1476 589 1603 616 convenit
1614 589 1651 620 ei,

858 627 905 660 qui
920 632 1140 662 expugnaturum
1157 637 1186 655 se
1199 630 1335 663 promittit
1350 631 1552 666 ignorantiam?
1564 634 1618 660 Aut
1627 634 1651 660 si

858 675 887 698 tu
912 677 985 699 recte
1008 681 1101 708 pacem
1117 674 1151 701 ab
1173 675 1347 703 auditoribus
1371 677 1479 711 poscis,
1505 686 1559 704 non
1575 684 1649 706 recte

857 717 986 753 magister
998 723 1062 746 tuus
1077 719 1145 746 dixit
1159 728 1165 745 :
1183 720 1253 753 Quia
1269 729 1320 748 non
1335 722 1391 748 veni
1403 730 1492 756 pacem
1505 724 1606 751 miltere
1622 726 1650 752 in

858 769 956 791 terram
967 786 974 797 ,
1000 766 1045 793 sed
1057 766 1217 801 gladium".
1234 768 1289 794 Aut
1303 769 1375 795 enim
1392 773 1419 795 tu
1437 770 1506 797 bene
1522 771 1603 801 dicis,
1622 775 1650 798 ct

857 811 902 839 ille
911 819 965 838 non
981 812 1058 844 bene,
1073 816 1120 839 aut
1134 813 1157 840 si
1172 814 1303 849 magister
1311 817 1376 842 tuus
1386 815 1503 848 bene,tu
1517 817 1646 850 pessime,

34 842 65 876 gis
77 843 228 878 eligeretis?
244 845 303 873 Non
318 847 415 875 dubito
429 850 510 885 quin,
531 856 561 879 ut
574 860 637 880 cum
658 842 804 882 incolumi-
821 847 843 874 Β
856 857 903 892 qui
918 865 973 884 non
988 857 1148 886 intellexisti
1164 860 1303 886 contraria
1324 864 1350 888 te
1368 861 1492 896 proferre
1511 863 1551 894 ei,
1567 863 1648 898 cujus

34 892 75 914 tate
85 890 203 917 omnium
217 910 225 922 ,
241 893 298 927 regi
315 894 423 921 meliori
440 902 538 924 manus
550 896 690 926 darentur.
707 899 739 926 Et
753 908 803 934 ego

34 940 92 960 nunc
102 942 164 968 non,
181 940 212 963 ut
225 935 320 965 Simon
334 939 382 971 ait,
394 940 470 974 pacis
487 948 570 969 causa
586 950 729 971 assensum
740 947 803 973 volo

34 981 181 1008 commodari
207 982 252 1010 his
274 992 334 1019 qua
359 986 430 1013 male
451 986 598 1021 dicuntur,
621 990 668 1017 sed
689 995 717 1017 ut
738 999 800 1019 cum

34 1025 106 1059 iuiete
119 1030 144 1054 et
158 1028 256 1056 ordine
271 1030 374 1059 veritas
388 1032 556 1067 requiratur.

56 1070 129 1100 XXV.
142 1073 272 1102 Nonnulli
286 1077 357 1103 enim
375 1078 403 1105 in
416 1079 634 1114 disputationum
649 1084 800 1112 certamine

36 1116 65 1143 Ibi
77 1126 191 1147 errorem
209 1129 290 1149 suum
306 1124 444 1152 senserint
457 1125 594 1154 confutari
607 1147 615 1159 ,
637 1136 721 1156 causa
738 1139 800 1165 per-

34 1162 80 1198 'ugii
89 1167 251 1195 conturbare
263 1169 396 1197 continuo
411 1171 556 1207 incipiunt,
567 1178 594 1201 et
603 1182 713 1203 movere
724 1177 798 1210 lites,

34 1216 53 1235 Ie
65 1210 146 1243 palam
171 1211 218 1239 ﬁat
241 1214 370 1242 omnibus
395 1216 468 1250 quod
494 1224 677 1253 superantur;
696 1225 722 1248 et
735 1230 799 1257 pro—

34 1260 102 1282 aerea
116 1264 166 1292 ego
179 1257 339 1293 frequenter
350 1268 445 1294 exoro,
458 1267 488 1290 ut
502 1271 564 1290 cum
576 1265 649 1291 omni
665 1267 797 1300 patientia

34 1304 45 1325 ιι
68 1301 153 1335 quiete
169 1302 271 1338 indago
285 1304 479 1340 disputationis
502 1308 648 1344 habeatur,
676 1316 704 1338 ut
728 1316 755 1339 et
773 1314 796 1340 si

34 1349 82 1373 orte
96 1347 196 1383 aliquid
210 1351 303 1379 minus
317 1357 392 1381 recte
407 1354 511 1382 dictum
526 1356 661 1391 videatur,
674 1363 796 1394 repetere

34 1392 73 1419 det
86 1396 202 1429 apertius
219 1396 301 1424 liceat
310 1400 468 1434 explanare.
480 1400 555 1430 Solet
568 1403 641 1431 enim
657 1392 794 1433 interdum

37 1438 89 1466 liter
97 1441 148 1468 dici
162 1443 230 1478 quid
245 1449 271 1471 et
285 1446 365 1473 aliter
379 1447 489 1481 audiri,
505 1449 570 1476 dum
586 1455 633 1477 aut
648 1452 740 1480 minus
756 1453 795 1480 lu-

36 1484 70 1511 ide
84 1486 228 1521 profertur,
246 1494 294 1516 aut
317 1491 409 1520 minus
425 1493 572 1529 vigilanter
587 1496 749 1530 advertitur,
765 1503 792 1526 et

37 1529 105 1557 bboc
116 1533 251 1567 patienter
265 1536 348 1570 cupio
363 1537 458 1565 haberi
473 1546 638 1573 sermonem,
657 1546 686 1569 ut
706 1529 794 1579 neque

34 1575 137 1611 ubripiat
148 1579 220 1606 alter
234 1581 311 1608 alteri
325 1601 332 1614 ,
348 1590 437 1618 neque
449 1591 602 1613 sermonem
619 1587 736 1616 dicentis
749 1575 794 1618 in-

34 1623 182 1655 3mpestivus
197 1632 290 1653 sermo
302 1629 519 1658 contradicentis
534 1631 726 1668 interrumpat,
744 1643 793 1663 ne-

36 1673 62 1692 ue
76 1669 285 1702 reprehendendi
309 1673 430 1700 studium
446 1683 584 1710 geramus,
599 1678 648 1705 sed
663 1679 742 1707 liceat
763 1685 793 1708 ut

35 1711 83 1744 ixi,
97 1714 186 1742 minus
203 1715 286 1750 plane
298 1717 372 1745 dicta
387 1724 530 1755 repetere,
545 1726 576 1748 ut
591 1724 792 1754 examinatione

34 1758 151 1787 istissima
172 1761 309 1789 clarescat
333 1765 457 1793 veritatis
484 1768 597 1802 agnitio.
623 1768 700 1797 Scire
718 1771 790 1798 enim

34 1802 140 1837 abemus,
157 1807 223 1841 quia
238 1807 262 1834 si
275 1808 339 1843 quis
353 1817 369 1837 a
385 1811 500 1839 veritate
515 1813 652 1847 vincatur,
665 1823 719 1842 non
732 1817 791 1851 ipse

855 907 882 930 te
897 903 1062 932 discipulum
1079 903 1226 933 proﬁteris.

889 963 996 991 XXVII.
1011 964 1051 992 Ad
1069 964 1125 992 htec
1137 964 1237 993 Petrus
1251 976 1257 993 :
1270 966 1363 1002 Neque
1374 968 1418 1002 qui
1434 968 1508 995 misit
1523 977 1564 997 me
1576 971 1646 998 male

853 1009 917 1037 fecit
931 1011 1050 1045 gladium
1070 1010 1178 1038 mittere
1193 1012 1220 1038 in
1238 1015 1352 1045 terram,
1371 1022 1459 1049 neque
1476 1023 1526 1050 ego
1540 1021 1647 1043 contra-

852 1056 893 1082 ria
909 1056 934 1083 ei
951 1063 1001 1091 ago
1012 1076 1020 1088 ,
1045 1057 1201 1085 auditorum
1221 1066 1315 1093 pacem
1329 1060 1483 1094 requirens.
1502 1061 1554 1088 Sed
1572 1066 1600 1089 tu
1617 1067 1646 1090 et

851 1101 977 1136 imperite
991 1105 1019 1129 et
1036 1105 1137 1130 temere
1154 1104 1332 1138 reprehendis
1343 1113 1375 1133 ea
1396 1114 1457 1140 quae
1473 1114 1529 1134 non
1545 1108 1645 1135 intelli—

850 1146 905 1182 gis;
917 1147 1017 1174 etenim
1033 1148 1096 1182 quia
1110 1156 1204 1183 paceni
1219 1157 1274 1177 non
1290 1151 1365 1177 venit
1378 1152 1486 1179 mittere
1498 1152 1525 1179 in
1541 1156 1643 1180 terram

850 1193 990 1227 magister,
1007 1193 1124 1225 audisti,
1141 1195 1215 1229 quod
1231 1199 1324 1223 autem
1341 1197 1441 1224 dixerit
1455 1205 1461 1222 :
1479 1197 1555 1225 Beati
1569 1200 1643 1233 paci-

849 1238 904 1272 ﬁci,
920 1239 1045 1273 quoniam
1055 1239 1106 1274 ipsi
1118 1240 1171 1274 ﬁlii
1186 1240 1235 1268 Dei
1247 1241 1452 1275 vocabuntur",
1464 1251 1518 1270 non
1528 1245 1639 1273 audisti.

848 1283 962 1319 Propter
974 1285 1047 1320 quod
1062 1294 1117 1313 non
1133 1294 1184 1322 ego
1200 1288 1336 1323 magistro
1350 1289 1459 1316 diversa
1473 1291 1577 1323 sentio,
1593 1299 1642 1326 pa-

847 1337 906 1358 cem
915 1332 1094 1365 persuadens,
1106 1341 1187 1368 quam
1197 1333 1240 1361 ille
1253 1335 1426 1363 servantibus
1443 1336 1640 1365 beatitudinem

846 1377 948 1412 posuit.
963 1377 996 1404 Et
1010 1377 1105 1406 Simon
1121 1379 1159 1406 ait
1173 1388 1180 1405 :
1195 1379 1250 1407 Pro
1265 1382 1398 1416 magistro
1410 1383 1576 1418 respondere
1591 1393 1641 1411 cu-

846 1423 934 1457 piens,
945 1431 961 1450 ο
974 1423 1064 1455 Petre.
1076 1426 1162 1452 multo
1177 1434 1240 1453 eum
1257 1428 1368 1461 gravius
1382 1430 1530 1461 accusasti,
1544 1430 1566 1456 si
1577 1437 1640 1457 cum

845 1469 904 1504 ipse
918 1477 973 1497 non
989 1472 1095 1498 venerit
1110 1480 1205 1507 pacem
1226 1472 1318 1501 facere
1329 1494 1337 1505 ,
1354 1474 1425 1501 bane
1452 1476 1514 1503 aliis
1529 1484 1641 1503 servare

808 1525 829 1553 ο
846 1516 1016 1550 praeceperit.
1032 1516 1064 1543 Et
1079 1518 1218 1552 quomodo
1239 1520 1310 1547 alius
1325 1520 1371 1547 ille
1388 1520 1448 1554 ejus
1467 1529 1557 1548 sermo
1572 1530 1640 1549 con-

846 1562 930 1588 stabit
940 1569 1021 1596 quem
1035 1562 1202 1596 dixit?Quia
1214 1565 1308 1599 au/ﬁcit
1322 1565 1463 1600 discipulo,
1475 1572 1504 1593 ut
1523 1569 1557 1594 sit
1570 1569 1639 1594 sicut

844 1608 970 1642 magister
985 1608 1043 1642 ejus
1053 1609 1087 1636 “.

878 1667 996 1697 XXVIII.
1011 1669 1108 1698 Petrus
1117 1671 1149 1698 ad
1163 1671 1220 1698 haec
1233 1682 1239 1699 :
1257 1671 1395 1708 Magister,
1413 1674 1513 1708 inquit,
1528 1679 1634 1707 noster,

842 1716 888 1750 qui
904 1720 964 1743 erat
975 1724 1058 1744 verus
1073 1718 1207 1753 propheta
1220 1723 1247 1746 et
1266 1720 1307 1747 sui
1328 1720 1356 1746 in
1378 1721 1505 1747 omnibus
1518 1729 1634 1753 memor,

842 1770 930 1797 neque
944 1763 995 1790 sibi
1010 1764 1148 1791 contraria
1160 1764 1268 1792 locutus
1283 1769 1336 1799 est,
1349 1773 1440 1800 neque
1453 1767 1533 1794 nobis
1545 1768 1580 1794 ab
1590 1768 1634 1796 his

841 1815 902 1842 quae
917 1807 975 1842 ipse
989 1809 1100 1843 gerebat
1111 1809 1219 1836 diversa
1233 1810 1383 1838 mandavit.
1400 1810 1477 1844 Quod
1492 1812 1564 1839 enim
1576 1813 1630 1840 ait:

842 1853 904 1880 Non
916 1855 972 1881 veni
992 1862 1082 1888 pacem
1096 1855 1199 1882 mittere
1212 1856 1241 1882 in
1263 1861 1361 1883 terram
1372 1877 1379 1888 ,
1402 1857 1447 1884 sed
1463 1857 1592 1892 gladium,
1607 1864 1632 1886 et

34 1846 136 1881 iacitur,
153 1851 201 1878 sed
219 1851 376 1886 ignorantia
392 1862 452 1889 quae
472 1856 499 1882 in
519 1857 578 1892 ipso
593 1863 652 1891 est,
669 1868 729 1895 qua:
743 1846 790 1889 est

34 1899 106 1920 emon
120 1896 270 1930 pessimus,
286 1906 368 1933 quam
384 1899 430 1934 qui
448 1903 566 1935 potuerit
580 1904 717 1939 elIugare,
743 1913 788 1933 sa-

34 1938 68 1966 ltis
79 1941 174 1976 accipit
187 1943 319 1977 palmam.
335 1944 509 1980 Propositum
524 1938 647 1984 namque
659 1950 737 1978 nobis
747 1957 790 1980 est

34 1985 129 2015 Messe
142 1989 317 2018 auditoribus
327 2011 335 2023 ,
363 2000 418 2020 non
434 1997 464 2020 ut
478 1994 549 2022 male
563 1996 719 2029 vincamus,
739 1998 787 2025 sed

34 2035 39 2055 ι
59 2040 103 2066 pro
124 2035 266 2070 agnitione
278 2038 403 2065 veritatis
417 2039 486 2067 bene
499 2041 650 2068 vincamur.
669 2041 697 2069 Si
713 2043 786 2070 enim

34 2079 119 2108 :ritatis
133 2082 305 2117 inquirendae
313 2085 405 2112 studio
413 2094 504 2114 sermo
513 2092 666 2120 moveatur,
678 2090 785 2117 etiamsi

839 1907 872 1926 ex
886 1899 933 1926 hoc
950 1899 1068 1928 uidebitis
1081 1902 1202 1935 separari
1220 1906 1322 1936 patrem
1337 1911 1354 1929 a
1367 1903 1439 1937 filio,
1455 1903 1541 1937 ﬁlium
1554 1913 1570 1930 α
1583 1912 1631 1938 ρα-

840 1949 889 1977 tre,
910 1947 994 1972 virum
1013 1946 1045 1972 ab
1057 1954 1140 1974 uxore
1151 1967 1158 1978 ,
1171 1951 1196 1974 et
1211 1956 1321 1975 uxorem
1342 1957 1359 1975 a
1373 1949 1438 1980 viro,
1455 1954 1479 1975 et
1493 1954 1601 1976 matrem
1613 1959 1630 1977 ιι

838 1991 907 2026 ﬁlia,
917 1993 1002 2027 ﬁliam
1013 2001 1030 2018 a
1043 1998 1138 2023 matre,
1150 1993 1260 2027 fratrem
1272 2002 1288 2020 a
1301 1994 1395 2028 fratre,
1405 2003 1509 2021 socrum
1523 2003 1538 2021 a
1548 2004 1629 2030 nuru,

838 2037 952 2064 anticum
964 2037 996 2063 ab
1010 2037 1097 2064 amico
1108 2037 1141 2069 ",
1151 2038 1207 2065 haec
1221 2039 1311 2066 omnia
1321 2040 1462 2067 continent
1475 2039 1627 2068 doctrinam

837 2083 925 2118 pacis,
943 2087 970 2110 et
982 2084 1120 2119 quomodo
1132 2104 1139 2117 ,
1157 2085 1231 2112 audi.
1249 2085 1328 2112 Initio
1343 2086 1545 2120 praedicationis
1559 2096 1625 2119 suae,

34 2123 66 2151 iid
79 2127 166 2156 minus
181 2128 262 2164 plene
281 2137 332 2165 pro
347 2131 466 2159 humana
483 2133 630 2169 ττθείιίιιηε
649 2135 783 2169 dicemus,
836 2133 930 2164 utpote
945 2130 992 2164 qui
1008 2130 1074 2157 velit
1096 2138 1193 2158 omnes
1207 2131 1324 2159 invitare
1337 2135 1364 2158 et
1377 2132 1512 2160 adducere
1528 2134 1561 2160 ad
1583 2142 1628 2160 sa-

34 2177 70 2198 eus
84 2180 130 2206 pro
143 2173 275 2202 ineﬂ‘abili
289 2184 338 2203 sua
356 2177 488 2210 bonitate,
505 2187 537 2206 ea
556 2188 617 2215 ηυπ
631 2181 732 2209 desum
748 2183 784 2209 ιθ,
801 2209 818 2215 ἢ
836 2174 918 2201 Iutem
929 2194 937 2206 ,
959 2182 991 2201 ac
1005 2175 1163 2210 patientiam
1181 2177 1304 2203 laborum
1323 2178 1558 2214 tentationumque
1577 2180 1627 2206 lia—

34 2219 86 2243 nter
101 2219 256 2247 auditorum
279 2222 407 2249 sensibus
432 2209 600 2259 adimplebit.
627 2225 723 2254 Justus
740 2232 783 2256 est

876 2218 950 2245 udam
978 2220 1122 2252 suaderet,
1149 2228 1285 2256 pauperes
1313 2209 1626 2261 beatiﬁcabat,'cosqtie

34 2260 80 2294 ,ειη1
92 2269 117 2291 ει
130 2266 283 2293 secundum
300 2268 517 2304 uniuscujusque
526 2272 709 2305 propositum.
721 2273 782 2300 unis
834 2271 883 2298 pro
898 2265 1020 2298 penuriae
1037 2266 1184 2292 tolerantia
1207 2267 1354 2302 adepturos
1369 2277 1431 2297 esse
1445 2272 1625 2306 pollicebatur

34 2306 103 2335 iidem
118 2309 145 2337 in
158 2315 288 2346 promptu
304 2312 368 2339 facit
383 2321 444 2341 esse
458 2314 532 2349 quod
555 2317 701 2350 quaeritur,
720 2319 782 2346 aliis

876 2317 916 2342 {na
936 2310 1089 2342 cmlorum,
1121 2315 1152 2338 ut
1177 2312 1229 2339 sub
1256 2317 1333 2340 tanta
1359 2322 1407 2349 spe
1434 2318 1624 2351 aequanimiter

35 2359 62 2379 το
68 2353 212 2383 obscurum
223 2358 319 2390 reddit,
329 2359 410 2386 etiam
421 2360 494 2394 quod
503 2361 591 2395 pulum
603 2363 719 2397 positum
728 2369 781 2393 est.
833 2355 1003 2389 paupertatis
1012 2356 1131 2390 pondus,
1142 2361 1234 2391 spreta
1249 2359 1400 2392 cupiditate
1412 2365 1564 2395 portarent.
1575 2362 1624 2390 Est

34 2397 66 2425 ,ει
77 2407 140 2436 ergo
155 2402 197 2429 via
212 2402 271 2436 Dei,
282 2404 327 2430 uia
345 2406 420 2439 pacis
436 2410 490 2438 est.
503 2414 566 2434 cum
579 2415 645 2442 pace
661 2418 722 2444 qua,
732 2410 780 2438 Dei
833 2399 905 2426 enim
920 2408 1003 2426 unum
1015 2405 1042 2427 et
1058 2401 1207 2428 maximum
1221 2410 1254 2429 ex
1267 2404 1512 2437 perniciosissimis
1526 2415 1623 2441 pecca-

35 2447 61 2470 ιη
74 2446 256 2481 τεῳιίηωυε.
272 2448 313 2475 Ad
332 2449 389 2477 hum
409 2450 432 2478 si
447 2451 510 2486 quis
526 2452 608 2480 habet
623 2454 706 2487 uuod'
717 2464 781 2490 ιπη-
830 2446 877 2477 tis,
893 2446 1038 2480 cupiditas.
1057 2446 1109 2473 Sed
1120 2450 1147 2474 et
1157 2448 1312 2476 esurientes
1327 2453 1354 2476 et
1369 2451 1494 2478 sitientes
1507 2454 1618 2480 :eterois

34 2494 133 2524 πμηιιπ,
149 2492 228 2520 locus
243 2497 302 2528 est;
323 2495 346 2523 si
362 2503 425 2523 vero
437 2497 530 2524 “unus
547 2502 589 2526 es;
605 2500 653 2534 qui
669 2508 780 2536 τρεροη,
830 2491 1033 2525 bonisjustitite
1049 2493 1214 2520 saturandos
1226 2502 1287 2521 esse
1300 2497 1428 2529 promisit
1439 2517 1446 2528 ,
1463 2501 1492 2524 ut
1511 2503 1621 2534 egesta-

34 2541 60 2562 m
79 2537 152 2571 vel“,
177 2546 229 2574 ego
252 2540 345 2568 dicere
370 2541 512 2577 incipiam,
535 2548 563 2571 ει
587 2552 649 2579 quae
660 2547 727 2573 mihi
743 2547 778 2574 ab
829 2541 884 2564 tem
899 2538 1077 2565 tolerabiliter
1092 2538 1223 2572 ferentes,
1233 2541 1302 2567 nihil
1320 2550 1369 2576 pro
1381 2542 1432 2570 hac
1446 2544 1539 2578 injusti
1553 2552 1618 2579 0pc-

35 2586 50 2606 ο
62 2587 172 2616 possum
188 2584 271 2620 obiici
282 2605 290 2618 ,
313 2586 372 2621 ipse
396 2587 424 2615 iu
451 2589 570 2616 medium
599 2591 705 2625 prolata
719 2592 776 2620 δίε,
828 2582 868 2610 ris
883 2583 1054 2611 molirentur.
1066 2584 1181 2612 Mundos
1196 2593 1306 2621 quoque
1320 2587 1404 2616 corde
1419 2589 1545 2616 similiter
1557 2590 1618 2616 bea-

34 2625 108 2656 lvam.
829 2633 872 2657 tos
895 2630 1019 2663 dicebat,
1042 2635 1069 2658 et
1094 2639 1143 2666 por
1158 2632 1208 2659 hoc
1232 2632 1315 2660 Deum
1340 2634 1466 2665 visuros.
1489 2639 1517 2661 ut
1533 2643 1616 2663 unus-

34 2670 119 2703 ιχνι,
144 2675 214 2704 cum
238 2685 303 2714 ergo
322 2678 419 2707 pen-us
450 2682 579 2717 “nuisse;
611 2684 776 2713 continuare
828 2675 1180 2711 quisqueadipiscilautum
1193 2679 1306 2713 cupiens
1316 2679 1427 2711 bonum,
1437 2681 1615 2716 semetipsum

34 2723 143 2749 “nouem
154 2741 163 2755 ν
191 2723 286 2751 suum,
301 2725 454 2762 interrupta
470 2729 594 2756 oratione
608 2730 668 2764 eius
684 2741 689 2758 ε
707 2731 773 2764 cur.
827 2729 842 2747 a
855 2721 982 2756 pessimis
995 2725 1022 2749 et
1037 2723 1149 2757 pollutis
1164 2724 1376 2758 cogitationibus
1390 2725 1551 2754 contineret.

34 2764 97 2800 μιίι,
108 2767 225 2797 festinas
233 2769 292 2805 ipse
307 2771 357 2799 tibi
369 2772 471 2806 dicere,
488 2782 549 2809 quas
565 2775 613 2803 tibi
628 2777 774 2805 videntur?
862 2779 958 2808 XXIX.
990 2780 1036 2807 Sic
1058 2788 1122 2816 ergo
1142 2780 1271 2815 magister
1291 2785 1382 2808 noster
1403 2780 1554 2816 discipulos
1577 2781 1611 2809 ad

34 2820 53 2835 "
69 2821 161 2854 Matth.
178 2834 207 2857 π.
223 2827 268 2854 54.
304 2829 325 2843 ¹⁷
338 2828 432 2857 Matth.
445 2839 470 2861 v,
483 2830 510 2859 9.
548 2832 570 2848 ⁸⁸
580 2831 675 2861 Matth.
692 2843 720 2867 Χ,
736 2835 781 2863 25.
824 2836 846 2851 ”
859 2835 926 2863 Ibid.
945 2836 990 2866 SI.
1007 2836 1052 2868 '53;
1067 2835 1134 2864 Luc.
1149 2841 1196 2866 xtl.
1209 2836 1254 2863 55.
