1892 3105
235 132 305 159 12(ιὸ

663 131 690 158 S.
708 130 904 159 CLEMENTIS
922 131 931 158 l
950 130 1033 159 ROM.
1053 130 1154 158 PONT.
1174 131 1288 159 OPERA
1307 131 1420 158 DUBIA.

1800 132 1865 159 12ῦέ

234 189 395 226 patientiam
410 189 541 220 invitans,
552 189 653 216 honuni
668 189 744 223 pacis
755 189 838 216 etiam
851 196 914 216 cum
929 188 1024 215 labore
1038 190 1062 217 Α
1076 186 1125 214 des
1139 194 1154 213 a
1170 187 1331 222 temetipso.
1347 187 1485 222 quomodo
1507 186 1615 214 stabis?
1639 186 1759 214 Necesse
1782 192 1822 214 est
1840 191 1865 213 iit

235 235 373 272 patientia:
381 235 514 263 suadebat
526 242 587 262 esse
601 242 679 263 serva
683 235 717 262 nd
722 243 765 261 um
770 256 776 262 .
785 235 805 261 E
811 235 952 262 contrario
958 241 1023 261 vero

235 289 284 310 eos
299 282 346 316 qui
362 282 390 308 in
405 281 509 308 divitiis
521 289 553 307 ac
570 281 677 308 luxuria
692 281 886 311 versabantur.
902 281 1023 315 lugebat,

235 328 282 363 qui
293 328 361 355 nihil
372 328 538 362 pauperibus
555 327 759 362 largiebantur,
774 335 893 362 arguens
913 334 962 353 eos
980 334 1023 352 ra-

236 374 338 401 tionem
353 373 510 400 reddituros
521 393 528 404 ,
545 373 609 408 quia
636 374 776 408 proximos
792 381 858 400 suos
879 380 948 407 quos
963 371 1026 399 dili-

237 427 301 455 gere
315 419 387 446 sicut
401 418 507 453 scipsos
522 418 683 452 debuerant,
695 426 730 445 ne
745 418 771 445 in
787 423 906 453 egestate
916 417 1025 452 quidem

237 467 341 501 positos
357 465 479 492 miserati
495 468 570 492 sunt.
587 464 650 492 Ilaec
665 468 757 491 autem
773 464 870 491 dicens
885 464 954 490 alios
965 463 1027 498 qui-

235 511 297 538 dem
323 510 436 538 obedire
461 510 542 543 fecit,
564 510 634 537 alios
658 518 723 537 vero
748 509 865 537 reddidit
889 510 1026 537 inimicos.

236 555 420 583 Credentibus
439 563 504 590 ergo
528 558 556 582 et
579 555 770 582 obedientilius
806 561 899 588 pacem
926 553 1028 580 habere

236 599 308 626 inter
324 606 354 626 se
370 599 487 626 invicem
501 598 590 633 jubet.
604 602 631 625 et
646 598 713 633 ipsis
724 597 809 624 dicit:
824 597 899 623 Beati
911 597 1026 631 paciﬁci.

235 645 299 679 quia
313 644 364 678 ipsi
374 643 425 678 filii
438 643 486 670 Dei
500 642 663 670 vocabuntur
671 643 704 670 ³ο.
719 642 768 670 His
782 645 872 670 autem
883 662 890 674 ,
907 642 953 677 qui
972 649 1028 669 non

236 690 324 717 solum
336 698 390 716 non
403 689 556 719 credidere.
573 696 666 716 verum
684 693 711 715 et
727 688 879 716 adversarii
895 688 1028 715 doctrinae

235 736 297 770 ejus
310 735 373 762 facti
387 739 463 768 sunt,
472 735 574 763 bellum
585 734 661 762 verbi
676 739 704 762 et
719 734 918 762 confutationis
933 733 1030 761 indicit

235 786 263 808 et
278 782 331 809 ait:
345 782 416 815 Quia
427 789 459 808 em
472 781 519 808 hoc
533 780 650 808 videbitis
671 781 792 815 separari
807 781 893 814 ﬁlium
912 789 928 807 a
939 783 1026 815 p‘alre,

235 832 260 854 et
275 828 359 854 virum
372 827 405 854 ab
418 835 519 858 uxore,
532 834 556 854 et
574 827 659 861 ﬁliam
677 836 692 853 ιι
715 832 815 858 matre,
834 831 858 854 et
882 827 992 861 fratrem
1010 835 1027 853 α

235 872 334 907 fratre,
351 877 374 900 et
390 881 485 900 nurum
504 881 520 899 a
536 881 613 900 socru
625 893 631 905 ,
647 878 671 899 et
687 873 788 900 inimici
805 873 917 900 hominis
937 872 1024 899 dome-
1042 863 1064 890 Β

236 919 297 946 uici
316 919 373 954 ejus
382 920 415 947 ³¹.
439 918 467 946 In
483 927 648 955 unaquaque
669 919 744 947 enim
759 919 852 951 domo.
877 927 940 946 cum
956 919 1028 947 inter

236 965 394 993 credentem
409 969 437 993 et
452 973 507 993 non
522 966 679 994 credentem
695 966 808 1001 cmperit
827 973 889 994 esse
911 966 1027 994 diversi-

235 1015 289 1044 tas,
305 1012 464 1040 necessario
478 1020 568 1047 pugna
585 1012 624 1043 ﬁt,
640 1012 792 1040 incredulis
807 1011 915 1047 quidem
931 1016 1027 1039 contra

236 1056 316 1084 ﬁdem
333 1057 528 1085 dimicantibus
542 1078 548 1088 ,
566 1057 692 1085 ﬁdelibus
705 1066 771 1085 vero
786 1058 814 1085 in
834 1058 889 1085 illis
904 1065 1027 1085 errorem

235 1108 366 1134 veterem.
382 1108 409 1130 et
424 1109 599 1138 peccatorum
617 1103 681 1130 vitia
695 1103 913 1131 confutantibus.

270 1149 354 1178 XXX.
377 1149 510 1178 Similiter
523 1158 632 1185 quoque
653 1150 737 1177 etiam
762 1157 827 1185 erga
849 1150 976 1182 scribas,
1001 1154 1028 1177 ct

234 1195 387 1224 Phariszeos
403 1195 501 1223 ultimo
515 1195 649 1223 doctrinae
663 1202 721 1222 sua:
736 1198 859 1230 tempore
870 1194 970 1222 bellum
979 1203 1027 1229 ge-

237 1242 282 1273 rit,
310 1247 426 1276 arguens
445 1247 493 1267 eos
516 1246 599 1274 super
619 1239 727 1267 actibus
747 1247 802 1266 non
825 1239 904 1266 bonis
925 1243 952 1266 et
968 1246 1023 1266 non

237 1292 311 1315 recta
332 1286 474 1319 doctrina,
494 1290 522 1314 et
546 1285 619 1321 quod
648 1286 750 1314 clavem
771 1286 891 1325 scientiae
907 1294 988 1321 quam
1008 1293 1024 1313 a

237 1333 332 1368 Moyse
345 1332 470 1359 traditam
483 1337 671 1367 susceperunt.
685 1332 863 1364 occultarent,
878 1340 925 1367 per
943 1339 1024 1367 quam

237 1377 325 1411 possit
339 1377 423 1411 janua
437 1376 512 1411 regni
526 1376 645 1404 caelestis
656 1377 756 1410 aperiri
772 1376 803 1403 ¹¹.
817 1375 869 1403 Sed
886 1381 913 1404 et
927 1385 976 1404 nos
990 1376 1024 1404 ad

237 1421 440 1457 prax‘irandum
470 1421 581 1448 mittens
613 1420 745 1448 Dominus
774 1425 867 1448 noster
898 1421 1024 1456 praici-pit

237 1466 327 1499 nobis,
345 1470 375 1493 ut
386 1466 413 1493 in
425 1472 618 1500 quamcunque
637 1465 775 1493 civitatem
791 1465 833 1493 vel
848 1465 960 1493 domum
982 1467 1021 1492 iii-

237 1510 530 1545 troierimus,dieamus
543 1519 550 1538 :
568 1510 628 1536 Pax
638 1510 698 1537 huic
709 1510 816 1541 domui;
834 1515 857 1537 et
871 1511 893 1537 si
906 1511 1022 1546 quidem,

236 1557 335 1591 inquit,
348 1557 429 1591 fuerit
446 1556 483 1583 ibi
499 1556 571 1591 filius
588 1558 673 1592 pacis,
687 1557 769 1584 ueniet
790 1565 868 1591 super
887 1565 947 1583 eum
969 1565 1023 1592 pax

235 1607 339 1634 uestra;
354 1603 378 1630 si
394 1610 452 1629 vero
469 1611 519 1629 non
541 1603 632 1638 fuerit,
653 1611 706 1638 pax
727 1608 810 1630 vestra
823 1603 858 1630 ad
879 1612 923 1631 vos
938 1612 1022 1631 rever-

237 1654 321 1681 tetur;
336 1653 467 1677 exeuntes
483 1654 573 1676 autem
588 1649 622 1676 de
636 1650 717 1677 donio
734 1649 775 1677 vel
790 1650 823 1677 de
841 1650 951 1677 civitate
965 1650 1020 1682 illa,

235 1699 266 1723 ut
278 1695 360 1722 etiam
377 1695 527 1730 pulverem,
543 1695 590 1730 qui
614 1695 759 1722 adhaeserit
773 1695 886 1729 pedibus
908 1696 1020 1728 nostris,

235 1741 406 1768 excutiamus
421 1748 504 1775 super
515 1747 573 1768 eos.
589 1740 763 1767 Tolerabilius
775 1746 864 1768 autem
881 1742 930 1768 erit
943 1747 1021 1768 terra:

234 1786 409 1815 Sodomorum
423 1791 449 1813 et
465 1786 695 1814 Gomorrlueorum
711 1789 737 1814 iu
755 1787 799 1814 die
813 1788 921 1822 judicii,
940 1796 1021 1823 quam

234 1831 276 1858 illi
297 1831 400 1858 ciuitati
423 1831 462 1858 vel
483 1830 574 1858 domui
589 1832 622 1858 ³³.
646 1832 723 1865 Quod
737 1833 830 1868 utique
850 1833 887 1860 ita
909 1833 1019 1861 demum

233 1877 362 1912 praecepit
378 1876 447 1909 ﬁeri,
464 1877 488 1904 si
503 1876 581 1911 prius
597 1877 624 1904 in
639 1878 751 1906 civitate
771 1880 816 1907 vel
827 1879 910 1907 domo
925 1881 1026 1908 verita-

233 1923 270 1950 tis
281 1930 372 1950 sermo
385 1922 561 1957 praedicetur,
575 1931 609 1951 ex
621 1932 676 1959 quo
686 1925 730 1952 vel
744 1927 910 1961 recipientes
925 1929 1028 1955 verita-

233 1968 269 1996 tis
282 1967 362 1995 ﬁdem
379 1968 428 1996 lilii
448 1969 524 2003 pacis
540 1975 567 1996 et
583 1969 630 1996 ﬁlii
653 1970 699 1998 Dei
717 1971 783 1999 ﬁant
797 1993 804 2004 ,
821 1974 862 2000 vel
883 1981 937 2000 non
955 1975 1025 2002 reci-

233 2015 340 2050 pientcs
356 2020 507 2050 arguantur
523 2016 602 2050 quasi
616 2017 720 2044 inimici
736 2018 812 2052 pacis
826 2025 853 2046 et
868 2019 925 2047 Dei.

267 2059 364 2089 XXXI.
379 2060 419 2088 Ita
430 2069 497 2097 ergo
511 2065 538 2089 et
555 2070 606 2090 nos
625 2064 749 2099 magistri
765 2064 894 2092 instituta
909 2074 1024 2094 servano

232 2112 286 2141 tes,
302 2115 397 2143 pacein
413 2109 502 2143 primo
518 2109 697 2144 proponimus
713 2110 896 2144 auditoribus,
917 2117 949 2140 ut
962 2113 1025 2141 abs-

232 2162 285 2188 que
308 2154 362 2180 ulla
380 2154 589 2189 perturbatione
606 2156 691 2190 possit
716 2157 759 2183 via
780 2157 878 2184 salutis
900 2159 1022 2193 agnosci.

1077 233 1156 260 cadat
1167 253 1173 265 ,
1189 234 1236 268 qui
1260 234 1287 260 in
1307 233 1458 268 semetipso
1480 233 1623 259 dividitur.
1641 231 1727 259 Omne
1742 233 1811 260 enim
1827 242 1865 259 re-

1075 287 1153 313 gnum
1178 280 1205 306 in
1222 280 1389 313 semetipsum
1403 280 1526 311 divisum,
1544 287 1597 306 non
1612 279 1697 305 stabit
1711 279 1744 306 ³⁸.
1760 279 1800 306 Ad
1813 280 1864 307 hac

1076 323 1099 349 si
1111 323 1176 357 quid
1194 323 1310 354 videtur,
1328 323 1424 352 dicito.

1112 368 1219 397 XXXII.
1242 369 1274 395 Et
1290 368 1386 396 Simon
1401 379 1407 396 :
1423 368 1571 396 Stultitiam
1588 372 1664 397 tuam
1680 370 1812 398 demiror.
1824 370 1863 398 Sic

1077 414 1156 442 nobis
1172 414 1297 450 magistri
1308 416 1348 442 tui
1364 415 1447 442 verba
1462 415 1605 450 proponis.
1621 417 1705 451 quasi
1722 418 1865 445 certumde

1076 467 1109 487 eo
1123 460 1253 488 habeatur
1269 461 1340 496 quod
1355 461 1489 496 propheta
1510 461 1560 493 sit,
1576 470 1659 496 quem
1676 470 1729 498 ego
1746 463 1865 498 perfacile

1077 504 1265 533 demonstrare
1277 514 1400 541 possum,
1415 506 1499 532 multa
1511 505 1563 533 sibi
1577 508 1722 534 contraria
1738 508 1864 537 locutum.

1078 550 1200 587 Denique
1221 560 1254 579 ex
1273 552 1334 584 his,
1353 560 1416 588 quae
1439 553 1497 586 ipse
1522 553 1680 587 protulisti,
1709 561 1863 590 arguamie.

1077 597 1125 626 Ais
1140 598 1213 625 enim
1232 598 1335 626 dixisse
1347 606 1409 626 eum
1422 618 1430 631 ,
1447 607 1521 625 amite
1544 607 1653 634 regnum
1667 601 1711 628 vel
1726 602 1816 629 omnis
1834 604 1865 630 ci-

1078 644 1148 671 vitas
1163 643 1251 671 divisa
1266 645 1294 671 in
1309 644 1455 679 semetipsa
1473 652 1524 670 non
1537 645 1628 672 stabit.
1645 645 1682 672 Et
1697 647 1765 674 alibi
1778 648 1864 675 iterum

1078 690 1120 716 ais
1135 696 1197 716 eum
1217 690 1320 717 dixisse
1331 709 1338 722 ,
1352 690 1415 725 quia
1437 689 1495 724 ipse
1509 689 1615 717 miserit
1630 692 1757 726 gladium
1770 714 1778 723 ,
1790 699 1818 720 ut
1831 702 1865 720 se-

1078 739 1187 769 pararet
1201 743 1249 763 eos
1265 736 1311 771 qui
1328 736 1354 763 in
1371 735 1452 763 domo
1467 740 1542 767 sunt,
1555 736 1591 763 ita
1607 741 1639 764 ut
1652 738 1796 766 dividatur
1806 740 1865 767 ﬁlius

1078 787 1092 806 a
1103 783 1197 814 patre,
1220 784 1247 807 et
1260 780 1314 807 ﬁlia
1331 789 1346 808 a
1361 785 1448 808 matre
1460 801 1467 813 ,
1490 785 1518 808 et
1535 780 1619 809 frater
1635 790 1650 809 a
1668 783 1777 815 fratre.
1799 790 1826 812 ut
1847 786 1864 811 si

1080 825 1182 853 fuerint
1201 828 1228 854 in
1246 835 1299 854 una
1315 827 1397 855 domo
1412 828 1548 863 quinque,
1571 828 1738 856 dividantur
1755 835 1810 858 tres
1828 831 1865 857 ad-

1079 881 1188 900 versum
1200 873 1281 906 duos,
1293 878 1321 902 et
1335 874 1391 902 duo
1403 875 1546 903 adversum
1558 878 1615 901 tres
1622 874 1657 902 ³³.
1676 875 1708 903 Si
1720 884 1788 912 ergo
1798 885 1865 905 omne

1077 919 1150 954 quod
1165 918 1308 952 dividitur,
1326 920 1400 947 cadit
1414 941 1422 953 ,
1449 921 1500 950 iste
1515 924 1561 958 qui
1577 923 1734 951 divisiones
1748 922 1812 950 facit
1829 931 1864 950 ca-

1078 964 1160 991 dendi
1176 965 1304 999 prastitit
1318 973 1428 998 causas,
1445 970 1472 994 et
1491 968 1513 995 si
1530 968 1593 995 talis
1608 973 1662 999 est,
1677 968 1778 1003 utique
1791 969 1865 994 malus

1078 1014 1130 1038 est.
1148 1011 1187 1037 Ad
1202 1011 1260 1038 haec
1272 1011 1409 1046 responde
1425 1013 1448 1040 si
1465 1016 1554 1047 potes.

1113 1056 1233 1084 XXXIII.
1245 1057 1277 1083 Et
1286 1056 1382 1085 Petrus
1395 1067 1401 1084 ε
1415 1057 1475 1085 Νοη
1488 1061 1591 1086 temere
1600 1058 1735 1095 deroges.
1743 1067 1761 1087 o
1771 1059 1862 1087 Simon.

1079 1103 1121 1131 his
1136 1111 1197 1138 qu:e
1208 1111 1263 1130 non
1279 1103 1420 1138 intelligis.
1437 1103 1530 1132 Primo
1545 1112 1612 1140 ergo
1628 1105 1813 1141 respondeam
1826 1115 1863 1141 pii

1078 1156 1112 1176 eo
1124 1148 1197 1184 quod
1212 1149 1263 1179 ais.
1286 1156 1329 1176 me
1341 1149 1463 1184 magistri
1476 1151 1530 1177 mei
1547 1151 1630 1178 verba
1646 1159 1814 1186 proponere.
1832 1159 1862 1178 ar-

1079 1203 1131 1229 que
1155 1202 1186 1222 ex
1205 1195 1272 1230 ipsis
1292 1202 1345 1228 ea,
1368 1195 1402 1223 de
1418 1195 1519 1230 quibus
1542 1196 1706 1229 dubitatur,
1725 1198 1860 1225 absolvere.

1079 1240 1212 1268 Dominus
1237 1246 1329 1269 noster
1349 1241 1460 1270 mittens
1479 1249 1530 1270 nos
1558 1247 1705 1278 apostolos
1728 1244 1764 1270 ad
1782 1245 1861 1278 pndi-

1079 1286 1208 1318 eandum,
1222 1287 1349 1322 praecepit
1363 1287 1454 1319 nobis,
1467 1293 1496 1315 ut
1509 1288 1657 1316 doceamus
1669 1297 1771 1317 omnes
1783 1294 1860 1326 gentes

1078 1331 1112 1359 de
1127 1331 1170 1359 his
1192 1340 1253 1366 quae
1269 1332 1398 1359 mandata
1413 1336 1478 1361 sunt
1502 1333 1583 1361 nobis
1591 1334 1624 1361 ⁸⁸.
1639 1333 1739 1370 Neque
1752 1343 1814 1369 ergo
1829 1336 1861 1362 di-

1078 1384 1140 1405 cere
1151 1384 1194 1409 ea,
1211 1381 1241 1404 ut
1254 1378 1288 1404 ali
1299 1378 1360 1412 ipso
1375 1377 1448 1405 dicta
1462 1383 1538 1412 sunt,
1554 1380 1789 1414 possumus.Non
1803 1382 1859 1408 enim

1078 1423 1184 1455 dicere,
1205 1423 1253 1450 sed
1268 1423 1368 1452 docere
1383 1431 1416 1452 ea
1432 1425 1459 1452 in
1475 1426 1613 1453 mandatis
1628 1426 1768 1455 habemus
1778 1449 1785 1460 ,
1802 1432 1824 1454 et
1836 1436 1859 1454 α

1079 1469 1147 1505 ipsis
1161 1470 1317 1502 ostendere,
1333 1471 1474 1506 quomodo
1489 1473 1714 1508 unumquodque
1728 1481 1820 1501 eorum
1830 1483 1860 1498 ιγι

1040 1533 1063 1562 C
1079 1514 1161 1543 ritate
1186 1515 1331 1542 subnixum
1347 1516 1394 1544 sit.
1409 1515 1504 1552 Neque
1519 1524 1618 1545 rursus
1636 1519 1784 1554 proprium
1798 1520 1858 1546 nobis

1080 1561 1183 1596 aliquid
1203 1561 1296 1589 dicere
1312 1563 1479 1597 permissum
1493 1567 1546 1591 est.
1565 1562 1671 1592 Sumus
1686 1565 1763 1592 enim
1781 1566 1858 1593 missi.

1079 1611 1106 1635 et
1122 1608 1279 1635 necessario
1296 1609 1343 1643 qui
1357 1608 1459 1637 missus
1479 1613 1531 1640 est.
1549 1610 1615 1637 illud
1636 1611 1713 1646 quod
1725 1613 1818 1646 jussus
1830 1616 1860 1639 ed

1078 1654 1205 1687 nuntiat,
1221 1658 1248 1681 et
1262 1655 1430 1683 voluntatem
1456 1656 1591 1684 mittentis
1615 1658 1745 1692 exponit.
1768 1658 1829 1685 Nam
1843 1668 1858 1684 μ

1078 1700 1152 1728 aliud
1171 1700 1272 1733 dicam,
1286 1708 1368 1736 quam
1384 1701 1513 1736 praecepit
1524 1701 1591 1728 mihi
1607 1702 1655 1730 ille
1668 1703 1719 1739 qui
1733 1711 1780 1732 ine
1791 1705 1858 1731 misit.

1078 1745 1164 1773 falsus
1178 1753 1227 1773 cro
1240 1746 1392 1781 apostolus,
1405 1746 1452 1782 qui
1465 1754 1521 1774 non
1538 1747 1606 1774 illud
1620 1748 1687 1776 dico
1701 1750 1776 1785 quod
1784 1750 1858 1784 iusso:

1078 1799 1139 1819 sum
1155 1791 1257 1823 dicere.
1275 1791 1323 1820 sed
1339 1792 1412 1827 quod
1426 1792 1493 1820 mihi
1508 1793 1629 1822 videtur.
1643 1793 1725 1828 Quod
1737 1796 1786 1831 qui
1800 1796 1855 1822 fad;

1078 1838 1173 1873 utique
1188 1846 1218 1866 se
1233 1838 1372 1866 meliorem
1393 1838 1541 1867 ostendere
1556 1840 1617 1867 vult
1631 1848 1717 1875 quam
1741 1846 1784 1869 est
1797 1842 1833 1869 ille
1845 1849 1855 1866 ι

1077 1891 1132 1919 quo
1145 1883 1247 1911 missus
1261 1887 1312 1917 est,
1328 1888 1356 1912 et
1369 1887 1412 1912 est
1428 1884 1488 1912 sine
1512 1884 1598 1912 dubio
1614 1888 1820 1918 praevaricator.
1835 1886 1853 1912 Si

1075 1936 1142 1956 vero
1155 1936 1186 1956 ea
1202 1937 1263 1964 qua:
1279 1928 1374 1964 jussus
1388 1933 1431 1957 est
1446 1935 1643 1966 prosequatur,
1658 1940 1810 1967 eorumque
1823 1940 1852 1957 π.»-

1077 1975 1212 2002 sertiones
1232 1973 1473 2003 manifestissimas
1495 1976 1638 2011 proferat,
1665 1978 1787 2013 apostoli
1805 1985 1849 2011 opt:

1076 2021 1189 2056 exsequi
1201 2020 1355 2054 videbitur,
1370 2021 1445 2056 quod
1469 2029 1521 2058 ego
1539 2030 1615 2050 nunc
1631 2023 1751 2059 implere
1765 2029 1848 2051 contr“

1075 2066 1143 2094 dens
1160 2074 1214 2093 non
1230 2066 1278 2094 tibi
1293 2067 1397 2101 placeo.
1412 2066 1473 2094 Non
1486 2074 1552 2102 ergo
1582 2069 1784 2103 reprehendas.
1800 2068 1845 2103 σει-’σί

1075 2113 1136 2147 ejus
1151 2112 1198 2147 qui
1211 2119 1255 2139 me
1266 2112 1340 2140 misit
1354 2113 1492 2148 proferam
1504 2113 1604 2147 verba;
1622 2114 1673 2142 sed
1689 2116 1713 2142 si
1727 2117 1803 2143 estin
1812 2115 1823 2140 ii
1832 2122 1844 2137 g-

1077 2157 1194 2192 aliquid,
1209 2157 1283 2192 quod
1298 2165 1353 2185 non
1371 2158 1408 2185 sit
1429 2159 1536 2194 integre
1559 2159 1666 2187 dictum
1679 2181 1686 2193 ,
1708 2160 1842 2188 indetur”

231 2197 311 2232 Quod
335 2198 358 2226 si
379 2199 442 2234 quis
472 2200 547 2236 pacis
560 2201 642 2228 verba
657 2209 712 2228 non
729 2203 846 2236 suscipit
869 2211 957 2238 neque
977 2212 1025 2231 ac-
1040 2200 1063 2230 D
1076 2210 1176 2238 arguas
1200 2203 1281 2236 licet;
1297 2203 1371 2238 quod
1397 2208 1489 2231 tamen
1505 2205 1581 2232 nullo
1600 2206 1684 2234 modo
1700 2206 1757 2234 ﬁeri
1771 2210 1834 2242 pom

231 2245 349 2280 quiescit
371 2245 503 2278 veritati,
528 2247 631 2274 scimus
650 2247 796 2275 adversum
814 2256 877 2276 eum
903 2258 1021 2285 pugnam

231 2291 307 2320 verbi
330 2299 449 2325 movere,
464 2296 492 2320 et
505 2299 621 2326 arguere
637 2294 729 2332 acrius
753 2295 921 2323 eonfutando
945 2297 1022 2332 igno-

231 2339 349 2366 rantiam
363 2343 391 2366 et
406 2338 597 2374 redarguendo
611 2327 734 2375 peccata.
750 2340 915 2371 Necessario
939 2327 1022 2379 igitur

230 2392 326 2420 pacem
343 2385 522 2420 proponimus
532 2406 539 2418 ,
553 2390 583 2412 ut
603 2387 627 2414 si
642 2387 705 2421 quis
719 2391 761 2415 est
779 2387 851 2415 ﬁlius
864 2389 952 2424 pacis,
970 2397 1022 2425 pax

231 2434 325 2458 nostra
338 2432 431 2458 veniat
447 2440 530 2467 super
544 2440 618 2462 cum.
635 2433 670 2460 ab
684 2441 718 2460 eo
732 2438 822 2461 autem
844 2435 891 2470 qui
899 2431 935 2462 'se
959 2436 1023 2463 alie-

231 2484 297 2503 num
313 2477 390 2511 pacis
404 2477 535 2510 olfecerit,
548 2478 719 2513 regredietur
734 2479 768 2506 ad
784 2487 835 2507 nos
845 2487 897 2515 pax
913 2485 1020 2510 nostra.

230 2522 294 2550 Non
309 2531 385 2558 ergo,
406 2527 436 2551 ut
450 2523 506 2556 ais,
530 2531 668 2552 consensu
693 2525 827 2552 malorum
843 2534 937 2561 pacem
957 2535 1022 2562 pio-

231 2568 370 2604 ponimus;
398 2577 460 2595 iiam
479 2569 572 2604 utique
594 2570 723 2597 continuo
742 2570 792 2598 tibi
816 2570 955 2598 dexteram
980 2571 1024 2598 de-

228 2615 381 2648 dissemus,
396 2615 444 2644 sed
460 2619 490 2643 ut
513 2623 562 2651 per
576 2615 693 2650 quietem
709 2619 737 2643 et
759 2616 917 2651 patientiam
938 2617 1025 2644 disse-

230 2662 356 2690 rentibus
373 2663 465 2695 nobis,
478 2662 525 2697 qui
541 2662 577 2689 sit
592 2669 683 2689 sermo
695 2670 786 2694 verus,
801 2662 910 2690 facilius
923 2663 957 2689 ab
973 2670 1023 2689 an-

229 2707 368 2737 ditoribus
383 2707 609 2746 dignoscatur.Si
625 2713 714 2735 autem
726 2708 862 2737 dissideas
875 2712 903 2736 et
914 2709 1021 2736 discor-

277 2776 300 2792 "
320 2776 416 2804 Matth.
433 2785 461 2809 ν,
471 2777 499 2804 9.

233 2810 300 2839 Luc.
320 2821 346 2844 κ,
364 2812 391 2844 5,
409 2812 436 2840 6.
473 2811 496 2827 “
514 2811 609 2839 Matth.
627 2820 674 2842 xii.
686 2812 730 2839 95.
770 2813 792 2828 ³³
812 2813 878 2840 Luc.
894 2821 943 2842 xu.
959 2813 1003 2839 52.

550 2777 571 2792 ¹¹
593 2776 688 2804 Matth.
705 2777 788 2808 $.34.
802 2777 846 2810 55';
863 2776 929 2804 Luc.
949 2785 997 2807 xii,
1016 2777 1060 2804 55.
1113 2776 1134 2792 "
1154 2776 1249 2803 Matth.
1276 2782 1355 2806 xxiii;
1372 2776 1411 2801 Lu

550 2812 609 2839 itth.
627 2820 674 2839 xii.
686 2812 730 2839 95.
770 2813 792 2828 δ’
812 2813 878 2839 Luc.
894 2821 943 2839 xu.
959 2813 1003 2839 52.
1054 2812 1076 2827 ³⁸
1097 2811 1191 2838 Matth.
1207 2818 1302 2839 xxvni.
1319 2809 1362 2839 I9,
1376 2810 1412 2837 20

279 2851 380 2876 ‘extuui
394 2848 547 2884 recepimus
562 2856 594 2875 ex
613 2847 693 2875 codd.
710 2847 1021 2884 Thuan.,Sorb.,Lipss.
1038 2851 1066 2876 et
1080 2847 1124 2875 all.

1074 2247 1222 2283 (Propheta
1238 2248 1310 2275 enim
1324 2252 1376 2280 est,
1391 2252 1418 2276 et
1433 2249 1486 2276 sibi
1500 2257 1563 2277 esse
1576 2252 1736 2279 contrarius
1757 2258 1838 2285 nouit“

1073 2297 1127 2321 test
1135 2294 1180 2328 ⁸⁷.)
1195 2294 1250 2320 Aut
1265 2294 1289 2321 si
1301 2302 1356 2321 non
1373 2298 1454 2329 putas
1471 2303 1534 2323 eum
1551 2297 1715 2331 prophetam
1731 2305 1795 2329 esse,
1807 2296 1837 2322 is?

1073 2340 1162 2375 primo
1178 2340 1347 2374 requiratur.

1111 2384 1231 2412 XXXIV.
1252 2385 1285 2412 Et
1306 2384 1424 2412 Simon:
1444 2385 1503 2413 Non
1519 2393 1589 2422 Opus
1607 2388 1759 2416 habeoboc

1074 2432 1124 2459 abs
1142 2436 1182 2464 te,
1198 2431 1248 2459 sed
1269 2431 1407 2466 quomodo
1423 2432 1476 2459 sibi
1491 2433 1545 2459 ista
1559 2435 1734 2461 conveniant.
1748 2433 1773 2461 Si
1785 2432 1833 2459 asin

1074 2478 1261 2505 inconsonans
1274 2477 1446 2506 ostendetur.
1463 2478 1546 2505 simul
1562 2479 1645 2506 etiam
1662 2480 1783 2515 propheta
1797 2484 1833 2503 ιιι

1074 2531 1137 2552 esse
1146 2523 1302 2551 docebitur.
1315 2521 1384 2549 Tum
1400 2522 1519 2552 Petrus:
1538 2523 1592 2552 Sed
1608 2525 1630 2552 si
1643 2526 1734 2560 prius.
1752 2525 1829 2558 inquit.

1075 2569 1224 2598 ostendero
1237 2576 1300 2597 eum
1316 2569 1475 2604 prophetam
1488 2589 1496 2601 ,
1519 2569 1572 2597 hoc
1587 2572 1658 2606 quod
1675 2570 1774 2598 videtur
1787 2575 1845 2602 esse,

1077 2617 1275 2647 inconsonans,
1292 2622 1346 2641 non
1361 2615 1425 2645 erit.
1440 2623 1531 2650 neque
1545 2617 1616 2647 enim
1636 2625 1669 2645 ex
1683 2619 1826 2644 consoqu

1075 2663 1137 2698 quis
1155 2661 1287 2697 propheta
1302 2668 1364 2688 esse
1386 2661 1531 2696 probatur,
1546 2663 1608 2697 quia
1626 2663 1676 2690 hoc
1689 2662 1772 2689 multis
1782 2665 1826 2693 ιιι-

1076 2708 1155 2736 sibile
1176 2711 1220 2734 est
1245 2705 1353 2739 facere;
1368 2707 1442 2741 quod
1458 2707 1482 2734 si
1501 2709 1678 2736 consonantia
1697 2706 1824 2742 prophetat!

1113 2776 1134 2792 ³¹
1154 2775 1249 2803 Matth.
1276 2782 1355 2806 xxiii;
1372 2774 1440 2803 Luc.
1458 2783 1496 2803 xl.
1537 2776 1560 2793 ³³
1579 2775 1667 2803 Matth.
1685 2783 1711 2805 ι,
1752 2772 1819 2799 ιὲιιᾴκ

1113 2811 1191 2838 Iatth.
1207 2818 1302 2839 xxvni.
1319 2809 1362 2839 I9,
1376 2810 1421 2838 20.
1471 2812 1493 2827 "
1515 2810 1648 2839 Vocabula
1661 2808 1817 2838 uncisindlil

1836 2906 1865 3055 l

1867 2402 1868 2457 χ

1863 2774 1865 2910 1
