1892 3105
43 152 96 180 Ηοὸ

42 219 83 239 non
102 208 174 239 facit,
197 206 282 234 multo
309 206 396 241 magis
413 213 463 232 nec
481 205 702 232 inconsonantia.
727 203 797 237 Quia
813 206 834 233 Α

40 264 91 292 ergo
106 254 180 282 multa
197 257 279 284 sunt,
304 259 366 287 qua:
380 252 506 279 videntur
519 251 629 286 quidem
650 251 801 278 inconsona

41 311 88 329 esse
98 300 233 330 nonnullis,
248 299 349 326 habent
364 301 454 324 tamen
467 297 644 331 profundiore
655 297 761 324 ratione
774 297 801 324 in

40 347 170 382 semetipsis
180 345 399 376 consonantiam,
410 344 482 371 sicut
497 348 525 371 et
541 344 593 370 alia
605 352 665 379 qua:
678 344 803 371 videntur

41 395 122 422 habere
142 392 363 423 consonantiam,
389 391 516 418 discussa
541 389 699 423 diligentius
728 390 804 417 inve-

40 442 133 467 niuntur
150 439 298 465 inconsona
311 457 318 469 ,
333 436 385 464 hac
400 437 434 464 de
454 444 538 464 causa
563 437 644 463 aliam
661 444 716 464 non
737 441 804 471 puto

40 487 159 514 rectiorem
173 492 233 513 esse
255 485 329 511 viam
345 483 379 511 ad
399 483 497 510 horutn
521 483 684 515 disrritnen,
700 483 754 510 nisi
774 487 804 510 ut

39 532 99 566 prius
111 537 313 566 cognoscamus,
329 530 353 557 si
367 529 390 557 is
414 529 461 564 qui
476 529 584 556 loeutus
598 533 641 556 est
651 536 682 556 ea
694 536 754 564 qua:
764 529 804 556 vi-

39 579 121 605 dentur
137 577 299 608 inconsona,
317 575 450 611 propheta
464 576 509 604 sit.
527 575 555 603 Si
572 575 644 602 enim
667 575 805 602 invenitur

39 625 150 659 propheta
171 631 231 652 esse
243 643 251 655 ,
267 623 359 650 omnia
384 622 431 649 illa
445 630 505 657 quae
521 622 647 650 videntur
671 622 724 649 sibi
744 629 806 649 esse

37 670 170 702 contraria,
189 673 300 698 constat
322 669 422 696 habere
438 669 665 699 consonantiam.
683 668 731 695 sed
752 675 806 695 non

38 717 144 752 intelligi.
157 716 192 744 De
207 717 250 744 his
263 723 329 751 ergo
346 715 527 750 probamenta
546 715 650 742 rectius
668 714 806 750 requiren-

39 768 81 790 tur.
93 762 143 789 Nos
154 763 225 790 enim
243 762 360 798 apostoli
379 762 452 790 illius
468 763 516 797 qui
541 770 592 789 nos
607 762 699 794 misit,
722 761 806 789 verba

37 816 152 844 exponere
166 809 244 836 missi
257 816 354 837 suntus
370 813 398 836 et
417 808 553 836 afﬁrmare
566 809 729 840 sententias,
742 815 807 843 pro-

38 856 109 890 priuut
117 863 177 882 vero
187 854 278 883 dicere
289 855 391 891 aliquid
407 863 462 883 non
475 855 609 882 habemus
619 855 647 882 in
658 855 805 888 mandatis,

37 901 73 928 sed
85 901 222 929 verborum
237 902 327 932 illius,
345 905 376 928 ut
391 901 459 934 dixi,
479 902 585 936 aperire
596 901 750 929 veritatem.

66 946 161 975 XXXV.
182 947 215 974 Et
232 948 328 974 Simon
344 948 381 974 ait
400 956 406 973 :
423 947 496 975 Doce
510 955 575 983 ergo
592 955 653 981 nos,
668 947 806 982 quomodo

36 995 172 1027 conveniat,
184 999 214 1022 ut
225 995 249 1022 is
261 995 308 1030 qui
321 994 470 1022 divisiones
491 994 567 1027 facit,
581 1003 641 1029 qua:
657 994 808 1023 divisiones

36 1041 118 1069 cadere
136 1041 236 1069 faciant
249 1049 297 1069 eos
308 1041 354 1076 qtti
367 1041 537 1072 dividuntur,
553 1041 595 1068 vel
611 1040 700 1068 bontts
715 1041 807 1068 videa-

37 1092 82 1118 tur,
95 1087 133 1115 vel
152 1087 185 1114 ad
210 1087 353 1114 hominum
374 1087 490 1114 salutem
503 1086 622 1114 venisse.
647 1086 679 1113 Et
691 1086 806 1114 Petrus:

36 1134 104 1165 Audi,
119 1134 254 1169 quomodo
269 1134 399 1168 magister
422 1137 517 1161 noster
537 1141 617 1161 omne
636 1141 762 1169 regnum,
781 1136 808 1160 et

36 1188 130 1208 onlnem
144 1180 254 1207 domum
269 1179 385 1207 divisam
401 1179 547 1206 adversum
564 1179 750 1214 semetipsum,
767 1178 808 1205 di-

36 1227 68 1254 xit
88 1233 155 1255 stare
179 1235 236 1255 non
257 1235 347 1262 posse.
373 1226 431 1254 Hoc
453 1231 547 1256 autem
569 1234 632 1254 cum
656 1227 714 1262 ipse
733 1226 808 1260 fecit,

35 1273 86 1300 vide
97 1273 230 1308 quomodo
242 1274 276 1300 ad
294 1273 410 1301 salutem
427 1273 516 1301 cedat.
536 1273 565 1300 In
580 1281 673 1301 errore
691 1274 809 1309 positum

35 1320 115 1347 tuundi
136 1327 260 1355 regnum,
284 1320 326 1347 vel
350 1327 569 1355 unamquamque
595 1319 622 1346 in
644 1327 677 1347 eo
698 1320 809 1347 domum

36 1366 106 1393 verbo
121 1366 241 1395 veritatis
258 1366 364 1398 dividit,
380 1367 475 1401 procul
492 1366 576 1393 dubio
597 1369 627 1393 ut
641 1366 721 1394 cadat
734 1374 812 1394 error

35 1418 56 1439 ct
67 1413 160 1441 veritas
175 1418 280 1449 regnet.
296 1414 374 1447 Quod
390 1415 413 1442 si
431 1414 512 1441 alicui
533 1414 640 1441 accidat
659 1414 763 1445 domui,
781 1419 810 1440 ut

35 1467 102 1486 error
124 1459 297 1488 introductus
319 1468 366 1495 per
388 1460 506 1494 aliquem
529 1460 632 1488 dividat
655 1460 810 1491 veritatem,

35 1512 88 1532 cum
109 1514 185 1534 error
209 1506 372 1538 obtinuerit,
390 1510 495 1533 certum
515 1511 556 1534 est
578 1506 720 1534 veritatem
738 1511 811 1534 stare

36 1559 83 1578 nou
101 1560 189 1587 posse.
217 1552 250 1579 Et
267 1551 382 1580 Simon:
398 1552 450 1581 Sed
480 1554 616 1580 incertum
642 1557 695 1585 est,
720 1557 810 1580 utrttm
826 1554 847 1582 C

37 1596 155 1630 magister
173 1602 266 1625 vester
285 1605 407 1625 errorem
423 1598 527 1625 dividat
542 1605 577 1625 an
593 1598 745 1626 veritatem.
778 1597 812 1624 Et

36 1640 120 1670 Petrus
132 1654 138 1670 :
152 1644 227 1671 Istud
242 1644 354 1672 alterius
364 1645 524 1679 quaestionis
535 1649 586 1672 est.
601 1644 653 1672 Sed
669 1644 692 1673 si
706 1648 813 1672 constat

36 1689 99 1722 apud
112 1693 147 1721 te,
164 1691 230 1725 quia
245 1698 326 1718 omne
342 1691 414 1726 quod
437 1691 556 1718 divisum
572 1691 654 1718 fuerit
668 1691 750 1724 cadit,
766 1699 813 1719 su-

37 1738 117 1766 perest
128 1739 157 1762 ut
167 1735 322 1768 ostendam,
335 1736 358 1763 si
374 1739 481 1763 tantum
497 1744 559 1763 cum
572 1744 639 1771 pace
652 1737 748 1764 audire
762 1737 812 1768 vis,

36 1780 101 1813 quod
115 1780 195 1809 Jcsus
219 1786 315 1809 noster
331 1789 453 1809 errorem
473 1781 598 1810 diviserit
613 1790 645 1810 ac
661 1783 812 1815 resolverit,

36 1825 150 1853 docendo
162 1828 317 1855 veritatem.

67 1871 180 1900 XXXVI.
198 1873 269 1900 Tum
287 1872 381 1901 Simon
394 1882 400 1899 :
413 1873 524 1906 Omitte,
545 1874 645 1910 inquit,
661 1882 814 1903 sermonem

35 1918 103 1951 pacis
119 1918 279 1954 frequenter
294 1919 405 1952 iterare,
420 1919 486 1954 quid
498 1928 563 1947 vero
579 1922 614 1948 sit
634 1920 707 1955 quod
729 1921 815 1948 sentis

36 1968 77 1989 aut
99 1965 197 1997 :redis,
217 1965 337 1992 breviter
360 1972 476 2000 expone.
503 1965 535 1992 Et
560 1965 656 1995 Petrus
671 1967 728 1994 ait:
745 1967 816 2000 Quid

35 2012 108 2040 times
134 2012 234 2039 crebro
257 2011 353 2039 audire
375 2011 409 2039 de
433 2012 520 2046 pace?
546 2017 592 2040 aut
620 2013 729 2048 ignoras
752 2014 816 2048 quia

36 2057 159 2091 perfectio
174 2058 243 2094 legis
255 2065 308 2092 pax
323 2058 385 2086 est?
401 2065 434 2086 ex
449 2059 569 2093 peccatis
595 2059 668 2086 enim
684 2059 754 2087 bella
769 2067 818 2086 na—

35 2107 143 2131 scuntur
156 2107 184 2132 et
197 2103 362 2135 certamina,
379 2104 426 2131 ubi
442 2107 533 2132 autem
548 2109 691 2139 peccatum
707 2114 760 2132 non
778 2105 816 2137 fit,

35 2156 81 2182 pax
94 2153 136 2176 est
143 2150 243 2176 anima:
255 2158 261 2175 :
275 2149 322 2177 ubi
335 2157 403 2177 vero
413 2157 464 2184 pax
478 2154 530 2182 est,
545 2150 572 2177 in
587 2150 818 2185 disputationibus

34 2195 140 2227 veritas,
158 2195 186 2223 in
202 2195 332 2230 operibus
358 2195 466 2230 justitia
490 2196 636 2223 invenitur.
662 2196 695 2222 Et
707 2195 816 2224 Simon:

38 2240 137 2268 \ideris
161 2241 229 2268 mihi
250 2248 306 2268 non
331 2249 412 2276 posse
429 2241 548 2276 profiteri
571 2242 643 2276 quod
666 2243 761 2270 sentis.
787 2241 820 2268 Et

34 2283 148 2314 Petrus:
166 2285 273 2319 Dicam,
297 2294 331 2314 ex
354 2287 469 2314 arbitrio
493 2291 594 2320 tamen,
612 2297 667 2317 non
690 2292 745 2319 tuis
760 2300 820 2320 ver-

36 2331 110 2357 sutiis
125 2336 252 2359 coactus.
277 2331 366 2367 Cupio
386 2332 460 2359 enim
482 2334 555 2368 quod
578 2335 698 2363 salutare
713 2341 740 2364 et
756 2337 821 2365 tttile

34 2380 73 2403 est
88 2377 220 2405 omnibus
242 2377 341 2406 adduci
366 2378 395 2406 in
417 2379 553 2412 notitiam,
569 2384 597 2408 et
618 2381 678 2409 ideo
699 2383 822 2417 proferre

34 2430 112 2455 quam
143 2423 309 2451 brevissime
338 2432 394 2451 non
422 2425 560 2454 morabor.
587 2426 663 2455 Unus
678 2432 719 2456 est
738 2428 820 2462 Detts,

34 2468 160 2504 idemque
182 2469 311 2497 conditor
334 2470 447 2504 tnnndi,
469 2471 562 2506 justus
585 2473 686 2507 judex,
710 2478 736 2502 et
759 2476 821 2502 uni-

35 2515 131 2550 cuique
145 2523 198 2550 pt'o
213 2517 320 2543 actibtts
335 2516 393 2544 suis
407 2517 571 2552 quandoque
587 2520 745 2548 restituens.
763 2521 821 2548 .Iatn

37 2568 97 2588 vero
114 2569 166 2597 pro
189 2563 341 2590 assertione
362 2563 472 2596 horutu,
496 2565 554 2592 scio
575 2566 717 2594 innutnera
743 2576 824 2603 posse

37 2606 182 2633 verborum
197 2607 278 2634 millia
293 2609 468 2636 commoveri.

69 2651 205 2679 XXXVII.
226 2652 259 2679 Et
278 2653 372 2681 Simon
388 2655 444 2682 ait:
462 2655 546 2683 Miror
566 2657 675 2691 quidem
696 2659 824 2686 velocita-

37 2702 88 2725 tem
103 2699 208 2735 ingenii
221 2701 272 2733 tui,
288 2708 343 2728 non
357 2705 447 2729 tamen
460 2703 610 2738 amplector
624 2713 744 2734 errorem
763 2707 824 2735 fidei

37 2748 104 2779 tuae;
123 2746 276 2782 prudenter
291 2748 364 2775 enim
378 2750 539 2784 prtevidisti,
553 2752 625 2786 quod
648 2753 697 2780 tibi
713 2758 826 2782 contra-

37 2791 89 2819 dici
112 2793 218 2828 possit,
237 2797 264 2821 et
281 2795 384 2824 urbane
406 2796 432 2823 id
450 2797 532 2825 etiam
554 2798 612 2833 ipse
628 2799 769 2834 professus
785 2810 813 2830 es

79 2883 100 2898 ³⁸
120 2882 192 2911 Cen.
221 2892 263 2917 ut,
287 2885 313 2914 5.

608 144 894 175 RECOGNITIONUM
913 144 977 173 LIB.
995 143 1025 171 II.

1574 140 1645 169 1266

852 201 925 237 quod
948 208 998 236 pro
1021 200 1172 227 assertione
1201 198 1300 226 horum
1331 199 1474 225 innumera
1497 197 1644 226 verborum

852 246 938 273 millia
953 245 1152 278 nt0vcbuntur;
1172 243 1240 270 nulli
1255 242 1328 270 enim
1347 241 1496 269 concordat
1511 240 1646 276 professio

857 291 920 319 fidei
944 295 1008 317 ttne.
1031 290 1153 324 Denique
1176 289 1251 324 quod
1267 296 1339 316 unus
1354 287 1392 315 sit
1409 287 1492 318 Deus,
1510 287 1590 321 cujus
1612 287 1648 314 sit

851 345 921 372 opus
947 335 1077 367 tnundus,
1103 335 1155 362 hoc
1178 335 1296 370 primum
1324 333 1386 368 quis
1416 332 1550 367 recipiat?
1579 336 1648 367 puto

852 383 918 418 quia
941 390 1030 417 neque
1045 388 1213 416 paganorum
1228 380 1386 416 quisquam,
1404 378 1531 414 quamvis
1552 377 1597 405 ille
1611 379 1648 405 sit

854 429 950 460 idiota,
971 427 1195 463 philosophorum
1218 431 1308 454 autetn
1332 425 1445 453 omnino
1470 425 1574 456 nullus,
1599 423 1646 452 sed

854 482 904 502 nec
918 473 1074 501 .ludteorum
1090 473 1199 508 quidem
1222 472 1446 507 imperitissimus
1461 473 1606 507 quisquam
1622 475 1649 498 et

854 520 1038 550 miserrimus,
1059 527 1147 554 neque
1159 526 1208 553 ego
1228 519 1287 554 ipse
1301 518 1348 553 qui
1364 525 1459 545 eorum
1478 518 1564 552 legem
1579 517 1648 544 bene

855 565 929 592 novi.
952 564 984 591 Et
997 564 1114 592 Petrus:
1132 564 1245 597 Omitte,
1265 564 1364 599 inquit,
1386 563 1530 599 opiniones
1549 563 1649 590 absen-

855 612 942 643 tium,
963 611 1010 638 tibi
1037 611 1102 646 qttid
1123 610 1242 643 videtur,
1259 618 1379 645 praesens
1400 610 1529 645 praesenti
1554 609 1649 637 dicito.

855 657 924 685 Tum
947 657 1042 685 Simon
1058 665 1064 683 :
1079 657 1208 689 Possum,
1224 656 1328 692 inquit,
1344 663 1481 691 exponere
1496 655 1572 691 quod
1588 662 1651 682 vere

855 704 955 736 sentio,
981 703 1029 731 sed
1054 703 1201 739 pigriorem
1225 710 1268 730 me
1294 703 1360 730 facit
1384 702 1430 729 illa
1451 701 1649 734 consideratio,

857 750 921 785 quia
934 750 957 778 si
971 749 1077 783 dixero,
1092 750 1165 785 qttod
1178 757 1268 785 neque
1279 749 1329 776 tibi
1344 749 1380 776 sit
1395 755 1549 776 consonum
1560 756 1652 784 neque

858 796 940 831 vulgo
965 796 1030 824 huic
1053 796 1180 831 imperito
1205 800 1311 823 rectum
1338 795 1456 827 videtur,
1483 799 1511 822 tu
1539 795 1650 830 quidem

858 842 937 877 quasi
966 841 1194 877 obstupefactus,
1222 849 1304 869 aures
1331 841 1464 868 continuo
1497 840 1651 869 obclttdens

860 889 933 916 velut
950 896 982 915 tte
998 888 1166 923 blasphemia
1183 888 1349 923 polluantur,
1369 887 1484 915 verteris
1501 887 1530 914 in
1546 887 1650 922 fugam,

858 934 922 969 quia
938 934 1012 968 quod
1024 934 1192 969 respondeas
1205 941 1262 961 non
1277 933 1412 966 invenies,
1428 933 1545 968 populus
1561 937 1651 960 autem

862 979 1062 1008 irrationabilis
1080 984 1238 1008 assentatus
1260 979 1321 1012 tibi,
1335 983 1362 1007 te
1377 980 1486 1015 quidem
1505 980 1653 1015 amplecte-

859 1029 914 1057 tur,
935 1027 1014 1061 quasi
1036 1033 1068 1053 ea
1084 1026 1227 1054 docentem
1249 1035 1310 1061 qua:
1336 1026 1362 1053 in
1380 1034 1432 1054 usu
1456 1027 1496 1054 eis
1512 1029 1589 1058 sunt,
1606 1033 1649 1052 tne

859 1079 924 1098 vero
938 1072 1169 1105 exsecrabuutur,
1186 1071 1270 1099 velttti
1285 1079 1355 1098 nova
1371 1070 1494 1106 quaedam
1513 1074 1594 1105 atque
1608 1071 1651 1097 in-

860 1118 952 1145 audita
966 1117 1151 1152 profitentem,
1166 1125 1313 1152 meumque
1327 1124 1448 1144 errorem
1463 1116 1560 1144 alienis
1576 1124 1653 1144 tuen-

861 1164 936 1190 tiluts
952 1161 1127 1191 inferentem.

900 1208 1044 1236 XXXVIII.
1066 1208 1135 1236 Tum
1149 1208 1265 1237 Petrus:
1277 1207 1407 1242 Nunquid
1429 1215 1484 1235 non
1500 1213 1540 1240 tu,
1557 1207 1584 1234 in
1598 1215 1653 1242 quo

861 1262 911 1282 IIOS
927 1254 1088 1287 aceusahas,
1105 1254 1163 1290 ipse
1177 1254 1337 1290 ambagibus
1354 1254 1450 1289 uteris,
1466 1254 1534 1282 nihil
1549 1254 1654 1282 habens

862 1301 934 1336 quod
951 1301 1050 1329 afferas
1064 1301 1210 1329 veritatis?
1229 1303 1275 1327 aut
1289 1300 1313 1327 si
1329 1300 1424 1331 habes,
1441 1300 1531 1335 incipe
1550 1301 1655 1336 absque

862 1349 1084 1380 circuitiouibus,
1111 1340 1139 1376 si,
1159 1352 1264 1375 tantutn
1288 1347 1427 1375 confidis:
1446 1351 1473 1375 et
1497 1348 1520 1375 si
1545 1348 1655 1382 quidem

863 1402 919 1422 non
935 1394 1091 1429 placuerint
1106 1394 1188 1421 alicui
1210 1394 1366 1421 auditorum
1381 1402 1441 1429 qua:
1455 1394 1536 1426 dicis,
1558 1395 1656 1422 absce-

863 1441 920 1472 det,
939 1440 986 1476 qui
1001 1448 1068 1468 vero
1082 1439 1295 1475 permanserint,
1311 1443 1443 1474 togentur
1457 1440 1657 1468 assertionibus

865 1486 921 1514 tuis
947 1486 1064 1521 probare
1087 1485 1161 1521 quod
1176 1493 1270 1513 verum
1293 1491 1347 1513 est.
1368 1485 1459 1520 Incipe
1487 1486 1570 1520 igitur
1583 1486 1656 1521 quod

865 1532 914 1558 tibi
934 1537 1039 1559 rectum
1061 1531 1180 1563 videtur,
1203 1538 1350 1566 exponere.
1372 1531 1405 1558 Et
1421 1531 1516 1559 Simon
1530 1531 1588 1558 ait:
1602 1531 1658 1568 Ego

865 1578 926 1604 dico
952 1578 1055 1604 multos
1076 1585 1138 1605 esse
1154 1577 1230 1608 deos,
1247 1585 1330 1603 unutn
1349 1581 1440 1604 tatnen
1464 1585 1526 1605 esse
1552 1577 1658 1605 incom-

864 1623 1077 1658 prehensibilem
1095 1627 1178 1656 atque
1192 1621 1322 1648 omnibus
1347 1622 1528 1656 incognitum,
1543 1625 1658 1649 nurum-

863 1676 916 1704 que
944 1669 1067 1696 omnium
1093 1668 1207 1696 deorum
1225 1666 1319 1695 Deutn.
1343 1667 1411 1694 Tum
1429 1667 1528 1696 Petrus
1544 1678 1550 1695 :
1566 1667 1657 1699 Hunc,

865 1715 969 1749 inquit,
987 1722 1068 1750 quem
1081 1714 1152 1741 dicis
1166 1721 1227 1741 esse
1253 1713 1557 1748 incomprehensibilent
1574 1719 1601 1742 et
1616 1714 1658 1741 in-

865 1762 1004 1796 (rogalium
1021 1761 1150 1788 omnibus
1164 1759 1260 1790 Deum,
1273 1767 1306 1786 ex
1326 1759 1478 1794 Srripturis
1495 1759 1654 1788 Judawrum

865 1814 925 1840 quae
943 1806 969 1832 in
984 1806 1149 1832 auctoritate
1162 1805 1310 1835 habentur,
1327 1805 1444 1839 probare
1456 1810 1544 1840 potes,
1570 1814 1603 1832 an
1624 1814 1656 1832 ex

867 1851 928 1879 aliis
941 1851 1088 1886 aliquibus,
1103 1859 1172 1886 quas
1180 1859 1276 1880 omnes
1287 1852 1457 1888 ignoramus,
1468 1858 1501 1877 an
1513 1859 1545 1877 ex
1554 1850 1659 1878 Grmcis

867 1897 1037 1928 auctoribus,
1062 1905 1096 1924 an
1121 1905 1154 1925 ex
1176 1898 1232 1925 tuis
1255 1897 1400 1932 scripturis
1425 1896 1564 1932 propriis?
1578 1895 1660 1923 Certe

866 1950 900 1969 ex
913 1942 1122 1978 quibuscunque
1136 1943 1190 1975 vis,
1209 1944 1306 1975 dicito,
1322 1943 1358 1969 ita
1376 1946 1468 1969 tamen
1488 1946 1514 1968 ut
1530 1942 1659 1970 ostendas

867 1996 914 2016 eas
925 1988 1002 2023 prius
1016 1996 1078 2016 esse
1093 1989 1282 2024 propheticasi
1304 1989 1341 2017 ita
1357 1989 1430 2016 enim
1447 1989 1502 2021 fiet,
1520 1993 1550 2016 ut
1565 1996 1660 2016 earum

868 2034 1024 2061 indubitata
1044 2035 1178 2063 habeatur
1195 2039 1354 2066 auctoritas.

906 2080 1026 2108 XXXIX.
1050 2081 1081 2109 Et
1103 2082 1196 2111 Simon
1216 2084 1273 2110 ait:
1289 2084 1329 2112 Ex
1350 2085 1407 2120 lege
1421 2084 1578 2112 Judteorum
1601 2085 1661 2112 sola

873 2126 1043 2155 assertiones
1065 2128 1210 2156 adhibebo.
1227 2129 1360 2158 Omnibus
1374 2131 1447 2158 enim
1461 2131 1508 2166 qui
1523 2131 1662 2166 religionis

870 2180 964 2200 curatn
983 2178 1090 2209 gerunt,
1110 2175 1284 2203 manifestum
1303 2180 1345 2204 est
1361 2177 1445 2204 totius
1461 2184 1522 2204 esse
1542 2177 1663 2204 auctori-

835 2229 859 2259 D
872 2219 937 2246 tatis
952 2219 1022 2246 hanc
1040 2219 1137 2254 legem,
1156 2229 1377 2257 unumquemque
1399 2227 1489 2251 tamen
1510 2223 1662 2251 secundum

872 2266 1012 2301 proprium
1037 2274 1148 2294 sensum
1171 2268 1377 2302 inteiligcntiam
1404 2270 1470 2305 legis
1489 2270 1571 2304 hujus
1590 2271 1664 2297 acci—

872 2319 945 2346 pere.
961 2311 1000 2338 Ita
1015 2311 1086 2338 enim
1104 2312 1138 2339 ab
1149 2320 1181 2339 eo
1193 2314 1240 2348 qui
1257 2314 1388 2341 mundum
1405 2314 1540 2345 condidit.
1557 2316 1662 2351 scripta

872 2359 924 2389 est,
941 2360 970 2382 ut
994 2356 1023 2383 in
1048 2357 1107 2392 ipsa
1131 2365 1221 2385 rerutn
1245 2358 1314 2386 fides
1337 2359 1479 2387 habeatur.
1505 2359 1584 2387 Unde
1605 2361 1663 2388 sIVe

875 2402 938 2436 quis
960 2409 1034 2434 vera,
1061 2402 1118 2430 sive
1135 2403 1216 2430 etiam
1238 2403 1305 2431 falsa
1327 2405 1449 2439 proferre
1463 2406 1538 2438 velit,
1560 2406 1664 2441 absque

873 2448 925 2474 hac
952 2448 1010 2481 lege
1039 2447 1112 2474 nulla
1144 2449 1291 2484 recipietur
1320 2451 1447 2479 assertio.
1479 2451 1549 2484 Quia
1579 2452 1664 2487 igitur

874 2494 990 2521 scientia
1005 2501 1064 2520 mea
1078 2494 1237 2528 plenissime
1253 2503 1315 2522 cum
1333 2497 1392 2531 lege
1409 2497 1569 2530 concordat,
1586 2501 1662 2524 recte

876 2539 976 2566 multos
995 2546 1056 2566 esse
1076 2541 1249 2574 pronuntiavi
1274 2541 1355 2573 deos,
1381 2551 1498 2577 qttorum
1524 2551 1596 2571 unus
1621 2549 1663 2570 est

873 2584 1039 2612 eminentior
1052 2589 1079 2612 et
1093 2585 1388 2621 incomprehensibilis,
1406 2588 1464 2623 ipse
1478 2589 1525 2624 qtti
1537 2593 1580 2616 est
1591 2588 1662 2616 Deus

875 2627 998 2655 deorum.
1031 2628 1109 2661 Quod
1142 2634 1232 2658 autem
1271 2632 1348 2659 ntttlti
1370 2633 1425 2660 sint
1445 2633 1498 2665 dii,
1529 2633 1587 2668 ipsa
1620 2642 1663 2661 tne

875 2672 984 2700 edocuit
999 2673 1051 2700 lex.
1071 2674 1162 2702 Primo
1176 2676 1287 2711 quidem
1304 2677 1349 2704 ubi
1366 2685 1398 2705 ex
1416 2686 1532 2713 persona
1547 2686 1662 2713 serpen-

876 2718 912 2745 tis
925 2719 1025 2746 dicitur
1040 2720 1072 2747 ad
1089 2720 1184 2754 Evam,
1200 2722 1315 2757 primam
1328 2724 1470 2751 mulierem
1485 2732 1491 2749 :
1504 2724 1663 2759 Quacunque

878 2764 920 2790 die
933 2765 1154 2794 manducaveritis
1176 2767 1207 2794 de
1219 2768 1290 2802 ligno
1305 2769 1406 2795 sciendi
1417 2768 1512 2796 bonum
1527 2774 1552 2796 et
1562 2770 1662 2796 malum

877 2811 950 2837 eritis
965 2812 1032 2838 sicut
1048 2812 1085 2838 dii
1100 2813 1131 2846 ³⁸,
1149 2813 1197 2841 hoc
1210 2819 1262 2847 est,
1280 2815 1350 2842 sicut
1365 2814 1391 2841 lti
1404 2815 1451 2852 qui
1467 2815 1604 2844 hominem
1620 2815 1661 2843 [ο-
