1892 3105
219 134 286 163 ηἷὶ

649 131 676 159 S.
695 130 892 159 CLEMENTIS
908 131 916 158 Ι
934 131 1017 158 [ὶΟΜ.
1034 130 1135 158 PONT.
1153 130 1267 158 OPERA
1285 130 1399 158 DUBZA.

1784 132 1843 159 ΙΞἸΞ

215 194 315 219 alienos
333 198 398 226 quos
419 190 536 221 nescitis,
559 197 611 216 non
633 189 746 217 audietis
772 189 849 217 verba
871 189 1004 224 propheta:
1020 191 1042 219 Α
1056 190 1149 217 dixisti
1172 190 1273 218 habere
1295 189 1390 221 Deum,
1410 189 1482 224 quod
1505 192 1548 217 cst
1569 189 1700 224 injuriae;
1716 191 1844 224 quomodo

215 239 298 267 il'ius,
312 244 392 268 neque
403 244 535 262 somnium
549 236 719 262 somniatoris
732 236 816 267 illius,
829 236 891 270 quia
901 241 1006 262 tantum

215 285 324 312 tentavit
341 292 396 314 vos,
425 288 452 310 ut
480 283 568 310 videat
583 284 607 310 si
631 283 743 319 diligitis
762 283 905 310 Dominum
922 283 1007 310 Deum

213 335 331 357 uestrum
343 330 376 356 “.

247 375 337 402 XLVI.
354 374 500 410 Propterea
514 382 579 410 ergo
593 379 620 402 et
629 374 763 404 Dominus
777 379 871 403 noster
886 375 964 410 signa
979 378 1007 402 et

210 419 335 454 prodigia
360 419 476 451 faciens,
499 419 583 446 Deum
608 420 775 454 praedicabat
798 420 965 453 Iudaeorum,
979 424 1006 447 et

212 465 275 492 ideo
301 469 375 492 recte
398 465 584 499 priedicationi
609 465 669 499 ejus
693 466 825 493 creditur.
849 465 890 492 Tu
915 471 1005 492 autem

210 510 293 536 etiam
315 509 337 536 si
362 517 426 536 vere
448 510 580 544 propheta
596 517 683 542 esses,
704 515 732 538 et
753 511 830 546 signa
846 511 952 538 faceres
974 518 1006 538 ac

211 555 343 590 prodigia,
359 555 430 582 sicut
452 556 598 590 promittis,
613 561 639 584 ct
653 557 720 584 alios
742 558 920 586 annuntiares
939 559 1005 588 deos

210 606 308 636 praeter
321 610 384 629 eum
396 603 442 636 qui
458 611 539 630 verus
560 607 613 636 est,
629 604 803 631 manifestum
826 610 899 633 esset
922 610 949 634 te
969 607 1003 634 ad

210 648 387 675 tentationem
410 649 511 683 populo
532 648 579 676 Dei
606 649 778 682 suscitatum,
794 655 822 677 et
843 651 905 679 ideo
928 653 1004 680 credi

210 693 258 722 tibi
275 694 385 722 omnino
410 702 465 721 non
488 699 586 730 potest.
603 695 680 723 Unus
694 701 737 723 est
753 697 827 724 enim
847 705 941 732 verus,
957 701 1003 734 qui

208 743 250 766 est
261 738 414 767 Judteorum
430 740 511 772 Deus,
524 745 551 768 ct
563 741 598 768 ob
611 742 661 768 hoc
675 741 805 770 Dominus
815 747 910 771 noster
923 744 1003 773 Jesus

208 785 335 812 Christus
348 785 462 812 docebat
479 786 655 820 quaerendum
670 795 731 814 esse
747 795 802 814 non
822 787 905 815 Deum
920 797 1002 824 quem

207 831 278 857 bene
302 837 442 861 noverant.
466 831 515 859 sed
543 840 658 866 regnum
682 838 710 860 et
730 834 866 868 justitiam
890 836 949 870 ejus
966 837 998 869 “,

207 883 288 909 quam
304 876 406 904 Scriba":
421 881 448 904 et
467 877 607 910 Pharisaei,
622 883 747 913 suscepta
772 879 893 908 scientias
911 882 996 913 cisse,

207 929 262 948 non
276 923 479 954 concluseraut.
496 924 544 951 sed
559 924 734 952 excluserant
748 925 780 952 ".
796 925 864 953 Nam
879 927 902 954 si
918 928 997 962 igno-

206 971 314 994 rassent
336 976 430 995 verum
453 969 548 1002 Deum,
570 978 709 1004 nunquam
736 971 831 1007 utique
855 973 937 1007 hujus
956 974 996 1001 rei

205 1012 347 1040 scientiam
361 1013 529 1049 relinquens,
546 1023 607 1050 qua:
619 1020 678 1043 erat
689 1017 812 1044 omnium
828 1023 921 1053 caput,
938 1020 997 1047 cul-

204 1062 282 1092 paret
293 1066 340 1086 eos
355 1059 389 1086 de
403 1061 496 1094 parvis
510 1064 537 1088 et
554 1061 689 1096 minimis,
705 1062 732 1090 id
753 1068 794 1091 est
805 1064 879 1099 quod
898 1065 997 1092 dilata-

204 1108 264 1130 reut
279 1103 399 1133 ﬁmbrias
414 1113 489 1138 suas,
502 1111 529 1133 et
538 1107 642 1142 primos
659 1109 802 1138 accubitus
820 1110 848 1137 in
861 1111 997 1140 conviviis

203 1149 384 1180 vindicarent.
396 1154 423 1178 et
437 1152 510 1186 quod
528 1152 557 1179 in
569 1154 722 1189 quadriviis
746 1159 852 1184 stantes
874 1161 995 1189 orarent,

202 1198 230 1220 et
245 1195 298 1221 alia
314 1195 356 1222 bis
367 1195 478 1228 similia,
492 1205 552 1231 qua
565 1198 659 1233 utique
673 1207 707 1226 ex
721 1200 924 1234 comparatione
937 1209 995 1228 ma-

202 1240 249 1274 gni
265 1240 346 1274 hujus
361 1242 470 1277 capitis,
492 1244 653 1279 ignorantia:
678 1245 736 1278 Dei,
755 1246 851 1282 exigua
869 1247 996 1276 videntur

202 1290 230 1312 et
244 1293 338 1319 parva.

238 1331 342 1358 XLVII.
358 1331 391 1359 Et
407 1333 502 1361 Simon
518 1334 551 1362 ad
565 1335 621 1362 haec
634 1337 672 1363 ait
688 1346 694 1364 :
710 1337 748 1364 Ex
765 1338 857 1366 verbis
872 1339 995 1375 magistri

202 1377 241 1402 tui
255 1377 416 1404 convincam
431 1382 468 1411 te,
485 1380 549 1414 quia
561 1380 643 1407 etiam
658 1382 717 1416 ipse
731 1383 884 1418 ignoratum
898 1392 995 1419 quem-

201 1422 264 1447 dam
280 1422 408 1450 omnibus
422 1422 571 1451 introducit
587 1424 682 1453 Deum.
698 1426 766 1454 Cum
779 1428 852 1455 enim
863 1433 890 1456 et
907 1429 993 1456 Adam

200 1471 350 1495 creatorem
371 1477 451 1496 suum
472 1471 565 1497 scierit
581 1470 677 1505 Deum,
697 1473 846 1508 mundique
868 1475 994 1503 condito-

1059 235 1131 261 cniin
1140 235 1239 262 habere
1251 235 1334 262 lilium
1345 239 1442 270 potest,
1454 235 1507 262 nisi
1519 235 1623 263 similia
1634 236 1796 263 hominibus
1806 241 1845 263 aut

1060 281 1225 308 animalibus
1235 281 1372 315 patiatur?
1386 280 1437 308 Sed
1449 280 1482 308 de
1488 281 1531 307 his
1540 289 1595 308 non
1607 285 1650 308 est
1660 289 1737 308 nunc
1747 286 1844 316 tempus

1058 334 1172 361 arguere
1184 326 1348 361 profundant
1363 325 1506 353 stultitiam
1520 330 1606 358 tuam,
1619 325 1723 354 festino
1735 327 1807 354 enim
1818 328 1845 354 de

1059 372 1241 399 iimnensitatc
1273 379 1387 399 summae
1406 371 1476 398 lucis
1492 379 1640 407 erponere,
1659 377 1688 399 et
1702 372 1764 406 jam
1781 380 1845 399 nunc

1057 416 1130 443 audi.
1141 415 1208 443 Puto
1218 424 1278 444 esse
1289 416 1406 451 aliquam
1421 416 1548 444 virtutem
1565 417 1707 444 immensa:
1721 421 1751 444 et
1761 417 1846 445 inetia-

1058 462 1121 489 bilis
1136 462 1215 493 lucis,
1230 462 1310 496 cujus
1321 463 1479 498 magnitudo
1499 463 1794 498 incomprehensibilis
1806 464 1847 490 ba-

1058 507 1164 539 beatur,
1171 516 1251 542 quam
1261 508 1387 535 virtutem
1395 509 1476 536 etiam
1484 508 1580 535 mundi
1592 508 1723 535 conditor
1736 509 1846 544 ignoret,

1055 556 1083 580 et
1102 553 1240 588 legislator
1252 553 1368 589 Moyses,
1384 558 1410 580 et
1425 554 1554 588 magister
1573 558 1664 582 vester
1681 554 1781 583 Iesus.

1091 598 1122 626 ι.
1147 598 1216 626 Tum
1237 598 1334 627 Petrus
1350 609 1357 626 :
1373 599 1433 626 Non
1459 599 1507 626 tibi
1523 599 1629 627 videtur
1654 601 1789 628 amentia
1809 609 1847 629 res

1055 652 1126 677 esse,
1141 651 1265 671 asserere
1278 644 1346 672 velle
1359 644 1524 679 quempiam,
1537 644 1611 678 quod
1626 644 1663 671 sit
1685 645 1763 673 alius
1783 645 1848 672 Deus

1055 698 1136 724 quam
1151 690 1224 719 Deus
1238 690 1371 721 omnium,
1388 693 1415 717 et
1433 689 1535 722 dicere,
1550 694 1615 725 puto
1639 698 1705 717 esse
1717 691 1845 718 virtutem

1054 736 1210 771 quamdam,
1226 740 1252 764 et
1265 736 1425 772 priusquam
1447 736 1499 771 ipsi
1521 740 1627 763 certum
1655 736 1692 764 sit
1711 737 1792 772 quod
1813 737 1846 764 lo—

1053 783 1156 817 quitur,
1171 782 1224 810 hoc
1237 783 1305 811 velle
1319 783 1381 811 aliis
1393 782 1576 810 conﬁrmare?
1593 783 1678 810 Estne
1694 784 1799 819 aliquis
1813 786 1846 811 ita

1054 835 1184 862 pnt-ceps,
1200 827 1246 862 qui
1261 828 1351 856 verbis
1373 829 1428 866 tuis
1439 828 1544 862 credat,
1556 828 1583 855 in
1598 829 1702 863 quibus
1717 834 1747 856 te
1763 831 1846 864 ipsum

1050 873 1140 900 videat
1155 873 1342 907 dubitantem;
1361 878 1390 901 et
1404 874 1529 902 admittat
1542 882 1603 902 esse
1620 875 1748 910 aliquam
1764 877 1847 903 virui-

1048 923 1103 946 tem
1119 920 1283 955 incognitam
1317 921 1435 948 creatori
1448 920 1514 953 Deo,
1530 925 1558 948 et
1573 921 1672 957 Moysi,
1686 926 1714 949 et
1731 922 1847 957 propbeo

1048 965 1094 996 tis,
1118 970 1146 993 et
1161 966 1223 1000 legi.
1251 970 1278 994 et
1296 965 1360 994 Jesu
1382 966 1464 994 etiam
1485 966 1616 1002 magistro
1641 972 1746 995 nostro
1759 991 1769 1003 ,
1792 976 1846 1003 qua:

1048 1012 1135 1038 virtus
1159 1011 1195 1038 ita
1216 1011 1287 1039 bona
1311 1012 1356 1044 sit,
1372 1016 1402 1039 ut
1417 1012 1484 1039 nulli
1506 1013 1570 1040 velit
1590 1013 1785 1047 innotescere,
1800 1015 1845 1041 nisi

1049 1056 1094 1082 uni
1107 1059 1225 1090 tantum,
1239 1060 1267 1083 ct
1281 1057 1332 1084 hoc
1346 1057 1394 1085 tibi
1410 1057 1550 1085 tali?'l'um
1564 1058 1667 1086 deinde
1683 1060 1708 1087 si
1723 1067 1798 1087 nova
1809 1064 1845 1087 est

1047 1101 1099 1129 ista
1112 1102 1209 1134 virtus,
1226 1103 1362 1137 quomodo
1376 1103 1456 1130 nobis
1473 1111 1529 1130 non
1542 1103 1587 1130 dat
1606 1112 1711 1132 novum
1731 1106 1845 1140 aliquem

1047 1156 1158 1176 sensum
1185 1154 1282 1183 praeter
1304 1148 1355 1177 hos
1375 1157 1444 1184 quos
1463 1150 1582 1185 gerimus
1607 1151 1749 1186 quinque,
1767 1156 1797 1178 ut
1816 1160 1844 1178 ex

1047 1194 1108 1229 ipso
1127 1195 1162 1222 ab
1185 1202 1218 1222 ea
1238 1196 1318 1224 nobis
1337 1196 1435 1230 largito
1456 1203 1528 1224 novo
1553 1205 1650 1230 sensu,
1673 1197 1769 1232 ipsam
1791 1206 1843 1233 qua:

1046 1247 1117 1267 nova
1132 1244 1175 1268 est
1186 1248 1283 1276 capere
1303 1246 1330 1269 et
1348 1241 1499 1277 intelligere
1512 1243 1673 1277 possimus?
1687 1247 1740 1270 aut
1756 1244 1781 1270 si
1797 1252 1843 1270 non
1880 1255 1881 1258 η

1046 1290 1135 1321 potest
1158 1287 1261 1322 largiri,
1277 1289 1414 1323 quomodo
1429 1289 1477 1316 tibi
1492 1289 1588 1323 largita
1610 1293 1653 1316 est
1664 1290 1677 1316 ?
1691 1294 1743 1316 aut
1763 1291 1787 1317 si
1802 1291 1843 1316 tibi
1880 1290 1881 1302 ³

1046 1332 1186 1364 revelavit,
1197 1340 1246 1361 cur
1271 1341 1326 1361 non
1337 1339 1363 1362 et
1376 1333 1473 1361 nobis?
1489 1333 1518 1360 Si
1528 1342 1594 1361 vero
1608 1342 1624 1361 a
1641 1336 1795 1370 temetipso
1807 1336 1843 1362 im
1880 1370 1881 1374 η

1046 1379 1185 1412 tellexisti,
1201 1387 1262 1415 quas
1279 1387 1315 1408 ne
1332 1380 1469 1416 prophetae
1483 1380 1592 1415 quidem
1614 1382 1724 1409 sentire
1747 1387 1794 1409 aut
1807 1383 1842 1409 ia-
1880 1375 1881 1407 ξ

1046 1425 1168 1460 telligere
1182 1429 1338 1461 potuerunt,
1353 1426 1399 1453 dic
1417 1434 1467 1462 age
1486 1427 1566 1454 nobis
1582 1434 1660 1454 nunc
1675 1428 1746 1462 quid
1764 1436 1842 1455 unus-

1045 1470 1162 1505 quisque
1178 1475 1302 1498 nostrum
1320 1471 1422 1506 cogitat
1436 1481 1442 1498 :
1461 1470 1489 1498 Si
1505 1471 1577 1498 enim
1598 1475 1698 1499 tantus
1716 1478 1764 1500 est
1780 1473 1806 1500 iu
1820 1477 1842 1500 te
1880 1474 1881 1478 ‘

199 1519 267 1542 rem,
281 1516 309 1539 et
324 1512 428 1545 Enoch,
444 1514 543 1549 quippe
558 1515 606 1550 qui
623 1516 657 1543 ab
677 1524 710 1543 eo
730 1518 879 1546 translatus
896 1522 948 1550 est,
963 1523 991 1548 et
1003 1535 1026 1565 α
1043 1517 1168 1551 spiritus,
1184 1520 1213 1544 ut
1223 1525 1255 1544 ea
1269 1525 1330 1552 qua:
1345 1525 1427 1552 super
1438 1517 1522 1544 ccelos
1537 1520 1612 1547 sunt,
1630 1517 1778 1552 incognita
1792 1527 1842 1545 om.
1880 1549 1881 1567 ἰ

199 1555 253 1567 RL...
281 1561 370 1567 _..,,.,
394 1559 413 1567 γι
466 1566 469 1567 ,
502 1560 507 1565 ι
1062 1562 1078 1567 ..
1263 1563 1279 1567 ..
1350 1563 1355 1567 .
1491 1562 1497 1567 .
1564 1563 1579 1567 ..
1592 1562 1619 1567 ...

198 1555 266 1588 Noe,
281 1561 374 1592 utpote
389 1559 422 1586 ab
442 1566 476 1587 eo
497 1560 594 1594 jussus
617 1568 709 1589 arcam
726 1568 894 1597 construere,
909 1571 988 1592 cum-

198 1609 252 1636 que
268 1606 295 1629 et
308 1602 457 1636 Abraham,
480 1608 507 1632 et
533 1605 618 1638 Isaac,
638 1610 664 1634 et
677 1606 772 1640 Iacob,
786 1612 814 1636 et
830 1608 948 1645 Moyses,
962 1617 990 1639 et

197 1655 304 1681 omnes,
322 1649 465 1685 omnisque
477 1652 595 1686 populus
608 1657 690 1688 atque
714 1662 810 1682 omnes
826 1661 922 1691 gentes
937 1665 989 1685 no-

199 1693 286 1720 verint
300 1695 468 1723 conditorem
484 1697 588 1729 mundi,
604 1702 631 1725 et
646 1699 782 1727 fateantur
797 1701 893 1734 Deum,
907 1703 989 1733 .lesus

196 1742 296 1771 vester,
309 1740 354 1774 qui
368 1740 446 1775 longe
461 1743 597 1776 posterior
607 1743 735 1773 Patribus
748 1748 886 1781 apparuit,
899 1749 967 1777 dicit
979 1760 986 1778 ε

197 1783 282 1810 Nemo
297 1785 369 1812 novit
384 1785 497 1818 Filium,
512 1787 565 1814 nisi
586 1788 677 1820 Pater,
693 1798 773 1825 neque
793 1791 901 1819 Patrem
916 1795 985 1829 quis,

195 1830 248 1856 nisi
262 1829 284 1856 F
286 1830 360 1864 ilius,
373 1837 399 1860 et
411 1832 455 1859 cui
468 1833 579 1861 voluerit
594 1834 683 1862 Filius
693 1837 809 1865 revelare
821 1838 853 1866 ⁸⁸.
869 1839 908 1866 Ita
923 1848 989 1876 ergo

194 1879 221 1902 et
231 1874 312 1904 Jesus
331 1881 421 1905 vester
441 1878 525 1906 alium
545 1888 607 1907 esse
623 1880 706 1908 Deum
725 1874 986 1918 incomprehensibi-

195 1919 248 1947 lem
263 1921 393 1949 omnibus
405 1927 432 1950 et
446 1923 614 1958 iticognitum
629 1925 738 1955 fatetur.

229 1962 344 1991 XLVIII.
364 1967 434 1994 Tum
450 1967 548 1996 Petrus
565 1979 572 1997 :
588 1970 741 2004 Contraria,
765 1973 864 2008 inquit,
880 1974 987 2003 tibimet

192 2011 245 2046 ipsi
260 2016 287 2039 te
299 2012 423 2047 proferre
439 2021 494 2041 nori
507 2015 603 2044 sentis.
621 2016 649 2043 Si
663 2018 735 2044 enim
751 2023 777 2046 et
789 2018 869 2048 Iesus
891 2025 986 2049 noster

191 2056 243 2083 scit
260 2057 353 2089 istum,
372 2066 451 2093 quem
467 2059 537 2087 dicis
553 2060 721 2096 incognitum
736 2063 832 2098 Deum,
848 2073 913 2100 ergo
929 2066 985 2100 jam

191 2109 245 2128 non
260 2109 276 2128 a
291 2106 317 2129 te
331 2102 389 2130 solo
404 2107 445 2130 est
461 2106 598 2140 cognitus.
614 2106 670 2134 lmo
685 2107 707 2134 si
719 2107 800 2136 Jesus
815 2115 909 2138 noster
923 2119 985 2139 cum

191 2148 277 2179 novit,
290 2148 396 2183 Moyses
410 2158 529 2186 quoque,
546 2152 593 2187 qui
607 2157 635 2180 et
654 2153 747 2182 Jesum
763 2162 908 2184 venturum
924 2166 986 2186 esse

1041 1562 1123 1591 nibus
1142 1566 1170 1590 et
1195 1563 1326 1590 omnibus
1350 1562 1639 1598 incomprehensibilia
1665 1571 1842 1598 cognoscas,

1039 1607 1126 1634 multo
1151 1607 1259 1635 facilius
1279 1608 1459 1643 cogitationes
1476 1608 1611 1636 humanas
1631 1617 1698 1644 qua:
1713 1610 1745 1636 in
1762 1610 1842 1637 terris

1039 1653 1174 1680 habentur
1188 1654 1325 1688 agnoscis.
1339 1654 1416 1687 Quod
1432 1654 1454 1681 si
1470 1655 1650 1690 cogitationes
1667 1662 1786 1684 nostras
1799 1656 1842 1691 qui
1880 1661 1881 1691 ξ

1039 1698 1084 1726 hic
1097 1702 1204 1727 stamus
1218 1708 1271 1726 non
1285 1704 1363 1735 potes
1382 1701 1464 1733 scire,
1476 1701 1612 1735 quomodo
1626 1709 1661 1729 ea
1682 1710 1748 1737 qua:
1759 1704 1842 1731 nobis
1880 1700 1881 1737 ξ

1038 1751 1100 1773 esse
1114 1746 1222 1780 cognita
1233 1746 1361 1778 allirmas,
1375 1747 1446 1775 scire
1461 1752 1486 1774 te
1501 1748 1590 1775 dicis?

1074 1789 1117 1817 LI.
1133 1790 1220 1819 Crede
1231 1795 1320 1819 autem
1337 1791 1415 1823 mihi,
1430 1792 1494 1827 quia
1514 1790 1655 1828 nunquam
1673 1796 1767 1824 scires
1778 1797 1841 1832 quid

1016 1838 1018 1840 '
1037 1841 1080 1864 est
1091 1837 1147 1868 lux,
1161 1838 1214 1865 nisi
1227 1839 1261 1866 ab
1276 1837 1334 1873 ipsa
1355 1838 1416 1866 luce
1430 1839 1584 1874 accepisses
1600 1843 1626 1866 et
1641 1841 1738 1868 visum
1754 1846 1783 1869 et
1798 1843 1839 1870 in-

1037 1885 1175 1913 tellectum
1194 1887 1321 1919 videndi;
1339 1888 1379 1914 sic
1393 1891 1421 1914 et
1439 1887 1466 1914 in
1488 1889 1605 1917 caeteris.
1629 1888 1703 1916 Hinc
1725 1896 1839 1926 accepta

1037 1931 1229 1966 intelligentia,
1246 1932 1335 1966 majus
1349 1932 1452 1967 aliquid
1467 1937 1494 1960 et
1511 1933 1659 1962 sublimius
1676 1936 1784 1963 somnii
1798 1944 1838 1962 up

1037 1980 1096 2004 star
1110 1978 1260 2012 excogitas,
1284 1978 1431 2006 occasione
1457 1982 1545 2006 tamen
1567 1987 1601 2006 ex
1622 1979 1688 2008 istis
1715 1982 1837 2017 quinque
1880 1978 1881 2015 ξ

1037 2023 1164 2050 sensibus
1179 2027 1297 2058 sumpta,
1313 2032 1430 2059 quorum
1442 2024 1564 2060 largitori
1576 2025 1707 2060 ingratus
1716 2036 1759 2055 es.
1773 2029 1835 2055 Cer—
1880 2018 1881 2035 ἒ

1037 2072 1081 2095 tus
1095 2072 1184 2095 autem
1197 2072 1268 2100 esto,
1279 2068 1352 2103 quod
1366 2069 1453 2096 donec
1471 2077 1526 2096 non
1542 2069 1652 2098 invenis
1668 2079 1775 2098 novum
1787 2072 1833 2099 ali-
1880 2071 1881 2091 ἶ

1036 2122 1116 2149 quem
1132 2123 1253 2147 sensum,
1265 2115 1311 2150 qui
1323 2119 1399 2142 extra
1412 2116 1461 2143 hos
1475 2115 1597 2151 quinque
1611 2118 1648 2144 sit
1661 2118 1767 2153 quibus
1782 2127 1833 2145 om-
1880 2122 1881 2158 Ῑ

1036 2169 1085 2188 nes
1099 2161 1213 2192 utimur,
1229 2169 1329 2188 novqu
1345 2169 1469 2189 asserere
1491 2170 1547 2190 non
1564 2164 1673 2198 poteris
1686 2163 1786 2192 Deum.
1801 2164 1831 2191 Et

189 2194 359 2228 proplictavil
373 2195 433 2223 sine
447 2197 531 2225 dubio
546 2206 595 2226 nec
608 2199 665 2234 ipse
678 2200 813 2235 ignoravit
827 2209 888 2228 cum
899 2212 906 2236 ;
918 2211 978 2237 pro-
1000 2210 1021 2237 ι)
1038 2207 1133 2234 Simon
1145 2217 1151 2235 ε
1165 2207 1233 2235 Cum
1244 2207 1364 2243 quinque
1380 2208 1509 2236 sensibus
1521 2214 1649 2236 constent
1665 2211 1762 2238 omnia
1773 2218 1830 2244 qua:

188 2239 270 2274 pheta
285 2241 358 2268 enim
379 2247 448 2274 erat,
463 2247 491 2270 et
506 2243 552 2278 qui
577 2245 611 2272 de
636 2244 705 2273 Filio
726 2247 908 2281 prophetavit,
925 2249 984 2276 sine

187 2285 272 2312 dubio
287 2293 452 2321 cognoverat
466 2288 585 2317 Patrem.
602 2290 631 2317 Si
650 2292 723 2318 enim
739 2293 768 2319 in
787 2294 927 2321 voluntate
941 2299 984 2323 est

187 2330 249 2358 Filii
265 2333 387 2362 revelare
410 2334 519 2363 l’atrcm
544 2337 588 2364 cui
612 2337 739 2370 voluerit,
765 2339 862 2371 Filius,
884 2348 930 2375 qut
948 2341 984 2368 ab

185 2379 265 2406 initio
279 2384 306 2407 et
319 2389 427 2417 semper
442 2391 503 2409 cum
515 2383 597 2411 Patre
613 2384 663 2411 fuit
681 2393 730 2419 per
751 2386 875 2421 singulas
897 2395 981 2422 quas-

185 2431 240 2459 que
253 2427 454 2461 generationes,
469 2429 540 2456 sicut
556 2430 686 2456 revelavit.
700 2429 786 2467 Moysi
806 2431 925 2464 Patrem,
942 2433 980 2460 ita

184 2476 211 2498 et
227 2472 288 2499 aliis
303 2475 457 2510 prophetis;
473 2476 546 2511 quod
562 2476 586 2504 si
606 2481 658 2510 est,
675 2478 743 2505 nulli
769 2478 878 2507 Patrem
894 2479 980 2508 fuisse

184 2517 353 2554 incognitum
372 2525 489 2549 constat.
508 2521 569 2549 'l‘ibi
583 2530 648 2550 vero
664 2524 711 2558 qui
735 2523 833 2563 Filium
847 2533 901 2552 non
919 2533 980 2553 cre-

182 2563 237 2595 dis,
249 2566 387 2599 quomodo
398 2568 486 2602 potuit
502 2568 617 2595 revelari
637 2567 729 2601 Pater,
748 2571 794 2604 qui
810 2571 876 2597 nulli
896 2574 979 2599 notus

181 2614 234 2641 est,
246 2610 299 2638 nisi
314 2612 359 2639 cui
376 2613 492 2641 voluerit
508 2614 594 2642 Filius
607 2615 745 2642 revelare?
760 2615 872 2643 Revelat
885 2621 975 2644 autem

180 2654 266 2683 Filius
278 2655 386 2686 Patrem
399 2659 443 2686 his
454 2660 502 2694 qui
518 2659 557 2687 ita
572 2659 757 2688 honorificaut
770 2661 881 2695 Filium,
901 2663 974 2690 sicut

182 2702 363 2732 honorificam
376 2705 485 2735 Patrem
493 2707 526 2734 ".

216 2748 308 2778 XLIX.
324 2752 393 2780 Tum
408 2753 503 2780 Simon
517 2763 522 2780 :
537 2753 682 2787 Memento,
693 2754 792 2789 inquit,
809 2754 872 2790 quia
887 2754 971 2782 ﬁlium

299 2864 328 2895 ³⁸η,
345 2869 402 2898 nu,
420 2861 474 2890 1-5.
527 2861 548 2879 ⁵³
568 2860 663 2888 Matth.
679 2870 714 2895 γι,
727 2862 770 2889 55.

335 2910 531 3041 δι

808 2863 829 2878 ⁸³
847 2861 885 2888 Lu
898 2871 912 2888 ·.
931 2869 968 2893 xt,
985 2863 1028 2890 53.

1035 2255 1110 2284 sunt,
1129 2252 1197 2279 nihil
1220 2260 1321 2279 novum
1337 2252 1437 2280 addere
1454 2253 1544 2280 virtus
1570 2253 1615 2280 illa
1633 2255 1748 2282 cunctis
1761 2254 1827 2282 emi—

1035 2299 1144 2326 nentior
1159 2302 1259 2332 potest.
1273 2297 1306 2325 Et
1319 2297 1417 2326 Petrus
1428 2299 1466 2325 ait
1479 2308 1486 2325 :
1504 2298 1616 2327 Falsum
1630 2305 1686 2327 est.
1699 2300 1747 2327 Est
1756 2302 1827 2328 enim

1033 2348 1060 2372 et
1086 2344 1155 2371 alius
1171 2349 1265 2372 sextus
1289 2352 1402 2372 sensus.
1430 2344 1457 2371 id
1485 2347 1528 2372 est
1550 2347 1763 2379 pnenoscendi;

1033 2390 1104 2416 enim
1120 2389 1241 2424 quinque
1254 2397 1353 2416 sensus
1368 2389 1490 2416 scientiae
1505 2397 1622 2424 capaces
1638 2395 1715 2423 sunt,
1731 2397 1826 2419 sextus

1033 2439 1123 2462 autent
1139 2435 1318 2469 praescientia:
1339 2438 1391 2465 est,
1423 2443 1503 2469 quem
1532 2435 1654 2463 habuere
1675 2437 1821 2471 propheu.

1033 2480 1073 2507 Tu
1091 2487 1156 2515 ergo
1170 2480 1308 2514 quomodo
1322 2483 1399 2514 potes
1411 2479 1494 2507 Deum
1506 2481 1636 2509 omnibus
1651 2481 1823 2517 incognitum

1033 2534 1124 2557 nosse,
1141 2525 1188 2560 qui
1201 2533 1251 2552 nec
1267 2526 1454 2560 propheticum
1481 2534 1605 2560 sensum,
1625 2528 1674 2562 qui
1695 2534 1736 2556 est
1749 2537 1820 2563 pm

1031 2572 1162 2603 scientize,
1193 2571 1364 2606 cognovisti?
1389 2571 1458 2598 Tum
1484 2571 1579 2600 Simon
1594 2574 1680 2608 ccepit
1703 2575 1819 2602 dicere:

1029 2616 1105 2643 Hanc
1120 2623 1202 2651 quam
1227 2615 1289 2643 dico
1317 2615 1445 2643 virtutem
1473 2617 1818 2652 incomprehensibilemet

1027 2662 1237 2690 eminentiorem
1262 2661 1380 2693 cunctis,
1407 2661 1490 2688 etiam
1520 2663 1581 2697 ipso
1609 2662 1657 2697 qui
1683 2663 1816 2690 mundum

1027 2708 1150 2736 condidit
1164 2708 1230 2740 Deo,
1257 2716 1345 2743 neque
1371 2708 1530 2743 angelorum
1555 2710 1701 2745 quisquam
1725 2717 1816 2744 neque

1025 2756 1178 2783 daemonum
1198 2754 1274 2781 novit
1287 2761 1374 2789 neque
1396 2753 1566 2787 Judzeorum,
1582 2764 1671 2791 neque
1686 2756 1740 2784 ulla
1756 2763 1815 2784 om-

1069 2863 1090 2876 “
1111 2862 1212 2890 Matth.
1232 2871 1268 2898 xi,
1284 2862 1328 2891 27.
1369 2864 1391 2880 θ’
1410 2863 1488 2892 Joan.
1507 2873 1534 2898 \',
1549 2865 1595 2892 ‘23.
