1892 3105
35 174 90 202 1273

597 165 881 194 RECOGNITIONUM
897 164 961 192 LIB.
981 164 1010 193 ll.

1553 165 1622 193 1274

34 232 84 258 uim)
95 236 148 264 quae
162 235 176 255 a
197 226 337 254 conditore
354 224 409 252 Deo
423 223 546 252 substitit.
565 225 787 256 ereatura.Quo-
804 228 826 255 Α
840 228 951 248 causam
971 221 999 247 in
1028 220 1155 254 paradiso
1170 220 1280 255 posuit?
1304 219 1333 247 Si
1360 228 1423 247 vero
1447 220 1546 247 bonum
1564 227 1624 250 erat

32 276 96 303 modo
109 274 175 302 enim
190 276 304 308 poterat,
321 278 402 306 quam
417 270 532 297 Creator
557 270 615 305 ipse
633 278 687 296 non
704 277 788 296 nove—

31 325 72 351 rat,
91 320 127 346 lex
139 326 179 345 me
194 318 279 352 ipsius
293 316 433 344 Creatoris
449 315 574 349 educere,
586 323 648 342 cum
661 322 712 342 nec
727 315 786 350 ipsa

30 366 95 392 sciret
107 366 171 400 quod
186 364 309 391 doceret?

56 411 100 438 l.ll.
115 411 145 437 Et
172 411 266 438 Petrus
280 420 287 437 ε
314 409 408 441 Miror,
424 409 521 444 inquit,
552 409 689 444 quomodo
709 412 739 436 tu
753 416 786 435 ex

30 458 73 491 lege
88 457 141 491 plus
167 456 288 491 potueris
315 456 432 487 discere,
451 462 532 490 quam
548 455 647 482 docere
660 455 703 482 vel
716 455 788 481 scire

30 503 59 529 lex
73 502 186 536 poterat?
198 505 223 528 et
249 501 387 536 quomodo
410 501 507 528 horum
533 508 594 535 quae
609 507 731 528 asserere
746 501 787 527 vis

30 548 179 582 probationes
194 547 269 574 dicas
285 551 310 574 te
326 555 359 574 ex
381 547 439 582 lege
464 547 598 582 proferre,
614 554 676 573 cum
700 554 788 581 neque

30 593 97 627 legem
110 600 215 620 asseras
237 599 320 619 nosse
332 599 364 619 ea
387 599 447 627 quas
461 592 546 624 dicis,
560 599 647 626 neque
663 599 725 619 eum
739 591 786 626 qui

30 640 93 673 legem
108 638 187 669 dedit,
209 639 235 666 id
263 642 306 666 est
324 638 418 665 mttndi
435 638 612 666 Creatorem?
626 638 679 666 Sed
695 644 721 666 et
735 638 787 665 hoc

30 684 103 715 miror,
117 684 250 718 quomodo
265 688 294 711 tu
320 685 366 719 qui
383 685 459 712 solus
475 685 531 711 hac
547 685 630 719 nosti,
648 685 693 712 hic
707 686 787 712 tnodo

30 736 73 755 :uiu
87 729 207 756 omnibus
224 733 281 757 stes
308 729 400 758 brevis
425 730 486 758 atrii
504 731 586 765 hujus
615 731 719 759 ambitu
733 732 788 758 cir-

30 775 158 802 :unidatus.
178 775 211 802 Et
226 775 321 803 Simon
336 776 433 803 videns
451 784 513 804 cum
539 778 614 804 omni
631 779 732 813 populo
748 779 787 805 ri»-

30 818 112 846 lentem
139 819 265 847 Petrum:
280 820 374 852 Rides,
389 821 488 855 inquit,
505 821 596 852 Petro,
617 829 679 849 cum
697 829 788 848 sermo

30 865 48 891 le
60 865 131 892 tantis
144 866 224 893 rebus
249 871 276 893 et
291 870 346 893 tam
361 867 543 895 eminentibus
555 867 702 895 habeatur?
719 867 786 894 Tum

837 267 909 302 quod
925 267 952 295 in
971 266 1100 302 paradiso
1122 267 1224 302 posuit,
1242 275 1296 294 non
1306 272 1349 295 est
1362 268 1427 294 boni
1438 268 1584 302 prohibere
1609 278 1624 296 a

837 313 918 340 bono.

872 358 938 386 LIV.
961 358 1006 386 Sic
1019 367 1084 395 ergo
1097 367 1159 394 cum
1175 360 1199 387 is
1214 359 1261 394 qui
1276 359 1413 386 hominem
1429 358 1494 387 fecit
1506 365 1533 387 et
1545 368 1626 388 inun-

837 404 912 436 dum,
925 405 1076 432 secundum
1092 413 1123 432 ea
1144 413 1205 440 qua:
1219 405 1262 432 lex
1277 404 1361 432 refert
1375 405 1552 440 imperfectus
1577 406 1624 438 sit,

838 451 920 477 alium
935 451 995 478 sine
1010 451 1095 478 dubio
1109 451 1156 478 dat
1172 451 1287 486 intelligi
1299 451 1346 487 qui
1358 451 1496 486 perfectus
1511 452 1557 479 sit.
1572 451 1626 480 Ne-

837 504 916 524 cesse
934 501 977 524 est
989 497 1062 524 enim
1088 505 1149 525 esse
1165 497 1283 532 aliquem
1303 497 1425 524 omnium
1452 498 1627 532 praestantio-

839 549 904 573 rem,
916 546 1027 577 propter
1040 550 1121 577 quem
1135 547 1162 570 et
1173 543 1263 570 omnis
1276 546 1400 570 creatura
1411 543 1536 571 ordinem
1545 551 1626 571 suum

838 591 938 615 servat.
952 587 1030 616 Unde
1041 594 1067 616 et
1084 596 1134 624 ego
1150 589 1252 621 sciens,
1265 589 1328 624 quia
1340 589 1498 617 omnimodo
1514 597 1627 618 necesse

837 637 880 660 est
895 641 956 661 esse
978 634 1096 669 aliquem
1125 634 1312 666 benigniorem
1336 639 1362 661 et
1386 634 1567 669 potentiorem
1580 643 1625 668 eo,

838 679 884 713 qui
900 679 986 714 legem
1010 679 1095 712 dedit,
1113 680 1273 714 imperfecto
1290 680 1352 712 deo.
1369 688 1403 709 ex
1420 682 1627 717 cornparatione

838 725 989 759 imperfecti
1017 725 1166 760 perfectum
1189 726 1254 760 quid
1285 726 1320 753 sit
1339 726 1504 761 intelligens,
1520 734 1552 754 ex
1567 727 1626 762 ipsa

839 770 981 804 Scriptura
1004 770 1088 798 Detiiii
1120 770 1197 798 illum
1213 770 1247 798 de
1268 779 1322 806 qtto
1337 772 1469 806 scriptmii
1485 780 1539 799 non
1555 777 1625 805 erat,

838 814 969 842 intellexi.
987 814 1019 841 Et
1032 815 1083 842 hoc
1095 815 1175 842 modo
1185 815 1294 850 potui,o
1302 814 1392 847 Petre,
1402 823 1435 843 ex
1448 816 1507 851 lege
1519 816 1627 844 discere

839 860 911 894 quod
927 861 1067 888 nesciebat
1097 861 1151 888 lex.
1166 860 1245 894 Quod
1261 864 1289 888 et
1314 861 1338 888 si
1364 861 1407 888 lex
1422 869 1477 888 non
1504 861 1627 889 dedisset

30 910 101 938 mm;
115 920 121 938 ε
136 910 205 942 Non,
221 912 321 946 inquit,
345 912 481 947 indignari
508 912 614 945 Simon,
627 913 695 940 nihil
709 913 782 940 enim
801 909 820 935 li
836 907 949 938 indicia,
965 906 1067 941 quibus
1090 906 1265 942 colligeretur
1285 906 1462 942 imperfectus
1475 915 1537 935 csse
1553 907 1626 936 Deus

30 960 101 982 irteter
119 956 325 991 promissionem
352 961 473 984 nostram
489 958 619 992 gerimus,
635 965 722 992 neque
735 965 784 985 au»

30 1011 57 1029 'rs
70 1007 169 1031 nostras
183 1004 349 1033 claudimus.
363 1007 392 1030 ut
407 1003 529 1034 dicebas,
546 1011 635 1038 neque
648 1004 740 1031 statim
754 1008 784 1030 ut

30 1047 153 1077 iudivimus
168 1057 182 1075 a
196 1053 224 1077 te
249 1049 396 1076 ineffabilia
410 1048 527 1084 proferri
553 1049 581 1075 in
602 1049 694 1084 fugam
711 1048 783 1076 versi

30 1102 107 1125 timus,
122 1095 166 1122 sed
176 1103 208 1122 ne
221 1096 283 1122 loco
297 1095 408 1130 quidem
431 1096 508 1122 moti.
524 1094 616 1129 Neque
628 1095 700 1122 enirn
714 1095 784 1122 veri-

33 1139 102 1166 iinilia
119 1140 210 1167 saltem
240 1140 330 1175 aliqua
349 1139 526 1174 proferuntur
537 1140 587 1166 abs
602 1143 637 1171 te,
660 1147 722 1174 qua:
733 1147 784 1167 nos

30 1185 107 1211 lossint
120 1186 292 1220 aliquatenus
307 1186 454 1217 deterrere,
468 1189 515 1212 aut
531 1191 604 1212 certe
617 1185 691 1220 aperi
705 1185 784 1212 nobis

30 1231 204 1266 iitclligentiam
218 1232 285 1259 dicti
308 1232 400 1266 hujus,
415 1232 553 1266 quomodo
576 1236 605 1258 tu
622 1240 655 1259 ex
670 1232 728 1266 lege
742 1231 782 1258 di-

30 1276 101 1305 lieeris
114 1278 204 1310 Deum,
219 1286 300 1313 quem
323 1279 363 1305 lex
382 1278 441 1313 ipsa
465 1279 562 1310 nescit,
579 1282 606 1304 et
621 1285 701 1312 quem
726 1277 784 1311 ipse

30 1322 56 1355 lui
69 1323 144 1357 legem
158 1324 249 1358 posuit
273 1324 388 1359 ignoret.
404 1324 437 1350 Et
450 1323 545 1351 Simon
559 1332 565 1349 ε
578 1323 616 1354 Si,
630 1323 728 1357 inquit,
743 1323 783 1349 ri-

30 1368 90 1396 eiido
110 1371 234 1402 cessasti,
250 1370 425 1398 evidentibus
444 1370 642 1397 assertionibus
657 1376 784 1403 compro-

30 1415 83 1441 ralio.
99 1414 128 1442 Et
141 1415 237 1443 Petrus
252 1417 289 1442 ait
304 1425 311 1443 :
328 1416 400 1448 Quin
425 1415 560 1446 desinam,
576 1418 606 1441 ut
619 1415 723 1450 possitn
738 1414 782 1442 di-

31 1465 147 1492 rereate,
163 1462 300 1496 quomodo
327 1466 355 1488 tu
379 1469 394 1489 a
420 1462 478 1497 lege
503 1461 641 1493 didiceris,
656 1469 716 1496 qua:
740 1461 782 1488 lex

30 1508 87 1533 lt'SCii
97 1512 120 1533 et
130 1516 187 1542 quae
200 1509 259 1543 ipse
273 1508 343 1535 Deus
363 1509 430 1542 legis
445 1508 560 1542 ignoret.

46 1552 102 1580 λιιι.
117 1553 146 1580 Ει
159 1553 254 1581 Simon
265 1554 357 1586 :Audi,
370 1555 469 1589 inquit.
480 1553 654 1581 iitanifcstum
671 1557 713 1581 est
725 1561 783 1581 om-

30 1599 84 1626 iibns
106 1604 130 1627 et
156 1601 286 1628 inelIabili
314 1601 432 1636 quadam
462 1601 566 1628 ratione
595 1605 783 1637 compertum,

30 1653 85 1672 :iiuni
102 1654 159 1674 esse
173 1646 269 1678 Deum,
296 1647 342 1682 qui
370 1647 406 1674 sit
425 1648 546 1674 omnium
573 1647 682 1680 melior,
699 1656 713 1674 a
729 1657 784 1683 quo

30 1698 83 1718 tune
97 1693 163 1726 quod
179 1696 233 1725 est,
247 1693 365 1728 sumpsit
379 1693 533 1724 exordium,
548 1694 620 1720 unde
635 1697 662 1720 et
685 1702 783 1722 neces-

30 1738 77 1763 ario
87 1738 200 1772 subjecta
213 1743 279 1767 sunt
292 1740 316 1766 ei
331 1739 422 1766 omnia
437 1747 499 1774 qua:
519 1743 578 1774 post
594 1740 683 1775 ipsum
709 1745 782 1772 sunt,

31 1783 76 1809 elut
101 1785 212 1820 principi
242 1785 365 1812 omnium
395 1788 422 1811 et
449 1785 632 1812 einiiientiori.
648 1785 705 1820 Ego
719 1794 784 1820 ergo

31 1836 66 1854 inn
80 1832 261 1865 cognovissent
289 1830 373 1858 Deum
400 1831 471 1857 hunc
487 1831 532 1865 qui
549 1836 689 1858 creaverat
704 1840 784 1859 mun-

33 1881 78 1905 iiiii,
94 1877 240 1903 secundum
258 1876 330 1911 quod
352 1877 394 1902 lex
411 1876 501 1908 docet,
515 1876 543 1903 in
559 1877 651 1904 multis
666 1885 727 1904 esse
742 1878 785 1904 in-

33 1927 117 1952 riuum.
132 1921 209 1957 longe
221 1926 313 1949 autem
331 1921 460 1948 abhorret
475 1922 619 1950 intirntitas
635 1930 649 1948 a
663 1922 784 1957 perfecto

30 1968 68 1996 '00,
79 1969 102 1992 ct
117 1966 186 1994 hunc
197 1967 316 1995 viderem
329 1975 383 1994 non
398 1976 460 1994 esse
478 1968 638 2003 perfectum,
654 1977 783 1996 necessa~

30 2019 48 2036 io
64 2013 136 2040 alium
159 2021 222 2041 esse
247 2014 368 2041 intellexi
394 2014 440 2049 qui
464 2018 538 2041 esset
566 2015 714 2049 perfectus.
734 2015 783 2043 llic

31 2057 84 2088 nim,
98 2063 125 2085 ut
142 2059 207 2091 dixi,
234 2060 382 2086 secundum
401 2059 473 2094 quod
490 2059 631 2095 Scriptura
653 2061 720 2095 legis
733 2061 785 2088 do—

30 2104 58 2131 et,
70 2101 93 2128 iii
105 2104 195 2131 multis
207 2103 332 2131 infirmus
347 2112 409 2131 esse
424 2105 646 2139 deprehenditur.
657 2106 679 2121 ⁸⁸
691 2105 784 2133 Primo

32 2147 74 2172 uml
90 2147 166 2175 homo
180 2157 262 2184 quem
279 2149 433 2184 plasmavit,
452 2159 506 2177 non
523 2153 610 2186 potuit
625 2160 785 2186 pertimuere

30 2192 65 2218 ilis
78 2195 178 2228 qualem
204 2196 263 2230 ipsc
290 2196 422 2228 voluerat,
437 2201 463 2223 ct
483 2198 546 2232 quia
562 2205 611 2225 nec
627 2199 716 2226 bonus
729 2203 781 2231 est,

834 952 881 987 qui
895 951 1019 979 condidit
1034 952 1177 983 mundum,
1195 952 1261 979 mihi
1277 952 1408 987 possibile
1418 957 1487 985 erat,
1498 955 1580 981 etiam
1592 962 1625 982 ex

835 997 878 1025 his
891 1005 953 1032 quae
980 998 1008 1025 in
1037 997 1090 1025 hoc
1114 998 1216 1024 mundo
1227 1001 1360 1033 geruntur
1375 998 1455 1026 malis
1469 1007 1520 1026 nec
1532 1007 1626 1027 emen-

834 1044 944 1076 dantur,
957 1045 1097 1080 colligere,
1126 1045 1169 1071 vel
1185 1045 1249 1080 quia
1269 1044 1452 1080 impossibilis
1465 1049 1508 1073 est
1519 1049 1626 1073 creator

835 1091 907 1124 ejus,
923 1091 969 1125 qui
982 1090 1052 1117 male
1062 1093 1138 1125 gesta
1153 1097 1207 1117 non
1221 1084 1345 1126 corrigit,
1358 1091 1381 1118 si
1394 1097 1449 1117 non
1468 1095 1568 1126 potest,
1582 1091 1626 1119 vel

835 1136 857 1163 si
874 1144 928 1163 non
942 1136 999 1164 vult
1011 1136 1120 1163 auferre
1134 1137 1215 1170 mala,
1225 1137 1283 1172 ipse
1297 1137 1385 1165 malus
1399 1137 1445 1169 sit,
1458 1138 1482 1165 si
1496 1146 1561 1166 vero
1575 1147 1625 1166 ne-

834 1190 887 1216 que
903 1185 993 1216 potest
1006 1189 1095 1216 neque
1109 1182 1177 1214 vult,
1205 1189 1256 1209 nec
1280 1186 1377 1217 potens
1395 1191 1446 1210 nec
1473 1183 1561 1211 bonus
1577 1183 1624 1212 sit.

835 1228 867 1254 Et
880 1236 913 1256 ex
928 1228 970 1256 his
984 1235 1098 1255 necesse
1126 1231 1168 1255 est
1194 1228 1296 1263 colligi,
1315 1229 1390 1264 quod
1416 1229 1486 1257 alius
1501 1230 1538 1258 sit
1554 1229 1625 1257 Deus

834 1274 955 1300 omnium
973 1274 1147 1308 prmstantior
1157 1277 1183 1301 et
1200 1275 1347 1309 potentior.
1369 1275 1411 1302 Ad
1426 1275 1484 1303 haec
1510 1276 1534 1304 si
1558 1276 1626 1312 quid

835 1319 920 1348 habes
937 1319 1040 1352 dicere,
1056 1328 1110 1347 nou
1128 1321 1255 1348 moreris.

870 1365 925 1393 LV.
940 1365 1038 1394 Petrus
1052 1367 1194 1402 respondit
1210 1377 1215 1394 :
1230 1367 1325 1395 Solent
1341 1369 1403 1401 ista,
1418 1376 1435 1396 ο
1449 1368 1555 1402 Simon,
1573 1370 1625 1397 ah-

835 1411 918 1439 surda
940 1412 1072 1440 adversus
1096 1413 1179 1440 Deum
1205 1414 1333 1441 meditari
1357 1415 1384 1441 hi
1399 1415 1446 1450 qui
1462 1415 1547 1450 legem
1571 1423 1626 1443 non

835 1459 975 1494 magistris
996 1459 1168 1487 tradentibus
1194 1460 1298 1495 legunt,
1325 1461 1372 1487 sed
1395 1461 1559 1495 semetipsos
1575 1461 1626 1489 do-

835 1510 926 1533 ctores
941 1506 1044 1533 habent
1057 1509 1085 1533 et
1097 1509 1193 1540 putant
1209 1514 1239 1534 se
1256 1506 1408 1541 intelligere
1420 1514 1501 1542 posse
1521 1507 1626 1542 legem,

836 1559 917 1586 quam
931 1552 982 1579 sibi
997 1559 1051 1579 non
1065 1552 1193 1587 exposuit
1209 1551 1254 1579 ille
1268 1552 1314 1587 qui
1324 1560 1338 1578 a
1349 1553 1481 1588 magistro
1488 1553 1624 1582 didicerit.

837 1597 1031 1625 Verumtamen
1039 1607 1123 1630 nunc,
1134 1602 1163 1625 ut
1171 1602 1196 1625 et
1204 1606 1255 1625 nos
1267 1598 1417 1626 secundum
1429 1603 1505 1626 tuum
1514 1607 1627 1627 seIiSum

838 1643 1008 1679 Scripturam
1028 1645 1095 1679 legis
1107 1645 1183 1679 sequi
1203 1644 1357 1676 videamur,
1374 1645 1438 1679 quia
1454 1649 1482 1672 et
1494 1645 1626 1680 impossi-

835 1690 917 1717 bilcm
931 1694 957 1717 et
973 1698 1026 1716 non
1039 1690 1141 1716 botium
1154 1689 1224 1717 dicis
1239 1690 1347 1717 ostendi
1362 1691 1537 1718 Conditorem
1547 1699 1626 1719 mutt-

836 1736 875 1767 di,
892 1736 1030 1770 quomodo
1046 1743 1101 1762 non
1117 1735 1208 1763 vidisti
1231 1735 1305 1771 quod
1328 1736 1425 1763 iisdem
1445 1737 1513 1772 ipsis
1531 1745 1626 1772 repre-

837 1781 1017 1809 hensionibus
1029 1781 1182 1809 succumbit
1195 1786 1223 1809 et
1238 1782 1362 1816 subjacet
1377 1783 1458 1809 etiam
1473 1783 1526 1810 ista
1536 1784 1624 1811 virttis

835 1832 894 1859 tua,
908 1835 991 1862 quam
1012 1827 1081 1855 dicis
1102 1835 1164 1854 esse
1182 1828 1389 1856 eminentiorem
1411 1829 1555 1856 omnium?
1572 1829 1625 1857 Eo-

836 1874 896 1901 dem
913 1881 1032 1909 namque
1047 1873 1128 1901 modo
1142 1874 1176 1901 de
1190 1876 1248 1908 ipsa
1263 1874 1317 1901 dici
1334 1879 1433 1909 potest,
1455 1876 1518 1910 quia
1532 1877 1624 1904 omnia

835 1929 896 1956 quae
909 1921 953 1947 hic
965 1921 1035 1947 male
1047 1924 1190 1955 geruntur,
1204 1923 1252 1946 aut
1261 1920 1439 1955 impossibilis
1447 1925 1489 1948 est
1497 1929 1557 1957 quae
1569 1930 1624 1950 non

836 1967 959 2002 corrigit,
971 1970 1017 1993 aut
1031 1966 1053 1994 si
1069 1969 1159 2000 potest
1171 1971 1198 1993 et
1212 1974 1267 1992 non
1281 1966 1349 1998 vult,
1360 1966 1432 1993 mala
1447 1971 1498 1994 est.
1516 1966 1544 1994 Si
1558 1975 1624 1995 vero

836 2020 925 2048 neque
943 2016 1034 2047 potest
1051 2020 1138 2047 neque
1155 2013 1223 2044 vult,
1240 2016 1267 2040 et
1284 2012 1464 2047 impossibilis
1482 2016 1509 2040 et
1523 2013 1625 2048 imper-

837 2059 905 2086 fecta
920 2062 972 2086 est.
988 2058 1066 2085 Unde
1081 2066 1135 2084 non
1157 2058 1246 2085 solum
1262 2058 1344 2085 simili
1361 2058 1448 2092 culpa:
1460 2058 1549 2086 virtus
1566 2059 1622 2086 ista

837 2109 882 2132 tua
897 2112 977 2136 nova,
995 2104 1041 2131 sed
1055 2107 1081 2131 et
1095 2103 1225 2131 deteriori
1238 2103 1376 2135 invenitur
1390 2104 1520 2136 obnoxia,
1537 2105 1560 2132 si
1575 2113 1625 2132 su-

836 2158 883 2186 per
900 2151 957 2177 haec
971 2150 1066 2177 omnia
1083 2150 1164 2177 etiam
1180 2158 1242 2177 cum
1265 2157 1318 2176 non
1335 2150 1381 2181 sit,
1400 2157 1461 2178 esse
1482 2150 1622 2179 credatur.

835 2197 902 2224 Nam
919 2198 941 2224 is
961 2197 1007 2231 qui
1024 2196 1155 2223 mundum
1172 2196 1284 2229 creavit,
1298 2196 1350 2223 hoc
1369 2196 1458 2230 ipsum
1471 2197 1543 2231 quod
1557 2197 1623 2224 sub-

31 2238 49 2262 ni
64 2240 143 2272 primo
156 2241 257 2268 homini
274 2242 364 2276 posuit
383 2242 478 2278 legem,
497 2248 525 2270 ut.
541 2244 574 2271 ab
586 2245 783 2280 umnihusqni-
798 2247 820 2275 Ι)
835 2243 947 2271 sistitex
957 2242 1106 2277 operecjus
1115 2249 1169 2276 quo
1178 2242 1309 2269 mundum
1319 2242 1452 2275 condidit,
1463 2243 1553 2277 palam
1566 2248 1620 2276 est,

30 2291 62 2307 riu
76 2283 148 2319 lignis
170 2288 288 2321 paradisi
301 2289 393 2316 ederet
403 2310 410 2319 ,
425 2289 459 2316 dc
471 2290 544 2324 ligno
559 2294 647 2317 autent
662 2291 783 2318 scientia:

31 2334 58 2352 0n
72 2331 247 2366 contingeret,
264 2334 311 2361 scd
338 2335 361 2362 si
389 2339 528 2370 gustasset
546 2341 709 2364 moreretur.
727 2338 783 2364 Cur

30 2373 72 2399 uini
87 2380 185 2404 vetaret
210 2388 271 2406 cum
285 2381 358 2407 vesci
372 2384 398 2407 et
422 2382 493 2409 scire
504 2382 568 2416 quid
595 2387 666 2409 esset
681 2383 781 2410 bonum

30 2418 47 2443 el
58 2421 116 2454 quid
143 2427 254 2456 malum,
273 2432 301 2452 ut
327 2434 417 2454 scrcns
447 2428 518 2454 mala
545 2429 654 2462 quidem
673 2429 781 2462 vitaret,

30 2471 73 2492 una
86 2474 146 2495 vero
163 2470 293 2505 eligeret?
316 2471 368 2499 Sed
396 2480 483 2507 neque
495 2473 553 2508 ipse
567 2475 617 2501 hoc
631 2476 780 2508 concessit,

30 2512 104 2544 lquia
119 2513 162 2542 ille
183 2520 280 2550 praeter
304 2517 462 2544 mandatum
483 2520 603 2554 gustavit
624 2524 651 2547 et
671 2521 781 2555 agnovit

30 2557 66 2583 uid
79 2566 147 2588 esset
161 2562 271 2594 bonum,
285 2571 316 2590 ac
327 2563 422 2591 didicit
437 2565 548 2592 honoris
561 2567 647 2600 gratia
663 2567 780 2594 verenda

30 2606 140 2639 )iitegere
166 2608 334 2643 (indecorum
349 2611 421 2638 enini
434 2611 520 2638 sensit
535 2612 660 2639 revelatis
675 2612 781 2647 puden-

30 2647 48 2675 is
62 2655 129 2680 stare
152 2658 214 2682 ante
229 2656 385 2683 Creatorem
411 2657 516 2692 suum),
533 2658 577 2684 ille
592 2666 653 2685 eum
669 2658 714 2693 qui
731 2659 780 2686 ho-

30 2702 92 2723 orem
108 2697 160 2726 Deo
183 2701 289 2729 deferre
316 2702 458 2734 didicerat,
476 2707 562 2730 nmite
574 2704 740 2732 condemnat
753 2708 780 2732 et

30 2743 118 2774 Erpcnti
129 2745 174 2779 qui
190 2746 245 2773 bzec
265 2747 434 2779 ostenderat,
452 2748 599 2776 maledicit.
618 2748 670 2776 Sed
686 2750 780 2784 utique

30 2786 169 2819 ilaodendus
180 2799 213 2820 ex
228 2792 279 2820 hoc
289 2797 348 2820 erat
362 2795 443 2821 homo
453 2814 460 2826 ,
474 2802 524 2821 cur
539 2795 652 2822 omnino
665 2795 780 2823 laedendi

835 2289 907 2317 sicut
927 2289 1008 2316 etiam
1036 2289 1094 2322 ipse
1111 2287 1261 2315 conliteris.
1286 2287 1341 2315 lsta
1356 2296 1421 2316 vero
1436 2288 1525 2316 virtus
1540 2297 1623 2323 quam

834 2340 860 2362 te
876 2335 965 2362 solum
981 2334 1052 2362 scire
1068 2334 1263 2365 dicis,nulltim
1275 2333 1307 2360 de
1323 2341 1352 2360 se
1364 2333 1495 2361 indicium
1509 2335 1624 2370 prazbet,

834 2389 883 2416 per
900 2381 972 2416 quod
991 2381 1042 2407 hoc
1067 2381 1157 2415 ipsum
1173 2380 1268 2407 saltem
1285 2379 1359 2415 quod
1373 2384 1415 2408 est
1428 2384 1455 2408 et
1476 2381 1621 2413 subsistit,

834 2427 972 2462 possimus
997 2427 1148 2453 advertere.

869 2472 936 2500 LVI.
953 2473 1038 2505 Quale
1052 2476 1094 2499 est
1110 2479 1186 2507 ergo,
1204 2475 1234 2498 ut
1245 2471 1467 2508 derelinquamus
1483 2472 1580 2506 Deum,
1593 2473 1623 2500 in

833 2519 913 2554 cujus
925 2518 1028 2546 mundo
1040 2518 1158 2546 vivimus
1169 2523 1197 2545 et
1210 2518 1340 2546 omnibus
1353 2519 1386 2546 ad
1400 2519 1482 2546 vitam
1495 2526 1623 2546 necessa-

834 2566 883 2593 riis
901 2566 1027 2597 fruimur,
1045 2569 1072 2592 et
1088 2572 1236 2599 sequamur
1252 2565 1346 2592 nescio
1359 2572 1455 2600 quem,
1471 2565 1551 2599 cujus
1565 2573 1622 2592 non

834 2613 922 2640 solum
941 2611 1009 2639 nihil
1034 2611 1229 2646 consequimur
1250 2611 1330 2642 honi,
1348 2611 1394 2638 sed
1412 2619 1446 2638 ne
1460 2611 1512 2638 hoc
1528 2611 1619 2646 ipsum

833 2659 963 2692 quidem,
979 2657 1052 2692 quod
1073 2656 1119 2686 sit.
1141 2656 1213 2684 scire
1236 2664 1403 2691 possumus,
1426 2657 1533 2684 scilicet
1556 2656 1621 2691 quia

835 2713 884 2731 nec
903 2709 961 2736 est;
979 2704 1037 2731 sive
1051 2703 1122 2730 enim
1136 2710 1197 2730 eum
1217 2703 1305 2729 lucem
1317 2703 1438 2737 appelles
1453 2707 1480 2730 et
1492 2703 1551 2730 luce
1568 2703 1620 2729 ista

834 2758 915 2784 quam
934 2749 1072 2776 cernimus
1088 2748 1250 2778 clariorem,
1270 2755 1369 2774 nomen
1386 2748 1476 2783 ipsum
1494 2756 1510 2775 a
1524 2749 1620 2775 mundi

834 2795 978 2823 Conditore
989 2794 1140 2827 mutuaris;
1151 2793 1208 2821 sive
1224 2793 1404 2821 substantiam
1418 2794 1521 2822 dixe2is
1537 2802 1622 2829 super

33 2857 132 2902 30023
143 2868 294 2898 sequuntur
309 2864 442 2893 vocabttla
459 2865 595 2901 usquead
626 2865 671 2893 illa
697 2873 757 2900 cap.
786 2873 844 2902 seq.
862 2872 893 2892 ex
910 2863 1116 2897 corripui-alioue,
1142 2865 1208 2893 «tc.,
1236 2861 1336 2888 desunt
1364 2861 1391 2888 in
1411 2867 1528 2898 utroque
1554 2861 1618 2890 cod.

33 2900 77 2924 ιρς,
