1892 3105
246 172 317 201 1275

671 171 699 199 S.
717 171 913 200 CLEMEan
929 171 939 198 I
956 171 1039 199 ROM.
1058 171 1159 199 PONT.
1180 171 1293 199 OPZ'RA
1315 172 1427 199 DL‘BIA.

1804 170 1868 198 ιτιε

245 231 339 259 omnia
350 251 357 263 ,
373 228 586 265 intelligentiam
607 228 672 256 hinc
690 228 798 264 profers
816 236 878 255 cum
896 228 1032 256 sermonis
1046 231 1071 260 Α
1084 229 1157 256 ditor
1168 229 1254 264 exigit
1274 229 1357 256 etiam
1372 229 1459 264 legent
1479 228 1600 264 impleri.
1614 228 1648 255 Et
1664 227 1768 255 Petrus
1781 237 1787 254 :
1802 227 1868 262 Ergo

244 281 404 312 augmento;
419 276 476 304 sive
487 280 616 307 mentem,
634 275 691 303 sive
704 274 930 306 bonitatem,sive
937 274 1031 307 vitam,

244 325 303 351 sive
317 323 393 350 aliud
414 323 480 358 quid
501 322 715 353 memoraveris,
732 321 796 348 hinc
816 321 952 348 vocabula
973 328 1033 347 Inu-

243 371 342 399 tuaris.
369 369 438 397 Cum
451 376 516 404 ergo
540 368 608 395 nihil
627 369 691 395 novi
712 367 746 394 de
763 367 809 394 illa
826 367 927 394 virtute
951 374 1032 401 quam

243 418 326 449 dicis,
347 424 403 444 non
428 415 517 444 solum
534 414 569 441 ad
595 413 815 448 intelligendum,
834 420 928 440 verum
945 420 980 439 ne
999 412 1032 439 ad

245 463 443 492 nominandum
457 461 566 497 quidem
583 461 702 492 habeas,
728 459 866 495 quomodo
881 458 1033 485 iutroducis

245 518 347 539 novum
361 509 457 539 Deum.
474 509 553 543 cujus
569 515 619 535 nec
632 507 843 542 appellationem
863 505 974 540 quidem
990 505 1033 532 in—

244 558 322 586 venis
337 556 454 584 novam?
468 554 562 582 Virtus
578 554 651 581 enim
667 560 721 580 non
734 552 822 580 solum
831 550 946 579 Creator
953 558 1033 578 mun-

244 604 272 632 di
287 603 407 633 dicitur,
429 601 476 629 sed
500 605 527 628 et
550 599 670 627 ministri
693 598 787 634 gloriae
807 597 869 632 ejus
888 597 1033 632 omnisque

244 650 342 677 militia
355 648 486 676 cmlestis.
504 646 563 673 Non
577 646 626 673 tibi
639 653 705 680 ergo
719 644 817 671 melius
830 643 939 670 videtur
952 651 1013 671 esse
1023 663 1030 675 ,

244 700 274 724 ut
284 702 432 731 sequamur
447 693 577 720 factorem
593 695 718 718 nostrum
731 689 827 721 Deum,
841 693 970 723 tanquam
984 696 1032 723 pa-

243 747 314 770 trem
334 740 505 769 erudientem
530 745 581 765 nos
595 741 622 764 et
644 737 811 763 imbuentem
828 735 899 762 sicut
910 735 968 769 ipse
982 741 1033 761 no-

244 789 301 817 vit?
310 786 388 821 Quod
402 790 429 813 et
442 785 466 813 si
480 784 516 812 sit
527 783 638 819 aliquis,
652 786 682 809 ut
694 787 723 809 tu
735 782 804 808 dicis
817 780 962 815 benignior
973 787 1032 807 om-

245 835 322 862 nium
339 833 422 863 Deus,
436 835 541 858 certum
558 833 601 857 est
615 829 678 863 quia
692 835 746 854 non
762 827 891 854 irascitur
905 826 995 857 nobis,
1008 825 1031 852 si

244 888 309 908 vero
341 878 470 906 irascitur
503 877 592 903 malus
617 879 670 902 est.
688 873 787 901 Noster
807 876 899 900 autem
921 871 992 899 Deus
1008 872 1030 898 si

244 925 373 954 irascitur
387 928 414 952 et
424 923 554 953 vindicet,
568 929 622 948 non
639 924 682 947 cst
694 920 783 947 malus
796 918 844 946 sed
853 919 956 952 justus,
968 925 1032 952 pro—

243 973 320 1008 prios
330 971 403 999 enim
423 969 495 997 ﬁlios
513 968 628 1002 corripit
645 970 672 994 et
684 966 823 994 emendat.
842 965 889 992 Ille
903 971 969 992 vero
982 964 1031 998 qui

243 1018 313 1046 nihil
333 1016 477 1044 nobiscum
490 1015 572 1041 habet
586 1012 706 1047 negotii,
721 1011 744 1039 si
760 1011 902 1038 vindicare
921 1009 986 1037 velit
1004 1011 1030 1036 in

242 1072 305 1095 nos,
320 1062 459 1099 quomodo
471 1061 561 1088 bonus
573 1059 644 1087 erit?
658 1057 791 1093 supplicia
810 1063 921 1085 sumens
935 1055 969 1083 de
981 1063 1032 1082 no-

242 1111 298 1142 bis,
314 1108 387 1145 quod
404 1116 459 1135 non
471 1106 603 1135 derelicto
622 1108 698 1141 patre
722 1107 818 1131 nostro
837 1103 927 1141 ipsum
942 1102 1030 1130 secuti

243 1163 339 1183 sumus
357 1154 487 1182 inanibus
501 1151 710 1187 suspicionibus
727 1150 820 1182 tracti,
837 1149 976 1184 quomodo
984 1156 1030 1176 er-

243 1209 277 1237 go
301 1202 352 1228 iste
368 1200 432 1227 talis
450 1200 538 1226 bonus
561 1206 576 1225 a
592 1202 617 1225 te
632 1196 783 1229 asseritur,
799 1195 848 1231 qui
868 1202 919 1223 nec
937 1194 1031 1230 justus

243 1247 361 1281 intelligi
384 1250 485 1280 potest.

278 1292 357 1319 LVII.
374 1291 444 1318 Tum
463 1290 557 1317 Simon
572 1299 578 1317 :
597 1288 751 1316 Tantumne
768 1295 855 1319 erras,
876 1287 976 1322 Petro,
998 1292 1030 1316 ut

242 1340 363 1371 nescias,
384 1339 448 1374 quia
472 1337 572 1364 animat
587 1339 689 1362 nostra:
704 1343 719 1361 a
739 1334 812 1361 bono
832 1334 886 1361 Deo
903 1338 968 1361 sunt
983 1334 1030 1361 illo

241 1387 363 1415 omnium
375 1384 575 1421 praestantiore,
587 1381 635 1409 sed
650 1381 765 1416 captiva:
785 1380 911 1407 deductae
924 1384 989 1407 sunt
1002 1380 1030 1408 in

241 1434 316 1461 hunc
331 1431 478 1460 mundum?
492 1429 524 1456 Et
544 1428 642 1456 Petrus
658 1437 663 1454 :
682 1427 754 1462 Ergo
770 1434 825 1453 non
838 1430 881 1454 est
899 1426 1029 1454 omnibus

242 1479 409 1514 incognitus,
426 1478 498 1504 sicut
509 1474 591 1510 paulo
603 1477 665 1500 ante
680 1473 807 1505 dicebas;
819 1476 846 1500 et
859 1476 950 1500 tamen
962 1480 1031 1507 quo-

241 1525 323 1554 modo
339 1524 452 1551 indulsit
466 1523 554 1550 bonus
569 1519 640 1547 Deus
654 1519 839 1554 captivitatem
855 1518 914 1545 fieri
925 1518 1030 1545 anima-

242 1579 302 1599 rum
319 1577 442 1601 suarum,
458 1569 481 1597 si
498 1572 558 1595 erat
571 1574 653 1601 super
668 1573 764 1593 omnes
780 1565 916 1599 potentior
924 1564 1030 1591 virtus?
1042 1569 1064 1597 (ι
1080 1567 1121 1591 est
1132 1571 1291 1598 permanere
1306 1563 1376 1597 apud
1389 1562 1529 1597 proprium
1540 1565 1657 1596 patrem,
1675 1561 1794 1588 etiamsi
1815 1569 1867 1595 μυ·

240 1617 274 1644 Et
290 1616 400 1644 Simon:
414 1614 474 1650 Ipse
494 1613 569 1641 misit
581 1615 734 1640 creatorem
755 1610 858 1643 Deum,
875 1614 904 1637 ut
924 1609 1028 1637 conde--

240 1667 283 1691 ret
304 1662 436 1689 mundum
446 1681 452 1692 .
470 1659 517 1687 sed
531 1660 586 1692 ille,
603 1657 705 1685 mundo
716 1657 838 1688 condito,
852 1657 1030 1692 semetipsum

240 1707 429 1745 pronuntiavit
444 1706 540 1733 Deum.
561 1704 595 1732 Et
610 1703 709 1731 Petrus
726 1713 732 1730 :
751 1703 822 1738 Ergo
840 1710 896 1729 non
918 1703 1029 1738 ignora-

239 1760 285 1783 tur
299 1754 334 1781 ab
344 1761 377 1781 eo
392 1753 438 1788 qui
455 1751 578 1779 condidit
589 1750 722 1777 mundum
736 1769 743 1781 ,
765 1754 794 1776 ut
810 1747 937 1783 superius
952 1748 1031 1775 dixe-

238 1808 297 1833 ras,
313 1800 361 1827 sed
377 1806 465 1833 neque
487 1797 586 1824 anima).
601 1797 730 1831 ignorant
745 1803 806 1822 eum
819 1816 826 1828 ,
844 1794 978 1829 siquidem
995 1793 1030 1820 ab

238 1849 299 1884 ipso
314 1847 439 1874 abducta:
455 1848 529 1872 sunt.
545 1843 596 1871 Cui
610 1841 741 1876 ergojam
758 1841 810 1867 erit
826 1839 993 1875 incognitus,
1005 1840 1028 1866 si

239 1898 267 1922 et
282 1892 378 1920 mundi
389 1891 504 1919 Creator
519 1889 593 1916 novit
608 1896 680 1919 eum,
692 1891 721 1914 ut
733 1887 768 1914 ab
784 1886 841 1921 ipso
855 1886 969 1916 missus,
985 1892 1029 1913 se-

238 1939 359 1968 cundum
375 1945 406 1966 ea
421 1945 481 1972 qua:
497 1941 526 1963 tu
541 1935 621 1966 dicis,
635 1940 662 1961 et
679 1941 775 1961 omnes
790 1932 887 1959 animae
897 1935 1028 1966 tanquam

238 1986 274 2013 ab
284 1986 345 2020 ipso
361 1984 413 2011 huc
430 1983 562 2011 violenter
573 1979 738 2008 abstracta)?
750 1978 821 2005 Tum
835 1977 934 2004 deinde
949 1977 1028 2004 dicas

238 2033 331 2063 velim,
346 2031 392 2066 qui
409 2030 535 2057 mittebat
550 2027 718 2055 conditorem
732 2023 839 2056 mundi,
853 2031 906 2050 non
923 2023 1028 2050 sciebat

237 2087 300 2107 eum
313 2077 359 2113 qui
376 2076 545 2106 mittebatur,
563 2073 642 2100 fidem
658 2080 711 2099 non
735 2069 926 2098 servaturum?
940 2069 964 2096 si
979 2076 1028 2096 ne-

237 2125 342 2154 sciebat
358 2122 490 2159 praescius
512 2128 565 2147 non
578 2123 653 2152 erat,
670 2118 693 2145 si
707 2124 772 2144 vero
787 2116 907 2152 prtesciit
921 2119 948 2143 et
964 2122 1027 2149 pas-

237 2179 285 2199 sus
299 2174 352 2201 est,
369 2169 433 2196 facti
457 2167 539 2202 hujus
564 2167 622 2201 ipse
635 2172 699 2192 reus
717 2167 770 2194 est,
781 2163 828 2198 qui
850 2169 905 2189 non
921 2161 1025 2194 vetuit;

236 2217 309 2253 quod
335 2216 357 2243 si
387 2223 442 2242 non
460 2213 567 2249 potuit,
580 2211 755 2246 omnipotens
773 2217 829 2236 non
844 2212 896 2236 est.
911 2207 940 2235 Si
959 2215 1025 2235 vero

236 2264 314 2300 quasi
330 2264 432 2291 bonum
444 2261 470 2288 id
487 2261 578 2288 sciens
592 2267 647 2286 non
663 2256 813 2292 prohibuit,
831 2255 970 2282 invenitur
980 2254 1025 2282 ille

236 2319 299 2339 essc
315 2310 413 2338 melior
421 2309 467 2344 qui
480 2306 656 2342 pra-sumpsit
670 2305 760 2331 facere
776 2302 815 2335 id,
830 2301 904 2337 quod
921 2301 967 2328 ille
978 2301 1025 2335 qui

234 2357 360 2386 mitti-bat
377 2355 514 2391 ignoravit
530 2354 644 2380 bonum.

270 2402 361 2431 LVIII.
378 2402 411 2429 Et
427 2401 542 2428 Simon:
561 2397 701 2428 Volentes,
715 2394 822 2430 inquit,
838 2393 871 2420 ad
887 2400 916 2420 se
931 2392 1025 2419 venire

233 2450 349 2486 suscipit
367 2453 394 2477 et
408 2448 475 2484 ipsis
488 2445 634 2476 benelacit.
648 2443 680 2470 Et
696 2442 794 2469 Petrus
809 2451 815 2468 :
834 2439 889 2467 Nec
909 2439 963 2466 hoc
979 2445 1028 2466 no-

232 2504 296 2525 vum
311 2485 363 2526 est.
375 2495 427 2522 hoc
441 2494 515 2522 enim
526 2492 592 2519 facit
605 2494 632 2518 et
649 2490 693 2517 hic
709 2496 788 2523 quem
804 2485 900 2513 mundi
913 2488 1022 2512 creato-

231 2551 289 2572 rem
304 2542 409 2570 fateriS.
428 2541 461 2568 Et
475 2540 570 2567 Simon
587 2547 593 2564 :
608 2536 661 2564 Sed
680 2536 769 2563 bonus
788 2533 861 2560 Deus
877 2535 982 2558 tantum
998 2530 1022 2558 si

231 2593 397 2625 agnoscatur
413 2587 529 2615 salutem
545 2581 733 2620 prmstat(77),
747 2579 842 2608 mundi
852 2582 943 2605 autem
954 2584 1022 2604 con-

267 2659 288 2674 "
309 2658 360 2684 Aut
374 2656 581 2690 εἰ-νειὶηᾳιιενε
596 2653 682 2690 potuit
693 2659 748 2679 non
761 2651 889 2687 leguntur
900 2650 928 2677 in
940 2648 1002 2676 cod.
1018 2648 1091 2683 Lips.
1133 2648 1155 2663 ⁷⁰

1084 2669 1091 2675 .
1133 2648 1155 2663 ⁷⁰
1163 2646 1231 2674 Luc.
1249 2653 1287 2676 x1,
1299 2645 1345 2672 22.
1383 2643 1404 2659 7‘
1416 2641 1590 2669 Detrazisset.
1605 2640 1706 2668 Videris
1718 2639 1850 2671 mitigat.

229 2693 344 2728 Reliqua
358 2693 459 2720 desunt
473 2689 579 2718 iu'cod.
595 2689 672 2724 Lips.

881 2741 1067 2770 COTELERII
1086 2739 1201 2768 ΝΟΤΔΕ.

1070 2808 1136 2835 lium
1151 2817 1156 2834 :
1170 2806 1279 2835 Creator
1291 2805 1382 2832 mundi
1391 2812 1502 2839 corpora
1511 2804 1637 2835 condidit,
1651 2805 1679 2830 in
1689 2804 1789 2839 quibus
1799 2803 1848 2829 σέ-

1070 2851 1128 2870 mas
1145 2850 1204 2878 qua:
1220 2847 1287 2878 sunt
1300 2841 1346 2878 Dei
1363 2841 1453 2876 magni
1473 2841 1597 2878 violenter
1612 2839 1716 2865 inclusit
1734 2847 1745 2865 :
1759 2845 1786 2866 et

1071 2874 1167 2904 animis
1184 2886 1235 2904 non
1253 2877 1287 2903 ad
1306 2874 1435 2907 alienum,
1457 2875 1502 2903 sed
1526 2875 1560 2901 ad
1579 2879 1678 2908 patrem
1695 2881 1778 2901 sunt
1790 2874 1841 2901 dm

447 2820 514 2848 Deus
538 2823 643 2845 tantum
668 2816 692 2843 si
712 2817 884 2849 agnoscatur,
904 2810 1018 2849 salutem

469 2846 550 2884 ducat
570 2853 676 2883 Simon,
694 2846 766 2885 apud
787 2848 918 2875 lrenauuu
934 2846 980 2872 lib.
999 2853 1017 2876 ι,

502 2923 620 2953 Additur
634 2922 662 2950 iu
677 2920 771 2950 codice
783 2917 921 2946 Cariuclit.
939 2915 1019 2943 scho-

1049 901 1068 927 li

1083 278 1111 301 et
1122 274 1262 303 adulteros
1284 278 1313 302 et
1338 275 1492 303 homicidas
1516 275 1618 307 salvat,
1645 274 1669 302 si
1695 274 1870 308 cognoverint

1083 328 1157 353 eum,
1174 321 1262 349 bonos
1276 328 1367 349 autem
1383 325 1410 349 et
1425 322 1534 350 sobrios
1551 321 1595 349 vel
1618 319 1830 349 misericordes.
1849 320 1870 346 si

1084 367 1188 394 nullum
1205 367 1240 394 de
1253 374 1286 394 eo
1297 367 1428 394 indicium
1438 368 1577 402 capientes
1591 365 1786 401 ignoraverint
1797 373 1868 396 eum,

1083 420 1138 440 non
1159 413 1255 440 salvat.
1280 412 1407 448 Magnum
1423 417 1450 441 et
1470 414 1573 441 bonum
1594 412 1745 447 pradicas,
1760 411 1808 446 qui
1822 419 1871 437 non

1084 462 1138 485 tam
1153 459 1242 486 malos
1254 459 1351 490 salvet,
1373 467 1455 494 quam
1470 459 1519 494 qui
1536 459 1617 486 bonis
1641 457 1752 484 nullam
1772 457 1872 483 miseri-

1082 503 1205 531 cordiam
1225 508 1345 539 praestet.
1370 504 1403 531 Et
1426 504 1521 532 Simon
1543 513 1550 531 :
1569 504 1686 539 Magnus
1706 511 1778 531 sane
1803 504 1872 530 labor

1082 553 1126 576 est
1140 557 1289 585 agnoscere
1308 558 1370 578 eum
1390 551 1493 578 homini
1511 551 1539 578 in
1555 558 1639 578 carne
1659 550 1766 585 posito.
1785 549 1873 577 Omni—

1083 595 1134 622 bus
1149 596 1221 623 enim
1235 596 1355 623 tenebris
1370 596 1480 628 telrius,
1496 600 1523 624 et
1540 597 1614 623 omni
1629 596 1690 623 luto
1704 596 1824 630 gravius
1840 599 1872 621 at

1083 649 1184 676 corpus
1207 641 1269 672 hoc.
1292 649 1347 677 quo
1370 642 1559 669 circumdatur
1573 642 1677 669 anima.
1702 641 1738 668 Et
1757 640 1870 668 Petrus:

1083 687 1153 723 Ergo
1165 688 1255 716 bonus
1271 689 1325 716 iste‘
1345 688 1417 717 Deus
1432 696 1492 724 quae
1513 688 1634 715 dilIicilia
1653 691 1742 720 sunt,
1770 688 1871 721 quati-it.

1082 734 1135 767 Qui
1151 738 1242 762 autem
1258 742 1322 762 vere
1338 734 1411 762 Deus
1429 738 1489 766 est,
1505 734 1631 761 faciliora
1645 733 1766 768 expetit.
1781 732 1871 759 Dimit-

1082 783 1122 807 tat
1137 781 1229 815 itaque
1244 788 1294 808 nos
1308 781 1388 816 quasi
1403 781 1492 808 bonus
1503 779 1575 815 apud
1590 779 1704 806 Patrem
1718 783 1748 806 et
1765 778 1871 807 Creato-

1082 833 1140 853 rem
1155 830 1292 858 nostrum,
1306 830 1334 854 et
1347 826 1457 861 quando
1472 824 1688 853 discesserimus
1711 832 1729 851 e
1744 832 1870 859 corpore,

1082 875 1109 899 et
1123 873 1191 899 istas
1204 879 1274 907 quas
1292 871 1362 900 dicis
1373 871 1502 900 tenebras
1513 870 1723 906 reliquerimus,
1739 875 1808 897 tunc
1818 878 1871 897 eum

1083 918 1192 945 facilius
1204 925 1397 953 aguoscemus,
1411 920 1439 944 et
1455 920 1521 944 tunc
1538 917 1626 951 magis
1641 917 1740 942 anima
1750 916 1870 943 condito-

1082 972 1139 992 rem
1155 972 1235 992 suum
1251 972 1312 992 esse
1321 963 1454 998 intelliget
1465 963 1562 994 Deum,
1578 966 1606 989 et
1616 963 1692 996 apud
1709 962 1804 997 ipsum
1819 970 1873 997 per-

1083 1010 1220 1042 manebit,
1237 1018 1287 1038 nec
1304 1011 1375 1036 ultra
1395 1009 1513 1037 diversis
1533 1008 1759 1043 cogitationibus
1783 1007 1870 1042 fatiga-

1082 1056 1165 1087 bitur,
1178 1063 1266 1090 neque
1280 1056 1351 1083 volet
1365 1055 1398 1082 ad
1413 1056 1494 1082 aliam
1503 1054 1652 1089 confugere
1661 1054 1813 1085 virtutem,
1823 1061 1871 1088 quae

1083 1102 1150 1128 nulli
1165 1102 1273 1137 cognita
1289 1105 1331 1129 est
1345 1102 1397 1129 nisi
1415 1101 1521 1128 Simoni
1534 1100 1604 1133 soli;
1616 1108 1682 1135 quae
1700 1103 1791 1126 tanta:
1804 1099 1869 1126 boni-

1082 1148 1147 1176 tatis
1162 1151 1214 1179 est,
1233 1152 1263 1174 ut
1277 1147 1330 1175 nisi
1346 1147 1408 1182 quis
1427 1147 1505 1182 prius
1518 1147 1619 1182 impius
1635 1146 1785 1173 exstiterit
1800 1146 1826 1173 in
1835 1154 1870 1181 pa-

1082 1197 1188 1221 rentem
1203 1201 1284 1221 suum
1296 1213 1304 1225 ,
1333 1193 1367 1220 ad
1380 1193 1466 1228 ipsam
1479 1193 1574 1220 venire
1588 1200 1643 1219 non
1658 1192 1768 1227 possit.
1784 1191 1869 1219 Nescio

1081 1238 1220 1274 quomodo
1233 1239 1291 1266 haec
1305 1239 1394 1266 virtus
1409 1238 1451 1266 vel
1472 1238 1544 1266 bona
1563 1238 1606 1265 vel
1619 1238 1700 1273 justa
1715 1238 1869 1272 appellanda

1082 1286 1129 1317 sit,
1147 1285 1192 1312 cui
1207 1285 1315 1320 placere
1330 1292 1385 1312 non
1400 1288 1509 1320 potest,
1524 1283 1578 1312 nisi
1592 1283 1658 1319 quis
1671 1283 1763 1318 impie
1780 1291 1810 1311 se
1823 1290 1868 1318 sc:-

1082 1331 1149 1358 serit
1164 1331 1192 1358 in
1207 1339 1270 1358 eum
1280 1338 1296 1358 a
1310 1338 1365 1366 quo
1381 1330 1470 1358 factus
1484 1334 1537 1358 est.

1117 1376 1186 1405 LIX.
1200 1377 1233 1405 Et
1249 1377 1345 1405 Simon
1362 1387 1368 1405 :
1388 1377 1447 1405 Non
1460 1381 1503 1405 est
1520 1377 1649 1412 impium,
1664 1376 1803 1403 utilitatis
1820 1383 1869 1410 gra-
1888 1390 1889 1412 ξ

1082 1426 1119 1453 tia
1136 1431 1163 1453 et
1179 1425 1248 1453 lucri
1263 1424 1376 1459 majoris
1388 1424 1535 1459 confugere
1550 1423 1584 1451 ad
1595 1431 1659 1451 eum
1671 1443 1681 1455 ,
1697 1423 1748 1458 qui
1764 1423 1866 1458 opulen-

1082 1472 1161 1499 tioris
1172 1475 1215 1499 est
1226 1471 1329 1506 gloriae.
1343 1470 1375 1496 Et
1393 1469 1492 1497 Petrus
1508 1479 1514 1496 2
1536 1468 1576 1502 Si,
1591 1472 1622 1496 ut
1637 1473 1668 1496 tu
1685 1468 1729 1496 ais
1742 1489 1751 1500 ,
1770 1476 1824 1495 non
1837 1472 1869 1494 est

1083 1518 1196 1553 impium
1216 1516 1364 1552 confugere
1384 1516 1418 1543 ad
1438 1516 1575 1547 alienum,
1592 1515 1682 1542 multo
1699 1516 1793 1551 magis
1807 1515 1867 1550 pium
1888 1515 1889 1559 Ε

1080 1618 1128 1645 per
1144 1610 1189 1637 sit.
1203 1609 1256 1636 Aut
1271 1608 1294 1636 si
1305 1609 1327 1624 ”
1343 1616 1397 1635 non
1413 1612 1493 1642 putas
1507 1614 1569 1634 esse
1580 1606 1711 1641 impium,
1732 1611 1766 1633 ut
1786 1607 1869 1633 reb-lu

1080 1660 1155 1691 patre
1167 1660 1261 1683 nostro
1272 1654 1463 1690 confugiamus
1478 1653 1511 1680 ad
1524 1653 1607 1680 alium
1623 1653 1708 1687 quasi
1724 1653 1867 1681 meliorem.

1080 1710 1168 1737 neque
1183 1701 1317 1736 indignari
1330 1700 1420 1727 credis
1436 1707 1486 1735 pro
1497 1699 1550 1726 hoc
1565 1702 1724 1726 creatorem
1739 1703 1868 1727 nostrum.

1080 1748 1165 1774 multo
1180 1747 1267 1781 magis
1292 1747 1382 1773 bonus
1409 1745 1480 1773 Deus
1499 1753 1555 1772 non
1570 1744 1787 1778 indignabitur,
1806 1743 1867 1779 quod

1079 1801 1140 1820 cum
1156 1800 1280 1821 essemus
1294 1793 1329 1820 ab
1342 1799 1375 1820 eo
1389 1791 1480 1822 alieni,
1490 1799 1545 1817 non
1557 1790 1741 1825 confugimus
1751 1791 1787 1818 ad
1799 1796 1864 1817 eum.

1079 1841 1126 1868 sed
1141 1839 1341 1875 permansimus
1354 1838 1425 1873 apud
1445 1837 1602 1865 Creatorem
1619 1841 1772 1869 nostrum;
1791 1840 1817 1863 et
1827 1844 1867 1869 ps-

1079 1890 1107 1914 to
1121 1886 1192 1921 quod
1206 1893 1239 1913 ex
1253 1886 1305 1912 hoc
1320 1884 1407 1920 magis
1422 1883 1591 1910 collaudabit
1604 1890 1655 1910 nos
1669 1902 1677 1913 ,
1701 1883 1770 1917 quia
1796 1881 1866 1908 ﬁdes:

1079 1939 1223 1959 servamus
1235 1931 1358 1959 Creatori
1376 1933 1471 1957 nostro
1486 1929 1551 1959 Deo,
1565 1928 1754 1956 considerans
1767 1930 1831 1964 quia
1846 1928 1862 1953 si

1079 1978 1121 2005 sui
1143 1977 1229 2012 ipsius
1248 1976 1406 2008 fuissemus,
1423 1983 1563 2010 nunquam
1577 1975 1772 2010 relinquentes
1787 1975 1864 2009 ipsa

1079 2025 1173 2052 seduci
1194 2023 1331 2051 illecebris
1347 2022 1532 2057 potuissemus
1551 2021 1661 2048 alienis.
1679 2020 1751 2047 Nam
1766 2020 1791 2047 si
1811 2027 1861 2054 qus

1078 2070 1297 2105 opulentioribus
1306 2069 1413 2096 illectus
1429 2067 1689 2103 pollicitationibus,
1700 2067 1800 2095 relicto
1810 2074 1862 2100 prr-

1077 2117 1137 2151 prio
1153 2119 1266 2151 parente
1288 2114 1426 2149 confugiat
1440 2113 1474 2140 ad
1491 2113 1610 2140 alienum
1622 2132 1630 2144 ,
1644 2117 1741 2147 potest
1754 2112 1822 2143 ﬁeri,
1839 2116 1859 2136 ει

1081 2163 1179 2190 iterum
1194 2162 1290 2189 relicto
1301 2169 1334 2189 eo
1344 2182 1352 2195 ,
1370 2161 1403 2188 ad
1416 2159 1498 2187 alium
1515 2163 1609 2194 pergat
1621 2159 1670 2194 qui
1684 2159 1791 2194 majora
1807 2166 1858 2193 pm-

1078 2210 1193 2243 miserit,
1217 2216 1250 2236 eo
1276 2208 1362 2243 magis
1384 2206 1459 2242 quod
1476 2206 1563 2241 ipsius
1581 2205 1717 2240 proprius
1738 2213 1795 2231 non
1811 2207 1860 2229 ent

1078 2256 1160 2287 ﬁlius,
1176 2255 1275 2290 quippe
1296 2254 1344 2289 qui
1364 2254 1447 2281 etiam
1459 2259 1532 2284 eum,
1549 2251 1596 2286 qui
1618 2251 1644 2278 ei
1670 2256 1771 2278 natura
1795 2254 1857 2285 pum

1075 2306 1148 2332 erat,
1165 2301 1319 2336 relinquere
1345 2299 1442 2334 potuit.
1470 2297 1501 2324 Et
1534 2296 1629 2323 Simon
1648 2296 1708 2332 (78)
1727 2296 1819 2329 :Quid
1839 2295 1857 2320 si

1077 2348 1111 2375 ab
1126 2347 1171 2374 illo
1186 2351 1249 2373 sunt
1262 2346 1376 2377 animae,
1392 2348 1419 2372 et
1431 2344 1558 2379 ignorant
1566 2350 1641 2373 eum,
1656 2346 1687 2369 et
1698 2342 1742 2370 ille
1753 2346 1857 2369 esum:

1077 2399 1153 2430 pater
1170 2392 1311 2429 ipsarum?

1113 2439 1167 2467 LX.
1186 2438 1219 2465 Et
1238 2438 1335 2465 Petrus
1350 2447 1356 2464 :
1373 2436 1456 2467 Satis,
1474 2434 1581 2469 inquit,
1598 2433 1726 2461 ostendis
1741 2440 1806 2460 eum
1823 2432 1856 2456 in—

1077 2485 1207 2513 validum.
1223 2484 1291 2511 Nam
1308 2483 1331 2511 si
1347 2481 1501 2517 potentior,
1525 2484 1553 2506 ut
1576 2479 1635 2510 ais,
1658 2478 1791 2506 omnibus
1804 2482 1854 2504 est.

1077 2538 1217 2566 nunquam
1236 2528 1381 2564 potentiori
1405 2526 1549 2554 invalidior
1569 2525 1658 2559 spolia
1676 2525 1699 2540 "
1711 2523 1854 2551 denaria»:

1077 2577 1230 2605 credendus
1245 2581 1285 2603 est
1297 2575 1331 2608 τ’,
1350 2577 1396 2600 aut
1412 2573 1434 2601 si
1452 2571 1539 2607 potuit
1552 2571 1578 2598 vi
1594 2571 1630 2597 ab
1644 2578 1678 2597 eo
1693 2569 1802 2597 animas
1815 2568 1852 2594 de

1074 2914 1207 2946 redierint,
1225 2912 1258 2939 ad
1275 2913 1352 2939 istum
1373 2911 1455 2938 redire
1472 2919 1522 2938 non
1538 2914 1653 2944 possunt.
