1892 3105
41 172 98 201 ηπ

624 170 906 200 RECOGNITIONUM
924 171 988 200 LIB.
1010 171 1042 200 Il.

1561 173 1632 202 H78

38 231 122 258 ducere
136 229 163 256 in
184 227 256 255 hunc
279 227 412 256 mundum
429 231 537 256 creator
553 227 642 260 Deus,
660 228 796 264 quomodo
810 231 833 259 Α
848 228 914 255 mihi
931 228 1060 260 videbar,
1080 233 1106 257 et
1120 228 1273 264 cogitabam
1288 228 1322 256 de
1343 237 1374 257 ea
1390 237 1451 264 quae
1473 230 1631 258 conveniret

36 284 73 304 eas
87 282 191 310 corpore
205 274 319 302 emissas
329 278 357 302 et
373 273 541 309 captivitatis
554 275 672 302 vinculis
691 275 797 303 resolu-

36 326 77 353 tas,
88 321 167 348 bonus
181 320 253 348 Deus
266 320 372 348 vocabit
388 320 422 348 ad
439 328 558 356 poenam,
572 328 633 356 qua!
646 328 695 356 per
710 321 796 356 ipsius

35 368 67 394 vel
80 366 202 394 desidiam
224 367 266 394 vel
288 365 489 399 infirmitatem,
517 367 639 394 abstrahi
661 366 696 394 ad
723 367 796 394 hunc

35 413 107 440 locum
121 417 146 440 et
160 412 259 439 involvi
276 419 390 447 corpore
406 412 485 447 quasi
501 412 624 440 tenebris
636 413 796 448 ignorantia:

34 458 178 492 potuerunt?
191 457 297 485 Videris
309 458 376 485 mihi
394 458 520 493 ignorare
536 458 602 493 quid
621 459 656 486 sit
668 458 747 486 Pater
768 463 795 487 et

34 503 100 536 Deus,
112 512 202 531 verum
217 508 244 531 et
260 504 356 531 animze
372 505 443 531 unde
451 504 506 532 sint
517 504 558 531 vel
572 504 681 539 quando
689 509 716 532 et
727 513 795 540 quo-

33 550 99 577 modo
116 550 207 583 factae,
227 557 334 584 possem
372 550 478 582 dicere,
494 549 541 578 sed
566 550 624 578 haec
646 558 721 578 nunc
745 552 793 578 tibi

33 596 119 630 aperire
129 595 168 623 fas
177 603 230 623 non
241 599 295 628 est,
312 595 340 623 in
356 599 432 622 tanto
441 603 535 624 errore
550 597 639 631 posito
655 597 688 624 de
704 597 794 625 scien-

33 642 60 668 tia
72 641 121 669 Dei.
136 641 202 668 Tum
220 641 314 669 Simon
325 651 331 669 :
343 641 410 674 Erit,
428 642 527 677 inquit,
545 646 656 678 tempus
668 651 722 678 quo
735 651 793 678 pa:-

33 687 112 714 nitebit
134 692 175 719 te,
192 688 265 722 quod
280 688 417 716 dicentem
431 696 475 716 me
496 688 530 716 de
546 688 675 716 ineﬂ'abili
691 690 792 718 virtute

33 741 74 759 non
86 733 255 761 intellexeris.
270 733 303 760 Et
315 733 430 761 Petrus:
445 733 482 761 Da
494 742 560 770 ergo
575 735 664 768 nobis,
681 740 709 762 ut
720 744 793 771 saepe

32 778 73 813 iam
89 778 150 811 dixi,
175 783 306 814 tanquam
337 787 425 808 novus
455 780 526 808 Deus
555 784 602 808 aut
617 782 664 816 qui
691 782 725 809 ab
746 783 792 810 illo

32 824 183 853 descenderis
209 833 321 853 sensum
349 826 466 861 aliquem
495 834 616 859 novum,
641 835 688 862 per
711 835 791 863 quem

32 877 112 896 novum
126 879 205 906 quem
221 871 291 898 dicis
307 870 391 899 Deum
407 872 544 906 possimus
564 880 728 908 agnoscere;
746 874 790 902 isti

32 915 87 942 enim
104 916 220 951 quinque
247 924 355 949 sensus,
387 925 456 952 quos
480 918 559 946 nobis
582 919 658 946 dedit
681 923 790 947 creator

32 961 95 995 Deus,
103 962 222 990 Creatori
239 971 290 990 suo
306 963 386 990 fidem
400 968 520 996 servant,
539 972 588 992 nec
600 965 683 992 alium
695 973 791 1000 quem-

31 1015 94 1042 quam
107 1016 164 1036 esse
179 1009 302 1036 sentiunt
328 1009 423 1042 Deum,
442 1010 492 1037 hoc
519 1011 559 1038 eis
575 1011 633 1046 ipsa
661 1012 702 1039 sui
718 1020 789 1047 pra:-

31 1057 101 1080 ilante
114 1059 220 1083 natura.
578 1064 582 1072 '

55 1110 113 1139 LXI.
137 1111 176 1139 Ad
202 1112 260 1140 hazc
285 1111 397 1140 Simon:
416 1112 531 1145 Adhibe,
550 1113 648 1148 inquit,
667 1114 788 1142 animum

31 1156 54 1182 id
68 1166 95 1184 ea
110 1166 167 1193 qua:
190 1158 315 1186 dicturus
331 1166 402 1190 sum.
421 1163 448 1186 et
467 1159 550 1187 facito
562 1167 624 1187 eum
643 1160 789 1188 invisibili-

31 1209 67 1230 uus
81 1204 177 1231 semitis
199 1204 371 1234 incedentem
381 1224 387 1235 .
404 1205 545 1240 pervenire
563 1205 598 1232 ad
614 1214 645 1233 ea
662 1214 723 1241 qua:
739 1207 788 1235 tibi

31 1248 240 1278 lemonstravero.
263 1250 394 1278 Ausculta
410 1259 475 1287 ergo
493 1259 566 1278 nunc
584 1261 590 1278 :
613 1259 789 1286 nunquamne

30 1294 48 1320 in
61 1295 214 1330 cogitatione
242 1297 348 1332 positus
363 1295 510 1324 extendisti
530 1301 648 1324 mentem
667 1302 740 1324 tuam
760 1298 788 1325 in

30 1341 132 1375 regiones
144 1343 184 1370 vel
201 1343 308 1370 insulas
322 1351 402 1378 porro
416 1344 531 1378 positas,
541 1347 568 1370 et
580 1343 616 1370 ita
632 1344 659 1370 in
668 1345 706 1371 eis
720 1344 789 1372 fixus

30 1387 102 1414 animo
116 1388 258 1421 mansisti,
276 1393 306 1416 ut
331 1396 365 1416 ne
388 1394 535 1423 praesentes
562 1389 671 1424 quidem
696 1389 788 1418 videre

30 1436 62 1458 tut
76 1434 241 1469 temetipsum
258 1434 330 1462 scire
355 1434 400 1462 ubi
425 1434 536 1462 sederes
549 1454 556 1466 ,
581 1441 636 1469 pra:
654 1435 788 1462 suavitate

30 1485 103 1506 :orum
125 1487 183 1515 quae
199 1480 372 1508 habebantur
388 1481 416 1507 in
432 1480 537 1513 oculis,
555 1481 670 1515 posses?
689 1481 720 1508 Et
735 1480 788 1508 Pe-

29 1531 71 1552 Lrus
85 1525 118 1552 ait
131 1535 137 1553 :
152 1525 250 1554 Verum
267 1530 319 1559 est,
336 1526 430 1554 Simon
441 1548 448 1559 ,
465 1528 517 1554 hoc
540 1526 606 1553 mihi
633 1527 788 1561 frequenter

847 273 881 300 de
893 273 1005 301 civitate
1018 281 1118 309 magna
1131 275 1256 309 cogitari,
1267 280 1374 310 portas,
1388 283 1493 307 muros,
1507 275 1629 309 lavacra,

846 318 950 354 plateas
960 339 968 350 ,
985 319 1147 355 angiportus
1158 340 1166 352 .
1181 320 1240 348 fora
1257 325 1283 348 et
1298 321 1396 347 horum
1411 322 1608 356 consequentia
1621 343 1630 356 ,

847 365 998 392 secundum
1011 373 1043 393 ea
1059 365 1165 393 scilicet
1175 374 1236 401 qua:
1249 367 1276 393 in
1288 367 1348 394 aliis
1362 367 1477 394 urbibus
1489 367 1609 395 videram
1620 388 1629 400 ,

845 414 871 437 et
888 411 915 437 in
939 415 1045 438 tantum
1066 412 1217 440 intentione
1239 413 1428 447 hujuscemodi
1451 414 1567 441 intuitus
1583 414 1631 441 de-

846 456 975 488 lectabar,
991 461 1021 484 ut
1035 465 1108 489 vere,
1126 458 1265 493 sicutipse
1279 458 1383 490 dixisti,
1401 466 1452 486 nec
1466 463 1630 493 praesentem

845 507 926 539 atque
948 507 1081 531 astantem
1106 504 1247 536 viderem,
1277 512 1328 532 nec
1345 505 1402 539 ipse
1425 505 1470 532 ubi
1488 505 1630 536 sederem,

845 557 965 577 nossem.
984 549 1017 576 Et
1036 549 1150 576 Simon:
1166 549 1257 581 Modo,
1275 550 1374 584 inquit,
1389 554 1462 577 recte
1477 550 1556 578 dicis.

879 594 971 622 LXIII.
989 595 1022 621 Et
1036 594 1133 622 Petrus
1148 604 1156 622 ί
1168 595 1289 630 Denique
1297 603 1359 622 eum
1369 596 1470 631 piscem
1480 597 1630 624 maximum

843 641 889 676 qui
907 641 987 668 hamo
1007 641 1164 674 inhaeserat,
1177 646 1268 669 mente
1283 646 1435 677 occupatus
1457 642 1558 669 habere
1576 643 1630 669 mi—

844 688 917 714 nime
931 687 1072 718 sentirem,
1087 691 1114 715 et
1139 688 1167 715 id
1183 688 1295 722 quidem
1309 696 1373 715 cum
1391 689 1464 715 hami
1480 689 1579 716 lineam
1595 689 1630 716 de

843 734 971 761 manibus
997 734 1066 761 meis
1083 734 1218 763 violenter
1243 735 1386 770 arriperet,
1405 738 1560 770 stupentem
1585 743 1630 762 me

843 779 938 808 videns
953 779 1038 807 frater
1052 787 1130 807 meus
1142 780 1266 808 Andreas
1276 780 1322 815 qui
1339 788 1445 807 mecum
1459 780 1584 813 sedebat,
1596 788 1629 808 ac

843 833 911 860 pene
926 833 1065 857 casurum,
1081 826 1152 853 latus
1171 826 1277 854 fodiens
1294 826 1388 853 cubito
1403 827 1476 854 velut
1493 826 1629 854 dormien-

843 874 896 898 tem
909 872 1009 899 excitat
1023 871 1135 900 dicens:
1147 871 1205 898 Non
1216 871 1490 907 vides,Pctre,quam
1498 879 1628 907 magnum

842 917 944 952 piscem
955 917 1072 951 ceperis?
1087 918 1276 952 nunquidnam
1293 922 1384 944 tuente
1403 917 1538 949 excidisti,
1553 917 1627 952 quod

841 970 881 990 src
891 963 1024 991 attonitus
1039 964 1150 998 stupes?
1165 963 1230 998 quid
1247 967 1289 990 est
1303 963 1374 998 quod
1388 963 1510 998 pateris?
1523 963 1567 991 dic
1579 963 1625 991 min

841 1007 877 1034 hi.
894 1008 928 1035 At
938 1016 989 1044 ego
1004 1008 1161 1044 indignatus
1180 1009 1203 1036 ei
1222 1009 1374 1044 paululum,
1390 1009 1462 1044 quod
1475 1017 1517 1036 me
1533 1016 1548 1036 a
1564 1008 1627 1036 dul-

840 1055 936 1083 cedine
949 1063 1044 1083 eorum
1066 1063 1127 1090 quae
1144 1055 1269 1082 intuebar
1290 1055 1473 1086 abstraxerit,
1494 1054 1626 1090 respondi

839 1100 907 1127 nihil
927 1109 971 1128 me
991 1101 1055 1128 mali
1071 1101 1126 1136 pati
1139 1121 1146 1132 ,
1163 1101 1211 1128 sed
1227 1101 1320 1128 animo
1333 1100 1542 1128 desiderabilem
1555 1100 1626 1127 mihi

840 1146 940 1174 intueri
964 1146 1126 1178 Jerusalem,
1142 1147 1278 1182 simulque
1291 1145 1453 1178 Caesaream,
1471 1150 1498 1173 et
1512 1153 1627 1181 corpore

839 1192 947 1227 quidem
968 1200 1030 1220 cum
1054 1193 1114 1227 ipso
1132 1200 1214 1226 esse,
1241 1196 1332 1220 mente
1354 1200 1418 1220 vero
1435 1193 1499 1220 illuc
1515 1192 1625 1228 penitus

839 1238 952 1265 auferri.
969 1238 1003 1265 At
1017 1238 1062 1265 ille
1076 1239 1170 1265 nescio
1188 1238 1260 1265 unde
1275 1238 1436 1273 inspiratus,
1453 1237 1626 1266 reconditum

838 1289 865 1312 et
881 1288 1016 1312 secretum
1032 1284 1155 1312 veritatis
1171 1284 1283 1319 protulit
1304 1285 1426 1312 verbum.

873 1341 964 1369 LXIV.
986 1341 1094 1373 Desine,
1110 1341 1209 1376 inquit,
1222 1341 1316 1375 Petre;
1333 1342 1398 1376 quid
1411 1341 1534 1377 estquod
1547 1342 1627 1377 agis?

838 1387 866 1415 hi
883 1387 955 1415 enim
970 1388 1017 1422 qui
1039 1387 1162 1414 daemone
1186 1387 1319 1422 incipiunt
1340 1387 1438 1422 repleri
1455 1388 1498 1415 vel
1521 1388 1626 1416 moveri

838 1439 928 1462 mente
940 1454 947 1466 ,
971 1433 1159 1468 hujuscemodi
1177 1433 1253 1460 initia
1267 1433 1378 1465 habent,
1404 1441 1452 1469 per
1465 1433 1626 1468 phantasian

838 1481 927 1517 primo
946 1480 979 1507 ad
994 1480 1116 1515 jucunda
1132 1487 1246 1515 quasque
1267 1483 1295 1507 et
1319 1479 1489 1507 delectabilia
1505 1479 1625 1507 transfe-

839 1531 946 1560 runtur;
963 1526 1061 1554 deinde
1075 1525 1107 1552 ad
1120 1534 1152 1553 ea
1168 1533 1228 1560 quae
1238 1532 1293 1553 non
1308 1529 1383 1556 sunt,
1399 1525 1476 1553 vanis
1491 1529 1519 1552 et
1535 1525 1627 1553 inani-

29 1571 154 1599 iceidit.Et
170 1571 286 1600 Simon:
303 1572 341 1600 Ita
363 1576 391 1600 et
407 1581 481 1600 nunc
507 1581 618 1601 sensum
641 1578 718 1600 tuum
739 1570 822 1601 ex-C
839 1573 890 1601 bus
912 1573 1032 1600 motibus
1057 1572 1244 1600 etl'unduntur.
1271 1571 1329 1599 Hoc
1352 1576 1442 1599 autem
1468 1571 1567 1599 accidit
1590 1580 1624 1600 ex

29 1615 90 1643 tende
104 1617 128 1644 in
152 1619 262 1652 caelum,
286 1622 313 1646 et
333 1618 429 1646 iterum
454 1626 537 1654 super
551 1620 651 1647 crelum
661 1640 668 1651 ,
683 1624 710 1646 et
725 1620 787 1648 vide

29 1661 76 1694 quis
89 1662 163 1691 debet
184 1673 246 1692 esse
263 1665 362 1700 aliquis
377 1665 454 1692 locus
465 1665 511 1700 qui
526 1665 561 1692 sit
576 1666 646 1692 ultra
655 1665 786 1694 mundum

29 1710 56 1735 rel
62 1713 129 1735 extra
137 1710 278 1742 mundum,
289 1710 316 1737 in
325 1718 379 1745 quo
386 1719 474 1746 neque
481 1712 580 1738 εωΙιιηι
586 1712 631 1744 sit,
639 1720 726 1747 neque
733 1716 788 1740 ter-

29 1764 55 1787 'a,
63 1765 140 1792 neque
153 1757 248 1784 umbra
256 1756 351 1783 horum
360 1756 442 1784 etiam
460 1757 498 1784 ibi
512 1757 638 1785 tenebras
647 1761 784 1793 operetur,

29 1807 43 1828 τι
53 1803 199 1830 obltoccum
210 1811 300 1838 neque
309 1811 424 1838 corpora
438 1802 529 1838 aliqua
537 1803 564 1830 in
581 1811 613 1831 eo
623 1804 688 1836 sint,
698 1812 787 1840 neque

29 1856 49 1874 :x
70 1849 222 1884 corporibus
252 1849 380 1880 tenebrat,
395 1849 551 1876 necessario
566 1849 602 1877 sit
626 1850 716 1878 lumen
734 1851 787 1878 im-

29 1902 144 1929 nensum;
157 1899 184 1923 et
200 1896 293 1922 lumen
307 1895 452 1922 considera
468 1896 624 1929 cuiusmodi
639 1905 701 1925 esse
719 1905 785 1933 pos-

29 1940 58 1972 tit,
73 1942 112 1968 cui
128 1943 245 1969 tenebrae
261 1942 342 1969 nulla:
367 1942 526 1969 succedunt.
546 1942 615 1970 Nam
635 1943 658 1971 si
675 1944 786 1971 univer-

29 1995 71 2014 .um
81 1988 146 2015 hunc
160 1988 294 2016 mundum
306 1988 372 2015 solis
385 1988 467 2022 hujus
480 1989 565 2023 replet
580 1989 636 2021 lux,
653 1993 785 2024 quantum

29 2034 121 2062 ustimas
132 2042 192 2062 esse
207 2034 274 2061 illud
289 2033 481 2069 incorporeum
494 2034 586 2061 lumen
598 2039 624 2061 et
633 2035 786 2062 infinitum?

29 2084 109 2107 autum
131 2081 190 2108 sine
216 2080 310 2112 dubio,
333 2084 361 2107 ut
378 2080 451 2107 istud
466 2079 533 2108 solis
558 2080 649 2108 lumen
667 2081 701 2108 ad
716 2081 785 2109 illud

29 2127 120 2154 tenebrae
132 2131 158 2154 et
171 2135 228 2154 non
243 2127 288 2153 lux
303 2134 366 2154 esse
381 2126 517 2154 videatur.

48 2183 116 2212 LXII.
134 2184 196 2212 Ilazc
208 2191 272 2211 cum
281 2182 495 2215 diceretSimon,
509 2183 605 2211 Petrus
620 2183 762 2219 respondit
774 2194 781 2212 :

837 1619 967 1654 languore
981 1617 1101 1653 quodam
1119 1618 1230 1649 animat,
1246 1625 1300 1652 quo
1314 1625 1346 1644 ea
1359 1617 1470 1652 quidem
1484 1625 1544 1652 quae
1559 1622 1625 1646 sunt

836 1674 891 1693 non
903 1665 1006 1696 vident,
1022 1664 1178 1692 desiderant
1193 1672 1255 1691 vero
1267 1663 1401 1691 adducere
1413 1663 1446 1690 ad
1459 1669 1623 1699 conspectus

837 1719 902 1738 suos
917 1719 948 1738 ea
967 1718 1027 1745 qua:
1043 1718 1097 1737 non
1113 1714 1187 1737 sunt.
1205 1709 1258 1737 Sed
1273 1713 1300 1737 et
1315 1710 1370 1737 illis
1385 1711 1422 1736 ita
1438 1710 1555 1741 accidit,
1573 1711 1623 1745 qui

835 1756 981 1792 phrenesin
1000 1756 1141 1792 patiuntur
1163 1759 1190 1783 et
1215 1755 1342 1782 videntur
1364 1755 1416 1782 sibi
1437 1755 1536 1782 multas
1552 1756 1621 1782 ima-

835 1803 912 1839 gines
926 1802 1026 1833 videre,
1044 1810 1093 1836 pro
1106 1810 1139 1829 eo
1153 1801 1223 1836 quod
1238 1801 1376 1828 nimietate
1391 1801 1501 1836 frigoris
1517 1802 1558 1828 vcl
1574 1810 1622 1829 ca-

835 1849 902 1876 loris
917 1849 1008 1875 anima
1025 1848 1146 1883 ipsorum
1161 1848 1292 1875 convulsa
1312 1852 1338 1874 et
1357 1852 1447 1874 emota
1467 1847 1535 1874 locis
1549 1847 1619 1879 suis,

834 1902 954 1923 errorem
970 1895 1072 1929 patitur
1086 1893 1230 1921 ministerii
1252 1893 1394 1920 naturalis.
1413 1892 1467 1920 Sed
1480 1897 1508 1920 et
1530 1893 1556 1919 hi
1571 1892 1619 1928 qui

834 1941 960 1967 laborant
975 1940 1031 1971 siti,
1045 1947 1107 1966 cum
1121 1939 1148 1966 in
1165 1947 1288 1973 soporem
1304 1939 1427 1966 verterint
1439 1958 1447 1971 ,
1467 1937 1578 1965 ﬂumina
1591 1942 1620 1966 et

835 1985 924 2013 fontes
944 1986 1036 2013 videre
1058 1985 1109 2013 sibi
1126 1985 1253 2012 videntur
1267 1993 1300 2012 ac
1314 1985 1422 2018 bibere;
1453 1984 1504 2011 hoc
1527 1988 1618 2011 autem

835 2033 973 2067 patiuntur
985 2032 1111 2059 ariditate
1127 2031 1297 2066 intemperati
1311 2030 1436 2064 corporis
1451 2029 1618 2057 laborantes.

834 2078 947 2113 Propter
963 2077 1036 2113 quod
1059 2081 1163 2104 certum
1187 2081 1240 2109 est,
1263 2077 1322 2104 haec
1345 2076 1411 2104 vitio
1435 2077 1552 2112 quodam
1577 2077 1620 2104 vel

834 2125 932 2152 anima:
945 2124 988 2151 vel
1003 2123 1126 2159 corporis
1142 2123 1209 2150 ﬁeri,

870 2180 951 2208 LXV.
971 2181 1091 2216 Denique
1107 2186 1135 2208 ut
1150 2181 1267 2215 accrpias
1281 2181 1320 2208 rei
1333 2180 1412 2208 fidem
1426 2181 1459 2208 de
1468 2179 1618 2208 Jerusalem

29 2230 49 2256 )e
70 2236 178 2266 utroque
199 2239 264 2266 ergo
287 2231 421 2265 patientur
444 2231 568 2257 ausculta
581 2251 588 2262 ,
606 2231 632 2257 id
646 2235 688 2258 est
708 2234 735 2257 et
749 2230 783 2258 de
798 2243 820 2270 Ι)
835 2235 915 2263 quam
931 2235 1002 2262 saepe
1016 2227 1147 2260 videram,
1162 2226 1285 2254 dicebam
1305 2226 1382 2254 fratri
1398 2234 1469 2259 meo,
1484 2235 1544 2262 qua:
1559 2227 1619 2254 loca

31 2277 123 2312 templo
132 2277 295 2305 extendendi
310 2284 408 2304 sensus
418 2280 445 2303 et
460 2277 493 2304 de
505 2277 687 2303 immensitate
701 2277 780 2304 luris.

29 2322 71 2349 icio
84 2325 229 2359 meipsum,
247 2331 263 2350 ο
279 2323 388 2354 Simon,
406 2323 554 2357 aliquando
572 2323 598 2349 in
614 2323 782 2358 cogitatione

31 2370 118 2396 ositum
137 2370 293 2398 extendisse
320 2377 431 2397 sensum
446 2376 535 2396 meum
549 2369 578 2396 in
594 2369 718 2403 regiones
728 2388 736 2402 ,
753 2374 783 2396 ut

30 2415 58 2446 is,
69 2420 93 2441 et
111 2415 214 2443 insulas
238 2415 331 2450 procul
355 2415 458 2450 positas
476 2435 484 2446 ,
501 2422 602 2450 easque
616 2418 707 2442 mente
727 2422 782 2441 non

30 2461 92 2488 tinus
105 2470 184 2497 quam
205 2462 292 2489 oculis
316 2461 499 2496 perspexisse.
516 2460 585 2488 Cum
600 2468 690 2488 essem
710 2461 781 2495 apud

29 2508 188 2542 apharnaum
213 2508 241 2535 in
264 2512 378 2542 captura
394 2507 511 2542 pisciutn
527 2507 643 2542 positus,
661 2510 688 2534 et
703 2507 782 2534 sede-

29 2561 62 2580 em
75 2562 152 2590 supra
175 2562 288 2585 saxum,
305 2553 414 2580 hamum
429 2557 495 2580 sene
512 2553 641 2580 innexum
664 2556 691 2580 et
707 2552 782 2579 deci-

30 2599 106 2628 ieudis
121 2600 244 2635 piscibus
268 2603 391 2635 aptatum
419 2599 524 2626 habens
541 2597 569 2624 in
584 2606 666 2624 manu
677 2617 684 2630 ,
699 2597 736 2624 ita
751 2602 781 2624 ut

29 2650 144 2674 terentem
155 2646 181 2674 ei
192 2655 247 2674 non
260 2646 394 2673 senserim
411 2645 526 2679 piscem,
541 2643 606 2670 dum
622 2650 700 2670 mens
718 2650 779 2670 mea

29 2700 53 2717 ρι’
64 2692 264 2721 desiderabilem
280 2691 346 2719 mihi
372 2690 523 2718 Jerusalem
536 2690 656 2717 distenta
669 2697 780 2724 percur-

29 2742 84 2769 :ret,
95 2738 128 2766 ad
141 2747 223 2774 quam
244 2745 309 2766 sane
331 2737 500 2764 oblationum
525 2736 612 2771 gratia
633 2739 660 2762 et
678 2734 780 2762 oralio—

29 2792 68 2811 um
81 2785 192 2821 vigilans
206 2785 360 2820 frequenter
375 2783 563 2811 ascenderam.
573 2781 673 2809 Verum
687 2784 713 2807 et
724 2779 779 2807 Cae-

29 2837 107 2858 Iream
120 2832 190 2859 hanc
204 2831 297 2858 mirari
313 2831 348 2858 ab
359 2829 421 2857 aliis
436 2829 551 2856 audiens
561 2848 568 2860 ,
585 2831 610 2856 et
621 2827 779 2854 desiderare

29 2876 118 2905 ilcbanl
131 2897 140 2910 ,
154 2881 182 2906 ct
204 2885 262 2906 cam
281 2878 307 2905 in
323 2885 376 2913 qua
393 2875 515 2904 nondum
537 2874 641 2902 fueram
656 2894 664 2908 ,
684 2872 777 2902 vidcrc

835 2282 937 2310 quosve
951 2278 1100 2301 conventus
1117 2273 1193 2301 visus
1205 2272 1270 2299 mihi
1284 2271 1395 2300 fuissem
1407 2273 1508 2301 videre.
1527 2273 1578 2300 Sed
1592 2279 1619 2302 et

833 2321 867 2348 de
878 2321 1002 2348 Caesarea
1023 2327 1104 2355 quam
1120 2327 1258 2354 nunquam
1277 2318 1396 2346 videram
1409 2339 1417 2352 ,
1440 2320 1620 2348 nihilominus

833 2367 1049 2398 contendebam,
1067 2364 1139 2400 quod
1153 2368 1226 2392 esset
1249 2364 1321 2396 talis,
1349 2365 1456 2399 qualem
1481 2371 1570 2392 mente
1592 2371 1620 2393 et

832 2414 995 2449 cogitatione
1010 2419 1198 2447 conceperam.
1214 2410 1282 2438 Cum
1299 2416 1388 2438 autem
1402 2411 1536 2439 venissem
1553 2411 1618 2445 huc,

832 2460 900 2487 nihil
931 2458 1042 2486 omnino
1069 2457 1158 2484 simile
1184 2456 1334 2491 respiciens
1358 2464 1453 2484 eorum
1483 2465 1543 2492 quae
1570 2465 1618 2492 per

832 2505 990 2540 phantasias
1018 2503 1158 2535 videram,
1189 2502 1349 2537 reprehendi
1375 2502 1565 2538 metnetipsum
1590 2508 1618 2530 et

831 2550 922 2578 notavi
939 2549 1017 2576 valde
1027 2569 1033 2581 ,
1049 2549 1113 2584 quia
1127 2556 1160 2575 ex
1178 2548 1239 2576 aliis
1254 2556 1314 2583 quo:
1327 2548 1466 2579 videram,
1484 2552 1576 2582 portas
1590 2549 1616 2575 ei

830 2601 857 2624 et
872 2603 965 2623 muros
981 2595 1103 2630 aliasque
1123 2595 1212 2627 aedes,
1236 2602 1330 2621 revera
1354 2594 1559 2622 similitudinem
1582 2602 1616 2621 ex

830 2644 892 2670 aliis
915 2643 1026 2677 capiens
1051 2640 1189 2668 dederam.
1226 2640 1318 2675 Neque
1343 2641 1416 2667 enim
1444 2639 1505 2674 quis
1527 2643 1616 2674 potest

830 2696 928 2716 novum
945 2687 1056 2722 aliquid.
1073 2691 1100 2714 ct
1114 2687 1193 2721 cujus
1207 2686 1294 2713 forma
1307 2686 1381 2713 nulla
1397 2692 1516 2719 unquam
1529 2684 1614 2712 exsti-

830 2734 904 2765 terit,
921 2734 1050 2768 cogitare.
1074 2731 1140 2758 Nam
1160 2736 1187 2759 et
1205 2731 1228 2759 si
1252 2731 1316 2758 velit
1330 2730 1429 2764 aliquis
1442 2733 1536 2756 tauros
1551 2735 1613 2755 cum

829 2781 921 2816 quinis
932 2779 1068 2814 capitibus
1079 2786 1112 2806 ex
1127 2786 1176 2805 sua
1189 2777 1354 2812 cogitatione
1368 2775 1494 2808 formare,
1506 2782 1540 2801 ex
1553 2773 1614 2802 istis

829 2834 898 2862 quos
913 2825 979 2852 vidit
993 2833 1054 2852 cum
1068 2824 1184 2859 singulis
1198 2822 1344 2857 capitibus,
1361 2821 1422 2848 illos
1434 2820 1526 2856 quinis
1537 2819 1613 2855 capi-

829 2873 902 2901 tibus
918 2871 1004 2908 ﬁngit.
1025 2871 1057 2898 Et
1073 2875 1101 2898 tu
1122 2878 1187 2905 ergo
1210 2877 1293 2899 nunc,
1311 2869 1333 2896 si
1359 2875 1420 2896 velc
1445 2866 1549 2902 aliquid
1564 2865 1613 2894 tibi
