1892 3105
277 167 349 195 ιξτιδ

704 162 733 190 S.
753 161 948 190 LLEMENTIS
966 160 976 186 l
995 158 1078 187 ROM.
1098 157 1201 186 PONT.
1221 157 1344 185 OPERA.
1363 157 1477 185 DUBIA.
1795 159 1831 186 illa

274 226 375 254 videris
389 228 436 252 tua
452 224 615 260 cogitatione
634 223 788 258 perspicere
800 241 808 253 ,
829 226 855 249 et
872 228 956 256 supra
972 219 1058 247 eteius
1073 222 1096 249 Α
1111 219 1156 253 qui
1177 218 1212 245 ab
1227 225 1260 245 eo
1284 217 1350 244 facti
1366 221 1443 248 sunt,
1472 216 1544 243 sicut
1567 219 1595 243 et
1617 216 1660 243 lex
1681 215 1751 248 dicit,
1763 224 1832 251 quorum

275 273 385 304 intueri,
403 279 456 299 non
472 271 584 298 dubium
599 270 666 305 quin
680 277 713 296 ex
727 269 770 295 his
784 275 814 295 ea
832 267 989 294 consideres
1000 273 1061 301 quas

275 321 302 348 in
319 319 401 347 terris
415 318 521 353 positus
537 317 622 344 vides.
646 315 700 342 Aut
720 315 743 342 si
759 318 839 350 putas
854 313 960 340 facilem
976 312 1061 340 menti

274 371 329 394 tua
341 371 485 392 accessum
499 371 561 391 esse
581 370 664 397 super
687 361 782 392 crelos,
800 365 825 387 et
840 359 1015 387 considerare
1035 363 1061 385 te

274 421 355 450 posse
380 419 441 447 quae
462 410 518 437 illic
541 412 616 440 sunt,
642 411 724 442 atque
742 407 882 434 immensze
903 405 976 432 illius
991 404 1060 431 lucis

273 459 416 489 scientiam
435 464 533 492 capere
546 475 554 487 ,
578 457 644 490 puto
657 454 682 481 ei
702 452 749 488 qui
767 452 812 479 illa
830 454 919 487 potest
937 457 1061 484 compre-

275 506 413 536 hendere,
439 502 547 530 facilius
567 508 629 528 esse
652 503 682 526 ut
703 506 814 527 sensum
836 505 917 525 suum
933 496 979 531 qui
996 496 1061 522 illnc

273 553 349 581 novit
362 549 518 579 ascendere,
532 547 559 574 in
571 547 687 580 alicujus
699 548 823 572 nostrum
834 543 881 578 qui
894 542 1059 573 assistimus,

273 608 322 628 cor
333 603 359 626 et
368 600 463 633 pectus
475 594 580 630 injiciat
589 597 616 620 et
627 592 711 623 dicat,
722 597 792 626 quas
802 590 829 616 in
838 597 870 617 eo
881 587 1061 623 cogitationes

273 649 359 684 gerat.
377 644 406 671 Si
427 650 493 678 ergo
507 645 585 676 potes
600 638 717 673 alicujus
731 640 855 664 nostrum
868 655 875 668 ,
898 635 944 669 qui
970 639 1061 661 tamen

273 681 328 720 non
354 693 389 719 sit
409 697 474 724 erga
497 688 617 714 favorem
637 689 714 712 tuum
733 685 898 717 occupatus,
917 681 1061 708 enuntiare

274 738 453 774 cogitationes
468 733 570 764 eordis,
583 732 735 767 poterimus
745 729 794 756 tibi
811 728 928 755 fortasse
939 727 1060 758 credere,

273 772 347 820 quod
362 787 388 811 et
401 790 432 810 ea
449 788 510 816 qua:
526 785 609 813 super
623 777 707 804 cmlos
721 777 805 806 sunt,
824 774 896 802 scire
918 772 1041 808 potueris
1052 792 1060 804 ,

274 832 337 858 licet
352 830 397 856 illa
412 827 497 855 multo
512 826 567 853 sint
582 823 705 851 celsiora,

307 874 399 903 LXVI.
420 873 460 900 Ad
477 873 535 899 haec
548 870 641 898 Simon
659 879 664 896 :
684 867 737 901 Qui
755 874 831 899 vero,
844 865 943 901 inquit,
960 865 1061 892 multas

274 922 377 950 namias
401 919 527 950 texuisti,
550 916 613 943 audi
635 915 692 950 jam
717 921 799 941 nunc.
826 911 997 947 impossibile
1017 913 1061 938 est

273 976 354 996 omne
370 966 442 1002 quod
458 965 492 992 ad
514 963 705 998 cogitationem
732 958 851 986 hominis
870 958 986 989 venerit,
1005 963 1061 984 non

272 1014 353 1042 etiam
369 1021 397 1039 re
411 1011 470 1046 ipsa
482 1017 513 1037 ac
531 1008 647 1036 veritate
661 1005 829 1037 subsistere;
844 1011 905 1039 quae
922 1003 994 1030 enim
1006 1009 1060 1029 non

273 1058 437 1087 subsistunt,
446 1063 496 1083 nec
506 1053 624 1089 speciem
640 1051 752 1082 habent,
765 1057 828 1085 quae
838 1052 928 1076 autem
941 1047 1060 1082 speciem

274 1111 328 1131 non
341 1102 453 1132 habent,
469 1107 520 1127 nec
533 1097 692 1132 cogitationi
717 1098 834 1130 possunt
853 1100 1010 1121 occurrere.
1028 1091 1062 1118 Et

271 1151 370 1178 Petrus
387 1158 394 1176 :
411 1147 440 1174 Si
464 1153 555 1177 omne,
583 1144 688 1179 inquit.
714 1142 787 1178 quod
811 1141 845 1169 ad
868 1139 1061 1176 cogitationem

272 1194 366 1221 venire
391 1194 490 1227 potest,
513 1189 650 1221 subsistit,
677 1187 759 1214 istum
782 1194 863 1222 quem
887 1185 957 1212 dicis
983 1187 1061 1211 extra

273 1239 405 1266 mundum
422 1244 484 1264 esse
498 1233 691 1262 immensitatis
708 1233 809 1264 locum,
828 1232 851 1259 si
868 1238 930 1258 eum
948 1230 1010 1265 quis
1033 1229 1062 1256 in

273 1285 356 1312 corde
372 1291 422 1311 suo
438 1283 528 1309 lumen
543 1288 604 1308 esse
620 1279 732 1315 cogitet,
755 1278 826 1305 alius
840 1285 905 1305 vero
922 1276 1060 1308 tenebras,

272 1329 410 1365 quomodo
424 1327 524 1363 poterit
541 1333 612 1352 unus
626 1328 708 1360 atque
725 1323 796 1350 idem
814 1323 892 1350 locus
909 1321 1061 1349 secundum

272 1384 332 1407 eos,
349 1374 396 1410 qui
413 1374 522 1400 diversa
538 1371 572 1398 de
594 1378 628 1398 eo
648 1370 822 1405 cogitarunt,
839 1371 865 1395 et
888 1368 978 1394 lumen
1000 1374 1062 1394 esse

273 1427 300 1450 et
326 1419 460 1448 tenebrae?
488 1418 520 1445 Et
545 1417 640 1444 Simon
664 1425 671 1443 :
694 1414 796 1442 Omitte
825 1421 898 1441 nunc
926 1413 978 1440 ista
1001 1420 1062 1447 quae

273 1475 324 1502 ego
340 1465 408 1497 dixi,
425 1468 454 1491 tu
474 1463 539 1498 quid
554 1470 615 1490 esse
631 1465 709 1496 putes
725 1468 808 1495 super
822 1459 908 1486 crelos
923 1458 1028 1485 dicito?

309 1509 415 1539 LXVII.
442 1509 477 1536 Et
499 1507 597 1535 Petrus
618 1516 625 1534 :
649 1506 678 1533 Si
702 1506 736 1533 dc
754 1513 837 1537 vero,
861 1503 965 1539 inquit,
988 1503 1062 1531 fonte

273 1556 385 1585 luminis
396 1554 535 1585 crederes»
551 1559 659 1587 Possem
676 1554 703 1578 ιθ
726 1550 835 1582 docere»
852 1549 918 1584 quid
942 1553 969 1576 ει
992 1556 1062 1583 quo-
1075 1566 1096 1594 ο
1114 1555 1248 1587 volueris,
1266 1553 1359 1580 Simon
1375 1553 1411 1580 ait
1429 1563 1434 1579 :
1452 1552 1585 1585 Quoniam
1603 1552 1669 1579 hora
1681 1551 1734 1586 jam
1746 1550 1807 1577 multa
1815 1552 1841 1573 ei

273 1603 355 1630 modo
371 1605 443 1629 esset
467 1599 541 1636 quod
558 1600 721 1626 immensum
745 1600 797 1628 est,
813 1600 840 1623 et
863 1603 918 1622 non
945 1595 1062 1630 phanta-

274 1650 344 1677 siam
373 1655 483 1679 vanam,
508 1645 557 1674 sed
585 1647 798 1678 cousequentern
823 1647 848 1669 et
877 1641 1061 1669 necessariam

274 1695 409 1723 rationem
427 1692 568 1720 redderem
584 1689 717 1721 veritatis,
734 1696 783 1716 nec
805 1687 1003 1716 assertionibus
1018 1695 1064 1715 so-

275 1740 412 1776 phisticis,
430 1739 478 1766 sed
494 1738 561 1772 legis
578 1740 605 1764 et
618 1740 724 1762 natura;
739 1734 904 1761 testimoniis
919 1737 1020 1766 uterer,
1033 1736 1063 1761 ut

275 1789 361 1816 scires
382 1786 445 1820 quia
467 1783 659 1811 immensitatis
683 1782 762 1809 fidem
783 1781 920 1816 prazcipue
942 1780 1063 1807 continet

275 1835 329 1862 lex.
349 1831 427 1866 Quod
443 1831 466 1858 si
491 1829 682 1856 immensitatis
704 1827 774 1854 ratio
797 1834 852 1853 non
877 1827 941 1853 latet
964 1826 1061 1860 legem.

275 1879 343 1906 nihil
359 1876 480 1912 profecto
496 1874 568 1902 aliud
587 1882 646 1900 eam
665 1873 749 1900 latere
765 1876 866 1908 potest,
888 1875 916 1898 et
933 1871 993 1898 ideo
1012 1870 1058 1897 fal-

275 1931 336 1952 sum
354 1926 406 1954 est,
431 1921 504 1956 quod
529 1919 630 1955 putasti
648 1927 708 1946 esse
732 1917 834 1953 aliquid
859 1918 932 1952 quod
958 1918 1063 1952 ignoret

274 1970 328 1997 lex.
346 1968 430 1995 Multo
444 1971 535 1993 autem
551 1965 668 2000 amplius
679 1964 746 1991 nihil
763 1964 856 1991 latebit
873 1971 946 1994 cuin,
961 1963 1007 1998 qui
1024 1963 1062 1990 le—

274 2023 335 2051 gem
350 2013 436 2041 dedit.
453 2011 508 2040 Nec
525 2015 614 2038 tamen
632 2018 743 2045 possunt
766 2010 814 2036 tibi
833 2009 934 2043 aliquid
957 2008 991 2035 de
1011 2008 1062 2034 im-

275 2060 421 2088 mensitate
434 2062 461 2085 et
474 2058 517 2085 his
529 2063 589 2092 qua:
601 2056 660 2082 sine
676 2055 729 2082 fine
744 2058 808 2082 sunt
820 2054 904 2089 loqui,
915 2054 969 2081 nisi
984 2053 1061 2088 prius

274 2107 307 2134 de
324 2106 378 2137 his,
391 2105 438 2140 qui
457 2107 533 2131 certo
550 2103 602 2130 line
618 2101 801 2129 terminantur
820 2100 908 2133 Cattis,
928 2099 1061 2126 rationem

275 2153 316 2179 vel
345 2151 481 2186 receperis
505 2153 639 2180 nostram,
664 2147 706 2175 vel
731 2148 789 2182 ipse
812 2146 958 2181 protuleris
976 2151 1059 2173 tuam.

274 2199 352 2232 Quod
368 2198 390 2225 si
399 2197 482 2224 dehis
494 2204 554 2231 qua:
568 2195 651 2222 certis
662 2193 762 2220 finibus
774 2191 1062 2219 concludunturintel-

274 2246 358 2280 ligere
378 2251 432 2270 non
448 2247 536 2278 potes,
554 2241 640 2268 multo
656 2240 743 2274 magis
758 2239 792 2266 de
812 2239 854 2266 his
868 2246 927 2273 quae
935 2238 994 2265 sine
1009 2238 1061 2265 fine
1078 2237 1099 2264 D
1115 2239 1167 2274 ipsi
1183 2238 1260 2265 initia
1275 2236 1403 2264 audiendi
1428 2236 1503 2263 verbi
1520 2235 1565 2262 Dei
1591 2238 1744 2270 acceperant
1761 2236 1781 2258 et
1795 2231 1837 2256 zml

276 2294 351 2320 sunt.
368 2297 456 2324 neque
476 2289 546 2316 scire
561 2286 664 2322 aliquid
678 2285 781 2321 poteris
794 2293 881 2319 neque
895 2285 1010 2312 discere.

310 2335 472 2364 LXl’lll.Ad
485 2335 541 2362 hwc
555 2334 648 2360 Simon
665 2342 672 2360 ;
688 2331 794 2362 Melius,
810 2331 858 2362 ait,
875 2331 939 2357 mihi
954 2331 1062 2358 videtur

275 2382 434 2418 simpliciter
451 2380 573 2412 credere,
588 2380 651 2414 quia
676 2378 747 2405 Deus
765 2382 817 2407 est,
838 2381 866 2403 ct
886 2377 949 2412 quia
973 2377 1062 2404 solum

276 2429 348 2455 istud
365 2428 436 2463 quod
448 2427 581 2458 videmus.
598 2426 632 2452 sit
649 2426 748 2452 cmlum
764 2425 790 2450 in
807 2424 934 2451 universo
950 2424 1061 2451 mundo.

275 2471 307 2502 Et
319 2475 416 2502 Petrus
425 2485 430 2501 :
438 2473 496 2500 Non
505 2474 552 2503 ita,
561 2472 660 2507 inquit,
671 2471 719 2499 sed
728 2479 810 2497 unum
818 2470 927 2505 quidem
936 2469 1061 2496 confiteri

275 2521 401 2549 convenit
418 2520 500 2548 Deum
513 2519 559 2554 qui
574 2526 636 2546 vere
651 2522 709 2550 est;
726 2517 810 2544 cmlos
827 2521 919 2543 autem
933 2524 994 2544 esse
1006 2516 1061 2551 ('79)

312 2635 334 2651 ⁷¹
356 2633 389 2660 Et
408 2632 465 2659 ideo
480 2647 513 2651 —
528 2628 648 2665 separari
669 2634 754 2664 potest
774 2627 966 2656 desiderantur
990 2627 1017 2653 in
1036 2630 1152 2660 utroque
1167 2625 1229 2652 cod.
1249 2625 1323 2660 Lips.

931 2713 1114 2741 COTELERH
1133 2711 1249 2739 NOTAE.

311 2804 365 2838 ('10)
382 2802 472 2838 palos
491 2805 578 2828 autem
595 2807 661 2826 esse.
683 2797 719 2838 De
743 2797 859 2838 cmlo'ct
878 2794 960 2838 (aclis
977 2794 1062 2833 nntita

278 2829 365 2866 salicti
380 2829 487 2868 Patres,
499 2841 581 2870 atque
597 2834 736 2860 contraria
753 2842 767 2870 :_
777 2831 881 2870 se_d_ea,
893 2833 922 2856 ut
936 2834 963 2856 et
974 2829 1061 2870 majo-

346 2863 558 2908 llecerg’nll’ioiriu'n
572 2874 685 2905 partem,
697 2867 768 2903 quod
782 2867 814 2894 ad
830 2867 963 2893 humanas
977 2863 1060 2890 disci-

349 2964 500 3052 ιθ

1112 271 1196 290 unum
1210 263 1310 290 canum
1324 263 1359 289 sit
1374 262 1513 297 superius,
1525 269 1580 297 quo
1594 262 1739 290 continetur
1748 263 1805 290 etiam
1812 265 1834 290 τὶ-
1854 271 1855 278 ι

1111 309 1190 337 sibile
1204 308 1417 340 firmamentum,
1433 307 1500 335 illud
1514 315 1576 335 esse
1595 311 1744 343 perpetuum
1754 313 1774 336 et
1791 313 1834 336 eter-

1112 361 1177 380 num
1194 361 1257 380 cum
1269 354 1311 380 his
1325 354 1373 388 qui
1387 353 1510 380 habitant
1525 353 1581 385 ibi';
1595 352 1666 380 istud
1682 357 1758 380 autem
1771 353 1834 380 visible
1854 350 1855 375 ἰ

1111 399 1139 426 in
1149 399 1387 427 consummatione
1396 399 1487 427 saeculi
1499 398 1687 426 resolvendum
1695 406 1747 426 esse
1755 403 1776 426 et
1783 404 1835 426 trans-
1854 417 1855 420 η

1111 446 1162 477 ire,
1186 449 1216 472 ut
1238 445 1306 472 illud
1330 445 1431 472 uelum
1454 444 1527 480 quod
1548 449 1592 472 est
1605 444 1734 479 antiquius
1752 449 1773 471 et
1784 446 1835 471 excel-

1111 493 1169 520 sins
1184 496 1247 527 post
1268 491 1402 527 judicium
1422 491 1525 519 sanctis
1548 495 1576 518 et
1598 491 1685 526 dignis
1700 491 1835 526 appareat.Ad

1112 538 1169 566 hac
1185 538 1280 565 Simon
1302 537 1466 573 respondit:
1486 536 1548 564 Haec
1573 537 1613 564 ita
1627 544 1694 568 esse,
1712 541 1737 563 ut
1757 540 1779 562 tu
1792 536 1835 564 dit-is.

1112 584 1292 612 credentibus
1318 585 1426 619 possint
1451 583 1550 616 videri,
1573 583 1599 610 ei
1622 587 1707 610 autem
1728 582 1765 617 qui
1781 582 1836 609 bonum

1111 634 1251 666 exspectat
1266 630 1398 662 rationes,
1412 629 1582 664 impossibile
1595 634 1638 657 est
1652 636 1685 656 ex
1706 629 1755 664 lege
1767 628 1837 663 proferri

1110 682 1138 704 et
1153 678 1288 712 praecipue
1302 676 1335 704 de
1351 676 1535 703 immensitate
1550 675 1631 703 lucis.

1147 722 1239 750 LXIX.
1260 722 1293 749 Et
1307 721 1406 750 Petrus
1422 731 1429 748 :
1445 720 1517 754 Noli,
1533 721 1633 756 inquit,
1648 725 1737 756 putare
1751 728 1790 748 nos
1798 721 1838 755 quod

1112 768 1169 796 lucc
1186 768 1239 796 ﬁde
1256 769 1314 796 sola
1331 767 1487 802 recipienda
1501 774 1563 795 esse
1583 767 1713 798 dicamus,
1729 766 1767 794 sed
1784 771 1802 793 et
1816 774 1839 792 rt-

1112 817 1186 843 tione
1199 815 1357 844 asserenda.
1373 814 1467 850 Neque
1482 815 1556 842 enim
1571 818 1660 841 tutum
1680 819 1719 841 est
1733 813 1795 840 nuda:
1808 813 1838 839 hac

1112 862 1175 890 fidei
1190 862 1294 897 absque
1310 861 1418 889 ratione
1435 860 1617 892 committere,
1634 867 1692 887 eum
1712 861 1788 894 utique
1800 859 1840 885 reu-

1113 913 1155 935 tas
1168 907 1274 934 ratione
1287 914 1342 933 non
1361 909 1465 934 careat.
1482 905 1516 932 Et
1533 905 1594 932 ideo
1608 905 1631 920 "
1649 905 1693 940 qui
1708 904 1756 931 haec
1776 903 1840 930 ration:

1111 953 1216 980 munita
1234 952 1396 988 susceperit,
1412 951 1527 986 perdere
1563 957 1597 978 ea
1638 958 1762 986 nunquam
1780 953 1840 985 potest.

1112 1000 1159 1035 qni
1176 1007 1240 1027 vero
1253 999 1357 1036 absque
1372 1000 1575 1028 assertionibus
1591 1007 1625 1027 ea
1638 999 1743 1033 suscipit
1755 998 1840 1032 sirnpliru

1111 1047 1248 1075 sermonis
1262 1053 1389 1079 assensu,
1401 1054 1490 1082 neque
1504 1053 1616 1074 servare
1626 1053 1657 1073 ea
1669 1049 1722 1072 tuto
1733 1049 1841 1080 potestu-

1111 1102 1165 1128 que
1178 1095 1202 1121 si
1215 1102 1280 1121 vera
1296 1094 1351 1122 sint
1362 1097 1455 1121 certus
1468 1097 1521 1126 est,
1536 1093 1602 1128 quia
1615 1093 1662 1128 qui
1677 1092 1747 1119 facile
1755 1090 1840 1119 credito

1111 1140 1165 1167 cile
1176 1144 1203 1168 et
1214 1139 1317 1167 recedit
1330 1148 1338 1167 :
1353 1140 1400 1174 qui
1415 1143 1507 1166 autem
1520 1138 1654 1166 rationein
1668 1137 1777 1173 quasivit
1788 1144 1841 1165 eorum

1112 1194 1173 1220 quae
1185 1184 1314 1217 credidit,
1330 1189 1358 1212 et
1372 1185 1489 1220 accepit,
1504 1185 1584 1220 quasi
1599 1185 1712 1212 vinculis
1731 1182 1839 1219 quibusin:

1112 1231 1227 1259 rationis
1248 1231 1334 1266 ipsius
1359 1230 1519 1266 colligatus,
1548 1238 1688 1265 nunquam
1714 1230 1744 1257 ab
1765 1229 1796 1256 his
1809 1235 1839 1262 qui

1111 1277 1238 1309 credidit,
1252 1277 1344 1304 divelli
1359 1281 1406 1303 aut
1423 1277 1544 1311 separari
1559 1281 1660 1312 potest.
1675 1276 1707 1303 Et
1720 1276 1772 1303 ideo
1782 1279 1840 1310 quanti

1112 1324 1174 1359 quis
1193 1323 1354 1358 propensior
1370 1323 1452 1349 fuerit
1468 1323 1495 1349 in
1517 1323 1668 1358 expetenda
1688 1322 1787 1353 ratione,
1801 1324 1840 1346 uno

1113 1370 1165 1397 erit
1178 1369 1281 1397 firmior
1297 1370 1324 1396 in
1337 1369 1527 1396 conservanda
1545 1369 1608 1397 fide.

1148 1415 1229 1442 LXX.
1251 1416 1291 1442 Ad
1308 1415 1365 1442 inec
1380 1414 1473 1441 Simon
1487 1425 1493 1441 :
1508 1415 1633 1449 Magnum
1647 1418 1699 1446 est,
1714 1413 1792 1448 inquit,
1802 1411 1839 1445 qt'f-J

1113 1461 1283 1496 repromittis
1306 1465 1336 1487 ut
1361 1460 1501 1487 immensae
1527 1459 1597 1486 lucis
1621 1458 1754 1486 aeternitas
1775 1455 1840 1487 uir;

1113 1507 1201 1543 possit
1224 1507 1342 1535 ostendi.
1359 1505 1484 1540 Cumque
1507 1505 1607 1533 Petrus
1632 1505 1742 1532 dixisset
1756 1499 1840 1535 :Qutrs,‘

1114 1601 1237 1627 crastino
1248 1599 1347 1627 astanti
1363 1598 1429 1625 mihi
1441 1603 1468 1625 et
1483 1598 1622 1628 renitenti.
1635 1597 1658 1624 si
1676 1597 1778 1632 probare
1786 1598 1841 1629 pol"?

1114 1647 1152 1673 ris
1170 1646 1271 1673 factum
1287 1653 1348 1672 esse
1379 1645 1451 1671 hunc
1465 1643 1595 1670 mundum
1607 1648 1633 1670 et
1650 1643 1750 1669 animas
1767 1646 1843 1668 essen:-

1115 1691 1255 1723 mortales,
1267 1691 1379 1718 habebis
1392 1699 1434 1718 me
1451 1690 1607 1724 adjutorem
1622 1686 1798 1723 praedicationis
1809 1688 1841 1709 tus.

1115 1736 1147 1763 Et
1162 1745 1223 1763 cum
1239 1737 1295 1763 haec
1310 1737 1435 1767 dixisset,
1449 1743 1577 1771 egressus
1589 1739 1642 1766 est,
1650 1738 1740 1762 secuta
1751 1733 1843 1760 autern??-

1113 1790 1175 1809 eum
1193 1791 1227 1810 ex
1249 1783 1324 1810 omni
1349 1782 1448 1817 populo
1469 1781 1516 1816 qui
1539 1789 1602 1808 eum
1621 1781 1680 1816 ipso
1701 1782 1793 1807 venerat
1810 1782 1841 1810 («Ui

1113 1829 1207 1860 tertia,
1221 1826 1269 1862 qui
1284 1830 1363 1854 erant
1376 1825 1454 1860 quasi
1472 1825 1544 1852 mille
1558 1826 1626 1859 viri;
1643 1825 1731 1852 casteri
1745 1831 1792 1850 vero
1800 1820 1842 1847 ﬁctis

1113 1874 1228 1909 genibus
1245 1872 1420 1907 prostrahant
1435 1879 1464 1898 se
1479 1870 1570 1903 Petro,
1586 1878 1669 1905 super
1682 1877 1746 1905 quos
1758 1869 1790 1895 ille.
1800 1867 1842 1892 inrt-

1112 1924 1175 1946 cato
1191 1919 1237 1945 Dei
1255 1917 1377 1948 nomine,
1394 1917 1462 1944 alios
1483 1917 1617 1944 daemonia
1639 1915 1763 1943 habentes
1772 1911 1841 1941 curari

1113 1964 1180 1990 alios
1198 1963 1278 1990 etiam
1295 1963 1455 1996 languentes
1470 1961 1588 1992 sanavit,
1605 1965 1631 1987 et
1650 1961 1687 1987 ita
1705 1960 1841 1989 la-tanlcunri’

1113 2010 1206 2044 pulum
1221 2008 1335 2037 dimisit.
1350 2007 1483 2034 mandans
1498 2006 1549 2037 eis,
1568 2009 1596 2032 ut
1618 2005 1645 2032 in
1661 2006 1791 2032 crastinum
1802 2003 1838 2027 dira
1852 2008 1853 2011 π

1112 2056 1248 2083 maturius
1262 2053 1451 2082 convenirent.
1475 2052 1574 2079 Petrus
1599 2059 1663 2079 vero
1683 2059 1741 2078 cum
1760 2053 1838 2076 remi?

1112 2106 1173 2130 sent
1190 2101 1285 2132 turbata,
1302 2100 1387 2127 sterni
1399 2098 1482 2134 jussit
1501 2098 1575 2124 humi
1594 2097 1645 2125 sub
1663 2106 1722 2125 aere
1742 2095 1787 2123 atrii
1800 2090 1837 2119 uti?

1114 2148 1159 2173 ubi
1182 2146 1268 2173 fuerat
1289 2145 1470 2180 disputatum,
1485 2147 1513 2170 et
1539 2144 1664 2170 recubuit
1684 2150 1733 2169 una
1753 2148 1797 2167 cum
1811 2137 1838 2162 il‘i

1116 2191 1259 2224 undecim,
1281 2199 1332 2226 ego
1350 2198 1413 2217 vero
1433 2198 1496 2217 cum
1522 2189 1584 2217 aliis
1609 2188 1768 2224 quibusdam,
1784 2192 1812 2218 qu
1825 2184 1837 2205 τι

1115 2284 1281 2314 charissirni,
1298 2283 1459 2309 recumbens
1476 2281 1618 2308 sumebant
1630 2281 1726 2308 cibum.

1150 2330 1243 2358 LXXI.
1265 2329 1317 2356 Sed
1331 2328 1543 2364 benignissimus
1553 2327 1653 2355 Petrus
1667 2324 1814 2354 considerata
1821 2326 1837 2343 π

1114 2377 1185 2404 forte
1201 2376 1338 2403 tristitiam
1363 2375 1428 2401 mihi
1453 2373 1565 2401 inferret
1581 2373 1634 2400 ista
1656 2367 1836 2407 sequestram.“

1115 2423 1149 2450 ad
1171 2431 1213 2450 me
1228 2432 1233 2449 :
1250 2421 1308 2448 Non
1331 2429 1380 2455 pro
1403 2420 1542 2455 superbia,
1557 2428 1574 2446 ο
1590 2420 1720 2448 Clemens,
1736 2414 1837 2442 comitr-’4

1115 2477 1168 2496 non
1185 2476 1235 2503 ago
1249 2475 1311 2494 cum
1328 2467 1371 2493 his
1390 2466 1436 2500 qui
1458 2465 1579 2492 nomium
1603 2462 1729 2500 purificati
1745 2462 1799 2487 sntit,

1116 2522 1211 2542 vereor
1233 2522 1267 2541 ne
1290 2513 1360 2540 forte
1377 2513 1442 2539 mihi
1458 2511 1569 2547 quidem
1591 2518 1710 2541 noceam,
1721 2509 1772 2542 ipso
1783 2507 1836 2529 ssi!“

1117 2794 1205 2828 plinas
1222 2793 1312 2827 potius
1331 2795 1466 2828 spectent,
1479 2799 1563 2828 quam
1578 2793 1612 2819 ad
1631 2787 1777 2826 theologiam.
1791 2779 1831 2808 ηαδ

1116 2827 1281 2856 illustratum
1297 2836 1350 2855 non
1365 2827 1446 2854 imus.
