1892 3105
42 84 85 112 l‘ZSI
599 80 881 110 RECOGNITIONUM
899 82 964 110 LIB.
985 81 1027 110 Ill.

1551 84 1622 111 ηερ

42 141 85 168 iihil
97 138 198 174 prosim.
210 137 266 165 Hoc
280 138 352 166 enim
365 145 415 174 pro
425 142 498 166 certo
513 137 586 166 scire
596 143 622 166 te
635 139 707 171 volo,
719 139 784 174 quia
799 143 823 171 Α
837 144 879 166 tra
909 140 1076 167 voluntatem
1101 139 1161 174 ejus
1188 139 1292 167 habitat
1319 140 1348 167 in
1379 146 1412 167 eo
1437 140 1544 167 tia-mon
1554 160 1561 172 ,
1594 143 1622 166 et

42 186 103 213 uanis
114 185 155 220 qui
177 185 245 212 idola
265 184 350 212 coluit
364 184 521 220 aliquando,
538 189 565 212 et
584 193 632 213 eos
653 194 722 221 quos
740 194 787 221 pa-

42 231 79 263 :ani
91 231 219 258 nominant
227 230 302 263 deos,
310 231 432 258 adoravit
443 231 485 258 vel
496 231 529 259 de
537 231 684 259 immolatis
692 240 786 259 eorum

42 277 168 312 legustavit,
192 277 288 312 spiritu
312 277 453 304 immundo
481 284 536 304 non
559 282 648 311 caret;
664 278 787 305 conviva

44 323 87 349 nim
98 322 179 350 factus
193 326 234 350 est
248 322 414 354 daemonum,
428 326 455 350 et
476 323 648 358 participium
671 324 788 358 sumpsit

42 368 77 401 jus
89 367 208 395 dmmonis
228 367 308 402 cujus
323 366 350 394 in
367 371 458 395 mente
481 375 529 395 sua
550 369 678 402 speciem,
694 369 736 396 vel
753 369 788 395 ti-

42 420 89 440 more
108 413 145 440 vel
168 420 257 440 amore
278 413 405 441 formavit
419 413 453 441 ’³.
476 413 574 449 Ειςρει·
589 414 646 441 haec
669 415 787 441 mundus

42 466 72 485 won
83 461 156 486 est'a
179 459 275 493 spiritu
297 459 448 493 immundo,
473 463 500 487 et
523 459 584 487 ideo
600 459 788 495 purificatione

42 503 112 538 adiget
125 504 259 538 baptismi,
272 508 303 531 ut
314 510 392 533 exeat
403 506 438 533 ab
448 513 481 533 eo
492 505 607 541 spiritus
619 505 786 537 immundus,

45 550 65 575 ui
81 549 214 577 interiores
231 550 328 578 animae
348 551 434 587 ipsius
456 551 556 578 insedit
581 551 693 579 allectus
705 552 738 583 7‘,
759 556 788 578 et

44 593 86 620 uod
97 598 135 621 est
149 593 279 627 deterius,
295 603 345 623 nec
356 597 428 631 quod
444 595 611 625 intrinsecus
624 596 707 624 lateat
721 596 789 624 indi-

42 646 99 670 atur.
112 641 148 667 uti
159 649 191 668 ne
205 641 361 676 publicatus
377 642 494 677 fugetur.

55 684 143 712 LXXII.
162 685 260 713 Amant
287 687 359 714 enim
380 688 426 715 isti
453 688 566 723 spiritus
589 689 721 716 immundi
746 689 789 716 in—

42 738 111 758 terere
124 732 283 766 corporibus
297 732 447 767 hominum,
465 738 494 761 ut
507 734 628 768 ipsorum
638 734 788 762 ministerio

42 776 166 810 upiditates
176 785 241 805 suas
258 778 395 813 expleant,
407 783 434 806 et
449 778 483 806 ad
497 787 530 806 ea
541 787 601 814 quae
617 780 668 814 ipsi
681 779 788 807 deside-

838 187 900 214 ideo
911 187 935 203 "
954 186 978 214 si
1005 194 1067 214 eum
1093 187 1154 222 quis
1174 186 1268 222 fugare
1289 187 1353 214 velit
1375 190 1402 214 et
1426 186 1560 221 expellere
1586 186 1621 212 ab

837 240 880 264 eo,
896 240 959 259 cum
972 233 1008 260 sit
1026 233 1224 267 inseparabilis,
1248 236 1285 264 et,
1301 236 1330 260 ut
1357 232 1394 259 ita
1414 231 1514 263 dicam,
1531 231 1620 258 anima

835 275 892 310 jam
912 277 971 311 ejus
985 277 1108 308 ellectus.
1123 277 1259 305 videbitur
1283 277 1369 312 magis
1394 284 1492 304 necare
1509 284 1571 303 eum
1593 279 1622 303 et

838 323 978 350 homicidii
1002 324 1106 351 crimen
1131 323 1280 351 incurrere.
1304 323 1388 350 Nemo
1411 330 1476 357 ergo
1498 326 1619 349 vestrum

838 368 1017 395 contristetur
1031 376 1046 395 a
1065 368 1192 395 convivio
1214 371 1309 394 nostro
1327 371 1478 402 separatus,
1499 370 1620 400 tempore

837 415 909 441 enim
942 414 1034 449 aliquo
1059 414 1205 441 observare
1235 414 1315 441 debet
1339 412 1528 447 unusquisque
1555 419 1621 438 sane

837 465 941 496 quanto
955 461 1013 495 ipse
1031 460 1159 487 voluerit.
1177 459 1266 486 Parvo
1290 458 1363 486 enim
1383 462 1503 492 tempore
1525 465 1622 491 seque-

839 510 944 534 stratur
957 506 1004 541 qui
1019 507 1074 533 cito
1087 506 1204 532 voluerit
1217 505 1360 540 baptizari,
1373 503 1458 530 multo
1472 507 1562 530 autem
1575 502 1621 537 qui

837 552 952 580 tardius.
969 551 1163 586 Unusquisque
1177 559 1242 586 ergo
1258 552 1285 578 in
1308 558 1356 578 sua
1380 550 1460 576 habet
1476 554 1621 584 potestate.

838 599 921 627 breve
951 603 999 626 aut
1019 598 1130 633 longum
1158 597 1324 632 pcenitentia:
1354 603 1410 623 sua:
1435 599 1543 629 tempus
1563 594 1620 621 exi-

838 653 912 681 gere.
927 649 954 673 et
967 644 1027 672 ideo
1039 644 1067 671 in
1082 643 1159 671 vobis
1173 646 1225 675 est,
1233 643 1342 678 quando
1353 642 1439 669 velitis
1452 641 1485 668 ad
1498 644 1622 668 nostram

839 691 986 719 convenire
1003 697 1136 721 mensam,
1153 693 1179 717 et
1204 697 1259 716 non
1277 689 1304 716 in
1330 688 1420 720 nobis,
1436 687 1536 722 quibus
1561 694 1623 721 per-

838 736 954 764 missum
981 743 1036 762 non
1060 738 1102 762 est
1129 741 1238 762 sumere
1262 740 1323 760 cum
1344 733 1435 767 aliquo
1450 731 1552 762 cibum.
1569 730 1622 756 nisi

840 781 922 809 fuerit
941 781 1106 816 baptizatus.
1124 779 1178 807 Vos
1196 786 1260 813 ergo
1285 779 1372 813 magis
1394 785 1444 805 nos
1470 776 1623 811 prohibetis

42 825 75 847 int
89 821 244 850 inclinantes
266 825 363 851 animae
384 828 487 857 motus,
502 825 561 853 suis
578 833 626 853 eos
643 833 740 861 parere
755 825 788 852 li-
802 815 824 842 Β
838 834 854 854 a
866 831 960 855 vestro
982 826 1118 859 convivio,
1134 826 1157 853 si
1182 825 1216 852 ad
1241 824 1437 860 puriﬁcandqu
1463 830 1553 850 moras
1574 821 1622 848 ha—

42 867 142 896 idinibus
156 874 264 904 cogant.
281 874 311 897 ut
324 870 476 898 elliciantur
490 879 524 899 ex
539 873 645 908 integro
657 881 723 900 vasa
736 873 789 901 dae-

42 920 126 940 Ionum.
142 913 180 941 Ex
204 915 306 950 quibus
327 924 399 944 unus
424 921 466 945 est
488 917 584 946 Simon
599 919 654 950 hic,
670 920 718 954 qui
739 920 788 947 tali

42 958 123 984 undam
135 959 228 986 morbo
247 960 461 995 comprehensus
478 969 529 989 nec
551 963 643 989 sanari
663 962 720 997 jam
739 970 788 997 po-

42 1007 75 1035 st,
87 1005 146 1039 quia
161 1005 302 1034 voluntate
314 1010 342 1034 et
359 1007 500 1043 proposito
511 1012 633 1044 aegrotat.
653 1008 708 1036 Nec
720 1015 787 1036 con»

838 874 925 901 beatis
942 876 969 901 et
983 872 1087 900 tardius
1103 871 1287 907 baptizemini.
1310 870 1356 898 His
1367 869 1448 896 dictis
1461 876 1522 896 cum
1540 868 1615 894 bene-

838 919 963 951 dixisset,
981 918 1073 946 cibum
1089 917 1215 952 sumpsit.
1234 916 1267 944 Et
1282 920 1344 952 post
1364 916 1420 942 haec
1441 922 1503 941 cum
1521 913 1622 949 gratias

838 966 940 1001 egisset
957 964 1022 998 Deo,
1035 964 1175 999 ingressus
1200 962 1314 998 quievit,
1341 961 1465 989 similiter
1481 963 1571 986 autem
1595 962 1622 986 et

838 1017 889 1038 nos
903 1016 1008 1042 omnes,
1021 1013 1080 1036 erat
1095 1009 1166 1036 enim
1175 1007 1233 1043 jam
1248 1015 1312 1034 nox.

51 1072 87 1113 ⁷ξί
101 1072 159 1113 flor.
175 1082 203 1106 x,
214 1074 262 1113 30.
301 1075 324 1113 'f
337 1075 402 1109 Qua:
413 1080 564 1113 sequuntur
578 1077 710 1104 vocabula
725 1085 815 1113 usque
826 1077 953 1113 adﬁnem
978 1077 1060 1112 hujus
1086 1084 1148 1113 cap.
1162 1075 1261 1104 desunt
1291 1075 1319 1102 in
1334 1072 1417 1102 codd.
1427 1074 1502 1109 Lips.
1519 1073 1619 1100 omnia.

57 1106 85 1133 Et
98 1109 288 1137 ideo—crimen
301 1106 435 1139 incurrere
450 1106 502 1140 non
515 1112 691 1139 inveniuntur
706 1113 734 1139 in
748 1106 827 1140 codd.
842 1110 918 1146 Lips.

42 1186 1595 1200 ~_.______—______—_____

563 1248 742 1292 LIBER
777 1247 1058 1291 TERTIUS.

50 1402 67 1428 l.
85 1401 182 1429 Interea
205 1402 304 1430 Petrus
321 1403 452 1438 gallorum
471 1402 598 1438 cantibus
621 1410 736 1438 surgens
759 1406 786 1430 et
799 1405 820 1434 ο
837 1404 966 1436 rumpant
980 1404 1007 1428 et
1021 1401 1134 1436 fatigent
1148 1401 1340 1436 praedicatores
1351 1400 1424 1428 verbi
1439 1400 1498 1428 Dei.
1510 1399 1624 1436 Propter

42 1448 122 1475 {citare
144 1457 192 1476 nos
209 1449 304 1476 volens
329 1448 432 1475 invenit
454 1448 608 1483 vigilantes,
632 1448 788 1482 vespertino

42 1494 95 1521 “lllC
107 1495 205 1522 lumine
221 1495 396 1530 perdurante,
411 1502 527 1529 cumque
541 1502 573 1521 ex
598 1501 673 1521 more
686 1494 789 1521 saluta-

45 1543 91 1567 sset
102 1545 127 1568 et
144 1541 345 1569 resedissemus
360 1548 465 1572 omnes,
486 1541 522 1567 ita
536 1548 651 1568 exorsus
662 1543 704 1567 est
720 1550 727 1567 :
740 1539 788 1566 Ni-

45 1585 51 1611 l
70 1590 106 1613 est
123 1586 277 1619 diﬂicilius,
300 1586 400 1614 fratres
424 1587 488 1618 mei,
509 1594 590 1622 quam
616 1587 650 1614 de
673 1586 788 1614 veritate

42 1632 79 1658 )ud
93 1633 212 1667 permisti
228 1632 321 1667 populi
333 1631 535 1659 multitudinem
548 1632 699 1667 disputare.
710 1631 787 1665 Quod

42 1678 80 1703 nim
97 1681 146 1711 est,
162 1677 292 1705 omnibus
315 1680 345 1704 ut
369 1680 413 1704 est
435 1676 487 1704 dici
511 1685 566 1704 non
589 1677 663 1710 licet,
679 1682 790 1712 propter

42 1731 58 1750 Is
69 1723 110 1758 qui
124 1723 244 1759 maligne
266 1727 293 1750 et
309 1723 440 1750 insidiose
462 1723 590 1757 audiunt;
609 1723 703 1751 fallere
724 1731 789 1751 vero

42 1776 63 1795 1n
70 1769 171 1804 expedit
182 1772 349 1804 proptereos
357 1768 404 1803 qui
414 1768 520 1795 sincere
532 1767 789 1796 audire'desiderant

42 1814 153 1842 :ritatem.
168 1814 242 1848 Quid
273 1821 338 1849 ergo
359 1813 441 1841 faciet
469 1813 513 1840 cui
547 1813 580 1840 ad
610 1813 788 1842 indiscretum

42 1860 131 1894 tpulum
145 1867 238 1888 sermo
251 1863 310 1893 est;
326 1859 441 1887 occullet
466 1859 538 1894 quod
560 1867 655 1886 verum
679 1860 737 1887 est?
755 1859 789 1886 Et

42 1904 138 1932 lOmOdO
151 1906 269 1933 instruet
280 1912 326 1932 eos
339 1904 385 1939 qui
398 1904 472 1939 digni
486 1905 567 1931 sunt?
581 1903 634 1932 Sed
650 1905 673 1932 si
685 1913 787 1932 meram

42 1949 125 1978 ’oferat
144 1951 287 1979 veritatem
311 1950 355 1979 his
369 1950 416 1985 qui
437 1950 561 1978 salutem‘
577 1952 707 1985 consequi
733 1959 788 1978 non

42 1995 170 2030 :siderant,
186 1996 225 2023 llli
241 2004 255 2023 a
270 2003 325 2032 quo
347 1997 448 2024 missus
464 2001 507 2024 est
530 1996 658 2031 injuriam
680 1997 756 2027 facit.
773 2004 788 2024 a

42 2048 63 2067 ιο
87 2046 113 2069 (ιι
133 2042 291 2070 mandatum
321 2043 441 2078 accepit,
469 2051 504 2071 ne
527 2044 617 2070 mittat
642 2043 786 2071 verborum

838 1447 911 1482 quod
925 1451 951 1474 et
963 1454 1013 1482 ego
1026 1447 1053 1473 in
1065 1446 1190 1482 plurimis
1201 1447 1316 1474 circuitu
1329 1447 1444 1481 quodam
1457 1447 1531 1474 verbi
1546 1452 1624 1474 utens

837 1497 943 1521 tentare
957 1493 1076 1526 nitebar,
1092 1501 1126 1520 ne
1141 1493 1323 1528 principalem
1339 1492 1373 1520 de
1394 1499 1499 1519 summa
1522 1491 1624 1519 Divini-

836 1543 892 1567 tate
910 1539 1117 1574 intelligentiam
1139 1539 1230 1565 minus
1255 1538 1346 1572 dignis
1366 1538 1477 1565 auribus
1501 1538 1624 1572 publica-

836 1593 907 1616 rem.
923 1584 956 1612 Et
970 1589 1032 1621 post
1045 1585 1103 1612 haec
1119 1585 1252 1620 incipiens
1267 1584 1322 1620 (80)
1337 1585 1370 1612 de
1382 1584 1462 1611 Patre
1476 1587 1502 1611 et
1518 1583 1586 1611 Filio
1597 1588 1624 1612 et

839 1631 942 1667 Spiritu
959 1635 1065 1662 sancto.
1075 1631 1194 1658 breviter
1205 1631 1284 1658 nobis
1299 1634 1325 1658 et
1339 1630 1478 1658 evidenter
1487 1631 1621 1665 exposuit,

837 1681 868 1705 ut
887 1685 982 1705 omnes
1003 1677 1145 1704 audientes
1168 1676 1331 1703 miraremur
1340 1676 1476 1711 quomodo
1486 1676 1621 1709 homines,

838 1722 967 1751 derelicta
981 1723 1105 1754 veritate.
1115 1722 1240 1749 conversi
1250 1725 1314 1749 sunt
1329 1721 1361 1748 ad
1376 1722 1532 1748 vanitatem.

872 1767 905 1796 ΙΙ.
928 1767 1002 1804 [Haec
1019 1767 1097 1795 Petro
1120 1767 1227 1795 dicente
1240 1768 1263 1783 ⁷⁷
1277 1767 1333 1802 (Si)
1348 1766 1445 1802 Aquila
1467 1767 1524 1794 ait:
1540 1766 1623 1794 Recte

838 1813 942 1846 dixisti,
957 1817 1100 1850 propterea
1125 1813 1204 1841 nobis
1229 1813 1313 1840 dicito
1334 1821 1395 1848 quae
1410 1813 1534 1841 veritatis
1558 1816 1623 1840 sunt

838 1861 958 1897 propria.
980 1860 1014 1887 Et
1037 1859 1158 1887 Petrus:
1179 1859 1214 1887 De
1237 1860 1337 1894 quibus
1352 1859 1435 1886 vultis
1458 1860 1623 1894 interrogate

839 1915 891 1935 me.
907 1907 940 1934 Et
959 1907 1056 1942 Aquila
1074 1907 1129 1934 ait:
1147 1906 1184 1934 De
1200 1906 1334 1941 principio
1352 1911 1378 1934 et
1400 1906 1541 1941 principiis
1561 1914 1623 1933 ver-

838 1953 903 1980 bum
925 1953 1047 1988 disputa,
1070 1956 1096 1980 et
1120 1952 1153 1979 de
1177 1959 1210 1979 eo
1234 1952 1305 1986 quod
1331 1951 1504 1987 reprehvndit
1529 1951 1623 1978 Simon

839 1999 918 2034 quasi
934 1998 1126 2026 inconveniens
1138 2018 1144 2030 ,
1162 1997 1260 2025 Filium
1276 1997 1322 2025 Dei
1343 1997 1396 2024 dici
1414 1997 1552 2025 Christum
1564 2017 1571 2030 ,
1589 2005 1623 2024 ne

841 2046 940 2073 similia
964 2044 1176 2081 plantationihus
1199 2048 1225 2071 et
1255 2044 1361 2071 caateris
1384 2043 1541 2070 inanimatis
1566 2044 1622 2078 pati

42 2095 66 2114 us
78 2089 241 2124 margaritas
255 2093 317 2117 ante
332 2096 430 2124 porcos
447 2093 474 2117 et
485 2097 568 2132 canes
581 2090 614 2120 ⁷⁸,
627 2089 674 2124 qui
693 2089 788 2117 adver-
804 2083 826 2110 Ῑ)
839 2091 965 2118 videatur
989 2090 1071 2118 Deus.
1091 2089 1188 2117 Petrus
1218 2092 1307 2116 autem
1334 2089 1427 2116 videns
1449 2096 1545 2116 omnes
1570 2088 1623 2115 hoc

46 2141 68 2159 in
81 2141 126 2161 eas
139 2135 310 2170 argumentis
324 2142 356 2162 ac
366 2135 582 2170 sophismatibus
606 2135 785 2168 reluctantes,

42 2187 79 2207 sas
92 2181 201 2215 quidem
216 2187 296 2208 cceno
308 2181 492 2217 intelligentia:
503 2181 621 2208 carnalis
635 2181 783 2213 involvunt,

42 2226 146 2254 Lratibus
168 2230 260 2254 autem
283 2227 341 2255 suis
364 2231 392 2255 et
418 2227 642 2262 responsionibus
666 2227 785 2255 sordidis

840 2137 928 2172 ipsum
946 2137 1066 2164 volentes
1081 2135 1186 2168 audire,
1205 2143 1311 2163 omnem
1334 2135 1466 2162 rationem
1488 2135 1525 2162 ita
1539 2142 1624 2170 expo-

838 2183 893 2210 suit
906 2192 912 2210 :

875 2229 918 2256 lll.
940 2228 1069 2263 Principii
1094 2234 1192 2254 nomen
1216 2225 1272 2261 (82)
1292 2225 1319 2252 in
1343 2225 1437 2253 multis
1456 2229 1482 2253 et
1507 2225 1624 2253 diversis

43 2283 64 2298 ”
82 2283 176 2320 lliatth.
198 2292 245 2314 vn,
264 2283 290 2311 6.
328 2284 351 2300 ⁷⁷
366 2283 420 2311 Ista
434 2291 494 2318 quae
508 2288 660 2318 sequuntur
671 2293 759 2320 usque
773 2285 805 2312 ad
820 2286 899 2312 linem
915 2293 974 2320 cap.
990 2285 1033 2316 12,
1049 2293 1075 2311 In
1102 2284 1163 2310 cod.
1179 2291 1246 2310 mss.
1259 2283 1396 2320 plerisque
1407 2282 1501 2320 iisdem
1514 2283 1624 2320 optima:

42 2321 77 2344 ita!
93 2318 201 2349 desunt,
226 2322 254 2346 et
276 2322 381 2345 tantum
406 2320 505 2346 habent
523 2320 570 2354 vel
587 2318 761 2348 obscuritatis
777 2321 818 2348 vel
840 2318 956 2348 erroris'
971 2323 1000 2346 ut
1025 2319 1117 2354 spuria
1132 2325 1163 2346 ea
1178 2326 1239 2345 esse
1255 2322 1281 2345 et
1300 2318 1334 2345 ab
1349 2318 1478 2346 heretico
1503 2318 1622 2352 quodam

42 2354 162 2381 centiuris
171 2355 260 2381 artatis
277 2355 380 2381 intrusa
394 2361 448 2381 non
463 2353 629 2383 dubitemus.

652 2411 833 2439 COTELERII
850 2410 965 2439 ΝΟΤᾸΞ.

43 2467 96 2503 (80)
112 2466 144 2494 Et
166 2472 226 2502 post
248 2467 302 2495 hmo
318 2468 477 2503 incipiens...
502 2468 536 2495 ad
555 2469 706 2495 vanitatem.
729 2468 791 2496 Haec

44 2501 133 2538 riodus
142 2501 238 2538 gistat
248 2503 274 2529 in
289 2501 459 2530 libris'editis
473 2509 498 2531 et
512 2504 540 2530 in
557 2512 608 2531 ms.
622 2503 687 2538 Reg.
697 2508 746 2535 ;.at
761 2504 789 2531 in

42 2537 86 2597 iii-Cb.
100 2542 127 2564 et
140 2537 196 2566 Th.
209 2538 376 2565 transfertur
390 2538 423 2566 ad
438 2539 518 2566 linem
530 2546 590 2574 cap.
605 2539 650 2572 il,
663 2537 710 2566 ubi
725 2546 785 2566 eam

54 2579 76 2598 e.

45 2606 97 2642 (8i)
115 2607 180 2634 ιΙωε
198 2606 276 2634 Petro
291 2608 401 2635 dicente.
412 2607 503 2635 Codex
514 2607 727 2636 Candelerianus
738 2608 789 2635 hoc

44 2645 87 2681 put
100 2647 127 2681 et
142 2643 286 2681 sequentia
302 2643 546 2681 novem_contine_t,
558 2643 785 2681 quemadmodum

42 2677 176 2704 lrlzonicus
187 2681 214 2705 et
226 2677 355 2705 Thuanns
369 2686 374 2703 :
391 2677 580 2706 Carmeliticus
598 2682 686 2705 autem
702 2683 729 2705 et
743 2678 788 2705 ille

42 2711 178 2748 :tri_Petiti
189 2710 273 2747 Regio
284 2713 386 2740 similes
397 2717 471 2744 sunt,
488 2713 617 2748 librisque
632 2714 783 2748 impressis.

42 2753 62 2772 2c
75 2746 202 2780 dubium,
220 2746 286 2782 quin
309 2748 343 2774 ad
361 2748 405 2774 illa
426 2746 581 2782 pertineant
594 2755 654 2782 quae
671 2746 786 2776 Ruﬁnus

42 2782 132 2813 vstulit.
149 2782 188 2818 de
198 2782 318 2817 ingenito
326 2783 382 2810 Dec
397 2783 542 2818 genitoque
555 2783 683 2815 disserta,
698 2783 731 2811 de
742 2783 788 2810 Fi—

42 2821 157 2850 ltreato,
171 2816 207 2845 de
221 2816 280 2846 aliis
301 2816 438 2846 nonnullis
448 2839 455 2852 ,
475 2816 626 2853 periculosa
639 2839 646 2851 ,
661 2818 788 2850 obscura,

844 2469 950 2496 intrusa
967 2488 974 2500 ,
998 2466 1185 2500 Eunomiana;
1210 2474 1323 2501 qumque
1342 2473 1448 2494 veteres
1470 2466 1622 2495 Ebionitica

842 2507 1020 2535 censuerunt,
1036 2501 1146 2533 Ariaua,
1164 2507 1190 2529 et
1204 2502 1336 2529 addititia.
1354 2501 1452 2530 Nescio
1467 2502 1529 2535 quis
1541 2503 1623 2537 igitur

841 2538 914 2573 quod
931 2545 945 2563 a
969 2537 1066 2563 Rulino
1087 2538 1301 2573 praetermissum
1322 2537 1420 2573 fuerat,
1438 2537 1488 2564 sibi
1504 2539 1622 2573 sumpsit

842 2571 872 2600 ut
889 2574 1123 2606 interpretaretur.
1145 2571 1212 2599 Vide
1224 2571 1482 2603 Clementina,hom.
1502 2572 1545 2603 16,
1560 2571 1611 2606 cap

843 2609 885 2636 l6.
902 2607 955 2635 Ista
967 2615 1029 2634 vero
1041 2615 1126 2641 usque
1141 2607 1174 2633 ad
1188 2614 1249 2641 cap.
1266 2606 1414 2641 {Bidesunt
1425 2607 1451 2633 in
1464 2606 1619 2641 impressis:

840 2643 981 2677 desumpta
994 2640 1087 2669 autem
1095 2646 1157 2669 sunt
1171 2650 1203 2669 ex
1219 2640 1279 2669 cod.
1297 2640 1377 2668 Sorb.
1392 2646 1418 2668 et
1429 2641 1479 2668 Th.

877 2675 1078 2713 (82)‘Prin_cipii
1093 2685 1196 2713 nomen,
1213 2681 1266 2704 etc.
1282 2677 1310 2713 l_n
1324 2683 1421 2713 marg._
1431 2683 1483 2703 ms.
1499 2675 1549 2702 Th.
1563 2675 1620 2713 haec

840 2711 987 2748 leguntur:
1003 2711 1088 2748 Caute
1100 2712 1148 2747 legi
1173 2715 1273 2748 oportet
1287 2711 1354 2737 hanc
1369 2711 1542 2748 scripturqm,
1558 2711 1619 2748 quiq

838 2745 1010 2776 neScientibus
1025 2747 1102 2780 facile
1124 2745 1202 2774 ἐνι-οὶ
1215 2747 1351 2780 subrepere
1369 2749 1462 2780 potest.
1486 2746 1571 2780 Usque
1585 2745 1620 2772 ad

841 2783 927 2811 simile
938 2779 1042 2817 signum
1061 2782 1142 2817 legere
1155 2781 1219 2810 noli.
1232 2780 1293 2808 Vid.
1309 2779 1379 2807 infra
1391 2783 1482 2807 notam
1497 2780 1620 2815 ejusdem

842 2818 902 2845 cod.
918 2817 950 2845 ad
965 2825 1025 2845 can.
1042 2817 1083 2843 12.

842 2818 902 2846 cod.
918 2818 950 2845 ad
965 2825 1025 2852 cep.
1042 2818 1083 2843 1‘2.
