  <div class='ocr_page' id='page_1' title='image "/cluster/home/n/w/nwhite01/storage/ocr_20150623/1/njp.32101077772331/772.png"; bbox 0 0 1892 3105; ppageno 0'>
   <div class='ocr_carea' id='block_1_1' title="bbox 31 135 94 164">
    <p class='ocr_par' dir='ltr' id='par_1_1' title="bbox 31 135 94 164">
     <span class='ocr_line' id='line_1_1' title="bbox 31 135 94 164; baseline -0.016 0"><span class='ocrx_word' id='word_1_1' title='bbox 31 135 94 164; x_wconf 69' lang='lat' dir='ltr'><strong>I2b5</strong></span> 
     </span>
    </p>
   </div>
   <div class='ocr_carea' id='block_1_2' title="bbox 624 130 1041 161">
    <p class='ocr_par' dir='ltr' id='par_1_2' title="bbox 624 130 1041 161">
     <span class='ocr_line' id='line_1_2' title="bbox 624 130 1041 161; baseline -0.005 -2"><span class='ocrx_word' id='word_1_2' title='bbox 624 131 910 161; x_wconf 72' lang='grc' dir='ltr'><strong>ΒΕΟΟΟΝιΊΊΟΝυΜ</strong></span> <span class='ocrx_word' id='word_1_3' title='bbox 928 130 993 159; x_wconf 82' lang='lat' dir='ltr'><strong>LIB.</strong></span> <span class='ocrx_word' id='word_1_4' title='bbox 1011 130 1041 157; x_wconf 92' lang='lat' dir='ltr'><strong>II.</strong></span> 
     </span>
    </p>
   </div>
   <div class='ocr_carea' id='block_1_3' title="bbox 1590 127 1661 156">
    <p class='ocr_par' dir='ltr' id='par_1_3' title="bbox 1590 127 1661 156">
     <span class='ocr_line' id='line_1_3' title="bbox 1590 127 1661 156; baseline 0.014 -1"><span class='ocrx_word' id='word_1_5' title='bbox 1590 127 1661 156; x_wconf 66' lang='lat' dir='ltr'><strong>I266</strong></span> 
     </span>
    </p>
   </div>
   <div class='ocr_carea' id='block_1_4' title="bbox 31 184 1661 227">
    <p class='ocr_par' dir='ltr' id='par_1_4' title="bbox 31 184 1661 227">
     <span class='ocr_line' id='line_1_4' title="bbox 31 184 1661 227; baseline -0.006 -6"><span class='ocrx_word' id='word_1_6' title='bbox 31 203 79 222; x_wconf 91' lang='lat' dir='ltr'><strong>non</strong></span> <span class='ocrx_word' id='word_1_7' title='bbox 100 193 183 224; x_wconf 87' lang='lat' dir='ltr'><strong>facit,</strong></span> <span class='ocrx_word' id='word_1_8' title='bbox 211 192 298 219; x_wconf 89' lang='lat' dir='ltr'><strong>multo</strong></span> <span class='ocrx_word' id='word_1_9' title='bbox 325 192 412 227; x_wconf 77' lang='lat' dir='ltr'><strong>magis</strong></span> <span class='ocrx_word' id='word_1_10' title='bbox 429 199 478 218; x_wconf 92' lang='lat' dir='ltr'><strong>nec</strong></span> <span class='ocrx_word' id='word_1_11' title='bbox 497 191 718 218; x_wconf 86' lang='lat' dir='ltr'><strong>inconsonantia.</strong></span> <span class='ocrx_word' id='word_1_12' title='bbox 744 189 813 224; x_wconf 85' lang='lat' dir='ltr'><strong>Quia</strong></span> <span class='ocrx_word' id='word_1_13' title='bbox 829 192 850 219; x_wconf 80' lang='grc' dir='ltr'><strong>Α</strong></span> <span class='ocrx_word' id='word_1_14' title='bbox 868 187 941 224; x_wconf 89' lang='lat' dir='ltr'><strong>quod</strong></span> <span class='ocrx_word' id='word_1_15' title='bbox 964 194 1014 222; x_wconf 91' lang='lat' dir='ltr'><strong>pro</strong></span> <span class='ocrx_word' id='word_1_16' title='bbox 1037 187 1188 214; x_wconf 86' lang='lat' dir='ltr'><strong>assertione</strong></span> <span class='ocrx_word' id='word_1_17' title='bbox 1217 185 1315 212; x_wconf 90' lang='lat' dir='ltr'><strong>horum</strong></span> <span class='ocrx_word' id='word_1_18' title='bbox 1347 185 1490 212; x_wconf 86' lang='lat' dir='ltr'><strong>innumera</strong></span> <span class='ocrx_word' id='word_1_19' title='bbox 1513 184 1661 213; x_wconf 82' lang='lat' dir='ltr'><strong>verborum</strong></span> 
     </span>
    </p>
   </div>
   <div class='ocr_carea' id='block_1_5' title="bbox 30 237 816 275">
    <p class='ocr_par' dir='ltr' id='par_1_5' title="bbox 30 237 816 275">
     <span class='ocr_line' id='line_1_5' title="bbox 30 237 816 275; baseline -0.005 -8"><span class='ocrx_word' id='word_1_20' title='bbox 30 248 88 275; x_wconf 82' lang='lat' dir='ltr'><strong>ergo</strong></span> <span class='ocrx_word' id='word_1_21' title='bbox 105 239 192 267; x_wconf 85' lang='lat' dir='ltr'><strong>multa</strong></span> <span class='ocrx_word' id='word_1_22' title='bbox 211 243 275 266; x_wconf 87' lang='lat' dir='ltr'><strong>sunt</strong></span> <span class='ocrx_word' id='word_1_23' title='bbox 287 258 295 270; x_wconf 85' lang='lat'><strong>,</strong></span> <span class='ocrx_word' id='word_1_24' title='bbox 320 245 382 273; x_wconf 72' lang='lat' dir='ltr'><strong>qua:</strong></span> <span class='ocrx_word' id='word_1_25' title='bbox 395 238 522 265; x_wconf 84' lang='lat' dir='ltr'><strong>videmur</strong></span> <span class='ocrx_word' id='word_1_26' title='bbox 535 237 645 272; x_wconf 82' lang='lat' dir='ltr'><strong>quidem</strong></span> <span class='ocrx_word' id='word_1_27' title='bbox 666 237 816 264; x_wconf 88' lang='lat' dir='ltr'><strong>inconsona</strong></span> 
     </span>
    </p>
   </div>
   <div class='ocr_carea' id='block_1_6' title="bbox 30 283 817 317">
    <p class='ocr_par' dir='ltr' id='par_1_6' title="bbox 30 283 817 317">
     <span class='ocr_line' id='line_1_6' title="bbox 30 283 817 317; baseline -0.003 -4"><span class='ocrx_word' id='word_1_28' title='bbox 30 295 85 313; x_wconf 81' lang='lat' dir='ltr'><strong>esse</strong></span> <span class='ocrx_word' id='word_1_29' title='bbox 96 285 249 316; x_wconf 76' lang='lat' dir='ltr'><strong>nonnullis,</strong></span> <span class='ocrx_word' id='word_1_30' title='bbox 264 284 365 311; x_wconf 82' lang='lat' dir='ltr'><strong>habent</strong></span> <span class='ocrx_word' id='word_1_31' title='bbox 379 287 470 310; x_wconf 85' lang='lat' dir='ltr'><strong>tamen</strong></span> <span class='ocrx_word' id='word_1_32' title='bbox 482 283 659 317; x_wconf 75' lang='lat' dir='ltr'><strong>profundiore</strong></span> <span class='ocrx_word' id='word_1_33' title='bbox 670 283 776 310; x_wconf 88' lang='lat' dir='ltr'><strong>ratione</strong></span> <span class='ocrx_word' id='word_1_34' title='bbox 789 283 817 311; x_wconf 86' lang='lat' dir='ltr'><strong>in</strong></span> 
     </span>
    </p>
   </div>
   <div class='ocr_carea' id='block_1_7' title="bbox 30 330 819 367">
    <p class='ocr_par' dir='ltr' id='par_1_7' title="bbox 30 330 819 367">
     <span class='ocr_line' id='line_1_7' title="bbox 30 330 819 367; baseline -0.005 -7"><span class='ocrx_word' id='word_1_35' title='bbox 30 332 180 367; x_wconf 87' lang='lat' dir='ltr'><strong>semetipsis</strong></span> <span class='ocrx_word' id='word_1_36' title='bbox 192 330 415 362; x_wconf 88' lang='lat' dir='ltr'><strong>consonantiam,</strong></span> <span class='ocrx_word' id='word_1_37' title='bbox 426 330 498 357; x_wconf 91' lang='lat' dir='ltr'><strong>sicut</strong></span> <span class='ocrx_word' id='word_1_38' title='bbox 513 334 541 357; x_wconf 91' lang='lat' dir='ltr'><strong>et</strong></span> <span class='ocrx_word' id='word_1_39' title='bbox 556 330 608 357; x_wconf 88' lang='lat' dir='ltr'><strong>alia</strong></span> <span class='ocrx_word' id='word_1_40' title='bbox 620 338 680 365; x_wconf 80' lang='lat' dir='ltr'><strong>qua:</strong></span> <span class='ocrx_word' id='word_1_41' title='bbox 693 330 819 357; x_wconf 87' lang='lat' dir='ltr'><strong>videntur</strong></span> 
     </span>
    </p>
   </div>
   <div class='ocr_carea' id='block_1_8' title="bbox 31 375 819 409">
    <p class='ocr_par' dir='ltr' id='par_1_8' title="bbox 31 375 819 409">
     <span class='ocr_line' id='line_1_8' title="bbox 31 375 819 409; baseline -0.003 -4"><span class='ocrx_word' id='word_1_42' title='bbox 31 379 125 406; x_wconf 87' lang='lat' dir='ltr'><strong>habere</strong></span> <span class='ocrx_word' id='word_1_43' title='bbox 148 377 379 408; x_wconf 81' lang='lat' dir='ltr'><strong>consonantiam,</strong></span> <span class='ocrx_word' id='word_1_44' title='bbox 405 376 531 404; x_wconf 84' lang='lat' dir='ltr'><strong>discussa</strong></span> <span class='ocrx_word' id='word_1_45' title='bbox 557 375 715 409; x_wconf 79' lang='lat' dir='ltr'><strong>diligentius</strong></span> <span class='ocrx_word' id='word_1_46' title='bbox 743 376 819 403; x_wconf 88' lang='lat' dir='ltr'><strong>inve-</strong></span> 
     </span>
    </p>
   </div>
   <div class='ocr_carea' id='block_1_9' title="bbox 31 422 819 457">
    <p class='ocr_par' dir='ltr' id='par_1_9' title="bbox 31 422 819 457">
     <span class='ocr_line' id='line_1_9' title="bbox 31 422 819 457; baseline -0.003 -6"><span class='ocrx_word' id='word_1_47' title='bbox 31 426 137 451; x_wconf 84' lang='lat' dir='ltr'><strong>niuntur</strong></span> <span class='ocrx_word' id='word_1_48' title='bbox 158 424 314 451; x_wconf 87' lang='lat' dir='ltr'><strong>inconsona</strong></span> <span class='ocrx_word' id='word_1_49' title='bbox 326 442 334 455; x_wconf 93' lang='lat'><strong>,</strong></span> <span class='ocrx_word' id='word_1_50' title='bbox 349 422 400 450; x_wconf 89' lang='lat' dir='ltr'><strong>hac</strong></span> <span class='ocrx_word' id='word_1_51' title='bbox 415 422 450 450; x_wconf 87' lang='lat' dir='ltr'><strong>de</strong></span> <span class='ocrx_word' id='word_1_52' title='bbox 469 430 554 450; x_wconf 88' lang='lat' dir='ltr'><strong>causa</strong></span> <span class='ocrx_word' id='word_1_53' title='bbox 579 423 659 449; x_wconf 89' lang='lat' dir='ltr'><strong>aliam</strong></span> <span class='ocrx_word' id='word_1_54' title='bbox 677 430 732 450; x_wconf 91' lang='lat' dir='ltr'><strong>non</strong></span> <span class='ocrx_word' id='word_1_55' title='bbox 753 427 819 457; x_wconf 92' lang='lat' dir='ltr'><strong>puto</strong></span> 
     </span>
    </p>
   </div>
   <div class='ocr_carea' id='block_1_10' title="bbox 31 469 820 500">
    <p class='ocr_par' dir='ltr' id='par_1_10' title="bbox 31 469 820 500">
     <span class='ocr_line' id='line_1_10' title="bbox 31 469 820 500; baseline -0.003 -2"><span class='ocrx_word' id='word_1_56' title='bbox 31 472 167 498; x_wconf 77' lang='lat' dir='ltr'><strong>tectiorem</strong></span> <span class='ocrx_word' id='word_1_57' title='bbox 184 478 248 498; x_wconf 86' lang='lat' dir='ltr'><strong>esse</strong></span> <span class='ocrx_word' id='word_1_58' title='bbox 271 470 344 497; x_wconf 88' lang='lat' dir='ltr'><strong>viam</strong></span> <span class='ocrx_word' id='word_1_59' title='bbox 361 469 395 496; x_wconf 90' lang='lat' dir='ltr'><strong>ad</strong></span> <span class='ocrx_word' id='word_1_60' title='bbox 414 469 512 496; x_wconf 88' lang='lat' dir='ltr'><strong>borum</strong></span> <span class='ocrx_word' id='word_1_61' title='bbox 537 469 700 500; x_wconf 82' lang='lat' dir='ltr'><strong>disrrimen,</strong></span> <span class='ocrx_word' id='word_1_62' title='bbox 716 469 770 496; x_wconf 85' lang='lat' dir='ltr'><strong>nisi</strong></span> <span class='ocrx_word' id='word_1_63' title='bbox 790 473 820 496; x_wconf 94' lang='lat' dir='ltr'><strong>ut</strong></span> 
     </span>
    </p>
   </div>
   <div class='ocr_carea' id='block_1_11' title="bbox 31 515 820 551">
    <p class='ocr_par' dir='ltr' id='par_1_11' title="bbox 31 515 820 551">
     <span class='ocr_line' id='line_1_11' title="bbox 31 515 820 551; baseline -0.001 -9"><span class='ocrx_word' id='word_1_64' title='bbox 31 517 100 551; x_wconf 83' lang='lat' dir='ltr'><strong>prius</strong></span> <span class='ocrx_word' id='word_1_65' title='bbox 113 523 329 551; x_wconf 72' lang='lat' dir='ltr'><strong>cognoscamus,</strong></span> <span class='ocrx_word' id='word_1_66' title='bbox 344 515 368 543; x_wconf 98' lang='lat' dir='ltr'><strong>si</strong></span> <span class='ocrx_word' id='word_1_67' title='bbox 382 515 406 543; x_wconf 90' lang='lat' dir='ltr'><strong>is</strong></span> <span class='ocrx_word' id='word_1_68' title='bbox 430 515 476 550; x_wconf 84' lang='lat' dir='ltr'><strong>qui</strong></span> <span class='ocrx_word' id='word_1_69' title='bbox 492 515 600 541; x_wconf 91' lang='lat' dir='ltr'><strong>locutus</strong></span> <span class='ocrx_word' id='word_1_70' title='bbox 614 519 698 542; x_wconf 88' lang='lat' dir='ltr'><strong>estea</strong></span> <span class='ocrx_word' id='word_1_71' title='bbox 709 522 769 550; x_wconf 63' lang='lat' dir='ltr'><strong>quae</strong></span> <span class='ocrx_word' id='word_1_72' title='bbox 779 515 820 541; x_wconf 83' lang='lat' dir='ltr'><strong>vi-</strong></span> 
     </span>
    </p>
   </div>
   <div class='ocr_carea' id='block_1_12' title="bbox 31 561 820 597">
    <p class='ocr_par' dir='ltr' id='par_1_12' title="bbox 31 561 820 597">
     <span class='ocr_line' id='line_1_12' title="bbox 31 561 820 597; baseline -0.004 -7"><span class='ocrx_word' id='word_1_73' title='bbox 31 564 125 590; x_wconf 90' lang='lat' dir='ltr'><strong>denlur</strong></span> <span class='ocrx_word' id='word_1_74' title='bbox 143 563 315 594; x_wconf 89' lang='lat' dir='ltr'><strong>inconsona,</strong></span> <span class='ocrx_word' id='word_1_75' title='bbox 332 561 465 597; x_wconf 84' lang='lat' dir='ltr'><strong>propheta</strong></span> <span class='ocrx_word' id='word_1_76' title='bbox 479 562 524 590; x_wconf 88' lang='lat' dir='ltr'><strong>sit.</strong></span> <span class='ocrx_word' id='word_1_77' title='bbox 543 561 570 589; x_wconf 89' lang='lat' dir='ltr'><strong>Si</strong></span> <span class='ocrx_word' id='word_1_78' title='bbox 587 562 659 589; x_wconf 85' lang='lat' dir='ltr'><strong>enim</strong></span> <span class='ocrx_word' id='word_1_79' title='bbox 683 561 820 588; x_wconf 81' lang='lat' dir='ltr'><strong>invenitur</strong></span> 
     </span>
    </p>
   </div>
   <div class='ocr_carea' id='block_1_13' title="bbox 32 607 821 644">
    <p class='ocr_par' dir='ltr' id='par_1_13' title="bbox 32 607 821 644">
     <span class='ocr_line' id='line_1_13' title="bbox 32 607 821 644; baseline -0.001 -9"><span class='ocrx_word' id='word_1_80' title='bbox 32 609 158 644; x_wconf 83' lang='lat' dir='ltr'><strong>propheta</strong></span> <span class='ocrx_word' id='word_1_81' title='bbox 182 617 247 637; x_wconf 82' lang='lat' dir='ltr'><strong>esse</strong></span> <span class='ocrx_word' id='word_1_82' title='bbox 259 629 266 641; x_wconf 99' lang='lat'><strong>,</strong></span> <span class='ocrx_word' id='word_1_83' title='bbox 283 609 374 635; x_wconf 77' lang='lat' dir='ltr'><strong>omnia</strong></span> <span class='ocrx_word' id='word_1_84' title='bbox 400 608 446 635; x_wconf 90' lang='lat' dir='ltr'><strong>illa</strong></span> <span class='ocrx_word' id='word_1_85' title='bbox 460 616 521 643; x_wconf 67' lang='lat' dir='ltr'><strong>quae</strong></span> <span class='ocrx_word' id='word_1_86' title='bbox 536 607 662 636; x_wconf 85' lang='lat' dir='ltr'><strong>videntur</strong></span> <span class='ocrx_word' id='word_1_87' title='bbox 686 608 738 636; x_wconf 84' lang='lat' dir='ltr'><strong>sibi</strong></span> <span class='ocrx_word' id='word_1_88' title='bbox 759 615 821 635; x_wconf 82' lang='lat' dir='ltr'><strong>esse</strong></span> 
     </span>
    </p>
   </div>
   <div class='ocr_carea' id='block_1_14' title="bbox 31 654 820 687">
    <p class='ocr_par' dir='ltr' id='par_1_14' title="bbox 31 654 820 687">
     <span class='ocr_line' id='line_1_14' title="bbox 31 654 820 687; baseline -0.001 -5"><span class='ocrx_word' id='word_1_89' title='bbox 31 656 181 687; x_wconf 79' lang='lat' dir='ltr'><strong>contraria,</strong></span> <span class='ocrx_word' id='word_1_90' title='bbox 204 659 316 683; x_wconf 84' lang='lat' dir='ltr'><strong>constat</strong></span> <span class='ocrx_word' id='word_1_91' title='bbox 336 655 438 682; x_wconf 85' lang='lat' dir='ltr'><strong>habere</strong></span> <span class='ocrx_word' id='word_1_92' title='bbox 453 655 680 686; x_wconf 87' lang='lat' dir='ltr'><strong>consonantiam,</strong></span> <span class='ocrx_word' id='word_1_93' title='bbox 699 654 746 682; x_wconf 88' lang='lat' dir='ltr'><strong>sed</strong></span> <span class='ocrx_word' id='word_1_94' title='bbox 767 661 820 681; x_wconf 92' lang='lat' dir='ltr'><strong>non</strong></span> 
     </span>
    </p>
   </div>
   <div class='ocr_carea' id='block_1_15' title="bbox 31 701 821 737">
    <p class='ocr_par' dir='ltr' id='par_1_15' title="bbox 31 701 821 737">
     <span class='ocr_line' id='line_1_15' title="bbox 31 701 821 737; baseline -0.001 -9"><span class='ocrx_word' id='word_1_95' title='bbox 31 702 152 737; x_wconf 77' lang='lat' dir='ltr'><strong>intelligi.</strong></span> <span class='ocrx_word' id='word_1_96' title='bbox 166 701 207 729; x_wconf 91' lang='lat' dir='ltr'><strong>De</strong></span> <span class='ocrx_word' id='word_1_97' title='bbox 223 702 265 729; x_wconf 89' lang='lat' dir='ltr'><strong>his</strong></span> <span class='ocrx_word' id='word_1_98' title='bbox 278 709 344 737; x_wconf 81' lang='lat' dir='ltr'><strong>ergo</strong></span> <span class='ocrx_word' id='word_1_99' title='bbox 362 701 542 736; x_wconf 88' lang='lat' dir='ltr'><strong>probamenta</strong></span> <span class='ocrx_word' id='word_1_100' title='bbox 561 701 665 728; x_wconf 89' lang='lat' dir='ltr'><strong>rectius</strong></span> <span class='ocrx_word' id='word_1_101' title='bbox 683 701 821 736; x_wconf 90' lang='lat' dir='ltr'><strong>requiren-</strong></span> 
     </span>
    </p>
   </div>
   <div class='ocr_carea' id='block_1_16' title="bbox 33 747 821 783">
    <p class='ocr_par' dir='ltr' id='par_1_16' title="bbox 33 747 821 783">
     <span class='ocr_line' id='line_1_16' title="bbox 33 747 821 783; baseline 0 -9"><span class='ocrx_word' id='word_1_102' title='bbox 33 753 81 774; x_wconf 88' lang='lat' dir='ltr'><strong>tur.</strong></span> <span class='ocrx_word' id='word_1_103' title='bbox 95 747 151 775; x_wconf 82' lang='lat' dir='ltr'><strong>Nos</strong></span> <span class='ocrx_word' id='word_1_104' title='bbox 164 749 240 775; x_wconf 89' lang='lat' dir='ltr'><strong>enim</strong></span> <span class='ocrx_word' id='word_1_105' title='bbox 258 748 376 783; x_wconf 86' lang='lat' dir='ltr'><strong>apostoli</strong></span> <span class='ocrx_word' id='word_1_106' title='bbox 394 748 467 776; x_wconf 89' lang='lat' dir='ltr'><strong>illius</strong></span> <span class='ocrx_word' id='word_1_107' title='bbox 484 748 531 783; x_wconf 85' lang='lat' dir='ltr'><strong>qui</strong></span> <span class='ocrx_word' id='word_1_108' title='bbox 556 756 607 775; x_wconf 85' lang='lat' dir='ltr'><strong>nos</strong></span> <span class='ocrx_word' id='word_1_109' title='bbox 623 748 714 781; x_wconf 87' lang='lat' dir='ltr'><strong>misit,</strong></span> <span class='ocrx_word' id='word_1_110' title='bbox 736 747 821 775; x_wconf 85' lang='lat' dir='ltr'><strong>verba</strong></span> 
     </span>
    </p>
   </div>
   <div class='ocr_carea' id='block_1_17' title="bbox 32 794 822 829">
    <p class='ocr_par' dir='ltr' id='par_1_17' title="bbox 32 794 822 829">
     <span class='ocr_line' id='line_1_17' title="bbox 32 794 822 829; baseline 0 -9"><span class='ocrx_word' id='word_1_111' title='bbox 32 801 162 828; x_wconf 79' lang='lat' dir='ltr'><strong>exponere</strong></span> <span class='ocrx_word' id='word_1_112' title='bbox 177 794 258 822; x_wconf 87' lang='lat' dir='ltr'><strong>missi</strong></span> <span class='ocrx_word' id='word_1_113' title='bbox 273 802 370 822; x_wconf 90' lang='lat' dir='ltr'><strong>sumus</strong></span> <span class='ocrx_word' id='word_1_114' title='bbox 385 799 413 822; x_wconf 90' lang='lat' dir='ltr'><strong>et</strong></span> <span class='ocrx_word' id='word_1_115' title='bbox 433 794 569 822; x_wconf 86' lang='lat' dir='ltr'><strong>aﬁirmare</strong></span> <span class='ocrx_word' id='word_1_116' title='bbox 581 794 744 826; x_wconf 83' lang='lat' dir='ltr'><strong>sententias,</strong></span> <span class='ocrx_word' id='word_1_117' title='bbox 758 801 822 829; x_wconf 91' lang='lat' dir='ltr'><strong>pro-</strong></span> 
     </span>
    </p>
   </div>
   <div class='ocr_carea' id='block_1_18' title="bbox 34 840 821 876">
    <p class='ocr_par' dir='ltr' id='par_1_18' title="bbox 34 840 821 876">
     <span class='ocr_line' id='line_1_18' title="bbox 34 840 821 876; baseline 0.003 -9"><span class='ocrx_word' id='word_1_118' title='bbox 34 841 114 875; x_wconf 85' lang='lat' dir='ltr'><strong>priutu</strong></span> <span class='ocrx_word' id='word_1_119' title='bbox 123 848 190 868; x_wconf 73' lang='lat' dir='ltr'><strong>vero</strong></span> <span class='ocrx_word' id='word_1_120' title='bbox 201 840 293 868; x_wconf 83' lang='lat' dir='ltr'><strong>dicere</strong></span> <span class='ocrx_word' id='word_1_121' title='bbox 304 840 407 876; x_wconf 89' lang='lat' dir='ltr'><strong>aliquid</strong></span> <span class='ocrx_word' id='word_1_122' title='bbox 422 849 478 869; x_wconf 92' lang='lat' dir='ltr'><strong>non</strong></span> <span class='ocrx_word' id='word_1_123' title='bbox 490 841 623 868; x_wconf 80' lang='lat' dir='ltr'><strong>habemus</strong></span> <span class='ocrx_word' id='word_1_124' title='bbox 633 841 662 868; x_wconf 90' lang='lat' dir='ltr'><strong>in</strong></span> <span class='ocrx_word' id='word_1_125' title='bbox 672 841 821 874; x_wconf 87' lang='lat' dir='ltr'><strong>mandatis,</strong></span> 
     </span>
    </p>
   </div>
   <div class='ocr_carea' id='block_1_19' title="bbox 33 886 765 922">
    <p class='ocr_par' dir='ltr' id='par_1_19' title="bbox 33 886 765 922">
     <span class='ocr_line' id='line_1_19' title="bbox 33 886 765 922; baseline 0.001 -9"><span class='ocrx_word' id='word_1_126' title='bbox 33 886 74 913; x_wconf 79' lang='lat' dir='ltr'><strong>sed</strong></span> <span class='ocrx_word' id='word_1_127' title='bbox 87 887 237 915; x_wconf 87' lang='lat' dir='ltr'><strong>verborum</strong></span> <span class='ocrx_word' id='word_1_128' title='bbox 252 887 342 918; x_wconf 91' lang='lat' dir='ltr'><strong>illius,</strong></span> <span class='ocrx_word' id='word_1_129' title='bbox 360 891 391 914; x_wconf 90' lang='lat' dir='ltr'><strong>ut</strong></span> <span class='ocrx_word' id='word_1_130' title='bbox 406 887 474 919; x_wconf 77' lang='lat' dir='ltr'><strong>dixi,</strong></span> <span class='ocrx_word' id='word_1_131' title='bbox 493 887 600 922; x_wconf 86' lang='lat' dir='ltr'><strong>aperire</strong></span> <span class='ocrx_word' id='word_1_132' title='bbox 611 887 765 915; x_wconf 82' lang='lat' dir='ltr'><strong>veritatem.</strong></span> 
     </span>
    </p>
   </div>
   <div class='ocr_carea' id='block_1_20' title="bbox 66 931 821 969">
    <p class='ocr_par' dir='ltr' id='par_1_20' title="bbox 66 931 821 969">
     <span class='ocr_line' id='line_1_20' title="bbox 66 931 821 969; baseline 0.004 -11"><span class='ocrx_word' id='word_1_133' title='bbox 66 931 173 960; x_wconf 75' lang='lat' dir='ltr'><strong>XXXV.</strong></span> <span class='ocrx_word' id='word_1_134' title='bbox 196 933 230 960; x_wconf 89' lang='lat' dir='ltr'><strong>Et</strong></span> <span class='ocrx_word' id='word_1_135' title='bbox 248 934 343 960; x_wconf 65' lang='lat' dir='ltr'><strong>.‘imon</strong></span> <span class='ocrx_word' id='word_1_136' title='bbox 359 933 396 959; x_wconf 89' lang='lat' dir='ltr'><strong>ait</strong></span> <span class='ocrx_word' id='word_1_137' title='bbox 416 942 421 959; x_wconf 89' lang='lat'>:</span> <span class='ocrx_word' id='word_1_138' title='bbox 439 933 511 961; x_wconf 86' lang='lat' dir='ltr'><strong>Doce</strong></span> <span class='ocrx_word' id='word_1_139' title='bbox 526 941 590 969; x_wconf 82' lang='lat' dir='ltr'><strong>ergo</strong></span> <span class='ocrx_word' id='word_1_140' title='bbox 607 941 668 967; x_wconf 91' lang='lat' dir='ltr'><strong>nos,</strong></span> <span class='ocrx_word' id='word_1_141' title='bbox 682 933 821 969; x_wconf 88' lang='lat' dir='ltr'><strong>quomodo</strong></span> 
     </span>
    </p>
   </div>
   <div class='ocr_carea' id='block_1_21' title="bbox 34 980 822 1015">
    <p class='ocr_par' dir='ltr' id='par_1_21' title="bbox 34 980 822 1015">
     <span class='ocr_line' id='line_1_21' title="bbox 34 980 822 1015; baseline 0.005 -11"><span class='ocrx_word' id='word_1_142' title='bbox 34 981 184 1012; x_wconf 76' lang='lat' dir='ltr'><strong>conveniat,</strong></span> <span class='ocrx_word' id='word_1_143' title='bbox 199 984 229 1007; x_wconf 93' lang='lat' dir='ltr'><strong>ut</strong></span> <span class='ocrx_word' id='word_1_144' title='bbox 242 980 264 1008; x_wconf 87' lang='lat' dir='ltr'><strong>is</strong></span> <span class='ocrx_word' id='word_1_145' title='bbox 276 980 323 1015; x_wconf 85' lang='lat' dir='ltr'><strong>qui</strong></span> <span class='ocrx_word' id='word_1_146' title='bbox 336 980 485 1008; x_wconf 84' lang='lat' dir='ltr'><strong>divisiones</strong></span> <span class='ocrx_word' id='word_1_147' title='bbox 506 980 582 1012; x_wconf 81' lang='lat' dir='ltr'><strong>facit,</strong></span> <span class='ocrx_word' id='word_1_148' title='bbox 596 989 656 1015; x_wconf 63' lang='lat' dir='ltr'><strong>quae</strong></span> <span class='ocrx_word' id='word_1_149' title='bbox 672 980 822 1009; x_wconf 86' lang='lat' dir='ltr'><strong>divisiones</strong></span> 
     </span>
    </p>
   </div>
   <div class='ocr_carea' id='block_1_22' title="bbox 35 1026 822 1062">
    <p class='ocr_par' dir='ltr' id='par_1_22' title="bbox 35 1026 822 1062">
     <span class='ocr_line' id='line_1_22' title="bbox 35 1026 822 1062; baseline 0 -8"><span class='ocrx_word' id='word_1_150' title='bbox 35 1026 127 1054; x_wconf 81' lang='lat' dir='ltr'><strong>cadere</strong></span> <span class='ocrx_word' id='word_1_151' title='bbox 146 1026 251 1054; x_wconf 81' lang='lat' dir='ltr'><strong>faciant</strong></span> <span class='ocrx_word' id='word_1_152' title='bbox 264 1034 311 1055; x_wconf 87' lang='lat' dir='ltr'><strong>eos</strong></span> <span class='ocrx_word' id='word_1_153' title='bbox 322 1027 368 1062; x_wconf 91' lang='lat' dir='ltr'><strong>qui</strong></span> <span class='ocrx_word' id='word_1_154' title='bbox 382 1027 552 1058; x_wconf 90' lang='lat' dir='ltr'><strong>dividuntur,</strong></span> <span class='ocrx_word' id='word_1_155' title='bbox 568 1027 610 1054; x_wconf 88' lang='lat' dir='ltr'><strong>vel</strong></span> <span class='ocrx_word' id='word_1_156' title='bbox 627 1026 716 1054; x_wconf 87' lang='lat' dir='ltr'><strong>bonus</strong></span> <span class='ocrx_word' id='word_1_157' title='bbox 730 1027 822 1054; x_wconf 88' lang='lat' dir='ltr'><strong>videa-</strong></span> 
     </span>
    </p>
   </div>
   <div class='ocr_carea' id='block_1_23' title="bbox 37 1071 820 1103">
    <p class='ocr_par' dir='ltr' id='par_1_23' title="bbox 37 1071 820 1103">
     <span class='ocr_line' id='line_1_23' title="bbox 37 1071 820 1103; baseline 0 -4"><span class='ocrx_word' id='word_1_158' title='bbox 37 1077 86 1103; x_wconf 87' lang='lat' dir='ltr'><strong>tur,</strong></span> <span class='ocrx_word' id='word_1_159' title='bbox 101 1073 143 1100; x_wconf 85' lang='lat' dir='ltr'><strong>vel</strong></span> <span class='ocrx_word' id='word_1_160' title='bbox 164 1073 200 1100; x_wconf 90' lang='lat' dir='ltr'><strong>ad</strong></span> <span class='ocrx_word' id='word_1_161' title='bbox 225 1072 368 1100; x_wconf 87' lang='lat' dir='ltr'><strong>hominum</strong></span> <span class='ocrx_word' id='word_1_162' title='bbox 389 1073 505 1100; x_wconf 81' lang='lat' dir='ltr'><strong>salutem</strong></span> <span class='ocrx_word' id='word_1_163' title='bbox 517 1072 637 1100; x_wconf 76' lang='lat' dir='ltr'><strong>venisse.</strong></span> <span class='ocrx_word' id='word_1_164' title='bbox 661 1071 694 1099; x_wconf 87' lang='lat' dir='ltr'><strong>Et</strong></span> <span class='ocrx_word' id='word_1_165' title='bbox 706 1072 820 1100; x_wconf 89' lang='lat' dir='ltr'><strong>Petrus:</strong></span> 
     </span>
    </p>
   </div>
   <div class='ocr_carea' id='block_1_24' title="bbox 37 1119 823 1155">
    <p class='ocr_par' dir='ltr' id='par_1_24' title="bbox 37 1119 823 1155">
     <span class='ocr_line' id='line_1_24' title="bbox 37 1119 823 1155; baseline 0.001 -10"><span class='ocrx_word' id='word_1_166' title='bbox 37 1119 112 1151; x_wconf 81' lang='lat' dir='ltr'><strong>Audi,</strong></span> <span class='ocrx_word' id='word_1_167' title='bbox 129 1119 269 1154; x_wconf 89' lang='lat' dir='ltr'><strong>quomodo</strong></span> <span class='ocrx_word' id='word_1_168' title='bbox 284 1120 414 1153; x_wconf 79' lang='lat' dir='ltr'><strong>magister</strong></span> <span class='ocrx_word' id='word_1_169' title='bbox 437 1122 532 1147; x_wconf 88' lang='lat' dir='ltr'><strong>noster</strong></span> <span class='ocrx_word' id='word_1_170' title='bbox 551 1127 632 1147; x_wconf 85' lang='lat' dir='ltr'><strong>omne</strong></span> <span class='ocrx_word' id='word_1_171' title='bbox 651 1127 776 1155; x_wconf 77' lang='lat' dir='ltr'><strong>regnum,</strong></span> <span class='ocrx_word' id='word_1_172' title='bbox 796 1123 823 1147; x_wconf 90' lang='lat' dir='ltr'><strong>et</strong></span> 
     </span>
    </p>
   </div>
   <div class='ocr_carea' id='block_1_25' title="bbox 37 1164 823 1200">
    <p class='ocr_par' dir='ltr' id='par_1_25' title="bbox 37 1164 823 1200">
     <span class='ocr_line' id='line_1_25' title="bbox 37 1164 823 1200; baseline 0.001 -9"><span class='ocrx_word' id='word_1_173' title='bbox 37 1173 141 1193; x_wconf 89' lang='lat' dir='ltr'><strong>omnem</strong></span> <span class='ocrx_word' id='word_1_174' title='bbox 155 1165 269 1193; x_wconf 88' lang='lat' dir='ltr'><strong>domutn</strong></span> <span class='ocrx_word' id='word_1_175' title='bbox 284 1164 400 1193; x_wconf 83' lang='lat' dir='ltr'><strong>divisam</strong></span> <span class='ocrx_word' id='word_1_176' title='bbox 416 1165 562 1192; x_wconf 88' lang='lat' dir='ltr'><strong>adversum</strong></span> <span class='ocrx_word' id='word_1_177' title='bbox 579 1165 765 1200; x_wconf 83' lang='lat' dir='ltr'><strong>semetipsam,</strong></span> <span class='ocrx_word' id='word_1_178' title='bbox 781 1164 823 1192; x_wconf 90' lang='lat' dir='ltr'><strong>di—</strong></span> 
     </span>
    </p>
   </div>
   <div class='ocr_carea' id='block_1_26' title="bbox 38 1212 823 1248">
    <p class='ocr_par' dir='ltr' id='par_1_26' title="bbox 38 1212 823 1248">
     <span class='ocr_line' id='line_1_26' title="bbox 38 1212 823 1248; baseline 0.003 -10"><span class='ocrx_word' id='word_1_179' title='bbox 38 1213 73 1239; x_wconf 78' lang='lat' dir='ltr'><strong>xit</strong></span> <span class='ocrx_word' id='word_1_180' title='bbox 96 1217 168 1241; x_wconf 89' lang='lat' dir='ltr'><strong>stare</strong></span> <span class='ocrx_word' id='word_1_181' title='bbox 195 1220 251 1240; x_wconf 89' lang='lat' dir='ltr'><strong>non</strong></span> <span class='ocrx_word' id='word_1_182' title='bbox 272 1220 362 1248; x_wconf 89' lang='lat' dir='ltr'><strong>posse.</strong></span> <span class='ocrx_word' id='word_1_183' title='bbox 388 1212 445 1240; x_wconf 74' lang='lat' dir='ltr'><strong>[loc</strong></span> <span class='ocrx_word' id='word_1_184' title='bbox 468 1217 561 1241; x_wconf 87' lang='lat' dir='ltr'><strong>autem</strong></span> <span class='ocrx_word' id='word_1_185' title='bbox 584 1220 646 1240; x_wconf 92' lang='lat' dir='ltr'><strong>cum</strong></span> <span class='ocrx_word' id='word_1_186' title='bbox 670 1213 729 1248; x_wconf 85' lang='lat' dir='ltr'><strong>ipse</strong></span> <span class='ocrx_word' id='word_1_187' title='bbox 748 1213 823 1245; x_wconf 84' lang='lat' dir='ltr'><strong>fecit,</strong></span> 
     </span>
    </p>
   </div>
   <div class='ocr_carea' id='block_1_27' title="bbox 38 1258 824 1295">
    <p class='ocr_par' dir='ltr' id='par_1_27' title="bbox 38 1258 824 1295">
     <span class='ocr_line' id='line_1_27' title="bbox 38 1258 824 1295; baseline 0.003 -11"><span class='ocrx_word' id='word_1_188' title='bbox 38 1258 94 1285; x_wconf 82' lang='lat' dir='ltr'><strong>vide</strong></span> <span class='ocrx_word' id='word_1_189' title='bbox 105 1259 245 1293; x_wconf 86' lang='lat' dir='ltr'><strong>quomodo</strong></span> <span class='ocrx_word' id='word_1_190' title='bbox 257 1259 291 1286; x_wconf 84' lang='lat' dir='ltr'><strong>ad</strong></span> <span class='ocrx_word' id='word_1_191' title='bbox 309 1259 424 1286; x_wconf 83' lang='lat' dir='ltr'><strong>salutem</strong></span> <span class='ocrx_word' id='word_1_192' title='bbox 442 1259 531 1286; x_wconf 77' lang='lat' dir='ltr'><strong>cedat.</strong></span> <span class='ocrx_word' id='word_1_193' title='bbox 551 1259 580 1286; x_wconf 91' lang='lat' dir='ltr'><strong>In</strong></span> <span class='ocrx_word' id='word_1_194' title='bbox 595 1267 688 1287; x_wconf 90' lang='lat' dir='ltr'><strong>errore</strong></span> <span class='ocrx_word' id='word_1_195' title='bbox 705 1260 824 1295; x_wconf 89' lang='lat' dir='ltr'><strong>positum</strong></span> 
     </span>
    </p>
   </div>
   <div class='ocr_carea' id='block_1_28' title="bbox 39 1305 824 1340">
    <p class='ocr_par' dir='ltr' id='par_1_28' title="bbox 39 1305 824 1340">
     <span class='ocr_line' id='line_1_28' title="bbox 39 1305 824 1340; baseline 0.003 -9"><span class='ocrx_word' id='word_1_196' title='bbox 39 1305 126 1332; x_wconf 87' lang='lat' dir='ltr'><strong>mundi</strong></span> <span class='ocrx_word' id='word_1_197' title='bbox 147 1313 275 1340; x_wconf 80' lang='lat' dir='ltr'><strong>regnum,</strong></span> <span class='ocrx_word' id='word_1_198' title='bbox 298 1306 341 1333; x_wconf 88' lang='lat' dir='ltr'><strong>vel</strong></span> <span class='ocrx_word' id='word_1_199' title='bbox 365 1313 583 1340; x_wconf 79' lang='lat' dir='ltr'><strong>unamquamque</strong></span> <span class='ocrx_word' id='word_1_200' title='bbox 609 1305 637 1332; x_wconf 92' lang='lat' dir='ltr'><strong>in</strong></span> <span class='ocrx_word' id='word_1_201' title='bbox 659 1313 692 1333; x_wconf 87' lang='lat' dir='ltr'><strong>eo</strong></span> <span class='ocrx_word' id='word_1_202' title='bbox 713 1306 824 1334; x_wconf 89' lang='lat' dir='ltr'><strong>domum</strong></span> 
     </span>
    </p>
   </div>
   <div class='ocr_carea' id='block_1_29' title="bbox 39 1351 826 1387">
    <p class='ocr_par' dir='ltr' id='par_1_29' title="bbox 39 1351 826 1387">
     <span class='ocr_line' id='line_1_29' title="bbox 39 1351 826 1387; baseline 0.004 -10"><span class='ocrx_word' id='word_1_203' title='bbox 39 1351 116 1378; x_wconf 79' lang='lat' dir='ltr'><strong>verbo</strong></span> <span class='ocrx_word' id='word_1_204' title='bbox 132 1352 256 1380; x_wconf 78' lang='lat' dir='ltr'><strong>veritatis</strong></span> <span class='ocrx_word' id='word_1_205' title='bbox 272 1351 379 1384; x_wconf 76' lang='lat' dir='ltr'><strong>dividit,</strong></span> <span class='ocrx_word' id='word_1_206' title='bbox 395 1353 490 1387; x_wconf 87' lang='lat' dir='ltr'><strong>procul</strong></span> <span class='ocrx_word' id='word_1_207' title='bbox 506 1352 590 1379; x_wconf 87' lang='lat' dir='ltr'><strong>dubio</strong></span> <span class='ocrx_word' id='word_1_208' title='bbox 612 1355 641 1378; x_wconf 91' lang='lat' dir='ltr'><strong>ut</strong></span> <span class='ocrx_word' id='word_1_209' title='bbox 656 1352 736 1379; x_wconf 81' lang='lat' dir='ltr'><strong>cadat</strong></span> <span class='ocrx_word' id='word_1_210' title='bbox 748 1360 826 1380; x_wconf 85' lang='lat' dir='ltr'><strong>error</strong></span> 
     </span>
    </p>
   </div>
   <div class='ocr_carea' id='block_1_30' title="bbox 40 1399 825 1434">
    <p class='ocr_par' dir='ltr' id='par_1_30' title="bbox 40 1399 825 1434">
     <span class='ocr_line' id='line_1_30' title="bbox 40 1399 825 1434; baseline 0.003 -10"><span class='ocrx_word' id='word_1_211' title='bbox 40 1403 63 1424; x_wconf 82' lang='lat' dir='ltr'><strong>et</strong></span> <span class='ocrx_word' id='word_1_212' title='bbox 75 1399 173 1426; x_wconf 84' lang='lat' dir='ltr'><strong>veritas</strong></span> <span class='ocrx_word' id='word_1_213' title='bbox 189 1403 295 1434; x_wconf 82' lang='lat' dir='ltr'><strong>regnet.</strong></span> <span class='ocrx_word' id='word_1_214' title='bbox 311 1399 388 1432; x_wconf 83' lang='lat' dir='ltr'><strong>Quod</strong></span> <span class='ocrx_word' id='word_1_215' title='bbox 404 1400 428 1427; x_wconf 97' lang='lat' dir='ltr'><strong>si</strong></span> <span class='ocrx_word' id='word_1_216' title='bbox 445 1399 527 1427; x_wconf 86' lang='lat' dir='ltr'><strong>alicui</strong></span> <span class='ocrx_word' id='word_1_217' title='bbox 548 1399 654 1426; x_wconf 89' lang='lat' dir='ltr'><strong>accidat</strong></span> <span class='ocrx_word' id='word_1_218' title='bbox 674 1400 778 1432; x_wconf 85' lang='lat' dir='ltr'><strong>domui,</strong></span> <span class='ocrx_word' id='word_1_219' title='bbox 795 1405 825 1427; x_wconf 92' lang='lat' dir='ltr'><strong>ut</strong></span> 
     </span>
    </p>
   </div>
   <div class='ocr_carea' id='block_1_31' title="bbox 40 1445 824 1481">
    <p class='ocr_par' dir='ltr' id='par_1_31' title="bbox 40 1445 824 1481">
     <span class='ocr_line' id='line_1_31' title="bbox 40 1445 824 1481; baseline 0.005 -12"><span class='ocrx_word' id='word_1_220' title='bbox 40 1451 113 1471; x_wconf 83' lang='lat' dir='ltr'><strong>error</strong></span> <span class='ocrx_word' id='word_1_221' title='bbox 136 1445 311 1473; x_wconf 86' lang='lat' dir='ltr'><strong>introductus</strong></span> <span class='ocrx_word' id='word_1_222' title='bbox 332 1453 380 1481; x_wconf 90' lang='lat' dir='ltr'><strong>per</strong></span> <span class='ocrx_word' id='word_1_223' title='bbox 402 1446 521 1480; x_wconf 84' lang='lat' dir='ltr'><strong>aliquem</strong></span> <span class='ocrx_word' id='word_1_224' title='bbox 544 1446 647 1473; x_wconf 85' lang='lat' dir='ltr'><strong>dividat</strong></span> <span class='ocrx_word' id='word_1_225' title='bbox 670 1446 824 1477; x_wconf 84' lang='lat' dir='ltr'><strong>veritatem.</strong></span> 
     </span>
    </p>
   </div>
   <div class='ocr_carea' id='block_1_32' title="bbox 42 1491 826 1523">
    <p class='ocr_par' dir='ltr' id='par_1_32' title="bbox 42 1491 826 1523">
     <span class='ocr_line' id='line_1_32' title="bbox 42 1491 826 1523; baseline 0.005 -8"><span class='ocrx_word' id='word_1_226' title='bbox 42 1497 99 1516; x_wconf 82' lang='lat' dir='ltr'><strong>cum</strong></span> <span class='ocrx_word' id='word_1_227' title='bbox 120 1499 201 1518; x_wconf 72' lang='lat' dir='ltr'><strong>errcr</strong></span> <span class='ocrx_word' id='word_1_228' title='bbox 225 1491 387 1523; x_wconf 91' lang='lat' dir='ltr'><strong>obtinuerit,</strong></span> <span class='ocrx_word' id='word_1_229' title='bbox 404 1495 509 1519; x_wconf 90' lang='lat' dir='ltr'><strong>certum</strong></span> <span class='ocrx_word' id='word_1_230' title='bbox 529 1496 571 1520; x_wconf 90' lang='lat' dir='ltr'><strong>est</strong></span> <span class='ocrx_word' id='word_1_231' title='bbox 593 1492 735 1520; x_wconf 86' lang='lat' dir='ltr'><strong>veritatem</strong></span> <span class='ocrx_word' id='word_1_232' title='bbox 753 1496 826 1520; x_wconf 90' lang='lat' dir='ltr'><strong>stare</strong></span> 
     </span>
    </p>
   </div>
   <div class='ocr_carea' id='block_1_33' title="bbox 44 1537 861 1572">
    <p class='ocr_par' dir='ltr' id='par_1_33' title="bbox 44 1537 861 1572">
     <span class='ocr_line' id='line_1_33' title="bbox 44 1537 861 1572; baseline 0.006 -10"><span class='ocrx_word' id='word_1_233' title='bbox 44 1543 93 1562; x_wconf 90' lang='lat' dir='ltr'><strong>non</strong></span> <span class='ocrx_word' id='word_1_234' title='bbox 112 1545 205 1572; x_wconf 85' lang='lat' dir='ltr'><strong>posse.</strong></span> <span class='ocrx_word' id='word_1_235' title='bbox 232 1537 265 1565; x_wconf 84' lang='lat' dir='ltr'><strong>Et</strong></span> <span class='ocrx_word' id='word_1_236' title='bbox 281 1537 396 1566; x_wconf 89' lang='lat' dir='ltr'><strong>Simon:</strong></span> <span class='ocrx_word' id='word_1_237' title='bbox 412 1538 465 1566; x_wconf 88' lang='lat' dir='ltr'><strong>Sed</strong></span> <span class='ocrx_word' id='word_1_238' title='bbox 495 1540 630 1566; x_wconf 88' lang='lat' dir='ltr'><strong>incertum</strong></span> <span class='ocrx_word' id='word_1_239' title='bbox 657 1543 709 1571; x_wconf 90' lang='lat' dir='ltr'><strong>est,</strong></span> <span class='ocrx_word' id='word_1_240' title='bbox 734 1543 825 1566; x_wconf 88' lang='lat' dir='ltr'><strong>tttrum</strong></span> <span class='ocrx_word' id='word_1_241' title='bbox 840 1541 861 1568; x_wconf 88' lang='lat' dir='ltr'>C</span> 
     </span>
    </p>
   </div>
   <div class='ocr_carea' id='block_1_34' title="bbox 45 1581 826 1615">
    <p class='ocr_par' dir='ltr' id='par_1_34' title="bbox 45 1581 826 1615">
     <span class='ocr_line' id='line_1_34' title="bbox 45 1581 826 1615; baseline 0.008 -10"><span class='ocrx_word' id='word_1_242' title='bbox 45 1581 168 1615; x_wconf 74' lang='lat' dir='ltr'><strong>magister</strong></span> <span class='ocrx_word' id='word_1_243' title='bbox 188 1587 280 1610; x_wconf 86' lang='lat' dir='ltr'><strong>vester</strong></span> <span class='ocrx_word' id='word_1_244' title='bbox 300 1591 421 1611; x_wconf 89' lang='lat' dir='ltr'><strong>errorem</strong></span> <span class='ocrx_word' id='word_1_245' title='bbox 437 1584 541 1611; x_wconf 87' lang='lat' dir='ltr'><strong>dividat</strong></span> <span class='ocrx_word' id='word_1_246' title='bbox 557 1591 591 1611; x_wconf 90' lang='lat' dir='ltr'><strong>an</strong></span> <span class='ocrx_word' id='word_1_247' title='bbox 608 1584 759 1612; x_wconf 83' lang='lat' dir='ltr'><strong>veritatem.</strong></span> <span class='ocrx_word' id='word_1_248' title='bbox 794 1583 826 1611; x_wconf 88' lang='lat' dir='ltr'><strong>Et</strong></span> 
     </span>
    </p>
   </div>
   <div class='ocr_carea' id='block_1_35' title="bbox 45 1624 827 1665">
    <p class='ocr_par' dir='ltr' id='par_1_35' title="bbox 45 1624 827 1665">
     <span class='ocr_line' id='line_1_35' title="bbox 45 1624 827 1665; baseline 0.005 -11"><span class='ocrx_word' id='word_1_249' title='bbox 45 1624 133 1655; x_wconf 78' lang='lat' dir='ltr'><strong>Petrus</strong></span> <span class='ocrx_word' id='word_1_250' title='bbox 146 1639 152 1656; x_wconf 88' lang='lat'>:</span> <span class='ocrx_word' id='word_1_251' title='bbox 165 1629 242 1656; x_wconf 89' lang='lat' dir='ltr'><strong>Istud</strong></span> <span class='ocrx_word' id='word_1_252' title='bbox 256 1630 368 1657; x_wconf 87' lang='lat' dir='ltr'><strong>alterius</strong></span> <span class='ocrx_word' id='word_1_253' title='bbox 378 1630 538 1665; x_wconf 67' lang='lat' dir='ltr'><strong>quaestionis</strong></span> <span class='ocrx_word' id='word_1_254' title='bbox 550 1635 600 1658; x_wconf 88' lang='lat' dir='ltr'><strong>est.</strong></span> <span class='ocrx_word' id='word_1_255' title='bbox 615 1630 668 1659; x_wconf 87' lang='lat' dir='ltr'><strong>Sed</strong></span> <span class='ocrx_word' id='word_1_256' title='bbox 683 1630 707 1658; x_wconf 88' lang='lat' dir='ltr'><strong>si</strong></span> <span class='ocrx_word' id='word_1_257' title='bbox 720 1635 827 1658; x_wconf 89' lang='lat' dir='ltr'><strong>constat</strong></span> 
     </span>
    </p>
   </div>
   <div class='ocr_carea' id='block_1_36' title="bbox 46 1673 828 1711">
    <p class='ocr_par' dir='ltr' id='par_1_36' title="bbox 46 1673 828 1711">
     <span class='ocr_line' id='line_1_36' title="bbox 46 1673 828 1711; baseline 0.006 -12"><span class='ocrx_word' id='word_1_258' title='bbox 46 1673 112 1706; x_wconf 82' lang='lat' dir='ltr'><strong>apud</strong></span> <span class='ocrx_word' id='word_1_259' title='bbox 125 1678 161 1707; x_wconf 88' lang='lat' dir='ltr'><strong>te,</strong></span> <span class='ocrx_word' id='word_1_260' title='bbox 178 1676 244 1710; x_wconf 86' lang='lat' dir='ltr'><strong>quia</strong></span> <span class='ocrx_word' id='word_1_261' title='bbox 259 1683 340 1704; x_wconf 91' lang='lat' dir='ltr'><strong>omne</strong></span> <span class='ocrx_word' id='word_1_262' title='bbox 356 1676 429 1711; x_wconf 90' lang='lat' dir='ltr'><strong>quod</strong></span> <span class='ocrx_word' id='word_1_263' title='bbox 452 1677 571 1704; x_wconf 89' lang='lat' dir='ltr'><strong>divisum</strong></span> <span class='ocrx_word' id='word_1_264' title='bbox 587 1678 669 1704; x_wconf 84' lang='lat' dir='ltr'><strong>fuerit</strong></span> <span class='ocrx_word' id='word_1_265' title='bbox 682 1677 764 1710; x_wconf 89' lang='lat' dir='ltr'><strong>cadit,</strong></span> <span class='ocrx_word' id='word_1_266' title='bbox 780 1685 828 1705; x_wconf 87' lang='lat' dir='ltr'><strong>su-</strong></span> 
     </span>
    </p>
   </div>
   <div class='ocr_carea' id='block_1_37' title="bbox 48 1721 826 1757">
    <p class='ocr_par' dir='ltr' id='par_1_37' title="bbox 48 1721 826 1757">
     <span class='ocr_line' id='line_1_37' title="bbox 48 1721 826 1757; baseline 0.008 -13"><span class='ocrx_word' id='word_1_267' title='bbox 48 1723 130 1750; x_wconf 85' lang='lat' dir='ltr'><strong>perest</strong></span> <span class='ocrx_word' id='word_1_268' title='bbox 142 1724 171 1747; x_wconf 90' lang='lat' dir='ltr'><strong>ut</strong></span> <span class='ocrx_word' id='word_1_269' title='bbox 182 1721 336 1754; x_wconf 83' lang='lat' dir='ltr'><strong>ostendam,</strong></span> <span class='ocrx_word' id='word_1_270' title='bbox 349 1722 372 1749; x_wconf 82' lang='lat' dir='ltr'><strong>si</strong></span> <span class='ocrx_word' id='word_1_271' title='bbox 388 1724 495 1749; x_wconf 89' lang='lat' dir='ltr'><strong>tantum</strong></span> <span class='ocrx_word' id='word_1_272' title='bbox 511 1729 573 1749; x_wconf 79' lang='lat' dir='ltr'><strong>cuin</strong></span> <span class='ocrx_word' id='word_1_273' title='bbox 587 1729 653 1757; x_wconf 90' lang='lat' dir='ltr'><strong>pace</strong></span> <span class='ocrx_word' id='word_1_274' title='bbox 666 1723 762 1750; x_wconf 87' lang='lat' dir='ltr'><strong>audire</strong></span> <span class='ocrx_word' id='word_1_275' title='bbox 776 1723 826 1754; x_wconf 86' lang='lat' dir='ltr'><strong>vis,</strong></span> 
     </span>
    </p>
   </div>
   <div class='ocr_carea' id='block_1_38' title="bbox 47 1765 827 1801">
    <p class='ocr_par' dir='ltr' id='par_1_38' title="bbox 47 1765 827 1801">
     <span class='ocr_line' id='line_1_38' title="bbox 47 1765 827 1801; baseline 0.006 -10"><span class='ocrx_word' id='word_1_276' title='bbox 47 1765 114 1796; x_wconf 67' lang='lat' dir='ltr'><strong>Quod</strong></span> <span class='ocrx_word' id='word_1_277' title='bbox 129 1765 212 1794; x_wconf 84' lang='lat' dir='ltr'><strong>Jcsus</strong></span> <span class='ocrx_word' id='word_1_278' title='bbox 234 1771 330 1794; x_wconf 87' lang='lat' dir='ltr'><strong>noster</strong></span> <span class='ocrx_word' id='word_1_279' title='bbox 345 1775 467 1795; x_wconf 87' lang='lat' dir='ltr'><strong>errorem</strong></span> <span class='ocrx_word' id='word_1_280' title='bbox 487 1767 612 1796; x_wconf 88' lang='lat' dir='ltr'><strong>diviserit.</strong></span> <span class='ocrx_word' id='word_1_281' title='bbox 627 1776 660 1796; x_wconf 91' lang='lat' dir='ltr'><strong>ac</strong></span> <span class='ocrx_word' id='word_1_282' title='bbox 675 1769 827 1801; x_wconf 71' lang='lat' dir='ltr'><strong>resolverit,</strong></span> 
     </span>
    </p>
   </div>
   <div class='ocr_carea' id='block_1_39' title="bbox 48 1807 331 1840">
    <p class='ocr_par' dir='ltr' id='par_1_39' title="bbox 48 1807 331 1840">
     <span class='ocr_line' id='line_1_39' title="bbox 48 1807 331 1840; baseline 0.025 -7"><span class='ocrx_word' id='word_1_283' title='bbox 48 1807 164 1838; x_wconf 87' lang='lat' dir='ltr'><strong>docendo</strong></span> <span class='ocrx_word' id='word_1_284' title='bbox 177 1813 331 1840; x_wconf 85' lang='lat' dir='ltr'><strong>veritatem.</strong></span> 
     </span>
    </p>
   </div>
   <div class='ocr_carea' id='block_1_40' title="bbox 80 1855 828 1896">
    <p class='ocr_par' dir='ltr' id='par_1_40' title="bbox 80 1855 828 1896">
     <span class='ocr_line' id='line_1_40' title="bbox 80 1855 828 1896; baseline 0.007 -12"><span class='ocrx_word' id='word_1_285' title='bbox 80 1855 197 1885; x_wconf 73' lang='lat' dir='ltr'><strong>XXXVI.</strong></span> <span class='ocrx_word' id='word_1_286' title='bbox 214 1858 284 1886; x_wconf 91' lang='lat' dir='ltr'><strong>Tum</strong></span> <span class='ocrx_word' id='word_1_287' title='bbox 301 1858 395 1886; x_wconf 92' lang='lat' dir='ltr'><strong>Simon</strong></span> <span class='ocrx_word' id='word_1_288' title='bbox 409 1868 414 1885; x_wconf 96' lang='lat'>:</span> <span class='ocrx_word' id='word_1_289' title='bbox 427 1859 538 1893; x_wconf 86' lang='lat' dir='ltr'><strong>Omitte,</strong></span> <span class='ocrx_word' id='word_1_290' title='bbox 559 1860 659 1896; x_wconf 80' lang='lat' dir='ltr'><strong>inquit,</strong></span> <span class='ocrx_word' id='word_1_291' title='bbox 675 1869 828 1889; x_wconf 82' lang='lat' dir='ltr'><strong>sermonem</strong></span> 
     </span>
    </p>
   </div>
   <div class='ocr_carea' id='block_1_41' title="bbox 49 1902 830 1941">
    <p class='ocr_par' dir='ltr' id='par_1_41' title="bbox 49 1902 830 1941">
     <span class='ocr_line' id='line_1_41' title="bbox 49 1902 830 1941; baseline 0.008 -14"><span class='ocrx_word' id='word_1_292' title='bbox 49 1902 118 1934; x_wconf 78' lang='lat' dir='ltr'><strong>pacis</strong></span> <span class='ocrx_word' id='word_1_293' title='bbox 134 1903 293 1939; x_wconf 88' lang='lat' dir='ltr'><strong>frequenter</strong></span> <span class='ocrx_word' id='word_1_294' title='bbox 308 1905 419 1937; x_wconf 86' lang='lat' dir='ltr'><strong>iterare,</strong></span> <span class='ocrx_word' id='word_1_295' title='bbox 434 1905 499 1940; x_wconf 87' lang='lat' dir='ltr'><strong>quid</strong></span> <span class='ocrx_word' id='word_1_296' title='bbox 513 1914 577 1933; x_wconf 85' lang='lat' dir='ltr'><strong>vero</strong></span> <span class='ocrx_word' id='word_1_297' title='bbox 593 1908 628 1934; x_wconf 90' lang='lat' dir='ltr'><strong>sit</strong></span> <span class='ocrx_word' id='word_1_298' title='bbox 648 1906 721 1941; x_wconf 88' lang='lat' dir='ltr'><strong>quod</strong></span> <span class='ocrx_word' id='word_1_299' title='bbox 743 1908 830 1935; x_wconf 87' lang='lat' dir='ltr'><strong>scutis</strong></span> 
     </span>
    </p>
   </div>
   <div class='ocr_carea' id='block_1_42' title="bbox 50 1950 830 1986">
    <p class='ocr_par' dir='ltr' id='par_1_42' title="bbox 50 1950 830 1986">
     <span class='ocr_line' id='line_1_42' title="bbox 50 1950 830 1986; baseline 0.014 -16"><span class='ocrx_word' id='word_1_300' title='bbox 50 1951 91 1972; x_wconf 85' lang='lat' dir='ltr'><strong>aut</strong></span> <span class='ocrx_word' id='word_1_301' title='bbox 114 1950 213 1982; x_wconf 72' lang='lat' dir='ltr'><strong>credis,</strong></span> <span class='ocrx_word' id='word_1_302' title='bbox 233 1950 351 1977; x_wconf 83' lang='lat' dir='ltr'><strong>breviter</strong></span> <span class='ocrx_word' id='word_1_303' title='bbox 374 1958 490 1985; x_wconf 81' lang='lat' dir='ltr'><strong>expone.</strong></span> <span class='ocrx_word' id='word_1_304' title='bbox 516 1951 549 1978; x_wconf 85' lang='lat' dir='ltr'><strong>Et</strong></span> <span class='ocrx_word' id='word_1_305' title='bbox 573 1951 670 1980; x_wconf 81' lang='lat' dir='ltr'><strong>Petrus</strong></span> <span class='ocrx_word' id='word_1_306' title='bbox 685 1953 742 1981; x_wconf 88' lang='lat' dir='ltr'><strong>ait:</strong></span> <span class='ocrx_word' id='word_1_307' title='bbox 759 1953 830 1986; x_wconf 84' lang='lat' dir='ltr'><strong>Quid</strong></span> 
     </span>
    </p>
   </div>
   <div class='ocr_carea' id='block_1_43' title="bbox 50 1994 830 2035">
    <p class='ocr_par' dir='ltr' id='par_1_43' title="bbox 50 1994 830 2035">
     <span class='ocr_line' id='line_1_43' title="bbox 50 1994 830 2035; baseline 0.009 -15"><span class='ocrx_word' id='word_1_308' title='bbox 50 1994 123 2023; x_wconf 86' lang='lat' dir='ltr'><strong>times</strong></span> <span class='ocrx_word' id='word_1_309' title='bbox 150 1997 248 2024; x_wconf 86' lang='lat' dir='ltr'><strong>crebro</strong></span> <span class='ocrx_word' id='word_1_310' title='bbox 271 1996 367 2024; x_wconf 90' lang='lat' dir='ltr'><strong>audire</strong></span> <span class='ocrx_word' id='word_1_311' title='bbox 389 1997 423 2025; x_wconf 91' lang='lat' dir='ltr'><strong>de</strong></span> <span class='ocrx_word' id='word_1_312' title='bbox 447 1997 534 2032; x_wconf 85' lang='lat' dir='ltr'><strong>pace?</strong></span> <span class='ocrx_word' id='word_1_313' title='bbox 559 2003 606 2026; x_wconf 88' lang='lat' dir='ltr'><strong>aut</strong></span> <span class='ocrx_word' id='word_1_314' title='bbox 633 1999 744 2034; x_wconf 82' lang='lat' dir='ltr'><strong>ignoras</strong></span> <span class='ocrx_word' id='word_1_315' title='bbox 766 2000 830 2035; x_wconf 87' lang='lat' dir='ltr'><strong>quia</strong></span> 
     </span>
    </p>
   </div>
   <div class='ocr_carea' id='block_1_44' title="bbox 50 2041 832 2079">
    <p class='ocr_par' dir='ltr' id='par_1_44' title="bbox 50 2041 832 2079">
     <span class='ocr_line' id='line_1_44' title="bbox 50 2041 832 2079; baseline 0.006 -12"><span class='ocrx_word' id='word_1_316' title='bbox 50 2041 175 2074; x_wconf 80' lang='lat' dir='ltr'><strong>perfectio</strong></span> <span class='ocrx_word' id='word_1_317' title='bbox 190 2043 258 2078; x_wconf 78' lang='lat' dir='ltr'><strong>legis</strong></span> <span class='ocrx_word' id='word_1_318' title='bbox 270 2051 323 2078; x_wconf 83' lang='lat' dir='ltr'><strong>pax</strong></span> <span class='ocrx_word' id='word_1_319' title='bbox 337 2044 399 2071; x_wconf 79' lang='lat' dir='ltr'><strong>est?</strong></span> <span class='ocrx_word' id='word_1_320' title='bbox 415 2051 448 2072; x_wconf 81' lang='lat' dir='ltr'><strong>ex</strong></span> <span class='ocrx_word' id='word_1_321' title='bbox 463 2044 584 2079; x_wconf 86' lang='lat' dir='ltr'><strong>peccatis</strong></span> <span class='ocrx_word' id='word_1_322' title='bbox 608 2045 682 2072; x_wconf 91' lang='lat' dir='ltr'><strong>enim</strong></span> <span class='ocrx_word' id='word_1_323' title='bbox 698 2045 768 2073; x_wconf 88' lang='lat' dir='ltr'><strong>bella</strong></span> <span class='ocrx_word' id='word_1_324' title='bbox 782 2053 832 2072; x_wconf 88' lang='lat' dir='ltr'><strong>na-</strong></span> 
     </span>
    </p>
   </div>
   <div class='ocr_carea' id='block_1_45' title="bbox 51 2089 830 2125">
    <p class='ocr_par' dir='ltr' id='par_1_45' title="bbox 51 2089 830 2125">
     <span class='ocr_line' id='line_1_45' title="bbox 51 2089 830 2125; baseline 0.009 -14"><span class='ocrx_word' id='word_1_325' title='bbox 51 2091 159 2115; x_wconf 90' lang='lat' dir='ltr'><strong>scuntur</strong></span> <span class='ocrx_word' id='word_1_326' title='bbox 171 2092 201 2117; x_wconf 86' lang='lat' dir='ltr'><strong>et</strong></span> <span class='ocrx_word' id='word_1_327' title='bbox 213 2089 376 2121; x_wconf 85' lang='lat' dir='ltr'><strong>certamina,</strong></span> <span class='ocrx_word' id='word_1_328' title='bbox 393 2090 440 2117; x_wconf 92' lang='lat' dir='ltr'><strong>ubi</strong></span> <span class='ocrx_word' id='word_1_329' title='bbox 456 2093 548 2118; x_wconf 91' lang='lat' dir='ltr'><strong>autem</strong></span> <span class='ocrx_word' id='word_1_330' title='bbox 562 2095 705 2125; x_wconf 88' lang='lat' dir='ltr'><strong>peccatum</strong></span> <span class='ocrx_word' id='word_1_331' title='bbox 721 2099 774 2118; x_wconf 92' lang='lat' dir='ltr'><strong>non</strong></span> <span class='ocrx_word' id='word_1_332' title='bbox 792 2091 830 2124; x_wconf 89' lang='lat' dir='ltr'><strong>lit,</strong></span> 
     </span>
    </p>
   </div>
   <div class='ocr_carea' id='block_1_46' title="bbox 51 2135 832 2172">
    <p class='ocr_par' dir='ltr' id='par_1_46' title="bbox 51 2135 832 2172">
     <span class='ocr_line' id='line_1_46' title="bbox 51 2135 832 2172; baseline 0.006 -13"><span class='ocrx_word' id='word_1_333' title='bbox 51 2139 97 2165; x_wconf 79' lang='lat' dir='ltr'><strong>pax</strong></span> <span class='ocrx_word' id='word_1_334' title='bbox 111 2138 151 2161; x_wconf 88' lang='lat' dir='ltr'><strong>est</strong></span> <span class='ocrx_word' id='word_1_335' title='bbox 159 2135 275 2162; x_wconf 64' lang='lat' dir='ltr'><strong>animae:</strong></span> <span class='ocrx_word' id='word_1_336' title='bbox 289 2135 337 2162; x_wconf 92' lang='lat' dir='ltr'><strong>ubi</strong></span> <span class='ocrx_word' id='word_1_337' title='bbox 349 2142 416 2162; x_wconf 88' lang='lat' dir='ltr'><strong>vero</strong></span> <span class='ocrx_word' id='word_1_338' title='bbox 427 2143 477 2170; x_wconf 87' lang='lat' dir='ltr'><strong>pax</strong></span> <span class='ocrx_word' id='word_1_339' title='bbox 492 2140 544 2168; x_wconf 85' lang='lat' dir='ltr'><strong>est,</strong></span> <span class='ocrx_word' id='word_1_340' title='bbox 559 2136 586 2162; x_wconf 93' lang='lat' dir='ltr'><strong>in</strong></span> <span class='ocrx_word' id='word_1_341' title='bbox 601 2136 832 2172; x_wconf 87' lang='lat' dir='ltr'><strong>disputationibus</strong></span> 
     </span>
    </p>
   </div>
   <div class='ocr_carea' id='block_1_47' title="bbox 52 2179 830 2216">
    <p class='ocr_par' dir='ltr' id='par_1_47' title="bbox 52 2179 830 2216">
     <span class='ocr_line' id='line_1_47' title="bbox 52 2179 830 2216; baseline 0.01 -14"><span class='ocrx_word' id='word_1_342' title='bbox 52 2179 156 2213; x_wconf 84' lang='lat' dir='ltr'><strong>veritas,</strong></span> <span class='ocrx_word' id='word_1_343' title='bbox 174 2181 202 2208; x_wconf 93' lang='lat' dir='ltr'><strong>in</strong></span> <span class='ocrx_word' id='word_1_344' title='bbox 217 2180 346 2216; x_wconf 88' lang='lat' dir='ltr'><strong>operibus</strong></span> <span class='ocrx_word' id='word_1_345' title='bbox 372 2181 479 2215; x_wconf 86' lang='lat' dir='ltr'><strong>justitia</strong></span> <span class='ocrx_word' id='word_1_346' title='bbox 503 2182 650 2209; x_wconf 88' lang='lat' dir='ltr'><strong>invenitur.</strong></span> <span class='ocrx_word' id='word_1_347' title='bbox 677 2182 709 2209; x_wconf 90' lang='lat' dir='ltr'><strong>Et</strong></span> <span class='ocrx_word' id='word_1_348' title='bbox 721 2182 830 2210; x_wconf 88' lang='lat' dir='ltr'><strong>Simon:</strong></span> 
     </span>
    </p>
   </div>
   <div class='ocr_carea' id='block_1_48' title="bbox 55 2222 834 2263">
    <p class='ocr_par' dir='ltr' id='par_1_48' title="bbox 55 2222 834 2263">
     <span class='ocr_line' id='line_1_48' title="bbox 55 2222 834 2263; baseline 0.006 -13"><span class='ocrx_word' id='word_1_349' title='bbox 55 2222 154 2253; x_wconf 84' lang='lat' dir='ltr'><strong>\ideris</strong></span> <span class='ocrx_word' id='word_1_350' title='bbox 178 2227 243 2253; x_wconf 91' lang='lat' dir='ltr'><strong>mihi</strong></span> <span class='ocrx_word' id='word_1_351' title='bbox 265 2234 320 2253; x_wconf 91' lang='lat' dir='ltr'><strong>non</strong></span> <span class='ocrx_word' id='word_1_352' title='bbox 345 2234 426 2262; x_wconf 89' lang='lat' dir='ltr'><strong>posse</strong></span> <span class='ocrx_word' id='word_1_353' title='bbox 442 2227 562 2262; x_wconf 88' lang='lat' dir='ltr'><strong>proﬁteri</strong></span> <span class='ocrx_word' id='word_1_354' title='bbox 584 2228 657 2263; x_wconf 88' lang='lat' dir='ltr'><strong>quod</strong></span> <span class='ocrx_word' id='word_1_355' title='bbox 680 2229 775 2257; x_wconf 89' lang='lat' dir='ltr'><strong>sentis.</strong></span> <span class='ocrx_word' id='word_1_356' title='bbox 801 2228 834 2255; x_wconf 85' lang='lat' dir='ltr'><strong>Et</strong></span> 
     </span>
    </p>
   </div>
   <div class='ocr_carea' id='block_1_49' title="bbox 53 2265 834 2307">
    <p class='ocr_par' dir='ltr' id='par_1_49' title="bbox 53 2265 834 2307">
     <span class='ocr_line' id='line_1_49' title="bbox 53 2265 834 2307; baseline 0.009 -15"><span class='ocrx_word' id='word_1_357' title='bbox 53 2265 165 2298; x_wconf 79' lang='lat' dir='ltr'><strong>Petrus:</strong></span> <span class='ocrx_word' id='word_1_358' title='bbox 182 2271 287 2304; x_wconf 84' lang='lat' dir='ltr'><strong>Dicam,</strong></span> <span class='ocrx_word' id='word_1_359' title='bbox 312 2280 345 2299; x_wconf 78' lang='lat' dir='ltr'><strong>ex</strong></span> <span class='ocrx_word' id='word_1_360' title='bbox 368 2273 482 2300; x_wconf 82' lang='lat' dir='ltr'><strong>arbitrio</strong></span> <span class='ocrx_word' id='word_1_361' title='bbox 507 2277 607 2307; x_wconf 83' lang='lat' dir='ltr'><strong>tamen,</strong></span> <span class='ocrx_word' id='word_1_362' title='bbox 626 2283 680 2303; x_wconf 93' lang='lat' dir='ltr'><strong>non</strong></span> <span class='ocrx_word' id='word_1_363' title='bbox 703 2279 759 2306; x_wconf 85' lang='lat' dir='ltr'><strong>tuis</strong></span> <span class='ocrx_word' id='word_1_364' title='bbox 773 2287 834 2307; x_wconf 82' lang='lat' dir='ltr'><strong>ver-</strong></span> 
     </span>
    </p>
   </div>
   <div class='ocr_carea' id='block_1_50' title="bbox 55 2313 835 2354">
    <p class='ocr_par' dir='ltr' id='par_1_50' title="bbox 55 2313 835 2354">
     <span class='ocr_line' id='line_1_50' title="bbox 55 2313 835 2354; baseline 0.017 -16"><span class='ocrx_word' id='word_1_365' title='bbox 55 2313 128 2341; x_wconf 71' lang='lat' dir='ltr'><strong>sutiis</strong></span> <span class='ocrx_word' id='word_1_366' title='bbox 143 2322 266 2345; x_wconf 87' lang='lat' dir='ltr'><strong>coaetus.</strong></span> <span class='ocrx_word' id='word_1_367' title='bbox 291 2317 380 2353; x_wconf 87' lang='lat' dir='ltr'><strong>CUpio</strong></span> <span class='ocrx_word' id='word_1_368' title='bbox 400 2318 473 2345; x_wconf 91' lang='lat' dir='ltr'><strong>enim</strong></span> <span class='ocrx_word' id='word_1_369' title='bbox 495 2320 569 2354; x_wconf 89' lang='lat' dir='ltr'><strong>qttod</strong></span> <span class='ocrx_word' id='word_1_370' title='bbox 591 2321 712 2350; x_wconf 84' lang='lat' dir='ltr'><strong>salutare</strong></span> <span class='ocrx_word' id='word_1_371' title='bbox 727 2327 754 2350; x_wconf 94' lang='lat' dir='ltr'><strong>et</strong></span> <span class='ocrx_word' id='word_1_372' title='bbox 769 2325 835 2352; x_wconf 90' lang='lat' dir='ltr'><strong>utile</strong></span> 
     </span>
    </p>
   </div>
   <div class='ocr_carea' id='block_1_51' title="bbox 54 2362 835 2404">
    <p class='ocr_par' dir='ltr' id='par_1_51' title="bbox 54 2362 835 2404">
     <span class='ocr_line' id='line_1_51' title="bbox 54 2362 835 2404; baseline 0.015 -18"><span class='ocrx_word' id='word_1_373' title='bbox 54 2362 93 2385; x_wconf 71' lang='lat' dir='ltr'><strong>cst</strong></span> <span class='ocrx_word' id='word_1_374' title='bbox 107 2363 233 2390; x_wconf 88' lang='lat' dir='ltr'><strong>onmibus</strong></span> <span class='ocrx_word' id='word_1_375' title='bbox 256 2363 355 2391; x_wconf 72' lang='lat' dir='ltr'><strong>adduci</strong></span> <span class='ocrx_word' id='word_1_376' title='bbox 379 2364 408 2391; x_wconf 88' lang='lat' dir='ltr'><strong>in</strong></span> <span class='ocrx_word' id='word_1_377' title='bbox 431 2365 567 2398; x_wconf 85' lang='lat' dir='ltr'><strong>notitiam,</strong></span> <span class='ocrx_word' id='word_1_378' title='bbox 583 2371 611 2394; x_wconf 88' lang='lat' dir='ltr'><strong>et</strong></span> <span class='ocrx_word' id='word_1_379' title='bbox 631 2367 692 2395; x_wconf 89' lang='lat' dir='ltr'><strong>ideo</strong></span> <span class='ocrx_word' id='word_1_380' title='bbox 713 2370 835 2404; x_wconf 87' lang='lat' dir='ltr'><strong>proferre</strong></span> 
     </span>
    </p>
   </div>
   <div class='ocr_carea' id='block_1_52' title="bbox 55 2409 833 2449">
    <p class='ocr_par' dir='ltr' id='par_1_52' title="bbox 55 2409 833 2449">
     <span class='ocr_line' id='line_1_52' title="bbox 55 2409 833 2449; baseline 0.019 -20"><span class='ocrx_word' id='word_1_381' title='bbox 55 2411 131 2437; x_wconf 83' lang='lat' dir='ltr'><strong>quant</strong></span> <span class='ocrx_word' id='word_1_382' title='bbox 160 2409 323 2437; x_wconf 86' lang='lat' dir='ltr'><strong>brevissime</strong></span> <span class='ocrx_word' id='word_1_383' title='bbox 352 2417 408 2437; x_wconf 89' lang='lat' dir='ltr'><strong>non</strong></span> <span class='ocrx_word' id='word_1_384' title='bbox 435 2411 573 2440; x_wconf 90' lang='lat' dir='ltr'><strong>morabor.</strong></span> <span class='ocrx_word' id='word_1_385' title='bbox 601 2412 676 2441; x_wconf 86' lang='lat' dir='ltr'><strong>Unus</strong></span> <span class='ocrx_word' id='word_1_386' title='bbox 692 2419 733 2442; x_wconf 89' lang='lat' dir='ltr'><strong>est</strong></span> <span class='ocrx_word' id='word_1_387' title='bbox 751 2415 833 2449; x_wconf 82' lang='lat' dir='ltr'><strong>Deus,</strong></span> 
     </span>
    </p>
   </div>
   <div class='ocr_carea' id='block_1_53' title="bbox 56 2449 835 2493">
    <p class='ocr_par' dir='ltr' id='par_1_53' title="bbox 56 2449 835 2493">
     <span class='ocr_line' id='line_1_53' title="bbox 56 2449 835 2493; baseline 0.015 -16"><span class='ocrx_word' id='word_1_388' title='bbox 56 2449 177 2488; x_wconf 82' lang='lat' dir='ltr'><strong>idemque</strong></span> <span class='ocrx_word' id='word_1_389' title='bbox 198 2455 324 2482; x_wconf 89' lang='lat' dir='ltr'><strong>conditor</strong></span> <span class='ocrx_word' id='word_1_390' title='bbox 348 2456 461 2489; x_wconf 92' lang='lat' dir='ltr'><strong>mundi,</strong></span> <span class='ocrx_word' id='word_1_391' title='bbox 482 2457 576 2492; x_wconf 87' lang='lat' dir='ltr'><strong>justus</strong></span> <span class='ocrx_word' id='word_1_392' title='bbox 598 2458 699 2493; x_wconf 82' lang='lat' dir='ltr'><strong>judex,</strong></span> <span class='ocrx_word' id='word_1_393' title='bbox 723 2465 750 2488; x_wconf 86' lang='lat' dir='ltr'><strong>et</strong></span> <span class='ocrx_word' id='word_1_394' title='bbox 773 2463 835 2488; x_wconf 90' lang='lat' dir='ltr'><strong>uui-</strong></span> 
     </span>
    </p>
   </div>
   <div class='ocr_carea' id='block_1_54' title="bbox 57 2497 835 2538">
    <p class='ocr_par' dir='ltr' id='par_1_54' title="bbox 57 2497 835 2538">
     <span class='ocr_line' id='line_1_54' title="bbox 57 2497 835 2538; baseline 0.009 -11"><span class='ocrx_word' id='word_1_395' title='bbox 57 2497 148 2533; x_wconf 58' lang='lat' dir='ltr'><strong>Ctlique</strong></span> <span class='ocrx_word' id='word_1_396' title='bbox 163 2508 212 2536; x_wconf 90' lang='lat' dir='ltr'><strong>pro</strong></span> <span class='ocrx_word' id='word_1_397' title='bbox 228 2502 333 2529; x_wconf 89' lang='lat' dir='ltr'><strong>actibus</strong></span> <span class='ocrx_word' id='word_1_398' title='bbox 348 2502 407 2530; x_wconf 85' lang='lat' dir='ltr'><strong>suis</strong></span> <span class='ocrx_word' id='word_1_399' title='bbox 421 2503 584 2538; x_wconf 85' lang='lat' dir='ltr'><strong>quandoque</strong></span> <span class='ocrx_word' id='word_1_400' title='bbox 601 2506 758 2534; x_wconf 82' lang='lat' dir='ltr'><strong>restituens.</strong></span> <span class='ocrx_word' id='word_1_401' title='bbox 776 2507 835 2534; x_wconf 83' lang='lat' dir='ltr'><strong>Jam</strong></span> 
     </span>
    </p>
   </div>
   <div class='ocr_carea' id='block_1_55' title="bbox 60 2549 837 2589">
    <p class='ocr_par' dir='ltr' id='par_1_55' title="bbox 60 2549 837 2589">
     <span class='ocr_line' id='line_1_55' title="bbox 60 2549 837 2589; baseline 0.014 -18"><span class='ocrx_word' id='word_1_402' title='bbox 60 2550 117 2570; x_wconf 71' lang='lat' dir='ltr'><strong>Vero</strong></span> <span class='ocrx_word' id='word_1_403' title='bbox 135 2554 182 2580; x_wconf 90' lang='lat' dir='ltr'><strong>pro</strong></span> <span class='ocrx_word' id='word_1_404' title='bbox 203 2549 354 2575; x_wconf 83' lang='lat' dir='ltr'><strong>assertione</strong></span> <span class='ocrx_word' id='word_1_405' title='bbox 376 2549 485 2581; x_wconf 88' lang='lat' dir='ltr'><strong>horum,</strong></span> <span class='ocrx_word' id='word_1_406' title='bbox 510 2550 567 2578; x_wconf 89' lang='lat' dir='ltr'><strong>scio</strong></span> <span class='ocrx_word' id='word_1_407' title='bbox 588 2552 731 2580; x_wconf 87' lang='lat' dir='ltr'><strong>innumera</strong></span> <span class='ocrx_word' id='word_1_408' title='bbox 757 2562 837 2589; x_wconf 81' lang='lat' dir='ltr'><strong>posse</strong></span> 
     </span>
    </p>
   </div>
   <div class='ocr_carea' id='block_1_56' title="bbox 61 2589 482 2622">
    <p class='ocr_par' dir='ltr' id='par_1_56' title="bbox 61 2589 482 2622">
     <span class='ocr_line' id='line_1_56' title="bbox 61 2589 482 2622; baseline 0.019 -8"><span class='ocrx_word' id='word_1_409' title='bbox 61 2589 196 2618; x_wconf 72' lang='lat' dir='ltr'><strong>Verborum</strong></span> <span class='ocrx_word' id='word_1_410' title='bbox 210 2593 292 2619; x_wconf 82' lang='lat' dir='ltr'><strong>millia</strong></span> <span class='ocrx_word' id='word_1_411' title='bbox 307 2596 482 2622; x_wconf 85' lang='lat' dir='ltr'><strong>commoveri.</strong></span> 
     </span>
    </p>
   </div>
   <div class='ocr_carea' id='block_1_57' title="bbox 91 2633 838 2677">
    <p class='ocr_par' dir='ltr' id='par_1_57' title="bbox 91 2633 838 2677">
     <span class='ocr_line' id='line_1_57' title="bbox 91 2633 838 2677; baseline 0.015 -16"><span class='ocrx_word' id='word_1_412' title='bbox 91 2633 219 2665; x_wconf 73' lang='lat' dir='ltr'><strong>XXXVII.</strong></span> <span class='ocrx_word' id='word_1_413' title='bbox 240 2638 272 2665; x_wconf 83' lang='lat' dir='ltr'><strong>Et</strong></span> <span class='ocrx_word' id='word_1_414' title='bbox 292 2638 386 2667; x_wconf 86' lang='lat' dir='ltr'><strong>Simon</strong></span> <span class='ocrx_word' id='word_1_415' title='bbox 402 2641 458 2668; x_wconf 88' lang='lat' dir='ltr'><strong>ait:</strong></span> <span class='ocrx_word' id='word_1_416' title='bbox 476 2641 559 2669; x_wconf 88' lang='lat' dir='ltr'><strong>Miror</strong></span> <span class='ocrx_word' id='word_1_417' title='bbox 580 2643 689 2677; x_wconf 88' lang='lat' dir='ltr'><strong>quidem</strong></span> <span class='ocrx_word' id='word_1_418' title='bbox 708 2645 838 2672; x_wconf 84' lang='lat' dir='ltr'><strong>velocita—</strong></span> 
     </span>
    </p>
   </div>
   <div class='ocr_carea' id='block_1_58' title="bbox 62 2682 837 2724">
    <p class='ocr_par' dir='ltr' id='par_1_58' title="bbox 62 2682 837 2724">
     <span class='ocr_line' id='line_1_58' title="bbox 62 2682 837 2724; baseline 0.022 -21"><span class='ocrx_word' id='word_1_419' title='bbox 62 2682 109 2706; x_wconf 84' lang='lat' dir='ltr'><strong>tem</strong></span> <span class='ocrx_word' id='word_1_420' title='bbox 123 2683 222 2720; x_wconf 78' lang='lat' dir='ltr'><strong>ingenii</strong></span> <span class='ocrx_word' id='word_1_421' title='bbox 234 2686 285 2718; x_wconf 85' lang='lat' dir='ltr'><strong>tui,</strong></span> <span class='ocrx_word' id='word_1_422' title='bbox 301 2694 357 2714; x_wconf 92' lang='lat' dir='ltr'><strong>non</strong></span> <span class='ocrx_word' id='word_1_423' title='bbox 371 2691 461 2715; x_wconf 89' lang='lat' dir='ltr'><strong>tamen</strong></span> <span class='ocrx_word' id='word_1_424' title='bbox 474 2689 623 2724; x_wconf 88' lang='lat' dir='ltr'><strong>amplector</strong></span> <span class='ocrx_word' id='word_1_425' title='bbox 637 2699 757 2720; x_wconf 87' lang='lat' dir='ltr'><strong>errorem</strong></span> <span class='ocrx_word' id='word_1_426' title='bbox 776 2693 837 2721; x_wconf 88' lang='lat' dir='ltr'><strong>ﬁdei</strong></span> 
     </span>
    </p>
   </div>
   <div class='ocr_carea' id='block_1_59' title="bbox 63 2728 839 2772">
    <p class='ocr_par' dir='ltr' id='par_1_59' title="bbox 63 2728 839 2772">
     <span class='ocr_line' id='line_1_59' title="bbox 63 2728 839 2772; baseline 0.015 -16"><span class='ocrx_word' id='word_1_427' title='bbox 63 2728 124 2772; x_wconf 47' lang='lat' dir='ltr'><strong>tum;</strong></span> <span class='ocrx_word' id='word_1_428' title='bbox 144 2731 290 2766; x_wconf 89' lang='lat' dir='ltr'><strong>prudenter</strong></span> <span class='ocrx_word' id='word_1_429' title='bbox 305 2733 377 2760; x_wconf 92' lang='lat' dir='ltr'><strong>enim</strong></span> <span class='ocrx_word' id='word_1_430' title='bbox 392 2736 553 2770; x_wconf 71' lang='lat' dir='ltr'><strong>prtevidisti,</strong></span> <span class='ocrx_word' id='word_1_431' title='bbox 566 2738 638 2772; x_wconf 88' lang='lat' dir='ltr'><strong>quod</strong></span> <span class='ocrx_word' id='word_1_432' title='bbox 662 2739 710 2766; x_wconf 90' lang='lat' dir='ltr'><strong>tibi</strong></span> <span class='ocrx_word' id='word_1_433' title='bbox 727 2744 839 2768; x_wconf 81' lang='lat' dir='ltr'><strong>contra—</strong></span> 
     </span>
    </p>
   </div>
   <div class='ocr_carea' id='block_1_60' title="bbox 64 2771 827 2820">
    <p class='ocr_par' dir='ltr' id='par_1_60' title="bbox 64 2771 827 2820">
     <span class='ocr_line' id='line_1_60' title="bbox 64 2771 827 2820; baseline 0.018 -20"><span class='ocrx_word' id='word_1_434' title='bbox 64 2771 111 2800; x_wconf 83' lang='lat' dir='ltr'><strong>dici</strong></span> <span class='ocrx_word' id='word_1_435' title='bbox 133 2779 231 2811; x_wconf 85' lang='lat' dir='ltr'><strong>possit,</strong></span> <span class='ocrx_word' id='word_1_436' title='bbox 250 2783 277 2807; x_wconf 91' lang='lat' dir='ltr'><strong>et</strong></span> <span class='ocrx_word' id='word_1_437' title='bbox 294 2781 398 2809; x_wconf 85' lang='lat' dir='ltr'><strong>urbane</strong></span> <span class='ocrx_word' id='word_1_438' title='bbox 419 2781 445 2809; x_wconf 89' lang='lat' dir='ltr'><strong>id</strong></span> <span class='ocrx_word' id='word_1_439' title='bbox 463 2783 545 2810; x_wconf 90' lang='lat' dir='ltr'><strong>etiam</strong></span> <span class='ocrx_word' id='word_1_440' title='bbox 568 2771 625 2819; x_wconf 85' lang='lat' dir='ltr'><strong>ipse</strong></span> <span class='ocrx_word' id='word_1_441' title='bbox 641 2785 782 2820; x_wconf 83' lang='lat' dir='ltr'><strong>professus</strong></span> <span class='ocrx_word' id='word_1_442' title='bbox 798 2797 827 2816; x_wconf 82' lang='lat' dir='ltr'><strong>es</strong></span> 
     </span>
    </p>
   </div>
   <div class='ocr_carea' id='block_1_61' title="bbox 103 2865 327 2903">
    <p class='ocr_par' dir='ltr' id='par_1_61' title="bbox 103 2865 327 2903">
     <span class='ocr_line' id='line_1_61' title="bbox 103 2865 327 2903; baseline 0.013 -9"><span class='ocrx_word' id='word_1_443' title='bbox 103 2865 122 2880; x_wconf 73' lang='lat'><em>“</em></span> <span class='ocrx_word' id='word_1_444' title='bbox 140 2867 204 2896; x_wconf 87' lang='lat' dir='ltr'><strong>Cen.</strong></span> <span class='ocrx_word' id='word_1_445' title='bbox 234 2878 274 2903; x_wconf 82' lang='grc' dir='ltr'>ιιι,</span> <span class='ocrx_word' id='word_1_446' title='bbox 301 2871 327 2899; x_wconf 64' lang='lat' dir='ltr'><strong>Si.</strong></span> 
     </span>
    </p>
   </div>
   <div class='ocr_carea' id='block_1_62' title="bbox 868 227 1662 264">
    <p class='ocr_par' dir='ltr' id='par_1_62' title="bbox 868 227 1662 264">
     <span class='ocr_line' id='line_1_62' title="bbox 868 227 1662 264; baseline -0.006 -5"><span class='ocrx_word' id='word_1_447' title='bbox 868 232 953 260; x_wconf 90' lang='lat' dir='ltr'><strong>millia</strong></span> <span class='ocrx_word' id='word_1_448' title='bbox 968 231 1169 264; x_wconf 83' lang='lat' dir='ltr'><strong>movebuntur;</strong></span> <span class='ocrx_word' id='word_1_449' title='bbox 1188 229 1256 257; x_wconf 90' lang='lat' dir='ltr'><strong>nulli</strong></span> <span class='ocrx_word' id='word_1_450' title='bbox 1271 229 1344 256; x_wconf 90' lang='lat' dir='ltr'><strong>enim</strong></span> <span class='ocrx_word' id='word_1_451' title='bbox 1363 227 1511 256; x_wconf 87' lang='lat' dir='ltr'><strong>concordat</strong></span> <span class='ocrx_word' id='word_1_452' title='bbox 1526 227 1662 263; x_wconf 80' lang='lat' dir='ltr'><strong>professio</strong></span> 
     </span>
    </p>
   </div>
   <div class='ocr_carea' id='block_1_63' title="bbox 873 273 1664 311">
    <p class='ocr_par' dir='ltr' id='par_1_63' title="bbox 873 273 1664 311">
     <span class='ocr_line' id='line_1_63' title="bbox 873 273 1664 311; baseline -0.005 -7"><span class='ocrx_word' id='word_1_453' title='bbox 873 278 936 305; x_wconf 89' lang='lat' dir='ltr'><strong>ﬁdei</strong></span> <span class='ocrx_word' id='word_1_454' title='bbox 959 281 1023 304; x_wconf 62' lang='lat' dir='ltr'><strong>tum.</strong></span> <span class='ocrx_word' id='word_1_455' title='bbox 1048 276 1168 311; x_wconf 82' lang='lat' dir='ltr'><strong>Denique</strong></span> <span class='ocrx_word' id='word_1_456' title='bbox 1192 275 1266 311; x_wconf 89' lang='lat' dir='ltr'><strong>quod</strong></span> <span class='ocrx_word' id='word_1_457' title='bbox 1283 283 1355 302; x_wconf 90' lang='lat' dir='ltr'><strong>unus</strong></span> <span class='ocrx_word' id='word_1_458' title='bbox 1370 274 1407 301; x_wconf 91' lang='lat' dir='ltr'><strong>sit</strong></span> <span class='ocrx_word' id='word_1_459' title='bbox 1425 273 1508 305; x_wconf 91' lang='lat' dir='ltr'><strong>Deus,</strong></span> <span class='ocrx_word' id='word_1_460' title='bbox 1525 274 1606 308; x_wconf 83' lang='lat' dir='ltr'><strong>cujus</strong></span> <span class='ocrx_word' id='word_1_461' title='bbox 1627 274 1664 301; x_wconf 77' lang='lat' dir='ltr'><strong>sit</strong></span> 
     </span>
    </p>
   </div>
   <div class='ocr_carea' id='block_1_64' title="bbox 867 319 1664 358">
    <p class='ocr_par' dir='ltr' id='par_1_64' title="bbox 867 319 1664 358">
     <span class='ocr_line' id='line_1_64' title="bbox 867 319 1664 358; baseline -0.006 -8"><span class='ocrx_word' id='word_1_462' title='bbox 867 331 937 358; x_wconf 89' lang='lat' dir='ltr'><strong>opus</strong></span> <span class='ocrx_word' id='word_1_463' title='bbox 962 321 1092 354; x_wconf 90' lang='lat' dir='ltr'><strong>mundus,</strong></span> <span class='ocrx_word' id='word_1_464' title='bbox 1119 321 1171 348; x_wconf 94' lang='lat' dir='ltr'><strong>hoc</strong></span> <span class='ocrx_word' id='word_1_465' title='bbox 1194 321 1312 356; x_wconf 91' lang='lat' dir='ltr'><strong>primum</strong></span> <span class='ocrx_word' id='word_1_466' title='bbox 1340 320 1402 355; x_wconf 82' lang='lat' dir='ltr'><strong>quis</strong></span> <span class='ocrx_word' id='word_1_467' title='bbox 1432 319 1566 354; x_wconf 87' lang='lat' dir='ltr'><strong>recipiat?</strong></span> <span class='ocrx_word' id='word_1_468' title='bbox 1595 323 1664 354; x_wconf 87' lang='lat' dir='ltr'><strong>puto</strong></span> 
     </span>
    </p>
   </div>
   <div class='ocr_carea' id='block_1_65' title="bbox 868 365 1664 404">
    <p class='ocr_par' dir='ltr' id='par_1_65' title="bbox 868 365 1664 404">
     <span class='ocr_line' id='line_1_65' title="bbox 868 365 1664 404; baseline -0.006 -8"><span class='ocrx_word' id='word_1_469' title='bbox 868 369 934 404; x_wconf 88' lang='lat' dir='ltr'><strong>quia</strong></span> <span class='ocrx_word' id='word_1_470' title='bbox 957 376 1046 404; x_wconf 84' lang='lat' dir='ltr'><strong>neque</strong></span> <span class='ocrx_word' id='word_1_471' title='bbox 1060 375 1229 403; x_wconf 82' lang='lat' dir='ltr'><strong>paganorum</strong></span> <span class='ocrx_word' id='word_1_472' title='bbox 1244 367 1401 402; x_wconf 90' lang='lat' dir='ltr'><strong>quisquam,</strong></span> <span class='ocrx_word' id='word_1_473' title='bbox 1419 365 1547 401; x_wconf 86' lang='lat' dir='ltr'><strong>quamvis</strong></span> <span class='ocrx_word' id='word_1_474' title='bbox 1567 365 1613 392; x_wconf 83' lang='lat' dir='ltr'><strong>ille</strong></span> <span class='ocrx_word' id='word_1_475' title='bbox 1627 366 1664 392; x_wconf 87' lang='lat' dir='ltr'><strong>sit</strong></span> 
     </span>
    </p>
   </div>
   <div class='ocr_carea' id='block_1_66' title="bbox 869 410 1661 450">
    <p class='ocr_par' dir='ltr' id='par_1_66' title="bbox 869 410 1661 450">
     <span class='ocr_line' id='line_1_66' title="bbox 869 410 1661 450; baseline -0.005 -8"><span class='ocrx_word' id='word_1_476' title='bbox 869 415 965 446; x_wconf 88' lang='lat' dir='ltr'><strong>idiota,</strong></span> <span class='ocrx_word' id='word_1_477' title='bbox 987 414 1211 450; x_wconf 89' lang='lat' dir='ltr'><strong>philosophorum</strong></span> <span class='ocrx_word' id='word_1_478' title='bbox 1234 418 1324 440; x_wconf 89' lang='lat' dir='ltr'><strong>autem</strong></span> <span class='ocrx_word' id='word_1_479' title='bbox 1348 413 1460 440; x_wconf 87' lang='lat' dir='ltr'><strong>omnino</strong></span> <span class='ocrx_word' id='word_1_480' title='bbox 1485 412 1590 442; x_wconf 86' lang='lat' dir='ltr'><strong>nullus,</strong></span> <span class='ocrx_word' id='word_1_481' title='bbox 1614 410 1661 439; x_wconf 84' lang='lat' dir='ltr'><strong>sed</strong></span> 
     </span>
    </p>
   </div>
   <div class='ocr_carea' id='block_1_67' title="bbox 869 459 1663 494">
    <p class='ocr_par' dir='ltr' id='par_1_67' title="bbox 869 459 1663 494">
     <span class='ocr_line' id='line_1_67' title="bbox 869 459 1663 494; baseline -0.003 -7"><span class='ocrx_word' id='word_1_482' title='bbox 869 468 920 488; x_wconf 89' lang='lat' dir='ltr'><strong>nec</strong></span> <span class='ocrx_word' id='word_1_483' title='bbox 934 460 1090 487; x_wconf 67' lang='lat' dir='ltr'><strong>Judaeorum</strong></span> <span class='ocrx_word' id='word_1_484' title='bbox 1106 460 1215 494; x_wconf 87' lang='lat' dir='ltr'><strong>quidem</strong></span> <span class='ocrx_word' id='word_1_485' title='bbox 1237 459 1461 494; x_wconf 88' lang='lat' dir='ltr'><strong>imperitissimus</strong></span> <span class='ocrx_word' id='word_1_486' title='bbox 1476 459 1622 494; x_wconf 89' lang='lat' dir='ltr'><strong>quisquam</strong></span> <span class='ocrx_word' id='word_1_487' title='bbox 1637 462 1663 485; x_wconf 91' lang='lat' dir='ltr'><strong>ct</strong></span> 
     </span>
    </p>
   </div>
   <div class='ocr_carea' id='block_1_68' title="bbox 869 504 1664 540">
    <p class='ocr_par' dir='ltr' id='par_1_68' title="bbox 869 504 1664 540">
     <span class='ocr_line' id='line_1_68' title="bbox 869 504 1664 540; baseline -0.003 -7"><span class='ocrx_word' id='word_1_488' title='bbox 869 506 1053 537; x_wconf 88' lang='lat' dir='ltr'><strong>miserrimus,</strong></span> <span class='ocrx_word' id='word_1_489' title='bbox 1074 513 1162 540; x_wconf 87' lang='lat' dir='ltr'><strong>neque</strong></span> <span class='ocrx_word' id='word_1_490' title='bbox 1174 513 1224 540; x_wconf 84' lang='lat' dir='ltr'><strong>ego</strong></span> <span class='ocrx_word' id='word_1_491' title='bbox 1244 505 1303 540; x_wconf 89' lang='lat' dir='ltr'><strong>ipse</strong></span> <span class='ocrx_word' id='word_1_492' title='bbox 1316 505 1364 540; x_wconf 89' lang='lat' dir='ltr'><strong>qui</strong></span> <span class='ocrx_word' id='word_1_493' title='bbox 1379 513 1474 532; x_wconf 88' lang='lat' dir='ltr'><strong>eorum</strong></span> <span class='ocrx_word' id='word_1_494' title='bbox 1494 505 1579 540; x_wconf 80' lang='lat' dir='ltr'><strong>legem</strong></span> <span class='ocrx_word' id='word_1_495' title='bbox 1594 504 1664 532; x_wconf 88' lang='lat' dir='ltr'><strong>bene</strong></span> 
     </span>
    </p>
   </div>
   <div class='ocr_carea' id='block_1_69' title="bbox 871 550 1664 586">
    <p class='ocr_par' dir='ltr' id='par_1_69' title="bbox 871 550 1664 586">
     <span class='ocr_line' id='line_1_69' title="bbox 871 550 1664 586; baseline -0.003 -8"><span class='ocrx_word' id='word_1_496' title='bbox 871 551 945 578; x_wconf 90' lang='lat' dir='ltr'><strong>novi.</strong></span> <span class='ocrx_word' id='word_1_497' title='bbox 968 551 999 578; x_wconf 88' lang='lat' dir='ltr'><strong>Et</strong></span> <span class='ocrx_word' id='word_1_498' title='bbox 1013 551 1130 579; x_wconf 84' lang='lat' dir='ltr'><strong>Petrus:</strong></span> <span class='ocrx_word' id='word_1_499' title='bbox 1147 550 1260 583; x_wconf 89' lang='lat' dir='ltr'><strong>Omitte,</strong></span> <span class='ocrx_word' id='word_1_500' title='bbox 1280 551 1379 586; x_wconf 83' lang='lat' dir='ltr'><strong>inquit,</strong></span> <span class='ocrx_word' id='word_1_501' title='bbox 1401 550 1545 585; x_wconf 87' lang='lat' dir='ltr'><strong>opiniones</strong></span> <span class='ocrx_word' id='word_1_502' title='bbox 1564 550 1664 577; x_wconf 84' lang='lat' dir='ltr'><strong>absen-</strong></span> 
     </span>
    </p>
   </div>
   <div class='ocr_carea' id='block_1_70' title="bbox 870 596 1664 632">
    <p class='ocr_par' dir='ltr' id='par_1_70' title="bbox 870 596 1664 632">
     <span class='ocr_line' id='line_1_70' title="bbox 870 596 1664 632; baseline 0 -8"><span class='ocrx_word' id='word_1_503' title='bbox 870 598 958 630; x_wconf 76' lang='lat' dir='ltr'><strong>tium,</strong></span> <span class='ocrx_word' id='word_1_504' title='bbox 978 597 1025 624; x_wconf 87' lang='lat' dir='ltr'><strong>tibi</strong></span> <span class='ocrx_word' id='word_1_505' title='bbox 1052 597 1118 632; x_wconf 88' lang='lat' dir='ltr'><strong>quid</strong></span> <span class='ocrx_word' id='word_1_506' title='bbox 1139 596 1258 630; x_wconf 91' lang='lat' dir='ltr'><strong>videtur,</strong></span> <span class='ocrx_word' id='word_1_507' title='bbox 1275 605 1394 632; x_wconf 64' lang='lat' dir='ltr'><strong>praesens</strong></span> <span class='ocrx_word' id='word_1_508' title='bbox 1415 596 1544 632; x_wconf 66' lang='lat' dir='ltr'><strong>prmsenti</strong></span> <span class='ocrx_word' id='word_1_509' title='bbox 1569 596 1664 624; x_wconf 90' lang='lat' dir='ltr'><strong>dicito.</strong></span> 
     </span>
    </p>
   </div>
   <div class='ocr_carea' id='block_1_71' title="bbox 871 642 1666 678">
    <p class='ocr_par' dir='ltr' id='par_1_71' title="bbox 871 642 1666 678">
     <span class='ocr_line' id='line_1_71' title="bbox 871 642 1666 678; baseline -0.003 -7"><span class='ocrx_word' id='word_1_510' title='bbox 871 643 940 671; x_wconf 90' lang='lat' dir='ltr'><strong>Tum</strong></span> <span class='ocrx_word' id='word_1_511' title='bbox 962 643 1058 671; x_wconf 84' lang='lat' dir='ltr'><strong>Simon</strong></span> <span class='ocrx_word' id='word_1_512' title='bbox 1073 652 1079 670; x_wconf 90' lang='lat'>:</span> <span class='ocrx_word' id='word_1_513' title='bbox 1095 643 1223 676; x_wconf 85' lang='lat' dir='ltr'><strong>Possum,</strong></span> <span class='ocrx_word' id='word_1_514' title='bbox 1239 643 1343 678; x_wconf 89' lang='lat' dir='ltr'><strong>inquit,</strong></span> <span class='ocrx_word' id='word_1_515' title='bbox 1359 650 1496 678; x_wconf 80' lang='lat' dir='ltr'><strong>exponere</strong></span> <span class='ocrx_word' id='word_1_516' title='bbox 1511 642 1587 678; x_wconf 91' lang='lat' dir='ltr'><strong>quod</strong></span> <span class='ocrx_word' id='word_1_517' title='bbox 1604 649 1666 669; x_wconf 85' lang='lat' dir='ltr'><strong>vere</strong></span> 
     </span>
    </p>
   </div>
   <div class='ocr_carea' id='block_1_72' title="bbox 870 689 1664 726">
    <p class='ocr_par' dir='ltr' id='par_1_72' title="bbox 870 689 1664 726">
     <span class='ocr_line' id='line_1_72' title="bbox 870 689 1664 726; baseline -0.003 -8"><span class='ocrx_word' id='word_1_518' title='bbox 870 690 971 722; x_wconf 87' lang='lat' dir='ltr'><strong>sentio,</strong></span> <span class='ocrx_word' id='word_1_519' title='bbox 996 690 1044 718; x_wconf 86' lang='lat' dir='ltr'><strong>sed</strong></span> <span class='ocrx_word' id='word_1_520' title='bbox 1069 689 1216 726; x_wconf 78' lang='lat' dir='ltr'><strong>pigriorem</strong></span> <span class='ocrx_word' id='word_1_521' title='bbox 1240 697 1283 717; x_wconf 90' lang='lat' dir='ltr'><strong>me</strong></span> <span class='ocrx_word' id='word_1_522' title='bbox 1309 689 1376 716; x_wconf 87' lang='lat' dir='ltr'><strong>facit</strong></span> <span class='ocrx_word' id='word_1_523' title='bbox 1399 689 1445 716; x_wconf 89' lang='lat' dir='ltr'><strong>illa</strong></span> <span class='ocrx_word' id='word_1_524' title='bbox 1466 689 1664 722; x_wconf 85' lang='lat' dir='ltr'><strong>consideratio,</strong></span> 
     </span>
    </p>
   </div>
   <div class='ocr_carea' id='block_1_73' title="bbox 872 736 1666 772">
    <p class='ocr_par' dir='ltr' id='par_1_73' title="bbox 872 736 1666 772">
     <span class='ocr_line' id='line_1_73' title="bbox 872 736 1666 772; baseline 0 -9"><span class='ocrx_word' id='word_1_525' title='bbox 872 736 936 771; x_wconf 88' lang='lat' dir='ltr'><strong>quia</strong></span> <span class='ocrx_word' id='word_1_526' title='bbox 949 736 971 764; x_wconf 94' lang='lat' dir='ltr'><strong>si</strong></span> <span class='ocrx_word' id='word_1_527' title='bbox 986 736 1092 770; x_wconf 76' lang='lat' dir='ltr'><strong>dixero,</strong></span> <span class='ocrx_word' id='word_1_528' title='bbox 1107 737 1181 772; x_wconf 86' lang='lat' dir='ltr'><strong>quod</strong></span> <span class='ocrx_word' id='word_1_529' title='bbox 1193 744 1283 771; x_wconf 90' lang='lat' dir='ltr'><strong>neque</strong></span> <span class='ocrx_word' id='word_1_530' title='bbox 1295 736 1344 763; x_wconf 86' lang='lat' dir='ltr'><strong>tibi</strong></span> <span class='ocrx_word' id='word_1_531' title='bbox 1359 736 1395 763; x_wconf 91' lang='lat' dir='ltr'><strong>sit</strong></span> <span class='ocrx_word' id='word_1_532' title='bbox 1411 742 1564 763; x_wconf 91' lang='lat' dir='ltr'><strong>consonum</strong></span> <span class='ocrx_word' id='word_1_533' title='bbox 1576 743 1666 770; x_wconf 90' lang='lat' dir='ltr'><strong>neque</strong></span> 
     </span>
    </p>
   </div>
   <div class='ocr_carea' id='block_1_74' title="bbox 873 781 1665 818">
    <p class='ocr_par' dir='ltr' id='par_1_74' title="bbox 873 781 1665 818">
     <span class='ocr_line' id='line_1_74' title="bbox 873 781 1665 818; baseline -0.001 -9"><span class='ocrx_word' id='word_1_534' title='bbox 873 782 956 818; x_wconf 82' lang='lat' dir='ltr'><strong>vulgo</strong></span> <span class='ocrx_word' id='word_1_535' title='bbox 981 783 1045 810; x_wconf 88' lang='lat' dir='ltr'><strong>huic</strong></span> <span class='ocrx_word' id='word_1_536' title='bbox 1068 783 1195 818; x_wconf 85' lang='lat' dir='ltr'><strong>imperito</strong></span> <span class='ocrx_word' id='word_1_537' title='bbox 1220 786 1326 810; x_wconf 87' lang='lat' dir='ltr'><strong>rectum</strong></span> <span class='ocrx_word' id='word_1_538' title='bbox 1353 782 1471 814; x_wconf 84' lang='lat' dir='ltr'><strong>videtur,</strong></span> <span class='ocrx_word' id='word_1_539' title='bbox 1498 785 1526 809; x_wconf 91' lang='lat' dir='ltr'><strong>tu</strong></span> <span class='ocrx_word' id='word_1_540' title='bbox 1554 781 1665 817; x_wconf 78' lang='lat' dir='ltr'><strong>quidem</strong></span> 
     </span>
    </p>
   </div>
   <div class='ocr_carea' id='block_1_75' title="bbox 873 827 1666 864">
    <p class='ocr_par' dir='ltr' id='par_1_75' title="bbox 873 827 1666 864">
     <span class='ocr_line' id='line_1_75' title="bbox 873 827 1666 864; baseline 0 -9"><span class='ocrx_word' id='word_1_541' title='bbox 873 829 952 864; x_wconf 89' lang='lat' dir='ltr'><strong>quasi</strong></span> <span class='ocrx_word' id='word_1_542' title='bbox 981 828 1210 863; x_wconf 77' lang='lat' dir='ltr'><strong>obstupefactus,</strong></span> <span class='ocrx_word' id='word_1_543' title='bbox 1238 835 1319 855; x_wconf 83' lang='lat' dir='ltr'><strong>aures</strong></span> <span class='ocrx_word' id='word_1_544' title='bbox 1347 829 1479 855; x_wconf 91' lang='lat' dir='ltr'><strong>continuo</strong></span> <span class='ocrx_word' id='word_1_545' title='bbox 1512 827 1666 856; x_wconf 84' lang='lat' dir='ltr'><strong>obcludeus</strong></span> 
     </span>
    </p>
   </div>
   <div class='ocr_carea' id='block_1_76' title="bbox 875 874 1665 910">
    <p class='ocr_par' dir='ltr' id='par_1_76' title="bbox 875 874 1665 910">
     <span class='ocr_line' id='line_1_76' title="bbox 875 874 1665 910; baseline -0.003 -8"><span class='ocrx_word' id='word_1_546' title='bbox 875 875 948 902; x_wconf 85' lang='lat' dir='ltr'><strong>velut</strong></span> <span class='ocrx_word' id='word_1_547' title='bbox 965 883 998 902; x_wconf 86' lang='lat' dir='ltr'><strong>ne</strong></span> <span class='ocrx_word' id='word_1_548' title='bbox 1013 875 1181 909; x_wconf 88' lang='lat' dir='ltr'><strong>blasphemia</strong></span> <span class='ocrx_word' id='word_1_549' title='bbox 1198 875 1365 910; x_wconf 89' lang='lat' dir='ltr'><strong>polluantur,</strong></span> <span class='ocrx_word' id='word_1_550' title='bbox 1385 874 1499 901; x_wconf 87' lang='lat' dir='ltr'><strong>verteris</strong></span> <span class='ocrx_word' id='word_1_551' title='bbox 1517 874 1546 901; x_wconf 92' lang='lat' dir='ltr'><strong>in</strong></span> <span class='ocrx_word' id='word_1_552' title='bbox 1562 874 1665 909; x_wconf 81' lang='lat' dir='ltr'><strong>fugam,</strong></span> 
     </span>
    </p>
   </div>
   <div class='ocr_carea' id='block_1_77' title="bbox 873 920 1666 956">
    <p class='ocr_par' dir='ltr' id='par_1_77' title="bbox 873 920 1666 956">
     <span class='ocr_line' id='line_1_77' title="bbox 873 920 1666 956; baseline -0.001 -9"><span class='ocrx_word' id='word_1_553' title='bbox 873 920 938 956; x_wconf 89' lang='lat' dir='ltr'><strong>quia</strong></span> <span class='ocrx_word' id='word_1_554' title='bbox 953 920 1026 955; x_wconf 79' lang='lat' dir='ltr'><strong>quod</strong></span> <span class='ocrx_word' id='word_1_555' title='bbox 1040 921 1207 956; x_wconf 87' lang='lat' dir='ltr'><strong>respondeas</strong></span> <span class='ocrx_word' id='word_1_556' title='bbox 1221 928 1276 947; x_wconf 92' lang='lat' dir='ltr'><strong>non</strong></span> <span class='ocrx_word' id='word_1_557' title='bbox 1292 920 1427 953; x_wconf 82' lang='lat' dir='ltr'><strong>invenies,</strong></span> <span class='ocrx_word' id='word_1_558' title='bbox 1443 921 1560 955; x_wconf 90' lang='lat' dir='ltr'><strong>populus</strong></span> <span class='ocrx_word' id='word_1_559' title='bbox 1576 923 1666 947; x_wconf 89' lang='lat' dir='ltr'><strong>autem</strong></span> 
     </span>
    </p>
   </div>
   <div class='ocr_carea' id='block_1_78' title="bbox 877 966 1668 1002">
    <p class='ocr_par' dir='ltr' id='par_1_78' title="bbox 877 966 1668 1002">
     <span class='ocr_line' id='line_1_78' title="bbox 877 966 1668 1002; baseline 0 -9"><span class='ocrx_word' id='word_1_560' title='bbox 877 966 1076 994; x_wconf 82' lang='lat' dir='ltr'><strong>irrationabilis</strong></span> <span class='ocrx_word' id='word_1_561' title='bbox 1096 971 1253 995; x_wconf 82' lang='lat' dir='ltr'><strong>assentatus</strong></span> <span class='ocrx_word' id='word_1_562' title='bbox 1275 966 1336 999; x_wconf 88' lang='lat' dir='ltr'><strong>tibi,</strong></span> <span class='ocrx_word' id='word_1_563' title='bbox 1350 971 1378 994; x_wconf 90' lang='lat' dir='ltr'><strong>te</strong></span> <span class='ocrx_word' id='word_1_564' title='bbox 1392 967 1501 1001; x_wconf 89' lang='lat' dir='ltr'><strong>quidem</strong></span> <span class='ocrx_word' id='word_1_565' title='bbox 1519 966 1668 1002; x_wconf 83' lang='lat' dir='ltr'><strong>amplecte-</strong></span> 
     </span>
    </p>
   </div>
   <div class='ocr_carea' id='block_1_79' title="bbox 873 1013 1664 1048">
    <p class='ocr_par' dir='ltr' id='par_1_79' title="bbox 873 1013 1664 1048">
     <span class='ocr_line' id='line_1_79' title="bbox 873 1013 1664 1048; baseline 0.001 -10"><span class='ocrx_word' id='word_1_566' title='bbox 873 1015 929 1043; x_wconf 89' lang='lat' dir='ltr'><strong>tur,</strong></span> <span class='ocrx_word' id='word_1_567' title='bbox 950 1013 1029 1048; x_wconf 88' lang='lat' dir='ltr'><strong>quasi</strong></span> <span class='ocrx_word' id='word_1_568' title='bbox 1052 1020 1083 1039; x_wconf 87' lang='lat' dir='ltr'><strong>ea</strong></span> <span class='ocrx_word' id='word_1_569' title='bbox 1099 1013 1242 1040; x_wconf 83' lang='lat' dir='ltr'><strong>docentem</strong></span> <span class='ocrx_word' id='word_1_570' title='bbox 1265 1021 1325 1048; x_wconf 79' lang='lat' dir='ltr'><strong>qua:</strong></span> <span class='ocrx_word' id='word_1_571' title='bbox 1351 1013 1377 1040; x_wconf 94' lang='lat' dir='ltr'><strong>in</strong></span> <span class='ocrx_word' id='word_1_572' title='bbox 1395 1021 1446 1041; x_wconf 90' lang='lat' dir='ltr'><strong>usu</strong></span> <span class='ocrx_word' id='word_1_573' title='bbox 1471 1013 1510 1040; x_wconf 88' lang='lat' dir='ltr'><strong>eis</strong></span> <span class='ocrx_word' id='word_1_574' title='bbox 1527 1016 1604 1045; x_wconf 89' lang='lat' dir='ltr'><strong>sunt,</strong></span> <span class='ocrx_word' id='word_1_575' title='bbox 1621 1020 1664 1040; x_wconf 88' lang='lat' dir='ltr'><strong>me</strong></span> 
     </span>
    </p>
   </div>
   <div class='ocr_carea' id='block_1_80' title="bbox 874 1057 1666 1092">
    <p class='ocr_par' dir='ltr' id='par_1_80' title="bbox 874 1057 1666 1092">
     <span class='ocr_line' id='line_1_80' title="bbox 874 1057 1666 1092; baseline 0 -8"><span class='ocrx_word' id='word_1_576' title='bbox 874 1065 939 1084; x_wconf 87' lang='lat' dir='ltr'><strong>vero</strong></span> <span class='ocrx_word' id='word_1_577' title='bbox 953 1058 1184 1091; x_wconf 83' lang='lat' dir='ltr'><strong>exsecrabuutur,</strong></span> <span class='ocrx_word' id='word_1_578' title='bbox 1201 1057 1285 1085; x_wconf 86' lang='lat' dir='ltr'><strong>veluti</strong></span> <span class='ocrx_word' id='word_1_579' title='bbox 1300 1065 1370 1084; x_wconf 91' lang='lat' dir='ltr'><strong>nova</strong></span> <span class='ocrx_word' id='word_1_580' title='bbox 1387 1057 1509 1092; x_wconf 66' lang='lat' dir='ltr'><strong>quardam</strong></span> <span class='ocrx_word' id='word_1_581' title='bbox 1527 1061 1609 1092; x_wconf 87' lang='lat' dir='ltr'><strong>atque</strong></span> <span class='ocrx_word' id='word_1_582' title='bbox 1624 1057 1666 1084; x_wconf 90' lang='lat' dir='ltr'><strong>in-</strong></span> 
     </span>
    </p>
   </div>
   <div class='ocr_carea' id='block_1_81' title="bbox 875 1103 1668 1138">
    <p class='ocr_par' dir='ltr' id='par_1_81' title="bbox 875 1103 1668 1138">
     <span class='ocr_line' id='line_1_81' title="bbox 875 1103 1668 1138; baseline 0 -8"><span class='ocrx_word' id='word_1_583' title='bbox 875 1104 967 1131; x_wconf 88' lang='lat' dir='ltr'><strong>audita</strong></span> <span class='ocrx_word' id='word_1_584' title='bbox 981 1103 1166 1138; x_wconf 86' lang='lat' dir='ltr'><strong>proﬁtentem,</strong></span> <span class='ocrx_word' id='word_1_585' title='bbox 1182 1112 1328 1138; x_wconf 88' lang='lat' dir='ltr'><strong>meumque</strong></span> <span class='ocrx_word' id='word_1_586' title='bbox 1341 1111 1463 1131; x_wconf 86' lang='lat' dir='ltr'><strong>errorem</strong></span> <span class='ocrx_word' id='word_1_587' title='bbox 1478 1103 1576 1131; x_wconf 86' lang='lat' dir='ltr'><strong>alienis</strong></span> <span class='ocrx_word' id='word_1_588' title='bbox 1591 1110 1668 1130; x_wconf 83' lang='lat' dir='ltr'><strong>uten-</strong></span> 
     </span>
    </p>
   </div>
   <div class='ocr_carea' id='block_1_82' title="bbox 876 1147 1142 1177">
    <p class='ocr_par' dir='ltr' id='par_1_82' title="bbox 876 1147 1142 1177">
     <span class='ocr_line' id='line_1_82' title="bbox 876 1147 1142 1177; baseline 0.008 -2"><span class='ocrx_word' id='word_1_589' title='bbox 876 1150 952 1176; x_wconf 66' lang='lat' dir='ltr'><strong>tibus</strong></span> <span class='ocrx_word' id='word_1_590' title='bbox 968 1147 1142 1177; x_wconf 86' lang='lat' dir='ltr'><strong>inferentem.</strong></span> 
     </span>
    </p>
   </div>
   <div class='ocr_carea' id='block_1_83' title="bbox 914 1193 1668 1230">
    <p class='ocr_par' dir='ltr' id='par_1_83' title="bbox 914 1193 1668 1230">
     <span class='ocr_line' id='line_1_83' title="bbox 914 1193 1668 1230; baseline 0.003 -10"><span class='ocrx_word' id='word_1_591' title='bbox 914 1194 1058 1223; x_wconf 65' lang='lat' dir='ltr'><strong>XXXVIII.</strong></span> <span class='ocrx_word' id='word_1_592' title='bbox 1080 1194 1150 1222; x_wconf 89' lang='lat' dir='ltr'><strong>Tum</strong></span> <span class='ocrx_word' id='word_1_593' title='bbox 1164 1193 1422 1229; x_wconf 76' lang='lat' dir='ltr'><strong>PetruszNunquid</strong></span> <span class='ocrx_word' id='word_1_594' title='bbox 1444 1201 1498 1221; x_wconf 89' lang='lat' dir='ltr'><strong>non</strong></span> <span class='ocrx_word' id='word_1_595' title='bbox 1515 1199 1554 1227; x_wconf 87' lang='lat' dir='ltr'><strong>tu,</strong></span> <span class='ocrx_word' id='word_1_596' title='bbox 1571 1194 1598 1222; x_wconf 93' lang='lat' dir='ltr'><strong>in</strong></span> <span class='ocrx_word' id='word_1_597' title='bbox 1613 1202 1668 1230; x_wconf 88' lang='lat' dir='ltr'><strong>quo</strong></span> 
     </span>
    </p>
   </div>
   <div class='ocr_carea' id='block_1_84' title="bbox 876 1241 1668 1276">
    <p class='ocr_par' dir='ltr' id='par_1_84' title="bbox 876 1241 1668 1276">
     <span class='ocr_line' id='line_1_84' title="bbox 876 1241 1668 1276; baseline 0.001 -8"><span class='ocrx_word' id='word_1_598' title='bbox 876 1249 926 1268; x_wconf 90' lang='lat' dir='ltr'><strong>nos</strong></span> <span class='ocrx_word' id='word_1_599' title='bbox 942 1241 1103 1273; x_wconf 84' lang='lat' dir='ltr'><strong>accusabas,</strong></span> <span class='ocrx_word' id='word_1_600' title='bbox 1119 1241 1177 1276; x_wconf 90' lang='lat' dir='ltr'><strong>ipse</strong></span> <span class='ocrx_word' id='word_1_601' title='bbox 1193 1241 1352 1276; x_wconf 75' lang='lat' dir='ltr'><strong>ambagibus</strong></span> <span class='ocrx_word' id='word_1_602' title='bbox 1369 1241 1465 1275; x_wconf 86' lang='lat' dir='ltr'><strong>uteris,</strong></span> <span class='ocrx_word' id='word_1_603' title='bbox 1481 1241 1548 1268; x_wconf 90' lang='lat' dir='ltr'><strong>nihil</strong></span> <span class='ocrx_word' id='word_1_604' title='bbox 1564 1241 1668 1269; x_wconf 86' lang='lat' dir='ltr'><strong>habens</strong></span> 
     </span>
    </p>
   </div>
   <div class='ocr_carea' id='block_1_85' title="bbox 876 1287 1670 1323">
    <p class='ocr_par' dir='ltr' id='par_1_85' title="bbox 876 1287 1670 1323">
     <span class='ocr_line' id='line_1_85' title="bbox 876 1287 1670 1323; baseline 0.001 -9"><span class='ocrx_word' id='word_1_605' title='bbox 876 1287 949 1322; x_wconf 83' lang='lat' dir='ltr'><strong>quod</strong></span> <span class='ocrx_word' id='word_1_606' title='bbox 966 1287 1064 1316; x_wconf 70' lang='lat' dir='ltr'><strong>alteras</strong></span> <span class='ocrx_word' id='word_1_607' title='bbox 1078 1287 1224 1315; x_wconf 82' lang='lat' dir='ltr'><strong>veritatis?</strong></span> <span class='ocrx_word' id='word_1_608' title='bbox 1244 1290 1290 1314; x_wconf 88' lang='lat' dir='ltr'><strong>aut</strong></span> <span class='ocrx_word' id='word_1_609' title='bbox 1304 1287 1326 1314; x_wconf 90' lang='lat' dir='ltr'><strong>si</strong></span> <span class='ocrx_word' id='word_1_610' title='bbox 1343 1287 1438 1318; x_wconf 85' lang='lat' dir='ltr'><strong>habes,</strong></span> <span class='ocrx_word' id='word_1_611' title='bbox 1456 1287 1545 1321; x_wconf 88' lang='lat' dir='ltr'><strong>incipe</strong></span> <span class='ocrx_word' id='word_1_612' title='bbox 1564 1288 1670 1323; x_wconf 88' lang='lat' dir='ltr'><strong>absque</strong></span> 
     </span>
    </p>
   </div>
   <div class='ocr_carea' id='block_1_86' title="bbox 877 1326 1670 1370">
    <p class='ocr_par' dir='ltr' id='par_1_86' title="bbox 877 1326 1670 1370">
     <span class='ocr_line' id='line_1_86' title="bbox 877 1326 1670 1370; baseline 0 -8"><span class='ocrx_word' id='word_1_613' title='bbox 877 1335 1099 1367; x_wconf 87' lang='lat' dir='ltr'><strong>circuitionibus,</strong></span> <span class='ocrx_word' id='word_1_614' title='bbox 1125 1326 1153 1362; x_wconf 31' lang='lat' dir='ltr'><strong>si.</strong></span> <span class='ocrx_word' id='word_1_615' title='bbox 1173 1339 1279 1362; x_wconf 88' lang='lat' dir='ltr'><strong>tantum</strong></span> <span class='ocrx_word' id='word_1_616' title='bbox 1302 1333 1442 1362; x_wconf 83' lang='lat' dir='ltr'><strong>conﬁdis:</strong></span> <span class='ocrx_word' id='word_1_617' title='bbox 1460 1338 1488 1362; x_wconf 85' lang='lat' dir='ltr'><strong>et</strong></span> <span class='ocrx_word' id='word_1_618' title='bbox 1511 1335 1534 1362; x_wconf 89' lang='lat' dir='ltr'><strong>si</strong></span> <span class='ocrx_word' id='word_1_619' title='bbox 1559 1335 1670 1370; x_wconf 89' lang='lat' dir='ltr'><strong>quidem</strong></span> 
     </span>
    </p>
   </div>
   <div class='ocr_carea' id='block_1_87' title="bbox 878 1380 1669 1416">
    <p class='ocr_par' dir='ltr' id='par_1_87' title="bbox 878 1380 1669 1416">
     <span class='ocr_line' id='line_1_87' title="bbox 878 1380 1669 1416; baseline 0.001 -8"><span class='ocrx_word' id='word_1_620' title='bbox 878 1388 933 1408; x_wconf 93' lang='lat' dir='ltr'><strong>non</strong></span> <span class='ocrx_word' id='word_1_621' title='bbox 949 1381 1105 1416; x_wconf 87' lang='lat' dir='ltr'><strong>placuerint</strong></span> <span class='ocrx_word' id='word_1_622' title='bbox 1120 1380 1202 1407; x_wconf 80' lang='lat' dir='ltr'><strong>alicui</strong></span> <span class='ocrx_word' id='word_1_623' title='bbox 1225 1380 1380 1407; x_wconf 86' lang='lat' dir='ltr'><strong>auditorum</strong></span> <span class='ocrx_word' id='word_1_624' title='bbox 1396 1388 1455 1416; x_wconf 78' lang='lat' dir='ltr'><strong>quae</strong></span> <span class='ocrx_word' id='word_1_625' title='bbox 1470 1381 1550 1413; x_wconf 88' lang='lat' dir='ltr'><strong>dicis,</strong></span> <span class='ocrx_word' id='word_1_626' title='bbox 1572 1382 1669 1409; x_wconf 78' lang='lat' dir='ltr'><strong>absce-</strong></span> 
     </span>
    </p>
   </div>
   <div class='ocr_carea' id='block_1_88' title="bbox 878 1426 1671 1462">
    <p class='ocr_par' dir='ltr' id='par_1_88' title="bbox 878 1426 1671 1462">
     <span class='ocr_line' id='line_1_88' title="bbox 878 1426 1671 1462; baseline 0 -8"><span class='ocrx_word' id='word_1_627' title='bbox 878 1427 934 1459; x_wconf 84' lang='lat' dir='ltr'><strong>det,</strong></span> <span class='ocrx_word' id='word_1_628' title='bbox 953 1427 1000 1462; x_wconf 92' lang='lat' dir='ltr'><strong>qui</strong></span> <span class='ocrx_word' id='word_1_629' title='bbox 1015 1434 1082 1454; x_wconf 83' lang='lat' dir='ltr'><strong>vero</strong></span> <span class='ocrx_word' id='word_1_630' title='bbox 1096 1426 1309 1462; x_wconf 86' lang='lat' dir='ltr'><strong>permanserint,</strong></span> <span class='ocrx_word' id='word_1_631' title='bbox 1325 1430 1457 1461; x_wconf 79' lang='lat' dir='ltr'><strong>togcutur</strong></span> <span class='ocrx_word' id='word_1_632' title='bbox 1471 1427 1671 1454; x_wconf 85' lang='lat' dir='ltr'><strong>assertionibus</strong></span> 
     </span>
    </p>
   </div>
   <div class='ocr_carea' id='block_1_89' title="bbox 880 1471 1671 1508">
    <p class='ocr_par' dir='ltr' id='par_1_89' title="bbox 880 1471 1671 1508">
     <span class='ocr_line' id='line_1_89' title="bbox 880 1471 1671 1508; baseline 0.003 -9"><span class='ocrx_word' id='word_1_633' title='bbox 880 1473 936 1500; x_wconf 90' lang='lat' dir='ltr'><strong>tuis</strong></span> <span class='ocrx_word' id='word_1_634' title='bbox 961 1473 1078 1508; x_wconf 84' lang='lat' dir='ltr'><strong>probare</strong></span> <span class='ocrx_word' id='word_1_635' title='bbox 1101 1472 1175 1508; x_wconf 91' lang='lat' dir='ltr'><strong>quod</strong></span> <span class='ocrx_word' id='word_1_636' title='bbox 1190 1480 1284 1499; x_wconf 86' lang='lat' dir='ltr'><strong>verum</strong></span> <span class='ocrx_word' id='word_1_637' title='bbox 1308 1478 1361 1500; x_wconf 85' lang='lat' dir='ltr'><strong>est.</strong></span> <span class='ocrx_word' id='word_1_638' title='bbox 1382 1471 1473 1506; x_wconf 88' lang='lat' dir='ltr'><strong>Incipe</strong></span> <span class='ocrx_word' id='word_1_639' title='bbox 1502 1472 1585 1507; x_wconf 87' lang='lat' dir='ltr'><strong>igitur</strong></span> <span class='ocrx_word' id='word_1_640' title='bbox 1597 1473 1671 1508; x_wconf 85' lang='lat' dir='ltr'><strong>quod</strong></span> 
     </span>
    </p>
   </div>
   <div class='ocr_carea' id='block_1_90' title="bbox 879 1518 1672 1555">
    <p class='ocr_par' dir='ltr' id='par_1_90' title="bbox 879 1518 1672 1555">
     <span class='ocr_line' id='line_1_90' title="bbox 879 1518 1672 1555; baseline 0.001 -10"><span class='ocrx_word' id='word_1_641' title='bbox 879 1518 928 1545; x_wconf 87' lang='lat' dir='ltr'><strong>tibi</strong></span> <span class='ocrx_word' id='word_1_642' title='bbox 948 1523 1054 1546; x_wconf 90' lang='lat' dir='ltr'><strong>rectum</strong></span> <span class='ocrx_word' id='word_1_643' title='bbox 1076 1518 1195 1550; x_wconf 88' lang='lat' dir='ltr'><strong>videtur,</strong></span> <span class='ocrx_word' id='word_1_644' title='bbox 1217 1525 1363 1552; x_wconf 77' lang='lat' dir='ltr'><strong>exponere.</strong></span> <span class='ocrx_word' id='word_1_645' title='bbox 1386 1518 1418 1545; x_wconf 87' lang='lat' dir='ltr'><strong>Et</strong></span> <span class='ocrx_word' id='word_1_646' title='bbox 1435 1518 1529 1546; x_wconf 88' lang='lat' dir='ltr'><strong>Simon</strong></span> <span class='ocrx_word' id='word_1_647' title='bbox 1544 1518 1601 1545; x_wconf 88' lang='lat' dir='ltr'><strong>ait:</strong></span> <span class='ocrx_word' id='word_1_648' title='bbox 1616 1519 1672 1555; x_wconf 82' lang='lat' dir='ltr'><strong>Ego</strong></span> 
     </span>
    </p>
   </div>
   <div class='ocr_carea' id='block_1_91' title="bbox 879 1564 1673 1595">
    <p class='ocr_par' dir='ltr' id='par_1_91' title="bbox 879 1564 1673 1595">
     <span class='ocr_line' id='line_1_91' title="bbox 879 1564 1673 1595; baseline 0.001 -4"><span class='ocrx_word' id='word_1_649' title='bbox 879 1565 941 1591; x_wconf 89' lang='lat' dir='ltr'><strong>dico</strong></span> <span class='ocrx_word' id='word_1_650' title='bbox 966 1565 1069 1591; x_wconf 89' lang='lat' dir='ltr'><strong>multos</strong></span> <span class='ocrx_word' id='word_1_651' title='bbox 1091 1572 1152 1591; x_wconf 81' lang='lat' dir='ltr'><strong>esse</strong></span> <span class='ocrx_word' id='word_1_652' title='bbox 1168 1564 1245 1595; x_wconf 87' lang='lat' dir='ltr'><strong>deos,</strong></span> <span class='ocrx_word' id='word_1_653' title='bbox 1261 1571 1344 1590; x_wconf 92' lang='lat' dir='ltr'><strong>unum</strong></span> <span class='ocrx_word' id='word_1_654' title='bbox 1363 1567 1454 1591; x_wconf 87' lang='lat' dir='ltr'><strong>tamen</strong></span> <span class='ocrx_word' id='word_1_655' title='bbox 1478 1572 1540 1592; x_wconf 84' lang='lat' dir='ltr'><strong>esse</strong></span> <span class='ocrx_word' id='word_1_656' title='bbox 1566 1565 1673 1592; x_wconf 84' lang='lat' dir='ltr'><strong>incom—</strong></span> 
     </span>
    </p>
   </div>
   <div class='ocr_carea' id='block_1_92' title="bbox 879 1608 1671 1644">
    <p class='ocr_par' dir='ltr' id='par_1_92' title="bbox 879 1608 1671 1644">
     <span class='ocr_line' id='line_1_92' title="bbox 879 1608 1671 1644; baseline 0.001 -9"><span class='ocrx_word' id='word_1_657' title='bbox 879 1609 1091 1644; x_wconf 88' lang='lat' dir='ltr'><strong>prehensibilent</strong></span> <span class='ocrx_word' id='word_1_658' title='bbox 1109 1613 1192 1643; x_wconf 89' lang='lat' dir='ltr'><strong>atque</strong></span> <span class='ocrx_word' id='word_1_659' title='bbox 1207 1608 1337 1635; x_wconf 86' lang='lat' dir='ltr'><strong>omnibus</strong></span> <span class='ocrx_word' id='word_1_660' title='bbox 1360 1608 1542 1643; x_wconf 85' lang='lat' dir='ltr'><strong>incognitum,</strong></span> <span class='ocrx_word' id='word_1_661' title='bbox 1557 1609 1671 1636; x_wconf 88' lang='lat' dir='ltr'><strong>horum-</strong></span> 
     </span>
    </p>
   </div>
   <div class='ocr_carea' id='block_1_93' title="bbox 877 1653 1671 1690">
    <p class='ocr_par' dir='ltr' id='par_1_93' title="bbox 877 1653 1671 1690">
     <span class='ocr_line' id='line_1_93' title="bbox 877 1653 1671 1690; baseline 0.001 -8"><span class='ocrx_word' id='word_1_662' title='bbox 877 1663 931 1690; x_wconf 88' lang='lat' dir='ltr'><strong>que</strong></span> <span class='ocrx_word' id='word_1_663' title='bbox 959 1655 1081 1682; x_wconf 93' lang='lat' dir='ltr'><strong>omnium</strong></span> <span class='ocrx_word' id='word_1_664' title='bbox 1107 1654 1222 1682; x_wconf 90' lang='lat' dir='ltr'><strong>deorum</strong></span> <span class='ocrx_word' id='word_1_665' title='bbox 1239 1653 1333 1681; x_wconf 90' lang='lat' dir='ltr'><strong>Deum.</strong></span> <span class='ocrx_word' id='word_1_666' title='bbox 1357 1653 1425 1681; x_wconf 89' lang='lat' dir='ltr'><strong>Tum</strong></span> <span class='ocrx_word' id='word_1_667' title='bbox 1443 1653 1541 1682; x_wconf 89' lang='lat' dir='ltr'><strong>Petrus</strong></span> <span class='ocrx_word' id='word_1_668' title='bbox 1558 1665 1564 1682; x_wconf 87' lang='lat'><strong>:</strong></span> <span class='ocrx_word' id='word_1_669' title='bbox 1580 1655 1671 1686; x_wconf 86' lang='lat' dir='ltr'><strong>Hunc.</strong></span> 
     </span>
    </p>
   </div>
   <div class='ocr_carea' id='block_1_94' title="bbox 879 1700 1673 1736">
    <p class='ocr_par' dir='ltr' id='par_1_94' title="bbox 879 1700 1673 1736">
     <span class='ocr_line' id='line_1_94' title="bbox 879 1700 1673 1736; baseline 0.003 -9"><span class='ocrx_word' id='word_1_670' title='bbox 879 1701 983 1735; x_wconf 84' lang='lat' dir='ltr'><strong>inquit,</strong></span> <span class='ocrx_word' id='word_1_671' title='bbox 1001 1709 1083 1736; x_wconf 87' lang='lat' dir='ltr'><strong>quem</strong></span> <span class='ocrx_word' id='word_1_672' title='bbox 1095 1700 1166 1728; x_wconf 87' lang='lat' dir='ltr'><strong>dicis</strong></span> <span class='ocrx_word' id='word_1_673' title='bbox 1180 1708 1241 1727; x_wconf 65' lang='lat' dir='ltr'><strong>eSSe</strong></span> <span class='ocrx_word' id='word_1_674' title='bbox 1267 1700 1571 1734; x_wconf 79' lang='lat' dir='ltr'><strong>inco:uprehensibi!em</strong></span> <span class='ocrx_word' id='word_1_675' title='bbox 1588 1706 1615 1729; x_wconf 87' lang='lat' dir='ltr'><strong>et</strong></span> <span class='ocrx_word' id='word_1_676' title='bbox 1630 1701 1673 1728; x_wconf 89' lang='lat' dir='ltr'><strong>in-</strong></span> 
     </span>
    </p>
   </div>
   <div class='ocr_carea' id='block_1_95' title="bbox 879 1745 1669 1783">
    <p class='ocr_par' dir='ltr' id='par_1_95' title="bbox 879 1745 1669 1783">
     <span class='ocr_line' id='line_1_95' title="bbox 879 1745 1669 1783; baseline 0.001 -10"><span class='ocrx_word' id='word_1_677' title='bbox 879 1749 1018 1783; x_wconf 57' lang='lat' dir='ltr'><strong>cogeiitum</strong></span> <span class='ocrx_word' id='word_1_678' title='bbox 1035 1747 1164 1774; x_wconf 90' lang='lat' dir='ltr'><strong>omnibus</strong></span> <span class='ocrx_word' id='word_1_679' title='bbox 1179 1745 1274 1777; x_wconf 87' lang='lat' dir='ltr'><strong>Detnn,</strong></span> <span class='ocrx_word' id='word_1_680' title='bbox 1287 1753 1321 1773; x_wconf 84' lang='lat' dir='ltr'><strong>ex</strong></span> <span class='ocrx_word' id='word_1_681' title='bbox 1340 1745 1492 1781; x_wconf 75' lang='lat' dir='ltr'><strong>Srripluris</strong></span> <span class='ocrx_word' id='word_1_682' title='bbox 1509 1746 1669 1774; x_wconf 71' lang='lat' dir='ltr'><strong>Judzcorum</strong></span> 
     </span>
    </p>
   </div>
   <div class='ocr_carea' id='block_1_96' title="bbox 879 1791 1671 1827">
    <p class='ocr_par' dir='ltr' id='par_1_96' title="bbox 879 1791 1671 1827">
     <span class='ocr_line' id='line_1_96' title="bbox 879 1791 1671 1827; baseline 0.001 -8"><span class='ocrx_word' id='word_1_683' title='bbox 879 1800 940 1827; x_wconf 81' lang='lat' dir='ltr'><strong>qtue</strong></span> <span class='ocrx_word' id='word_1_684' title='bbox 957 1793 983 1818; x_wconf 94' lang='lat' dir='ltr'><strong>iu</strong></span> <span class='ocrx_word' id='word_1_685' title='bbox 999 1793 1163 1819; x_wconf 83' lang='lat' dir='ltr'><strong>auctoritate</strong></span> <span class='ocrx_word' id='word_1_686' title='bbox 1177 1791 1324 1821; x_wconf 86' lang='lat' dir='ltr'><strong>habentur,</strong></span> <span class='ocrx_word' id='word_1_687' title='bbox 1342 1792 1458 1826; x_wconf 85' lang='lat' dir='ltr'><strong>probare</strong></span> <span class='ocrx_word' id='word_1_688' title='bbox 1470 1796 1558 1826; x_wconf 54' lang='lat' dir='ltr'><strong>potes,</strong></span> <span class='ocrx_word' id='word_1_689' title='bbox 1584 1801 1618 1819; x_wconf 85' lang='lat' dir='ltr'><strong>an</strong></span> <span class='ocrx_word' id='word_1_690' title='bbox 1639 1801 1671 1820; x_wconf 79' lang='lat' dir='ltr'><strong>ex</strong></span> 
     </span>
    </p>
   </div>
   <div class='ocr_carea' id='block_1_97' title="bbox 881 1837 1673 1874">
    <p class='ocr_par' dir='ltr' id='par_1_97' title="bbox 881 1837 1673 1874">
     <span class='ocr_line' id='line_1_97' title="bbox 881 1837 1673 1874; baseline 0.001 -10"><span class='ocrx_word' id='word_1_691' title='bbox 881 1837 942 1865; x_wconf 87' lang='lat' dir='ltr'><strong>aliis</strong></span> <span class='ocrx_word' id='word_1_692' title='bbox 955 1837 1103 1873; x_wconf 86' lang='lat' dir='ltr'><strong>aliquibus,</strong></span> <span class='ocrx_word' id='word_1_693' title='bbox 1117 1846 1186 1873; x_wconf 89' lang='lat' dir='ltr'><strong>quas</strong></span> <span class='ocrx_word' id='word_1_694' title='bbox 1195 1845 1290 1866; x_wconf 87' lang='lat' dir='ltr'><strong>omnes</strong></span> <span class='ocrx_word' id='word_1_695' title='bbox 1302 1839 1471 1874; x_wconf 72' lang='lat' dir='ltr'><strong>ignoramus,</strong></span> <span class='ocrx_word' id='word_1_696' title='bbox 1482 1845 1515 1864; x_wconf 88' lang='lat' dir='ltr'><strong>an</strong></span> <span class='ocrx_word' id='word_1_697' title='bbox 1527 1845 1559 1864; x_wconf 81' lang='lat' dir='ltr'><strong>ex</strong></span> <span class='ocrx_word' id='word_1_698' title='bbox 1569 1837 1673 1865; x_wconf 69' lang='lat' dir='ltr'><strong>Grmcis</strong></span> 
     </span>
    </p>
   </div>
   <div class='ocr_carea' id='block_1_98' title="bbox 881 1882 1674 1918">
    <p class='ocr_par' dir='ltr' id='par_1_98' title="bbox 881 1882 1674 1918">
     <span class='ocr_line' id='line_1_98' title="bbox 881 1882 1674 1918; baseline -0.001 -8"><span class='ocrx_word' id='word_1_699' title='bbox 881 1883 1051 1914; x_wconf 87' lang='lat' dir='ltr'><strong>auctoribus,</strong></span> <span class='ocrx_word' id='word_1_700' title='bbox 1076 1891 1110 1910; x_wconf 89' lang='lat' dir='ltr'><strong>an</strong></span> <span class='ocrx_word' id='word_1_701' title='bbox 1135 1891 1168 1911; x_wconf 81' lang='lat' dir='ltr'><strong>ex</strong></span> <span class='ocrx_word' id='word_1_702' title='bbox 1190 1884 1246 1911; x_wconf 86' lang='lat' dir='ltr'><strong>tuis</strong></span> <span class='ocrx_word' id='word_1_703' title='bbox 1269 1884 1414 1918; x_wconf 73' lang='lat' dir='ltr'><strong>scripturis</strong></span> <span class='ocrx_word' id='word_1_704' title='bbox 1439 1882 1674 1918; x_wconf 84' lang='lat' dir='ltr'><strong>propriis?Certe</strong></span> 
     </span>
    </p>
   </div>
   <div class='ocr_carea' id='block_1_99' title="bbox 880 1929 1673 1964">
    <p class='ocr_par' dir='ltr' id='par_1_99' title="bbox 880 1929 1673 1964">
     <span class='ocr_line' id='line_1_99' title="bbox 880 1929 1673 1964; baseline 0.001 -9"><span class='ocrx_word' id='word_1_705' title='bbox 880 1936 914 1956; x_wconf 83' lang='lat' dir='ltr'><strong>ex</strong></span> <span class='ocrx_word' id='word_1_706' title='bbox 927 1929 1136 1964; x_wconf 87' lang='lat' dir='ltr'><strong>quibuscunque</strong></span> <span class='ocrx_word' id='word_1_707' title='bbox 1150 1930 1204 1961; x_wconf 91' lang='lat' dir='ltr'><strong>vis,</strong></span> <span class='ocrx_word' id='word_1_708' title='bbox 1223 1930 1320 1962; x_wconf 82' lang='lat' dir='ltr'><strong>dicito,</strong></span> <span class='ocrx_word' id='word_1_709' title='bbox 1336 1929 1372 1956; x_wconf 84' lang='lat' dir='ltr'><strong>ita</strong></span> <span class='ocrx_word' id='word_1_710' title='bbox 1391 1933 1482 1956; x_wconf 88' lang='lat' dir='ltr'><strong>tamen</strong></span> <span class='ocrx_word' id='word_1_711' title='bbox 1502 1933 1528 1955; x_wconf 92' lang='lat' dir='ltr'><strong>ut</strong></span> <span class='ocrx_word' id='word_1_712' title='bbox 1544 1929 1673 1957; x_wconf 81' lang='lat' dir='ltr'><strong>ostendas</strong></span> 
     </span>
    </p>
   </div>
   <div class='ocr_carea' id='block_1_100' title="bbox 881 1975 1674 2011">
    <p class='ocr_par' dir='ltr' id='par_1_100' title="bbox 881 1975 1674 2011">
     <span class='ocr_line' id='line_1_100' title="bbox 881 1975 1674 2011; baseline -0.001 -8"><span class='ocrx_word' id='word_1_713' title='bbox 881 1982 928 2003; x_wconf 88' lang='lat' dir='ltr'><strong>eas</strong></span> <span class='ocrx_word' id='word_1_714' title='bbox 940 1975 1016 2010; x_wconf 90' lang='lat' dir='ltr'><strong>prius</strong></span> <span class='ocrx_word' id='word_1_715' title='bbox 1030 1982 1091 2002; x_wconf 86' lang='lat' dir='ltr'><strong>esse</strong></span> <span class='ocrx_word' id='word_1_716' title='bbox 1107 1976 1296 2011; x_wconf 69' lang='lat' dir='ltr'><strong>propheticas;</strong></span> <span class='ocrx_word' id='word_1_717' title='bbox 1318 1976 1356 2003; x_wconf 91' lang='lat' dir='ltr'><strong>ita</strong></span> <span class='ocrx_word' id='word_1_718' title='bbox 1372 1976 1444 2002; x_wconf 87' lang='lat' dir='ltr'><strong>enim</strong></span> <span class='ocrx_word' id='word_1_719' title='bbox 1460 1976 1516 2008; x_wconf 88' lang='lat' dir='ltr'><strong>ﬁet,</strong></span> <span class='ocrx_word' id='word_1_720' title='bbox 1534 1980 1564 2003; x_wconf 91' lang='lat' dir='ltr'><strong>ut</strong></span> <span class='ocrx_word' id='word_1_721' title='bbox 1579 1983 1674 2003; x_wconf 84' lang='lat' dir='ltr'><strong>carum</strong></span> 
     </span>
    </p>
   </div>
   <div class='ocr_carea' id='block_1_101' title="bbox 882 2021 1368 2052">
    <p class='ocr_par' dir='ltr' id='par_1_101' title="bbox 882 2021 1368 2052">
     <span class='ocr_line' id='line_1_101' title="bbox 882 2021 1368 2052; baseline 0.01 -5"><span class='ocrx_word' id='word_1_722' title='bbox 882 2021 1038 2048; x_wconf 86' lang='lat' dir='ltr'><strong>indubitata</strong></span> <span class='ocrx_word' id='word_1_723' title='bbox 1058 2021 1192 2049; x_wconf 88' lang='lat' dir='ltr'><strong>habeatur</strong></span> <span class='ocrx_word' id='word_1_724' title='bbox 1209 2025 1368 2052; x_wconf 87' lang='lat' dir='ltr'><strong>auctoritas.</strong></span> 
     </span>
    </p>
   </div>
   <div class='ocr_carea' id='block_1_102' title="bbox 920 2066 1675 2106">
    <p class='ocr_par' dir='ltr' id='par_1_102' title="bbox 920 2066 1675 2106">
     <span class='ocr_line' id='line_1_102' title="bbox 920 2066 1675 2106; baseline 0.008 -13"><span class='ocrx_word' id='word_1_725' title='bbox 920 2066 1040 2095; x_wconf 73' lang='lat' dir='ltr'><strong>XXXIX.</strong></span> <span class='ocrx_word' id='word_1_726' title='bbox 1063 2067 1095 2095; x_wconf 85' lang='lat' dir='ltr'><strong>Et</strong></span> <span class='ocrx_word' id='word_1_727' title='bbox 1117 2068 1210 2097; x_wconf 88' lang='lat' dir='ltr'><strong>Simon</strong></span> <span class='ocrx_word' id='word_1_728' title='bbox 1230 2071 1267 2097; x_wconf 86' lang='lat' dir='ltr'><strong>ait</strong></span> <span class='ocrx_word' id='word_1_729' title='bbox 1281 2079 1287 2097; x_wconf 93' lang='lat'>:</span> <span class='ocrx_word' id='word_1_730' title='bbox 1303 2071 1343 2098; x_wconf 74' lang='lat' dir='ltr'><strong>Ex</strong></span> <span class='ocrx_word' id='word_1_731' title='bbox 1364 2071 1422 2106; x_wconf 83' lang='lat' dir='ltr'><strong>lege</strong></span> <span class='ocrx_word' id='word_1_732' title='bbox 1434 2070 1592 2099; x_wconf 71' lang='lat' dir='ltr'><strong>Iudaeorum</strong></span> <span class='ocrx_word' id='word_1_733' title='bbox 1615 2072 1675 2100; x_wconf 82' lang='lat' dir='ltr'><strong>sola</strong></span> 
     </span>
    </p>
   </div>
   <div class='ocr_carea' id='block_1_103' title="bbox 887 2113 1676 2153">
    <p class='ocr_par' dir='ltr' id='par_1_103' title="bbox 887 2113 1676 2153">
     <span class='ocr_line' id='line_1_103' title="bbox 887 2113 1676 2153; baseline 0.006 -13"><span class='ocrx_word' id='word_1_734' title='bbox 887 2113 1057 2142; x_wconf 88' lang='lat' dir='ltr'><strong>assertiones</strong></span> <span class='ocrx_word' id='word_1_735' title='bbox 1080 2114 1224 2143; x_wconf 85' lang='lat' dir='ltr'><strong>adhibebo.</strong></span> <span class='ocrx_word' id='word_1_736' title='bbox 1240 2116 1374 2144; x_wconf 84' lang='lat' dir='ltr'><strong>Omnibus</strong></span> <span class='ocrx_word' id='word_1_737' title='bbox 1388 2118 1460 2144; x_wconf 90' lang='lat' dir='ltr'><strong>enim</strong></span> <span class='ocrx_word' id='word_1_738' title='bbox 1475 2118 1522 2153; x_wconf 92' lang='lat' dir='ltr'><strong>qui</strong></span> <span class='ocrx_word' id='word_1_739' title='bbox 1537 2118 1676 2153; x_wconf 79' lang='lat' dir='ltr'><strong>religionis</strong></span> 
     </span>
    </p>
   </div>
   <div class='ocr_carea' id='block_1_104' title="bbox 884 2161 1676 2195">
    <p class='ocr_par' dir='ltr' id='par_1_104' title="bbox 884 2161 1676 2195">
     <span class='ocr_line' id='line_1_104' title="bbox 884 2161 1676 2195; baseline 0.006 -9"><span class='ocrx_word' id='word_1_740' title='bbox 884 2167 978 2187; x_wconf 92' lang='lat' dir='ltr'><strong>curam</strong></span> <span class='ocrx_word' id='word_1_741' title='bbox 996 2165 1104 2195; x_wconf 86' lang='lat' dir='ltr'><strong>gerunt,</strong></span> <span class='ocrx_word' id='word_1_742' title='bbox 1123 2161 1298 2189; x_wconf 80' lang='lat' dir='ltr'><strong>manifestum</strong></span> <span class='ocrx_word' id='word_1_743' title='bbox 1316 2167 1358 2190; x_wconf 85' lang='lat' dir='ltr'><strong>est</strong></span> <span class='ocrx_word' id='word_1_744' title='bbox 1375 2164 1459 2190; x_wconf 83' lang='lat' dir='ltr'><strong>totius</strong></span> <span class='ocrx_word' id='word_1_745' title='bbox 1475 2171 1536 2191; x_wconf 88' lang='lat' dir='ltr'><strong>esse</strong></span> <span class='ocrx_word' id='word_1_746' title='bbox 1555 2164 1676 2191; x_wconf 89' lang='lat' dir='ltr'><strong>auctori-</strong></span> 
     </span>
    </p>
   </div>
   <div class='ocr_carea' id='block_1_105' title="bbox 849 2205 1676 2246">
    <p class='ocr_par' dir='ltr' id='par_1_105' title="bbox 849 2205 1676 2246">
     <span class='ocr_line' id='line_1_105' title="bbox 849 2205 1676 2246; baseline 0.008 -15"><span class='ocrx_word' id='word_1_747' title='bbox 849 2215 873 2246; x_wconf 75' lang='lat' dir='ltr'><strong>D</strong></span> <span class='ocrx_word' id='word_1_748' title='bbox 886 2205 951 2233; x_wconf 91' lang='lat' dir='ltr'><strong>tatis</strong></span> <span class='ocrx_word' id='word_1_749' title='bbox 966 2205 1036 2233; x_wconf 90' lang='lat' dir='ltr'><strong>hanc</strong></span> <span class='ocrx_word' id='word_1_750' title='bbox 1054 2206 1150 2241; x_wconf 82' lang='lat' dir='ltr'><strong>legem,</strong></span> <span class='ocrx_word' id='word_1_751' title='bbox 1169 2215 1392 2244; x_wconf 88' lang='lat' dir='ltr'><strong>unumquemque</strong></span> <span class='ocrx_word' id='word_1_752' title='bbox 1413 2214 1503 2237; x_wconf 89' lang='lat' dir='ltr'><strong>tamen</strong></span> <span class='ocrx_word' id='word_1_753' title='bbox 1523 2210 1676 2238; x_wconf 86' lang='lat' dir='ltr'><strong>secundum</strong></span> 
     </span>
    </p>
   </div>
   <div class='ocr_carea' id='block_1_106' title="bbox 886 2253 1678 2292">
    <p class='ocr_par' dir='ltr' id='par_1_106' title="bbox 886 2253 1678 2292">
     <span class='ocr_line' id='line_1_106' title="bbox 886 2253 1678 2292; baseline 0.006 -13"><span class='ocrx_word' id='word_1_754' title='bbox 886 2253 1026 2288; x_wconf 90' lang='lat' dir='ltr'><strong>proprium</strong></span> <span class='ocrx_word' id='word_1_755' title='bbox 1051 2261 1161 2281; x_wconf 83' lang='lat' dir='ltr'><strong>sensum</strong></span> <span class='ocrx_word' id='word_1_756' title='bbox 1184 2254 1391 2289; x_wconf 87' lang='lat' dir='ltr'><strong>intelligentiam</strong></span> <span class='ocrx_word' id='word_1_757' title='bbox 1418 2257 1484 2292; x_wconf 77' lang='lat' dir='ltr'><strong>legis</strong></span> <span class='ocrx_word' id='word_1_758' title='bbox 1503 2256 1585 2291; x_wconf 92' lang='lat' dir='ltr'><strong>hujus</strong></span> <span class='ocrx_word' id='word_1_759' title='bbox 1604 2258 1678 2284; x_wconf 87' lang='lat' dir='ltr'><strong>acci—</strong></span> 
     </span>
    </p>
   </div>
   <div class='ocr_carea' id='block_1_107' title="bbox 886 2298 1675 2338">
    <p class='ocr_par' dir='ltr' id='par_1_107' title="bbox 886 2298 1675 2338">
     <span class='ocr_line' id='line_1_107' title="bbox 886 2298 1675 2338; baseline 0.005 -13"><span class='ocrx_word' id='word_1_760' title='bbox 886 2306 959 2333; x_wconf 87' lang='lat' dir='ltr'><strong>pere.</strong></span> <span class='ocrx_word' id='word_1_761' title='bbox 975 2298 1014 2325; x_wconf 92' lang='lat' dir='ltr'><strong>lta</strong></span> <span class='ocrx_word' id='word_1_762' title='bbox 1028 2298 1100 2325; x_wconf 89' lang='lat' dir='ltr'><strong>enim</strong></span> <span class='ocrx_word' id='word_1_763' title='bbox 1117 2298 1151 2325; x_wconf 87' lang='lat' dir='ltr'><strong>ab</strong></span> <span class='ocrx_word' id='word_1_764' title='bbox 1162 2307 1194 2326; x_wconf 89' lang='lat' dir='ltr'><strong>eo</strong></span> <span class='ocrx_word' id='word_1_765' title='bbox 1207 2300 1253 2334; x_wconf 92' lang='lat' dir='ltr'><strong>qui</strong></span> <span class='ocrx_word' id='word_1_766' title='bbox 1271 2301 1402 2328; x_wconf 91' lang='lat' dir='ltr'><strong>mundum</strong></span> <span class='ocrx_word' id='word_1_767' title='bbox 1420 2301 1553 2332; x_wconf 80' lang='lat' dir='ltr'><strong>condidit,</strong></span> <span class='ocrx_word' id='word_1_768' title='bbox 1571 2303 1675 2338; x_wconf 86' lang='lat' dir='ltr'><strong>scripta</strong></span> 
     </span>
    </p>
   </div>
   <div class='ocr_carea' id='block_1_108' title="bbox 886 2343 1677 2378">
    <p class='ocr_par' dir='ltr' id='par_1_108' title="bbox 886 2343 1677 2378">
     <span class='ocr_line' id='line_1_108' title="bbox 886 2343 1677 2378; baseline 0.001 -7"><span class='ocrx_word' id='word_1_769' title='bbox 886 2346 938 2376; x_wconf 88' lang='lat' dir='ltr'><strong>est,</strong></span> <span class='ocrx_word' id='word_1_770' title='bbox 955 2347 984 2370; x_wconf 86' lang='lat' dir='ltr'><strong>ut</strong></span> <span class='ocrx_word' id='word_1_771' title='bbox 1007 2343 1035 2370; x_wconf 94' lang='lat' dir='ltr'><strong>in</strong></span> <span class='ocrx_word' id='word_1_772' title='bbox 1061 2344 1120 2378; x_wconf 89' lang='lat' dir='ltr'><strong>ipsa</strong></span> <span class='ocrx_word' id='word_1_773' title='bbox 1145 2351 1235 2371; x_wconf 90' lang='lat' dir='ltr'><strong>rerum</strong></span> <span class='ocrx_word' id='word_1_774' title='bbox 1259 2345 1328 2373; x_wconf 93' lang='lat' dir='ltr'><strong>ﬁdes</strong></span> <span class='ocrx_word' id='word_1_775' title='bbox 1351 2346 1493 2374; x_wconf 83' lang='lat' dir='ltr'><strong>habeatur.</strong></span> <span class='ocrx_word' id='word_1_776' title='bbox 1519 2346 1597 2374; x_wconf 86' lang='lat' dir='ltr'><strong>Unde</strong></span> <span class='ocrx_word' id='word_1_777' title='bbox 1619 2348 1677 2375; x_wconf 77' lang='lat' dir='ltr'><strong>sive</strong></span> 
     </span>
    </p>
   </div>
   <div class='ocr_carea' id='block_1_109' title="bbox 889 2389 1678 2428">
    <p class='ocr_par' dir='ltr' id='par_1_109' title="bbox 889 2389 1678 2428">
     <span class='ocr_line' id='line_1_109' title="bbox 889 2389 1678 2428; baseline 0.008 -13"><span class='ocrx_word' id='word_1_778' title='bbox 889 2389 952 2423; x_wconf 89' lang='lat' dir='ltr'><strong>quis</strong></span> <span class='ocrx_word' id='word_1_779' title='bbox 974 2396 1048 2421; x_wconf 78' lang='lat' dir='ltr'><strong>vera,</strong></span> <span class='ocrx_word' id='word_1_780' title='bbox 1074 2389 1132 2417; x_wconf 89' lang='lat' dir='ltr'><strong>sive</strong></span> <span class='ocrx_word' id='word_1_781' title='bbox 1148 2389 1229 2417; x_wconf 88' lang='lat' dir='ltr'><strong>etiam</strong></span> <span class='ocrx_word' id='word_1_782' title='bbox 1251 2389 1319 2418; x_wconf 87' lang='lat' dir='ltr'><strong>falsa</strong></span> <span class='ocrx_word' id='word_1_783' title='bbox 1340 2392 1462 2426; x_wconf 87' lang='lat' dir='ltr'><strong>proferre</strong></span> <span class='ocrx_word' id='word_1_784' title='bbox 1477 2393 1551 2425; x_wconf 89' lang='lat' dir='ltr'><strong>velit,</strong></span> <span class='ocrx_word' id='word_1_785' title='bbox 1574 2393 1678 2428; x_wconf 87' lang='lat' dir='ltr'><strong>absque</strong></span> 
     </span>
    </p>
   </div>
   <div class='ocr_carea' id='block_1_110' title="bbox 887 2434 1678 2474">
    <p class='ocr_par' dir='ltr' id='par_1_110' title="bbox 887 2434 1678 2474">
     <span class='ocr_line' id='line_1_110' title="bbox 887 2434 1678 2474; baseline 0.008 -14"><span class='ocrx_word' id='word_1_786' title='bbox 887 2435 939 2460; x_wconf 88' lang='lat' dir='ltr'><strong>hac</strong></span> <span class='ocrx_word' id='word_1_787' title='bbox 965 2435 1023 2467; x_wconf 80' lang='lat' dir='ltr'><strong>lege</strong></span> <span class='ocrx_word' id='word_1_788' title='bbox 1052 2434 1126 2461; x_wconf 90' lang='lat' dir='ltr'><strong>nulla</strong></span> <span class='ocrx_word' id='word_1_789' title='bbox 1157 2436 1305 2471; x_wconf 90' lang='lat' dir='ltr'><strong>recipietur</strong></span> <span class='ocrx_word' id='word_1_790' title='bbox 1333 2438 1460 2465; x_wconf 87' lang='lat' dir='ltr'><strong>assertio.</strong></span> <span class='ocrx_word' id='word_1_791' title='bbox 1492 2438 1562 2471; x_wconf 85' lang='lat' dir='ltr'><strong>Quia</strong></span> <span class='ocrx_word' id='word_1_792' title='bbox 1591 2438 1678 2474; x_wconf 85' lang='lat' dir='ltr'><strong>igitur</strong></span> 
     </span>
    </p>
   </div>
   <div class='ocr_carea' id='block_1_111' title="bbox 887 2480 1676 2517">
    <p class='ocr_par' dir='ltr' id='par_1_111' title="bbox 887 2480 1676 2517">
     <span class='ocr_line' id='line_1_111' title="bbox 887 2480 1676 2517; baseline 0.003 -9"><span class='ocrx_word' id='word_1_793' title='bbox 887 2480 1003 2508; x_wconf 86' lang='lat' dir='ltr'><strong>scientia</strong></span> <span class='ocrx_word' id='word_1_794' title='bbox 1019 2487 1078 2507; x_wconf 91' lang='lat' dir='ltr'><strong>mea</strong></span> <span class='ocrx_word' id='word_1_795' title='bbox 1093 2480 1251 2515; x_wconf 85' lang='lat' dir='ltr'><strong>plenissime</strong></span> <span class='ocrx_word' id='word_1_796' title='bbox 1266 2490 1328 2509; x_wconf 89' lang='lat' dir='ltr'><strong>cum</strong></span> <span class='ocrx_word' id='word_1_797' title='bbox 1347 2483 1405 2517; x_wconf 83' lang='lat' dir='ltr'><strong>lege</strong></span> <span class='ocrx_word' id='word_1_798' title='bbox 1423 2484 1582 2517; x_wconf 88' lang='lat' dir='ltr'><strong>concordat,</strong></span> <span class='ocrx_word' id='word_1_799' title='bbox 1599 2488 1676 2512; x_wconf 86' lang='lat' dir='ltr'><strong>recte</strong></span> 
     </span>
    </p>
   </div>
   <div class='ocr_carea' id='block_1_112' title="bbox 889 2525 1677 2564">
    <p class='ocr_par' dir='ltr' id='par_1_112' title="bbox 889 2525 1677 2564">
     <span class='ocr_line' id='line_1_112' title="bbox 889 2525 1677 2564; baseline 0.009 -13"><span class='ocrx_word' id='word_1_800' title='bbox 889 2525 989 2552; x_wconf 87' lang='lat' dir='ltr'><strong>utultos</strong></span> <span class='ocrx_word' id='word_1_801' title='bbox 1008 2533 1069 2552; x_wconf 89' lang='lat' dir='ltr'><strong>esse</strong></span> <span class='ocrx_word' id='word_1_802' title='bbox 1091 2527 1263 2560; x_wconf 89' lang='lat' dir='ltr'><strong>pronuntiavi</strong></span> <span class='ocrx_word' id='word_1_803' title='bbox 1288 2528 1368 2560; x_wconf 79' lang='lat' dir='ltr'><strong>deos,</strong></span> <span class='ocrx_word' id='word_1_804' title='bbox 1395 2537 1511 2564; x_wconf 87' lang='lat' dir='ltr'><strong>quorum</strong></span> <span class='ocrx_word' id='word_1_805' title='bbox 1538 2538 1609 2557; x_wconf 93' lang='lat' dir='ltr'><strong>unus</strong></span> <span class='ocrx_word' id='word_1_806' title='bbox 1634 2536 1677 2557; x_wconf 78' lang='lat' dir='ltr'><strong>est</strong></span> 
     </span>
    </p>
   </div>
   <div class='ocr_carea' id='block_1_113' title="bbox 887 2570 1676 2610">
    <p class='ocr_par' dir='ltr' id='par_1_113' title="bbox 887 2570 1676 2610">
     <span class='ocr_line' id='line_1_113' title="bbox 887 2570 1676 2610; baseline 0.008 -13"><span class='ocrx_word' id='word_1_807' title='bbox 887 2570 1052 2598; x_wconf 89' lang='lat' dir='ltr'><strong>eminentior</strong></span> <span class='ocrx_word' id='word_1_808' title='bbox 1065 2576 1092 2598; x_wconf 90' lang='lat' dir='ltr'><strong>et</strong></span> <span class='ocrx_word' id='word_1_809' title='bbox 1105 2571 1401 2607; x_wconf 88' lang='lat' dir='ltr'><strong>incomprehensibilis,</strong></span> <span class='ocrx_word' id='word_1_810' title='bbox 1419 2575 1478 2610; x_wconf 83' lang='lat' dir='ltr'><strong>ipse</strong></span> <span class='ocrx_word' id='word_1_811' title='bbox 1491 2575 1538 2610; x_wconf 88' lang='lat' dir='ltr'><strong>qui</strong></span> <span class='ocrx_word' id='word_1_812' title='bbox 1550 2579 1593 2603; x_wconf 87' lang='lat' dir='ltr'><strong>est</strong></span> <span class='ocrx_word' id='word_1_813' title='bbox 1605 2575 1676 2603; x_wconf 87' lang='lat' dir='ltr'><strong>Deus</strong></span> 
     </span>
    </p>
   </div>
   <div class='ocr_carea' id='block_1_114' title="bbox 888 2614 1677 2655">
    <p class='ocr_par' dir='ltr' id='par_1_114' title="bbox 888 2614 1677 2655">
     <span class='ocr_line' id='line_1_114' title="bbox 888 2614 1677 2655; baseline 0.009 -16"><span class='ocrx_word' id='word_1_814' title='bbox 888 2614 1011 2641; x_wconf 88' lang='lat' dir='ltr'><strong>deorum.</strong></span> <span class='ocrx_word' id='word_1_815' title='bbox 1045 2614 1123 2648; x_wconf 82' lang='lat' dir='ltr'><strong>Quod</strong></span> <span class='ocrx_word' id='word_1_816' title='bbox 1155 2620 1246 2644; x_wconf 87' lang='lat' dir='ltr'><strong>autem</strong></span> <span class='ocrx_word' id='word_1_817' title='bbox 1284 2619 1362 2645; x_wconf 90' lang='lat' dir='ltr'><strong>multi</strong></span> <span class='ocrx_word' id='word_1_818' title='bbox 1383 2620 1438 2647; x_wconf 87' lang='lat' dir='ltr'><strong>sint</strong></span> <span class='ocrx_word' id='word_1_819' title='bbox 1458 2620 1511 2652; x_wconf 87' lang='lat' dir='ltr'><strong>dii,</strong></span> <span class='ocrx_word' id='word_1_820' title='bbox 1543 2620 1600 2655; x_wconf 85' lang='lat' dir='ltr'><strong>ipsa</strong></span> <span class='ocrx_word' id='word_1_821' title='bbox 1633 2629 1677 2647; x_wconf 82' lang='lat' dir='ltr'><strong>me</strong></span> 
     </span>
    </p>
   </div>
   <div class='ocr_carea' id='block_1_115' title="bbox 889 2658 1675 2700">
    <p class='ocr_par' dir='ltr' id='par_1_115' title="bbox 889 2658 1675 2700">
     <span class='ocr_line' id='line_1_115' title="bbox 889 2658 1675 2700; baseline 0.011 -16"><span class='ocrx_word' id='word_1_822' title='bbox 889 2658 996 2686; x_wconf 87' lang='lat' dir='ltr'><strong>edocuit</strong></span> <span class='ocrx_word' id='word_1_823' title='bbox 1012 2660 1064 2687; x_wconf 82' lang='lat' dir='ltr'><strong>lex.</strong></span> <span class='ocrx_word' id='word_1_824' title='bbox 1084 2660 1176 2688; x_wconf 89' lang='lat' dir='ltr'><strong>Primo</strong></span> <span class='ocrx_word' id='word_1_825' title='bbox 1190 2662 1300 2697; x_wconf 89' lang='lat' dir='ltr'><strong>quidem</strong></span> <span class='ocrx_word' id='word_1_826' title='bbox 1318 2664 1362 2691; x_wconf 90' lang='lat' dir='ltr'><strong>ubi</strong></span> <span class='ocrx_word' id='word_1_827' title='bbox 1380 2672 1412 2692; x_wconf 83' lang='lat' dir='ltr'><strong>ex</strong></span> <span class='ocrx_word' id='word_1_828' title='bbox 1429 2672 1544 2700; x_wconf 86' lang='lat' dir='ltr'><strong>persona</strong></span> <span class='ocrx_word' id='word_1_829' title='bbox 1560 2673 1675 2700; x_wconf 82' lang='lat' dir='ltr'><strong>serpen-</strong></span> 
     </span>
    </p>
   </div>
   <div class='ocr_carea' id='block_1_116' title="bbox 889 2705 1676 2746">
    <p class='ocr_par' dir='ltr' id='par_1_116' title="bbox 889 2705 1676 2746">
     <span class='ocr_line' id='line_1_116' title="bbox 889 2705 1676 2746; baseline 0.01 -16"><span class='ocrx_word' id='word_1_830' title='bbox 889 2705 925 2731; x_wconf 91' lang='lat' dir='ltr'><strong>tis</strong></span> <span class='ocrx_word' id='word_1_831' title='bbox 938 2705 1039 2732; x_wconf 88' lang='lat' dir='ltr'><strong>dicitur</strong></span> <span class='ocrx_word' id='word_1_832' title='bbox 1053 2707 1086 2734; x_wconf 89' lang='lat' dir='ltr'><strong>ad</strong></span> <span class='ocrx_word' id='word_1_833' title='bbox 1102 2707 1198 2740; x_wconf 85' lang='lat' dir='ltr'><strong>Evam,</strong></span> <span class='ocrx_word' id='word_1_834' title='bbox 1214 2709 1328 2743; x_wconf 79' lang='lat' dir='ltr'><strong>primani</strong></span> <span class='ocrx_word' id='word_1_835' title='bbox 1342 2710 1482 2738; x_wconf 89' lang='lat' dir='ltr'><strong>mulierem</strong></span> <span class='ocrx_word' id='word_1_836' title='bbox 1498 2718 1504 2736; x_wconf 75' lang='grc' dir='ltr'>ε</span> <span class='ocrx_word' id='word_1_837' title='bbox 1517 2710 1676 2746; x_wconf 80' lang='lat' dir='ltr'><strong>Quacum/ue</strong></span> 
     </span>
    </p>
   </div>
   <div class='ocr_carea' id='block_1_117' title="bbox 891 2750 1675 2789">
    <p class='ocr_par' dir='ltr' id='par_1_117' title="bbox 891 2750 1675 2789">
     <span class='ocr_line' id='line_1_117' title="bbox 891 2750 1675 2789; baseline 0.008 -13"><span class='ocrx_word' id='word_1_838' title='bbox 891 2750 933 2777; x_wconf 82' lang='lat' dir='ltr'><strong>die</strong></span> <span class='ocrx_word' id='word_1_839' title='bbox 947 2751 1167 2781; x_wconf 78' lang='lat' dir='ltr'><strong>manducaverilis</strong></span> <span class='ocrx_word' id='word_1_840' title='bbox 1189 2754 1220 2780; x_wconf 75' lang='lat' dir='ltr'><strong>de</strong></span> <span class='ocrx_word' id='word_1_841' title='bbox 1233 2754 1303 2789; x_wconf 81' lang='lat' dir='ltr'><strong>ligno</strong></span> <span class='ocrx_word' id='word_1_842' title='bbox 1318 2755 1420 2782; x_wconf 76' lang='lat' dir='ltr'><strong>sciendi</strong></span> <span class='ocrx_word' id='word_1_843' title='bbox 1430 2755 1525 2782; x_wconf 79' lang='lat' dir='ltr'><strong>bonum</strong></span> <span class='ocrx_word' id='word_1_844' title='bbox 1540 2761 1564 2783; x_wconf 84' lang='lat' dir='ltr'><strong>et</strong></span> <span class='ocrx_word' id='word_1_845' title='bbox 1576 2757 1675 2783; x_wconf 88' lang='lat' dir='ltr'><strong>malum</strong></span> 
     </span>
    </p>
   </div>
   <div class='ocr_carea' id='block_1_118' title="bbox 890 2797 1674 2838">
    <p class='ocr_par' dir='ltr' id='par_1_118' title="bbox 890 2797 1674 2838">
     <span class='ocr_line' id='line_1_118' title="bbox 890 2797 1674 2838; baseline 0.01 -16"><span class='ocrx_word' id='word_1_846' title='bbox 890 2797 963 2823; x_wconf 77' lang='lat' dir='ltr'><strong>eritis</strong></span> <span class='ocrx_word' id='word_1_847' title='bbox 978 2798 1046 2824; x_wconf 70' lang='lat' dir='ltr'><strong>sicut</strong></span> <span class='ocrx_word' id='word_1_848' title='bbox 1061 2798 1098 2825; x_wconf 82' lang='lat' dir='ltr'><strong>dii</strong></span> <span class='ocrx_word' id='word_1_849' title='bbox 1113 2799 1144 2832; x_wconf 85' lang='grc'><strong>³⁸,</strong></span> <span class='ocrx_word' id='word_1_850' title='bbox 1162 2799 1210 2827; x_wconf 84' lang='lat' dir='ltr'><strong>hoc</strong></span> <span class='ocrx_word' id='word_1_851' title='bbox 1223 2806 1275 2833; x_wconf 84' lang='lat' dir='ltr'><strong>est,</strong></span> <span class='ocrx_word' id='word_1_852' title='bbox 1294 2802 1362 2829; x_wconf 89' lang='lat' dir='ltr'><strong>sicut</strong></span> <span class='ocrx_word' id='word_1_853' title='bbox 1378 2801 1404 2828; x_wconf 92' lang='lat' dir='ltr'><strong>hi</strong></span> <span class='ocrx_word' id='word_1_854' title='bbox 1417 2802 1464 2838; x_wconf 78' lang='lat' dir='ltr'><strong>qui</strong></span> <span class='ocrx_word' id='word_1_855' title='bbox 1480 2801 1617 2830; x_wconf 83' lang='lat' dir='ltr'><strong>hominem</strong></span> <span class='ocrx_word' id='word_1_856' title='bbox 1633 2801 1674 2830; x_wconf 79' lang='lat' dir='ltr'><strong>fe—</strong></span> 
     </span>
    </p>
   </div>
  </div>
