1892 3105
215 163 284 192 126⁸1

213 227 285 249 cere.
308 220 406 249 Postea
422 222 494 248 enim
519 227 601 255 quam
624 224 768 255 gustavere
786 220 820 247 de
837 220 922 254 ligno,
944 219 1002 254 ipse
1017 224 1039 250 Α

212 266 286 294 Deus
301 270 417 294 testatur
430 267 525 294 dicens
539 265 573 292 ad
588 266 709 300 reliquos
724 266 791 293 deos
809 274 817 291 :
839 265 904 292 Ecce
916 264 1002 291 Adam

211 312 298 347 factus
317 316 355 339 est
377 312 446 338 sicut
464 320 531 338 unus
552 319 585 338 ea:
600 311 674 338 nobis
691 311 722 338 ".
742 310 788 338 Sic
805 319 870 345 ergo
893 313 1002 337 constat

210 358 313 384 multos
334 365 394 384 esse
420 357 486 385 deos
507 358 553 392 qui
581 357 718 384 hominem
744 356 875 386 fecerint,
895 355 958 390 quia
975 359 1003 382 ct

210 404 291 431 initio
312 405 348 431 ita
375 403 443 430 dicit
458 403 530 430 Deus
554 403 589 430 ad
615 406 731 430 caeteros
756 402 842 429 deos:
857 401 1002 427 Faciamus

210 451 339 478 hominem
355 450 388 477 ad
408 451 548 484 imaginem
567 453 592 476 et
611 448 814 476 similitudinem
837 452 955 474 nostram
967 447 1000 474 δ’.

211 496 264 523 Sed
281 501 307 523 et
323 496 393 531 quod
409 497 448 522 ait
461 506 466 522 :
481 495 629 530 Ejiciainus
643 503 702 522 eum
713 495 733 510 “
749 494 818 529 (75).
834 493 866 520 Et
880 494 980 520 iterum
993 501 999 518 :

215 541 308 568 Venire
333 540 517 568 descendentes
532 540 730 575 confundamus
748 539 852 574 linguas
866 547 958 566 eorum
967 538 1001 564 δ’.

208 585 305 614 Omnia
322 587 378 613 haec
392 586 493 613 multos
507 594 568 614 esse
587 585 712 613 indicant
726 585 802 613 deos.
822 584 875 612 Sed
890 588 917 612 et
932 583 1002 611 illud

208 632 342 666 scriptum
358 636 401 658 est
415 642 421 659 :
438 631 508 659 Deos
523 640 575 658 non
590 631 742 663 maledica,
759 637 783 658 et
798 632 942 666 principem
955 639 1003 665 po-

206 678 262 712 puli
277 677 316 703 tui
331 686 382 704 non
395 677 533 705 maledice:
546 677 578 705 ".
596 677 631 704 Et
644 685 754 704 rursum
773 677 845 712 quod
867 677 1002 712 scriptum

207 724 406 751 estzbominus
427 724 499 750 solus
520 724 631 751 ducebat
655 731 714 755 eos,
736 727 760 750 et
782 730 833 748 non
851 727 908 748 erat
931 730 992 748 cum

210 769 266 798 illis
280 770 349 798 Deus
364 770 464 798 alienus
476 770 508 802 “,
523 771 623 797 mullos
635 777 696 797 esse
708 769 825 796 ostendit
837 769 912 796 deos.
927 768 997 796 Sunt

207 819 235 842 et
250 814 303 841 alia
320 814 437 849 plurima
452 822 512 849 qua:
528 814 643 849 proferri
659 819 777 850 possunt
792 822 825 842 ex
842 815 899 850 lege
924 815 1002 842 testi-

209 861 314 892 monia,
334 868 388 887 non
406 861 495 888 solum
519 861 695 893 obscuriora,
720 861 768 889 sed
792 865 818 889 et
842 861 999 893 manifesta,

205 906 306 941 quibus
325 906 405 934 multi
427 913 488 934 csse
503 906 653 934 doceantur
668 906 717 936 dii.
742 906 781 934 Ex
799 907 900 941 quibus
916 914 997 939 unus,
1015 899 1035 927 Β

205 954 236 978 ut
248 949 405 978 Iudaeorum
420 951 522 986 populo
538 951 611 979 Deus
626 955 710 984 esset,
726 957 802 979 sorte
824 952 928 980 electus
943 956 995 979 est.

205 995 263 1032 Ego
279 1001 370 1024 autem
393 1004 448 1024 non
462 997 536 1024 hunc
560 1005 666 1030 assero,
683 997 730 1025 sed
752 998 828 1024 illum
851 998 897 1032 qui
915 998 997 1025 etiam

203 1042 288 1077 hujus
303 1042 374 1070 Deus
392 1048 445 1075 est,
461 1051 541 1079 quem
566 1051 616 1071 nec
641 1044 693 1079 ipsi
713 1043 823 1078 quidem
839 1043 924 1071 Judaei
948 1051 998 1071 no-

202 1093 277 1116 runt.
308 1088 400 1124 Neque
422 1090 494 1116 enim
520 1090 641 1124 ipsorum
664 1094 707 1118 est
719 1089 801 1122 Deus,
828 1090 876 1118 scd
900 1098 996 1118 eorum

205 1136 252 1171 qui
270 1136 431 1171 agnoverint
444 1143 516 1163 eum.

243 1181 299 1209 XL.
320 1181 369 1208 Ilis
393 1182 496 1209 auditis
507 1181 604 1209 Petrus
627 1192 633 1209 :
651 1182 735 1214 Nihil,
761 1183 861 1218 inquit,
878 1183 997 1211 verearis

204 1226 316 1260 Simon;
333 1235 398 1254 ecce
419 1227 492 1254 enim
513 1235 601 1263 neque
623 1236 704 1256 aures
723 1229 893 1262 clausimus;
908 1237 997 1264 neque

203 1271 334 1307 fugimus,
357 1272 405 1300 sed
422 1273 455 1300 ad
471 1281 503 1300 ea
519 1281 578 1307 qua:
594 1273 664 1301 falso
683 1278 847 1309 prosecutus
866 1281 907 1306 es,
923 1273 996 1301 veri-

203 1318 270 1346 tatis
293 1319 467 1346 sermonibus
490 1320 705 1354 respondemus,
728 1320 796 1347 illud
811 1321 900 1354 primo
920 1327 996 1348 asse-

203 1369 305 1396 rentes,
329 1365 394 1400 quia
419 1373 492 1392 unus
519 1370 562 1392 est
582 1365 663 1397 Deus,
690 1365 734 1393 hic
751 1366 809 1400 ipse
825 1365 994 1399 Judmorum,

202 1411 249 1445 qui
270 1416 313 1438 est
339 1411 415 1439 solus
432 1411 514 1443 Deus,
531 1412 594 1438 coeli
614 1416 722 1438 creator
744 1419 775 1439 ac
799 1417 889 1443 terra),
907 1411 953 1446 qui
967 1416 995 1439 et

201 1456 323 1483 omnium
339 1456 422 1483 etiam
436 1465 505 1492 quos
521 1457 591 1484 dicis
605 1457 719 1485 deorum
732 1457 803 1486 Deus
819 1462 872 1486 est.
887 1458 915 1485 Si
930 1465 996 1493 ergo

201 1502 349 1529 ostendero
365 1503 471 1529 nullum
488 1510 549 1530 esse
578 1503 629 1530 hoc
643 1503 824 1538 superiorem.
842 1503 889 1531 sed
905 1503 995 1539 ipsum

203 1553 264 1573 esse
287 1554 370 1581 super
391 1547 494 1579 omnia,
521 1546 650 1574 fateberis
677 1554 798 1574 errorem
826 1551 904 1573 tuum
933 1554 995 1573 esse

202 1599 286 1626 super
314 1592 416 1619 omnia.
452 1592 483 1619 Et
507 1591 603 1619 Simon
628 1603 633 1619 :
665 1591 736 1624 Quid
766 1592 861 1624 enim,
888 1592 992 1627 inquit,

200 1638 308 1666 etiarnsi
330 1646 380 1673 ego
401 1639 485 1665 nolim
508 1638 597 1670 lateri,
612 1638 658 1673 qui
681 1638 814 1665 assistunt
839 1637 990 1669 auditores,

201 1691 292 1711 nonne
302 1688 417 1719 arguent
429 1693 470 1711 me
480 1685 614 1711 nolentem
624 1692 684 1718 quae
700 1691 762 1711 vera
772 1687 835 1711 sunt
851 1683 972 1718 proﬁteri
982 1683 994 1709 ἲ

237 1729 304 1757 XLI.
324 1730 458 1758 Ausculta
479 1738 554 1766 ergo,
574 1730 611 1757 ait
624 1729 733 1762 Petrus,
754 1734 784 1757 ut
800 1731 872 1757 scias
888 1731 990 1766 primo,

247 1797 270 1814 ³⁸
288 1797 354 1824 Ibid.
385 1797 429 1824 Ὠ.
481 1798 504 1814 ⁵ο
524 1797 592 1826 Gen.
626 1807 644 1828 ι,
670 1798 715 1825 26.
753 1798 775 1813 “
795 1797 863 1825 Gen.
884 1807 924 1827 ιιι.
951 1798 997 1826 22.

299 1833 322 1848 "
343 1833 418 1859 Deut.
435 1841 460 1864 x,
478 1834 519 1860 I7.
569 1834 591 1849 “
607 1833 693 1860 Exod.
711 1841 758 1864 vn,
778 1833 802 1860 l.
860 1834 881 1848 ⁵⁷

1008 1567 1030 1596 C

201 1832 245 1860 12.

845 1918 1028 1952 COTELERII

236 1992 293 2027 (73)
318 1992 464 2025 Eiiciamus
479 2001 547 2019 eum.
570 1992 726 2021 Clementi".
748 2002 788 2024 in,
807 1993 984 2028 39;Epitom.

200 2028 245 2059 57,
262 2028 377 2054 Cedren.
394 2036 420 2062 p.
437 2028 498 2059 ΠΙ,
513 2028 530 2054 I.
542 2029 586 2055 Ἦ).
606 2028 694 2056 Facile
709 2029 774 2054 milii
789 2030 984 2062 persuaserim,

200 2063 321 2089 additum
335 2063 360 2089 id
377 2062 460 2098 fuisse
475 2063 640 2090 locchIIes.
659 2072 697 2093 iii,
713 2063 759 2094 Ἡ,
771 2064 807 2090 ob
824 2064 985 2098 pendentem

199 2097 363 2125 sententiam
376 2105 382 2122 :
397 2096 474 2123 Nunc
485 2105 545 2132 ergo
560 2106 591 2124 ne
601 2098 669 2132 forte
676 2099 763 2124 mittat
775 2096 882 2125 manum
897 2104 985 2130 situm,

198 2137 224 2159 et
240 2137 328 2160 sumat
341 2133 420 2167 etiam
435 2132 467 2159 de
478 2133 548 2167 ligno
565 2134 635 2166 vitae,
652 2137 676 2160 et
697 2133 827 2164 comedat,
842 2140 864 2160 et
880 2135 947 2161 vivat
959 2135 986 2160 in

202 2172 338 2194 aeternum.
357 2166 451 2199 Simile
472 2166 573 2202 quippe
595 2167 808 2194 additamentum
829 2167 987 2201 complecti-

201 2209 246 2230 tur
257 2203 345 2230 versio
358 2201 495 2229 Arabica:
510 2201 617 2236 Oportet
635 2207 663 2228 ut
673 2206 747 2228 exciit
757 2210 790 2228 ex
810 2201 895 2228 horto.

240 2237 297 2272 (76)
312 2236 360 2263 Est
385 2238 455 2263 enim
477 2233 683 2272 uniuscuiusque
705 2238 788 2271 gentis
805 2238 922 2271 angelus.
945 2237 986 2264 Ad
1002 2233 1023 2260 D

203 2273 262 2300 hate
277 2277 303 2299 et
319 2272 459 2306 sequentia
483 2272 628 2299 observare
643 2276 749 2306 oportet
773 2280 826 2298 non
852 2280 947 2306 pauca.
964 2273 984 2301 Ι.

202 2307 281 2341 Quod
299 2307 386 2340 angeli
406 2306 535 2342 ὲϐνάρχαι
557 2307 600 2333 Iiic
615 2307 742 2334 dicantur
764 2308 850 2341 angeli
869 2307 944 2336 boni.
960 2313 987 2335 et

200 2343 250 2377 lib.
263 2349 322 2373 vm,
336 2350 398 2377 cap.
407 2342 451 2374 5|,
465 2343 509 2374 56,
522 2342 607 2377 angeli
623 2342 696 2371 mali,
712 2342 737 2368 id
748 2349 807 2369 esse
817 2350 849 2368 ex
862 2342 985 2370 doctrina

201 2376 327 2413 Origenis
339 2381 366 2403 et
378 2376 546 2413 Hieronymi,
560 2376 606 2411 qui
621 2377 751 2413 gentibus
762 2382 890 2411 utrosque
905 2385 987 2412 ange-

201 2413 243 2440 los
254 2411 425 2446 prteponunt.
441 2411 520 2438 Certe
535 2417 635 2438 textum
647 2411 726 2443 LXX,
739 2411 883 2438 Deuteron.
899 2411 985 2446 xxxii,

201 2447 219 2474 8
235 2456 242 2474 :
256 2446 488 2483 "OFEAatepéplC5V
506 2446 672 2483 ὀίῐψιᾳτιις
690 2447 770 2481 ἔθνη,
785 2447 987 2483 ὼςνδιέσπειρεν

203 2483 282 2518 uio-lic,
293 2481 388 2518 'A§c'tp.,
401 2481 514 2517 ἔστησεν
526 2481 587 2517 ὅρια
600 2481 682 2518 ἐθνῶν
696 2482 766 2508 κατὰ
777 2482 891 2518 ἀριθμὸν
903 2481 988 2517 ἀγῖίέ-

201 2517 255 2544 λων
267 2517 343 2543 Θεοῦ·
355 2517 614 2553 ριιαηαρνίϋυὶάειιαι
628 2517 781 2544 Altissimus
795 2517 894 2552 gentes,
907 2526 988 2553 quan-

201 2553 236 2578 do
251 2552 433 2578 disseminarit
447 2552 518 2586 ﬁlios
536 2552 618 2583 Adio;
634 2553 910 2588 constituitrterminos
926 2561 987 2588 gen-

203 2589 269 2615 tium
285 2594 430 2614 accuratum
445 2595 582 2613 numerum
599 2591 752 2621 angelorum
771 2587 834 2617 Dei;
851 2589 886 2614 ad
905 2596 986 2622 quem

201 2623 228 2650 in
253 2623 305 2649 hoc
325 2622 412 2656 capite
427 2622 581 2656 respicitur,
594 2621 727 2656 Maximus
746 2630 878 2649 enarratis
893 2621 952 2654 cap.
970 2624 987 2650 9

195 2656 314 2684 Cwlestis
328 2655 493 2687 hieran/tiu},
510 2663 572 2682 cum
588 2655 648 2682 aliis
672 2655 797 2688 pluribus
816 2655 935 2689 explicat
950 2656 983 2683 de

195 2692 300 2727 sanctis
323 2691 442 2727 angelis;
468 2695 564 2718 auctor
586 2698 649 2717 vero
665 2690 757 2725 Operis
784 2690 928 2727 irnper[ecti
942 2690 983 2727 in

195 2726 351 2753 Matt/ticum
362 2725 407 2753 ‘ad
421 2734 482 2760 cap.
503 2733 581 2757 χχιιι,
598 2733 670 2752 vers.
689 2727 720 2757 9,
738 2733 785 2752 seu
806 2726 917 2752 hoiiiilia
934 2725 981 2758 48,

198 2761 235 2788 De
250 2762 389 2797 malignis;
413 2759 463 2797 nec
478 2761 591 2788 multum
609 2760 716 2797 diverse
737 2759 852 2797 {titinius
871 2760 979 2794 Exposi-

195 2797 264 2824 tione
288 2794 324 2823 in'
343 2796 497 2831 Symbolum
525 2795 715 2831 apostolorum.
744 2794 776 2822 ll.
799 2795 908 2831 Detxx
933 2803 981 2822 seu

195 2839 268 2859 Lxxii
291 2830 449 2860 nationibus
473 2831 524 2865 (de
544 2831 643 2866 quibus
664 2830 754 2866 Horus
775 2830 980 2866 Apollorlibri,

197 2874 255 2900 cap.
272 2867 509 2905 l4),ﬂtot_idemque
529 2865 633 2905 angelis
656 2865 803 2905 praefectis,
826 2869 853 2893 et
867 2865 979 2905 linguis,

197 2900 311 2933 veteres
323 2901 494 2931 Christianos
511 2906 537 2930 et
556 2900 663 2929 Judteos
682 2902 837 2930 consentire
856 2900 978 2933 QPacia-

646 163 665 190 S
692 162 889 191 CLEMENTIS
905 162 915 190 Ι
931 161 1014 190 ROM.
1034 162 1132 191 PONT.
1151 161 1265 190 OPERA
1283 162 1395 190 DUBIA.

1785 166 1856 194 £263

1057 221 1130 256 quod
1155 221 1238 248 etiam
1259 222 1282 248 si
1302 221 1382 248 inulti
1402 226 1466 249 sunt
1482 221 1533 254 dii.
1550 226 1580 250 ut
1593 223 1675 256 dicis,
1690 223 1855 254 Judaorun

1054 266 1110 293 Deo
1132 267 1235 294 subditi
1254 272 1335 298 sunt,
1360 267 1406 294 cui
1432 275 1520 302 neque
1542 269 1656 303 aequalis
1680 271 1853 306 quisquam.

1054 319 1143 346 neque
1160 312 1249 346 major
1265 319 1326 339 esse
1342 316 1448 346 potest;
1466 312 1600 347 scriptum
1614 318 1658 342 est
1670 315 1762 346 enim.
1778 317 1853 350 quod

1055 357 1093 383 ita
1113 356 1187 384 dicat
1219 356 1252 382 ad
1272 356 1382 384 Iudaeos
1404 356 1512 392 Moyses
1534 358 1667 393 propheta
1686 369 1693 386 :
1717 358 1853 387 Damius

1053 402 1123 429 Deus
1139 408 1222 429 water
1233 402 1274 429 hic
1289 408 1327 430 est
1341 403 1411 430 Dens
1425 403 1545 435 deorum,
1567 411 1592 431 et
1615 404 1754 433 Dominus
1767 407 1854 433 domi-

1054 455 1159 479 norum,
1174 447 1244 474 Deus
1263 456 1375 483 magnus
1387 448 1419 475 ⁵⁸.
1438 447 1477 475 Ita
1496 449 1604 476 etiamsi
1619 450 1702 477 multi
1727 456 1796 478 sunt
1808 453 1853 487 qui

1053 493 1184 520 dicuntur
1207 492 1256 525 dii,
1274 501 1346 520 unus
1361 497 1403 520 est
1425 497 1516 521 tamen
1544 495 1668 522 omnium
1689 495 1853 523 Iudaeorum

1053 539 1136 570 Deus,
1152 539 1198 574 qui
1214 544 1242 566 et
1256 539 1369 567 deorum
1384 539 1458 567 Deus
1470 539 1562 568 dictus
1579 545 1632 569 est.
1654 541 1757 576 Neque
1779 544 1852 570 enim

1052 585 1211 620 quicunque
1234 585 1325 612 dictus
1350 585 1433 613 fuerit
1455 584 1538 617 Deus,
1559 587 1692 614 continuo
1708 587 1788 616 Deus
1801 594 1851 617 est.

1054 630 1177 664 Denique
1197 634 1225 658 et
1245 630 1352 666 Moyses
1379 631 1447 658 deus
1471 630 1574 658 dicitur
1594 630 1755 660 Pharaonis
1778 633 1812 665 “,
1828 638 1853 661 et

1053 681 1158 704 certum
1173 682 1215 704 est
1229 685 1292 705 eum
1308 677 1444 705 hominem
1460 677 1554 705 fuisse.
1572 677 1605 704 Et
1617 678 1732 712 judice:
1747 680 1789 706 dii
1804 687 1851 715 ap~

1054 723 1147 758 pellati
1163 726 1238 755 sunt,
1254 727 1282 750 et
1296 727 1404 750 constat
1419 731 1467 750 eos
1482 723 1569 751 fuisse
1584 725 1729 753 mortales.
1757 725 1851 753 Simu-

1052 768 1127 795 lacra
1148 775 1259 803 quoque
1282 769 1406 802 gentium
1430 769 1467 796 dii
1488 770 1673 804 appellantur,
1695 775 1726 798 et
1755 779 1851 799 omnes

1052 813 1166 846 scimus,
1184 814 1249 848 quia
1267 822 1321 841 non
1338 819 1413 846 sunt,
1433 815 1480 842 sed
1495 815 1586 850 impiis
1602 816 1685 851 quasi
1700 824 1756 851 pro
1771 825 1850 852 pinna

1052 860 1104 887 hoc
1128 860 1223 887 datum
1244 863 1302 891 est.
1319 863 1349 887 ut
1363 861 1426 895 quia
1446 868 1542 888 verum
1565 860 1653 888 Deum
1677 868 1850 897 cognoscere

1050 906 1208 936 noluerunt,
1230 913 1400 940 quaecunque
1421 907 1461 934 eis
1478 905 1566 933 lorma
1581 910 1610 934 et
1630 907 1729 942 imago
1751 915 1851 935 occur-

1048 951 1142 983 risset,
1165 951 1313 979 haberetur
1337 952 1372 978 ab
1386 951 1427 978 eis
1449 951 1531 980 Deus.
1557 950 1699 984 Quoniam
1714 952 1739 967 “
1753 953 1847 983 unius,

1049 1002 1078 1024 ut
1088 997 1156 1029 dixi,
1169 998 1217 1032 qui
1232 1001 1275 1025 est
1288 997 1411 1025 omnium
1424 997 1507 1029 Deus,
1521 997 1692 1032 agnitionem
1705 999 1848 1033 suscipere

1050 1046 1225 1076 recusarunt,
1248 1042 1309 1070 ideo
1324 1050 1390 1078 ergo
1410 1043 1571 1070 conceditur
1593 1042 1635 1070 eis
1659 1043 1727 1070 illos
1750 1043 1848 1071 habere

1049 1087 1126 1119 deos,
1152 1087 1198 1122 qui
1220 1092 1351 1122 przestare
1373 1087 1593 1122 supplicantibus
1618 1087 1691 1114 nihil
1717 1093 1845 1122 possunt.

1048 1131 1119 1166 Quid
1131 1133 1204 1160 enim
1225 1137 1273 1159 aut
1288 1133 1415 1160 exanima
1437 1133 1585 1161 simulacra
1601 1132 1739 1161 conferre
1760 1134 1846 1162 homi-

1047 1179 1130 1207 nibus
1143 1183 1246 1214 queant
1259 1183 1306 1206 aut
1322 1179 1485 1212 animantia,
1498 1187 1561 1207 cum
1573 1183 1702 1215 potestas
1722 1182 1844 1208 omium

1047 1225 1118 1259 apud
1136 1233 1221 1251 unum
1234 1225 1288 1252 sit?
1397 1254 1400 1257 _

1082 1270 1162 1298 XLII.
1183 1271 1283 1299 Tribus
1307 1271 1390 1307 igitur
1405 1272 1494 1300 modis
1506 1272 1578 1300 Deus
1591 1274 1657 1308 quis
1671 1274 1790 1308 dicitur,
1805 1276 1844 1302 vd

1047 1317 1112 1352 quia
1122 1325 1185 1345 vere
1199 1321 1252 1349 est,
1267 1318 1309 1345 vel
1330 1319 1394 1353 quia
1409 1319 1435 1346 ei
1447 1319 1568 1354 quivere
1582 1324 1635 1354 est,
1649 1322 1807 1353 ministrat,
1819 1324 1844 1348 et

1046 1363 1081 1390 ob
1096 1363 1227 1390 honorem
1245 1363 1390 1396 mittentis,
1407 1368 1437 1391 ut
1451 1365 1531 1399 plena
1549 1366 1585 1393 sit
1600 1366 1663 1400 ejus
1679 1368 1842 1395 auctoritas.

1046 1409 1100 1437 hoc
1123 1409 1225 1437 dicitur
1249 1410 1300 1438 iste
1321 1411 1368 1445 qui
1389 1411 1493 1440 missus
1507 1415 1561 1444 est,
1576 1412 1651 1447 quod
1669 1417 1716 1440 est
1741 1414 1789 1441 ille
1800 1413 1843 1448 qui

1046 1455 1132 1487 misit,
1153 1459 1183 1481 ut
1204 1463 1276 1490 saepe
1299 1455 1401 1482 factum
1422 1460 1464 1482 est
1485 1455 1519 1483 de
1538 1457 1656 1491 angelis,
1681 1458 1733 1493 qui
1756 1462 1842 1485 tamen

1051 1509 1115 1528 cum
1128 1501 1306 1536 apparuerint
1321 1500 1425 1528 homini
1435 1501 1471 1534 “,
1485 1501 1510 1529 si
1523 1501 1560 1529 sit
1582 1502 1710 1537 prudens
1732 1509 1762 1531 et
1783 1511 1843 1531 en.-

1046 1546 1119 1573 ditus
1134 1546 1186 1578 vir,
1205 1546 1356 1581 interrogat
1377 1546 1439 1581 ejus
1461 1546 1510 1581 qui
1531 1547 1660 1582 apparuit
1684 1556 1800 1580 nomen.
1816 1554 1842 1575 ut

1047 1594 1128 1622 simul
1143 1598 1171 1622 et
1190 1594 1322 1621 honorem
1338 1594 1416 1622 missi
1439 1598 1467 1622 et
1487 1595 1683 1623 auctoritatem
1706 1597 1843 1624 mittentis

1045 1643 1185 1675 agnoscat.
1215 1639 1264 1667 Est
1285 1639 1359 1667 enim
1386 1640 1604 1675 uniuscujusque
1635 1642 1730 1676 gentis
1762 1650 1842 1678 auges

1047 1687 1091 1714 Ius
1109 1686 1175 1722 (74),
1202 1686 1247 1713 cui
1272 1686 1376 1713 credita
1391 1689 1435 1714 est
1449 1687 1538 1721 gentis
1562 1687 1650 1722 ipsius
1667 1688 1842 1723 dispensatio

1046 1739 1061 1758 a
1076 1731 1141 1764 Deo,
1160 1732 1206 1766 qui
1221 1735 1312 1758 tamen
1327 1739 1390 1759 cum
1404 1732 1572 1767 apparuerit,
1585 1734 1718 1767 quamvis
1730 1739 1842 1769 putetur

1044 1800 1067 1815 δ’
1084 1798 1152 1827 Gen.
1174 1808 1212 1831 ιι,
1230 1800 1255 1826 7.
1291 1799 1315 1816 ⁸³
1327 1799 1412 1827 Exod.
1437 1809 1506 1834 xxii,
1531 1801 1577 1828 28.
1612 1801 1638 1817 λδ
1653 1801 1738 1830 Deut.
1753 1812 1839 1833 xxxii,

220 1833 260 1875 .2."
288 1833 322 1875 “f
343 1833 418 1875 petit.
435 1841 460 1864 x,
569 1834 591 1849 “
607 1833 693 1860 Exod.
711 1841 758 1864 vn,
848 1833 1034 1875 _"_.Quonia_m
1050 1834 1165 1875 —apu_d
1195 1835 1339 1875 uim-mnsit
1355 1835 1455 1875 desunt
1485 1838 1512 1863 in
1535 1841 1654 1871 utroque
1674 1839 1742 1865 cod.
1765 1838 1838 1875 Lips.

200 1870 224 1884 ⁸⁸
240 1867 326 1895 Codd.
342 1868 430 1902 Lipss.
447 1876 452 1893 :
468 1869 512 1903 qui
528 1873 614 1895 tamen
627 1876 772 1903 apparuere
782 1868 932 1895 hominibus
960 1869 1011 1896 Sed
1026 1875 1050 1896 et
1066 1871 1163 1903 sancti,
1175 1875 1228 1898 etc.
1244 1870 1359 1906 Reliqua
1373 1870 1482 1899 desunt.

1044 1924 1162 1953 ΝΟΤΕ.

1040 2003 1104 2032 num
1124 1999 1213 2022 tamen
1228 1996 1345 2032 epistola
1359 1995 1376 2021 2
1398 1995 1521 2032 adversus
1535 1995 1718 2028 Novatianas,
1738 2006 1836 2032 ponere

1039 2029 1146 2065 linguas
1161 2038 1224 2062 cxx,
1237 2030 1290 2057 nisi
1306 2030 1342 2057 sit
1356 2030 1558 2065 rescribendum
1575 2039 1658 2065 parva
1672 2029 1833 2065 mutatione,

1040 2073 1103 2099 Lxx.
1120 2065 1247 2099 Euplioro
1258 2069 1359 2099 autem,
1375 2066 1418 2092 vel
1432 2064 1540 2098 Ephoro
1551 2064 1671 2099 aliisque
1687 2068 1787 2099 multis
1797 2069 1834 2094 lii-

1038 2098 1433 2137 stotiijsn’apud_Clemeiiteiii
1453 2098 1798 2137 Alexandrinuniu§tr9pu
1815 2107 1831 2126 ι.

1037 2137 1098 2171 pag.
1115 2129 1295 2170 3:38,'gentes
1315 2133 1341 2169 et
1361 2129 1469 2169 linguas
1485 2137 1546 2156 esse
1570 2137 1654 2170 μιν.
1672 2130 1721 2171 1111,
1744 2130 1829 2171 Unum

1037 2166 1112 2192 illum
1131 2173 1157 2191 ιιι
1172 2164 1347 2200 arclrangelisr
1358 2172 1518 2200 maximum,
1534 2173 1578 2192 cui
1593 2165 1657 2191 data
1677 2171 1715 2192 stt
1730 2167 1832 2200 dispen-

1037 2200 1106 2228 satio
1123 2199 1213 2233 populi
1231 2198 1288 2231 Dei,
1306 2199 1391 2226 videri
1407 2207 1468 2226 esse
1482 2199 1664 2233 Michaelem;
1685 2209 1721 2228 ex
1739 2198 1830 2228 Danie—

1038 2236 1071 2263 lis
1085 2235 1170 2266 x.15,
1183 2233 1235 2267 ‘21;
1251 2242 1302 2269 xu,
1317 2235 1342 2266 1,
1355 2241 1387 2261 ac
1406 2242 1440 2260 ex
1459 2233 1588 2269 Dionysio
1604 2234 1645 2261 De
1658 2236 1763 2263 uelesti
1780 2237 1830 2263 lxi:-

1038 2270 1145 2306 rarcliiu
1163 2277 1235 2306 cap;
1247 2269 1275 2296 9.
1288 2268 1323 2306 ’ρ
1343 2269 1451 2306 Μιχᾳὴλ
1472 2268 1662 2306 πρωτᾴγγελε,
1681 2272 1774 2306 inquit
1787 2271 1831 2298 Ili-

1037 2305 1114 2333 cliael
1130 2303 1272 2339 Syncellus
1295 2303 1461 2331 Laudatioiie
1478 2303 1503 2330 iii
1521 2305 1637 2331 σωισειεε
1657 2303 1784 2333 viri-im.
1802 2306 1830 2333 Et

1038 2341 1064 2367 in
1081 2343 1209 2366 Oratione
1221 2339 1321 2367 Niceta}
1337 2339 1373 2366 De
1385 2339 1510 2365 laudibus
1523 2339 1665 2367 Michaelis
1683 2347 1712 2368 et
1726 2342 1831 2369 Gabrie-

1037 2376 1081 2407 lis,
1095 2379 1225 2415 vocantur
1242 2375 1278 2415 illi
1290 2395 1297 2404 .
1311 2374 1361 2415 τῇς
1375 2374 1579 2415 ὰρξιαγγελικῇς
1593 2376 1704 2408 τάξεως
1723 2377 1798 2415 {uiti

1055 2386 1081 2407 Ἑν
1096 2386 1225 2400 νιιυᾉιιιιιιν
1243 2386 1278 2400 IIII
1290 2395 1297 2404 ,
1311 2386 1360 2415 της
1375 2386 1579 2410 αρχςιγγείιικης
1593 2386 1704 2408 ταςεως
1723 2386 1830 2438 ταμιε-

1055 2419 1092 2440 αι,
1107 2409 1154 2436 καὶ
1167 2409 1255 2444 πάσης
1267 2409 1389 2445 ᾲγγέΛων
1404 2410 1564 2444 δημαγωγοὶ
1577 2413 1775 2445 χοροστασίας.
1790 2413 1798 2438 I
1822 2432 1829 2438 .

1062 2446 1125 2481 enim
1141 2445 1222 2472 citata
1240 2453 1254 2471 e
1271 2444 1480 2481 Deuterononiio
1496 2445 1591 2481 leviter
1612 2444 1766 2480 depravata
1785 2447 1830 2481 legi

1037 2481 1064 2508 in
1087 2480 1227 2507 Victorino
1250 2480 1283 2506 ad
1306 2480 1514 2514 Apocalypsim;
1533 2479 1706 2509 Theodm-itu
1733 2479 1830 2509 ιιρτηῑ.

1037 2515 1135 2551 fabul.,
1150 2515 1196 2542 lib.
1209 2523 1235 2547 v,
1251 2523 1311 2550 cap.
1324 2516 1350 2547 7,
1361 2520 1388 2542 et
1400 2515 1518 2551 Maximo
1542 2516 1578 2542 ibi
1592 2523 1693 2550 supra.
1709 2517 1743 2544 V.
1758 2518 1828 2543 Deni-

1037 2550 1090 2587 que
1115 2551 1252 2578 observari
1279 2555 1398 2578 meretur
1421 2550 1602 2584 fragmentum
1623 2551 1704 2585 Regii
1731 2553 1828 2580 codi:is

1038 2585 1118 2614 1648.
1133 2586 1170 2612 De
1183 2585 1281 2614 linquis
1295 2590 1320 2612 et
1332 2585 1451 2614 dentibus
1467 2586 1510 2614 7‘2.
1526 2590 1553 2612 et
1566 2585 1688 2614 conferri
1704 2596 1768 2614 cum
1785 2587 1828 2614 EI-

1038 2594 1118 2619 1045,
1133 2594 1170 2612 ue
1183 2594 1281 2620 unguis
1295 2594 1320 2612 et
1348 2594 1451 2613 manus
1471 2594 1510 2618 ιι,
1526 2594 1553 2612 et
1566 2594 1688 2614 conterri
1704 2596 1768 2615 cum
1785 2594 1828 2614 LI-

1037 2620 1295 2660 sebio,__Epipliani_o
1304 2641 1316 2660 ,_
1329 2594 1472 2660 έξΙινοιιιιῑοΔ
1482 2620 1689 2660 Alexandrina,
1716 2623 1828 2658 Georgio

1039 2655 1179 2693 Syncello,
1194 2661 1247 2683 etc.
1270 2655 1391 2690 Subjicio
1407 2656 1489 2686 illud.
1508 2656 1614 2684 levibus
1630 2658 1707 2686 vitiis
1731 2655 1827 2693 purga-

1031 2699 1259 2756 ὶὲιᾞπῇ-ταντῖνος
1273 2724 1290 2749 ὀ
1305 2722 1498 2757 χαρτοερύλαξ
1511 2721 1547 2757 ἐν
1563 2722 1602 2754 τῷ
1618 2722 1756 2756 ἐγκωμίῳ
1771 2722 1823 2748 τῶν

1066 2760 1158 2793 ἁγίων
1182 2757 1303 2784 πάντων
1328 2757 1381 2790 τὰς
1418 2757 1468 2783 οϐ’
1490 2756 1637 2791 γλώσσας
1669 2758 1821 2792 ὠνόμασεν

1066 2803 1196 2864 953113;;
1208 2827 1265 2864 ἅμα
1275 2828 1322 2864 κα).
1332 2826 1642 2864 βάρὸᾳρριηΜαδιξδόνες
1652 2828 1707 2864 sta".
1723 2827 1818 2864 θεττις

1030 2864 1081 2895 kat,
1090 2861 1211 2894 Παίὼνες
1217 2861 1264 2890 δία).
1275 2861 1428 2898 Ίλλὺριῂηὶέ
1444 2861 1580 2898 Ἀθηγαίοι
1590 2863 1640 2889 καὶ
1652 2863 1770 2898 Ἀρῖεξοι
1777 2861 1816 2887 ut

1031 2871 1264 2895 Aot,uauovs;xa.t
1284 2871 1341 2890 ΙΛΛυ
1362 2871 1427 2893 twn,
1451 2871 1640 2896 numam-.111.
1660 2871 1813 2898 Αργειαυι

1031 2899 1167 2932 Λάκωνες,
1184 2899 1230 2925 καὶ
1246 2899 1269 2924 oi
1285 2897 1329 2925 τὸν
1345 2871 1468 2930 Εὔξεινον
1488 2896 1586 2924 πόντθν
1608 2896 1813 2934 περικαθήμενοί
