1892 3105
43 135 51 160 1
56 134 106 161 269

652 127 936 157 BECOGNITIONUM
952 127 1015 154 ιλιι.
1036 127 1059 153 lt

1618 131 1685 158 1270

38 194 62 216 et
73 189 183 216 dicatur
195 187 234 215 ab
245 187 294 214 his
302 187 400 222 quibus
411 190 518 221 praest,
528 185 606 216 deus,
617 189 705 212 tamen
718 185 834 212 interro-
849 187 872 214 Α
920 183 1013 211 XLIV.
1045 183 1123 216 Quod
1144 188 1176 210 et:
1195 184 1219 211 si
1234 183 1290 210 sint
1311 184 1368 216 alii,
1384 187 1414 211 ut
1428 184 1564 219 diximus,
1579 187 1625 221 qui
1639 187 1681 213 di-

38 239 115 270 gntus
123 241 181 261 non
190 233 250 261 sibi
259 232 335 260 dabit
344 232 403 268 ipse
410 232 465 259 tale
472 230 672 259 testimonium.
683 229 753 257 Deus
762 229 835 257 enim

37 280 173 311 excelsus,
200 279 254 315 qui
277 279 353 306 solus
372 281 535 313 potestatem
554 277 676 303 omnium
695 279 770 303 tenet
782 295 789 306 ,
808 276 836 302 in

37 325 214 360 septuaginta
227 328 258 351 et
270 324 339 351 duas
350 327 443 358 partes
454 322 549 350 divisit
558 321 643 349 totius
656 325 736 348 terra
749 321 836 348 natio-

39 380 94 403 nes,
110 371 213 406 eisque
227 369 371 405 principes
387 368 500 403 angelos
520 367 624 395 statuit.
642 366 694 394 Uni
710 374 774 394 vero
788 366 835 401 qui

38 418 63 444 in
87 415 273 451 archangelis
295 419 354 443 erat
378 414 624 445 maximus,~sorte
637 412 699 440 data
713 416 756 440 est
779 412 836 440 dis-

38 463 161 498 pensatio
179 469 282 490 eorum
294 481 301 493 ,
315 460 362 496 qui
381 467 437 495 prae
461 459 568 486 caeteris
589 458 719 486 omnibus
734 458 836 486 excelsi

37 510 82 537 Dei
105 510 218 537 cultum
245 512 329 543 atque
363 506 508 535 scientiam
533 509 705 540 receperunt.
737 505 790 532 Sed
809 509 836 532 et

38 555 122 583 sancti
144 554 294 586 homines,
311 557 341 581 ut
357 553 488 586 diximus,
510 552 656 587 impiorum
681 550 836 578 elﬁciuntur

36 601 82 633 dii,
99 605 240 636 tanquam
258 600 305 635 qui
316 603 477 635 potestatem
493 597 649 632 acceperint
663 598 691 624 in
707 605 754 625 eos
771 597 836 625 vitae

38 655 66 674 ac
80 646 171 678 necis,
194 650 229 673 ut
246 645 282 673 de
298 645 389 681 Moyse
401 649 429 673 et
443 643 583 680 judicibus
602 651 685 679 supra
700 651 836 671 memora-

37 693 134 719 vimus.
148 691 275 727 Propter
290 691 363 726 quod
381 690 513 725 scriptum
529 694 571 717 est
585 689 687 717 de'eis:
700 689 766 716 Deos
782 697 836 716 non

37 737 191 768 maledica,
209 741 237 764 et
258 737 402 771 principem
419 735 509 770 populi
527 735 566 761 tui
583 742 636 761 non
652 733 790 761 maledice:
801 734 834 761 δ’.

38 782 179 817 Principes
206 790 277 817 ergo
297 781 468 817 singularum
491 780 613 815 gentium
635 779 673 807 dii
695 780 834 814 appellan-

39 834 89 857 tur.
114 829 286 864 Principum
309 833 398 855 autem
420 827 492 855 Deus
504 827 632 854 Christus
652 830 704 858 est,
728 827 775 861 qui
795 830 836 853 est

38 876 158 903 omnium
189 875 291 910 judex.
314 873 385 901 Vere
409 880 476 908 ergo
496 879 586 908 neque
610 872 716 907 angeli,
746 879 835 907 neque

38 921 172 954 homines,
189 928 288 956 neque
313 920 368 946 ulla
392 921 519 946 creatura
546 917 583 945 dii
616 924 678 945 esse
709 920 834 952 possunt,

39 969 134 1003 quippe
158 968 209 1003 qui
235 966 290 994 sub
313 968 449 1001 potestate
477 967 542 992 sunt
575 963 675 998 positi,
704 967 835 998 tanquam

38 1013 119 1039 creati
138 1015 168 1039 et
188 1011 311 1039 mobiles
328 1011 369 1044 '°;
401 1009 490 1045 angeli
511 1008 638 1044 quidem,
657 1012 688 1036 ut
707 1009 753 1043 qui
780 1015 835 1035 non

40 1056 112 1085 tuere
139 1062 167 1085 et
191 1057 274 1090 sint,
303 1056 426 1084 homines
454 1060 544 1082 autem
567 1059 597 1081 ut
621 1054 760 1086 mortales,
773 1062 833 1082 om-

39 1105 78 1130 nis
102 1111 169 1131 vero
191 1106 326 1133 creatura
343 1122 351 1134 ,
379 1106 409 1129 ut
434 1109 495 1137 qum
512 1101 580 1129 solvi
599 1100 697 1136 possit,
716 1100 764 1127 sed
791 1108 835 1128 re-

40 1156 100 1176 vera
115 1149 139 1176 si
155 1148 276 1177 solverit
291 1148 338 1175 ille
350 1147 397 1183 qui
413 1146 488 1175 fecit.
504 1146 538 1174 Et
553 1146 614 1174 ideo
637 1146 684 1174 ille
699 1146 775 1174 solus
786 1153 835 1173 ve-

40 1202 85 1222 rus
99 1199 144 1222 est
157 1194 236 1222 Deus
257 1194 304 1230 qui
324 1201 381 1221 non
399 1193 489 1221 solum
508 1192 566 1228 ipse
577 1192 655 1223 vivit,
672 1192 719 1219 sed
733 1196 760 1219 et
773 1191 835 1218 aliis

41 1242 119 1268 vitam
130 1245 262 1276 prastat,
275 1247 358 1276 quam
370 1243 397 1268 et
406 1239 514 1267 auferre
527 1243 617 1274 potest
633 1246 695 1266 cum
711 1239 780 1266 vult.

73 1286 163 1313 XLlll.
183 1285 337 1322 Propterea
358 1293 424 1321 ergo
448 1286 548 1312 clamat
567 1283 710 1319 Scriptura
723 1291 756 1310 ex
774 1291 834 1318 per-

43 1339 106 1358 sona
121 1332 170 1360 Dei
185 1333 360 1364 Judzeorum,
373 1335 401 1359 et
413 1331 481 1359 dicit
493 1341 499 1358 :
529 1329 618 1357 Videte
628 1349 635 1362 ,
664 1329 757 1361 uidete,
769 1337 834 1364 quo-

43 1377 110 1404 niam
122 1386 169 1413 ego
194 1386 258 1406 sum
273 1377 354 1409 Deus,
369 1381 455 1404 etnon
465 1380 504 1403 est
523 1375 593 1402 alius
606 1379 702 1408 preter
719 1383 768 1402 me.
779 1374 833 1410 Ego

44 1423 168 1456 occidam,
184 1429 211 1452 et
226 1425 311 1452 vivere
330 1423 428 1458 [auiam
437 1430 446 1454 ;
456 1421 613 1456 percutiant,
625 1425 650 1447 et
661 1428 707 1456 ego
721 1419 831 1453 sonabo,

44 1473 65 1494 et
87 1477 138 1496 non
151 1474 193 1497 est
217 1470 265 1505 qui
279 1469 374 1503 eripiat
390 1468 422 1495 de
437 1467 557 1494 manibus
583 1467 648 1494 meis
675 1467 709 1494 “.
733 1465 834 1495 Videas

45 1521 104 1548 ergo
117 1515 260 1549 quomodo
284 1514 415 1542 ineﬂ'abili
438 1513 556 1548 quadam
572 1513 673 1540 virtute
687 1512 830 1548 Scriptura

46 1566 189 1589 occurrens
203 1561 307 1590 futuris
319 1560 460 1588 erroribus
475 1566 570 1587 eorum
584 1559 630 1594 qui
644 1559 727 1585 alium
735 1558 830 1592 Deum,

47 1610 138 1639 praeter
153 1615 217 1635 eum
234 1607 281 1642 qui
297 1610 339 1634 est
352 1606 520 1637 Iudaeorum,
549 1605 592 1632 vel
614 1605 642 1632 in
667 1605 744 1632 ccelis
758 1611 831 1636 esse,

48 1651 84 1677 vel
101 1651 127 1679 in
142 1653 227 1681 terris
244 1652 420 1683 allirmarent,
431 1651 592 1686 pronuntiat
607 1649 702 1678 dicens
716 1659 722 1677 :
739 1649 831 1676 Domi‘

46 1701 92 1721 nus
108 1695 178 1724 Deus
192 1703 256 1724 tuus
279 1697 336 1733 (75)
351 1697 421 1724 Deus
435 1703 502 1723 unus
515 1700 564 1728 est,
591 1696 618 1722 in
636 1694 700 1722 coelo
713 1702 830 1727 sursum,

47 1745 69 1766 et
83 1741 108 1768 in
123 1747 194 1771 terra
209 1745 345 1775 deorsum,
359 1747 384 1770 et
395 1747 490 1777 praeter
503 1743 587 1775 ipsum
599 1742 668 1768 alius
681 1749 733 1767 non
746 1745 785 1768 est
799 1741 830 1768 δ’.

48 1785 185 1818 Quomodo
211 1797 369 1825 ergoausus
382 1797 412 1816 es
438 1788 528 1815 dicere
545 1788 626 1815 alium
649 1794 712 1814 esse
734 1786 831 1819 Deum,

48 1837 140 1865 praeter
153 1841 216 1862 eum
234 1835 281 1869 qui
291 1834 446 1862 Iudaeorum
462 1837 504 1861 est
531 1833 621 1861 Deus?
645 1833 668 1849 ⁸³
682 1832 716 1859 Et
731 1832 829 1860 iterum

49 1878 110 1906 dicit
120 1879 264 1917 Scriptura
283 1891 289 1908 :
307 1880 373 1908 Ecce
388 1880 494 1908 Domini
505 1880 553 1907 Dei
568 1880 606 1906 tui
622 1880 726 1911 caelum,
742 1884 767 1906 et
781 1888 832 1906 cte-

51 1923 99 1951 lum
110 1927 178 1960 caeli,
194 1932 269 1955 terra
287 1932 312 1954 et
325 1927 414 1954 omnia
437 1934 495 1961 qua
508 1926 534 1952 in
548 1926 585 1952 eis
599 1931 672 1953 sunt.
691 1925 829 1953 Verumta-

51 1978 102 1998 men
112 1977 200 2006 patres
217 1978 276 2000 tuos
297 1973 372 2007 elegi,
401 1977 428 1998 ut
445 1971 581 2007 diligerent
596 1980 651 2004 eos,
667 1977 691 1999 et
707 1980 751 1999 vos
772 1977 831 2007 post

50 2015 153 2048 ipsos“.
165 2019 205 2045 lta
217 2027 251 2046 ex
267 2018 340 2045 omni
351 2022 427 2052 parte
437 2017 471 2043 ab
486 2017 627 2052 Scriptura
643 2017 765 2045 munitur
778 2018 830 2046 ista

51 2062 189 2095 sententia,
205 2064 270 2099 quia
292 2064 349 2098 ipse
368 2062 413 2097 qui
434 2061 564 2088 mundum
582 2062 696 2094 creavit,
710 2070 792 2090 verus
803 2067 834 2090 et

51 2107 120 2134 solus
131 2113 174 2136 est
183 2109 267 2137 Deus.

887 233 988 258 cuntur
1002 229 1052 260 dii,
1066 229 1118 256 sub
1133 232 1267 264 potestate
1292 234 1355 256 sunt
1367 228 1526 257 Iudaeorum
1540 230 1597 263 Dei,
1615 231 1679 266 quia

887 276 924 303 ita
937 275 1006 303 dixit
1023 275 1165 311 Scriptura
1188 275 1310 303 Iudaeis:
1332 275 1458 302 Dominus
1485 275 1558 303 Deus
1578 281 1678 308 noster,

886 321 929 349 hic
942 326 981 349 est
995 321 1065 349 Deus
1078 321 1198 353 deorum,
1207 326 1232 348 et
1241 321 1371 347 Dominus
1379 320 1548 348 dominorum
1557 321 1590 348 ".
1601 321 1678 348 llunc

886 368 968 395 etiam
983 367 1072 395 solum
1099 367 1244 395 colendum
1270 370 1362 394 monet
1390 366 1543 402 Scriptura,
1559 366 1676 394 dicens:

886 413 1030 441 Dominum
1040 413 1123 440 Deum
1139 419 1213 440 tuum
1226 413 1363 442 adorabis.
1377 417 1401 439 at
1416 413 1458 439 illi
1472 412 1524 439 soli
1537 413 1633 440 servies
1641 412 1677 440 ³⁸,

885 461 919 488 Et
929 471 934 488 :
944 461 1013 488 Audi
1020 460 1116 493 Israel,
1129 460 1259 488 Dominus
1277 459 1346 486 Deus
1362 465 1421 487 tuus
1431 459 1500 486 Deus
1516 467 1583 486 unus
1594 459 1675 486 est".

886 507 1008 542 Denique
1036 512 1063 535 et
1094 507 1183 534 sancti
1209 506 1313 541 Spiritu
1338 505 1385 533 Dei
1407 505 1513 540 repleti,
1540 509 1568 532 et
1593 504 1676 540 guttis

886 553 1080 581 misericordiae
1092 553 1152 587 ejus
1178 553 1286 580 irrorati
1300 551 1500 583 exclamabant,
1527 551 1652 578 dicentes
1668 561 1674 578 :

887 599 940 633 Qui
958 599 1053 626 similis
1067 599 1114 626 tibi
1127 600 1154 626 in
1164 599 1227 632 diis,
1246 598 1367 629 Domine,
1382 599 1440 633 quis
1456 597 1552 624 similis
1568 598 1615 624 tibi
1630 598 1652 614 ⁵⁸
1664 598 1677 624 ?

886 646 920 673 Et
943 645 1042 672 iterum
1060 654 1067 672 :
1084 644 1150 678 Quis
1177 644 1247 671 Deus
1271 648 1366 678 printer
1393 643 1547 676 Dominum,
1566 648 1591 670 et
1617 643 1676 679 quis

886 690 956 718 Deus
970 695 1067 725 prwter
1094 690 1236 717 Dominum
1260 689 1438 716 nostrum"?-
1460 689 1554 724 Itaque
1569 688 1676 724 Moyses

887 737 932 764 ubi
949 738 1080 772 prolicere
1091 736 1222 771 populum
1239 735 1318 764 vidit,
1337 735 1467 770 paulatim
1480 742 1528 763 eos
1543 734 1577 761 ad
1594 735 1675 762 iulcl-

886 783 1026 818 ligentiam
1041 782 1218 813 monarehiaa,
1231 785 1258 809 et
1282 782 1360 809 tidem
1389 775 1530 809 Deiitnius
1545 781 1674 813 initiavit,

887 831 917 855 ιιι
928 828 954 855 in
971 827 1202 862 consequentibus
1218 827 1284 854 dicit
1298 836 1304 855 :
1336 826 1455 854 Nomina
1481 827 1590 854 deorum
1606 827 1676 854 alio-

886 883 946 902 rum
961 882 1013 901 non
1030 874 1246 901 commemorabis
1261 873 1294 906 ‘°,
1320 873 1480 901 recordatus
1505 873 1565 901 sine
1578 873 1673 906 dubio,

886 921 961 956 quali
977 928 1059 955 poena
1080 920 1226 948 damnatus
1241 920 1277 947 sit
1290 927 1416 955 serpens,
1442 920 1488 955 qui
1501 920 1606 955 primus
1624 928 1673 947 no-

886 966 1058 994 minaverant
1071 965 1137 994 deos
1150 966 1183 994 ".
1200 965 1312 993 Terram
1323 965 1440 1000 denique
1454 965 1597 993 comedere
1609 973 1674 993 con-

886 1012 1040 1045 demnatur,
1058 1016 1085 1040 et
1100 1012 1147 1039 tali
1160 1012 1223 1039 cibo
1237 1011 1337 1047 dignus
1350 1011 1490 1047 judicatur
1504 1012 1539 1039 ob
1555 1012 1673 1047 id,quod

886 1057 1003 1092 primum
1021 1057 1141 1084 omnium
1155 1056 1369 1091 appellationum
1387 1055 1500 1083 deorum
1523 1055 1674 1082 introduxit

886 1103 1067 1131 inmundum.
1081 1103 1159 1136 Quod
1184 1103 1206 1130 si
1230 1107 1257 1130 et
1282 1108 1311 1130 tu
1334 1102 1436 1130 multos
1451 1102 1517 1129 deos
1530 1102 1572 1129 vis
1587 1102 1674 1129 intro-

885 1149 995 1181 ducere,
1027 1148 1089 1176 vide
1109 1156 1144 1177 ne
1169 1148 1272 1176 exitum
1302 1148 1437 1183 serpentis
1466 1147 1583 1175 similem
1611 1155 1672 1175 sor-

884 1195 974 1222 tiaris.

920 1239 999 1269 XLV.
1016 1239 1117 1268 Certus
1142 1244 1232 1267 autem
1258 1243 1327 1271 esto,
1343 1239 1415 1275 quod
1432 1247 1482 1268 nos
1503 1240 1586 1275 hujus
1612 1242 1672 1269 ausi

885 1287 976 1316 socios
993 1294 1048 1314 non
1074 1285 1198 1316 habebis,
1216 1292 1267 1312 nec
1291 1285 1380 1321 decipi
1405 1293 1455 1312 nos
1471 1285 1605 1320 patiemur
1624 1285 1673 1313 abs

884 1337 920 1361 te.
937 1333 1030 1368 Neque
1043 1334 1115 1360 enim
1139 1331 1260 1367 proderit
1282 1331 1362 1359 nobis
1377 1331 1412 1359 ad
1426 1331 1629 1359 excusationem
1645 1332 1672 1358 in

883 1379 999 1414 judicio,
1018 1380 1041 1407 si
1055 1378 1179 1406 dicamus
1193 1377 1265 1413 quod
1277 1384 1304 1405 tu
1321 1377 1459 1412 deceperis
1474 1384 1535 1409 nos,
1547 1377 1610 1412 quia
1621 1385 1672 1404 nec

884 1425 999 1460 primam
1020 1424 1163 1452 mulierem
1178 1432 1311 1452 exi-usare
1338 1423 1425 1458 potuit
1440 1423 1509 1450 male
1523 1423 1675 1451 credidisse

884 1469 1015 1505 serpenti,
1034 1469 1083 1497 sed
1097 1473 1186 1496 morte
1201 1469 1266 1504 quia
1288 1468 1359 1496 male
1373 1468 1530 1500 crediderit,
1543 1468 1674 1496 condem-

846 1527 868 1556 ρ
885 1521 949 1544 nata
963 1519 1016 1543 est.
1034 1515 1090 1542 Hac
1114 1523 1180 1550 ergo
1195 1516 1228 1542 de
1243 1522 1326 1542 causa
1349 1517 1375 1542 et.
1401 1513 1506 1549 Moyses
1520 1515 1600 1542 unius
1625 1513 1673 1542 Dei

884 1562 963 1589 ﬁdem
973 1561 1073 1597 populo
1088 1560 1294 1591 commendans,
1307 1560 1344 1587 ait
1355 1569 1361 1587 :
1371 1559 1485 1590 Observa
1494 1559 1542 1587 tibi
1552 1560 1603 1594 ipsi
1615 1559 1672 1595 (76)

884 1616 916 1635 ne
930 1606 1066 1634 seducaris
1079 1615 1094 1633 a
1105 1606 1219 1633 Domino
1235 1605 1288 1633 Deo
1306 1610 1350 1632 tuo
1365 1605 1398 1632 “.
1418 1604 1483 1633 Vide
1497 1605 1562 1640 quia
1576 1605 1672 1633 eodem

883 1653 967 1680 verbo
987 1652 1082 1684 utitur,
1098 1659 1153 1687 quo
1164 1654 1191 1678 et
1218 1652 1305 1686 prima
1321 1651 1419 1678 mulier
1441 1651 1467 1677 in
1493 1651 1673 1678 excusatione

884 1698 1021 1728 utebatur,
1052 1697 1191 1725 seductam
1213 1705 1243 1724 se
1270 1696 1375 1728 dicens,
1396 1696 1443 1723 sed
1467 1696 1534 1723 nihil
1557 1696 1671 1731 profuit.

886 1744 974 1778 Super
991 1743 1083 1770 omnia
1098 1747 1189 1770 autem
1212 1743 1320 1770 etiamsi
1337 1750 1417 1770 verus
1431 1742 1531 1778 aliquis
1545 1747 1671 1778 surgeret

886 1789 1028 1824 propheta,
1043 1789 1089 1823 qui
1107 1789 1185 1824 signa
1193 1793 1220 1815 et
1234 1789 1357 1824 prodigia
1372 1787 1482 1819 faceret,
1495 1788 1611 1816 suadere
1623 1796 1656 1815 au

886 1839 940 1862 tem
952 1835 1027 1867 velit,
1043 1838 1078 1862 ut-
1097 1835 1249 1862 coleremus
1274 1834 1341 1862 deos
1366 1834 1435 1862 alios
1458 1837 1555 1869 pmter
1577 1833 1670 1861 Judm-

885 1887 964 1907 orum
976 1879 1072 1910 Deum,
1101 1886 1239 1914 nunquam
1268 1879 1292 1906 ei
1319 1879 1430 1906 credere
1447 1885 1602 1913 possemus.
1625 1876 1671 1905 Sic

885 1923 958 1952 enim
975 1932 1025 1952 nos
1049 1923 1144 1951 docuit
1168 1924 1208 1950 lex
1228 1923 1330 1955 divina,
1355 1927 1491 1950 secretum
1517 1929 1669 1950 sermonem

885 1970 980 2004 purius
993 1978 1026 1997 ex
1037 1969 1184 1996 traditione
1196 1969 1400 1996 commendans.
1412 1968 1456 1995 Ait
1468 1975 1533 2003 ergo
1545 1977 1552 1995 :
1569 1967 1600 1995 Si
1613 1976 1670 1995 sur-

885 2016 980 2043 rexerit
991 2016 1019 2043 in
1037 2020 1060 2043 te
1069 2015 1204 2051 propheta,
1221 2019 1267 2042 aut
1283 2015 1417 2042 somnians
1429 2015 1570 2046 somnium,
1586 2019 1612 2041 et
1624 2014 1670 2040 de-

883 2062 951 2088 derit
965 2063 1040 2098 signa
1054 2062 1093 2089 vel
1110 2061 1241 2097 prodigia,
1266 2066 1290 2089 et
1306 2062 1436 2088 evenerint
1462 2061 1538 2096 signa
1566 2061 1615 2088 illa
1629 2062 1669 2088 vel

881 2108 1014 2144 prodigia,
1037 2113 1062 2136 et
1087 2109 1183 2136 dixerit
1200 2107 1234 2135 ad
1261 2113 1293 2140 te,
1311 2116 1402 2135 eamus
1416 2112 1441 2135 et
1455 2107 1574 2134 colamus
1603 2107 1666 2135 deos

96 2186 119 2202 "
136 2187 223 2216 Exod.
248 2195 313 2219 xxn,
333 2187 378 2214 28.
419 2186 441 2202 ⁶⁰
458 2186 492 2212 Et
503 2186 684 2221 nobiles—qui
698 2186 759 2222 [erit
771 2194 831 2222 rnon
847 2186 974 2222 leguntur
986 2187 1014 2214 in
1031 2191 1146 2221 utroque
1163 2186 1243 2222 codd.
1260 2186 1349 2221 Lipss.
1388 2186 1410 2202 ⁸¹
1425 2185 1504 2214 Deut.
1520 2195 1604 2221 xxxn,
1620 2188 1666 2216 59.

52 2220 71 2234 "
86 2220 160 2249 Deut.
173 2231 209 2257 ιν,
227 2223 272 2250 39.
310 2222 333 2238 ⁵³

351 2221 416 2255 Quae
431 2225 584 2257 sequuntur
603 2229 699 2257 usque,
713 2221 746 2248 ad
762 2221 816 2257 illa
830 2221 904 2256 cap},
919 2229 1010 2256 sequ.,
1027 2222 1159 2249 vocabula
1172 2231 1178 2248 :
1192 2221 1307 2256 Denique
1317 2227 1341 2248 et
1351 2222 1452 2257 sancti,
1476 2226 1541 2257 etc.,
1557 2223 1667 2251 deside-

52 2261 142 2292 rantur
160 2259 188 2285 in
203 2255 271 2285 'cod.
291 2257 365 2292 Lips.
406 2257 430 2273 “
449 2255 527 2284 Deut.
545 2265 572 2292 x,
602 2255 651 2286 M,’
668 2256 710 2283 15.
741 2256 770 2292 ναξ
790 2255 827 2283 De

895 2265 914 2288 ι,
936 2257 979 2284 17.

52 2289 72 2305 ⁵⁸
90 2290 160 2320 Psal.
190 2301 289 2325 Lxxxv,
305 2289 338 2322 8';
359 2300 421 2323 Lxx,
443 2292 485 2318 19.
521 2291 549 2307 ⁵⁸·
561 2291 635 2318 Psal.
656 2299 722 2323 xvu,
739 2290 784 2318 52.
822 2291 845 2306 °°
864 2291 921 2318 Jos.
938 2300 1014 2325 χχιιι,
1027 2292 1042 2318 7
1058 2292 1085 2319 in
1096 2291 1182 2319 LXX.

1033 2258 1055 2273 "
1074 2256 1153 2284 Deut.
1182 2265 1219 2288 vi,
1237 2255 1287 2288 15;
1305 2265 1331 2287 ιι,
1345 2256 1392 2285 ‘20.
1439 2257 1462 2272 "
1479 2255 1557 2286 Dcu't.
1585 2267 1622 2290 vi,
1638 2259 1666 2287 ι.

1223 2291 1320 2318 “Gen.
1339 2300 1378 2318 ιιι.
1417 2292 1439 2307 ⁶¹
1454 2292 1534 2320 Deut.
1550 2302 1608 2327 Vlll,
1622 2295 1666 2322 ll.

683 2356 865 2385 COTELERII
884 2357 999 2385 ΝΟΤΑΞ.

53 2419 152 2459 ρρᾷκές
172 2433 201 2450 τε
223 2425 269 2451 καὶ
292 2423 443 2459 Βυζάντιιιι,
453 2422 506 2459 χαὶ
520 2423 545 2448 οἱ
560 2423 635 2459 πρὸς
649 2423 688 2458 τῷ
703 2424 832 2459 Βοσπόρῳ

54 2454 203 2498 ξξξιὶμέριοι,
218 2458 323 2498 Bal)qu
378 2457 432 2498 ριριὶ
452 2454 643 2498 Κατξπς-δόᾶιαι,
661 2454 766 2498 Φριύγῇ
786 2454 832 2498 ἑά).

55 2489 201 2528 Eae-sexui.-
220 2494 325 2528 Λύκιοιἲ
340 2492 457 2528 Γαλάται
475 2492 522 2528 uoti
539 2492 673 2528 Ἴσαυροι,
685 2489 770 2520 ’Λύδόὶ
785 2494 831 2519 καὶ

56 2523 152 2564 {itemst
164 2529 210 2556 καὶ
220 2523 370 2564 Πάμφιιλοι,
379 2527 521 2564 Λυκόονέε
532 2535 562 2564 ςτίε
576 2523 624 2554 καῖ
632 2523 831 2564 ΚίλικεςηΣκύ-

55 2558 95 2586 Θαι
107 2563 151 2589 καὶ
167 2564 207 2590 Πέ
225 2558 270 2590 σαί
285 2558 331 2589 uel
346 2563 484 2598 Βάκτριοι,
501 2561 598 2596 Κόλχοι
614 2563 661 2588 καὶ
684 2558 763 2589 ’ΛΔ-ὀύ
786 2572 830 2595 tot,

55 2593 149 2623 Πάρθοι
157 2599 203 2623 καὶ
208 2573 292 2623 iusso:
299 2598 345 2623 καὶ
351 2598 501 2623 Ἐλαιιίται.
510 2597 647 2623 Ὀσοοτινοῐ
654 2606 683 2623 τε
691 2598 738 2623 καὶ
745 2571 830 2623 Βξέιι-

55 2593 152 2634 Πάρθοι
157 2599 203 2625 καὶ
208 2593 292 2634 ’Μῆδοι
299 2593 501 2634 καὶίΕλαριῖτᾳι,
510 2593 647 2634 Ὀσρᾳηνοῐ
654 2606 683 2623 τε
691 2598 738 2624 καὶ
745 2593 830 2634 Disp;

59 2632 221 2674 Ιέιξὲςνξξνδοὶ
243 2631 447 2674 ᾆεςιιξνιξιθιθτιέςἱ
469 2631 827 2674 ΞσμαηλῐέαιιδεςιὶηΑὶγύέττ

56 2670 114 2705 3‘19},
127 2664 264 2705 26991.net
282 2667 462 2705 Πςιλᾳιστινοὶὲ
470 2664 591 2705 Κρπρὶοι
600 2667 652 2705 χαὶ
665 2668 687 2693 Κ
692 2664 771 2705 ρῆςεξ
782 2669 828 2705 κα).

70 2698 158 2737 δ’ρδιρι,
165 2698 266 2734 λίολείς
273 2703 320 2729 καὶ
330 2703 431 2733 Ἴωνες,
442 2698 590 2737 Nereofo
600 2698 731 2736 Ἂόασίίόί
741 2710 771 2728 τε
781 2703 827 2729 καὶ

59 2730 179 2773 ξρλυσςές,
191 2730 310 2773 Φοινίκτές
324 2746 353 2763 τε
367 2730 548 2773 xui-"49165;,
562 2730 748 2773 wapaiodua‘t
765 2737 827 2763 Ἰου-

57 2765 127 2808 iam,
140 2765 289 2808 Rep-quatiat
298 2765 328 2798 ’ξε
343 2773 388 2799 καὶ
405 2765 627 2808 [impegi-drde:
633 2773 679 2808 atati.
691 2772 709 2797 Γ
711 2772 769 2798 ἐται
782 2773 827 2798 καὶ

62 2799 229 2842 Σαυρρμὼῖαῇ
244 2807 340 2834 Κέλται
353 2816 383 2833 τε
396 2808 442 2834 καὶ
458 2799 724 2842 Βῶλδηλοι,⁵16ηρες,
733 2807 825 2842 Κροά-

61 2842 96 2863 τοι
105 2841 146 2867 καὶ
155 2842 347 2870 Maiam-tutudi
364 2841 692 2878 ’ΛμμωνίταιιΧαναναῖὸι
701 2842 746 2869 καὶ
758 2843 825 2869 Χετ-

882 2426 960 2463 ταξοιᾉ
969 2425 1016 2451 καὶ
1035 2425 1254 2463 ᾋιέορραϊοιηκαὶ
1268 2424 1418 2463 Φερεςαῖοι,
1430 2426 1523 2463 Elicio:
1537 2429 1585 2455 καὶ
1603 2429 1670 2463 Γερ.

882 2458 985 2498 χεζαῖοι
1006 2460 1053 2498 κα)
1068 2458 1242 2498 Ἶεᾙὶιυᾳαέιιὶ
1254 2458 1311 2487 καῖ
1321 2460 1558 2498 οῑ--κατοιιςρῠντες
1572 2458 1669 2498 νήσοὺς

883 2494 1065 2534 ξρεττῳίικὰς
1079 2495 1126 2534 uel
1141 2495 1174 2522 τὰ
1192 2494 1316 2531 Γάδειρα.
1326 2494 1428 2534 ’ξος-ας
1451 2497 1570 2534 Μωῡσῆς
1596 2494 1668 2532 ἒεειξ

882 2529 964 2592 ἔξιτε
975 2529 1079 2592 ἔξὲισι).
1096 2530 1161 2565 Leg.
1176 2538 1255 2558 conc.
1269 2529 1306 2558 vn
1325 2529 1466 2559 Nicaenum
1478 2552 1486 2564 ,
1509 2529 1624 2565 n,'act.'
1640 2529 1667 2568 5,

918 2572 931 2591 s
958 2572 1000 2591 me
1023 2584 1030 2592 .

899 2569 943 2591 ost
958 2569 1030 2592 med.

899 2571 943 2591 ost
958 2572 1000 2591 me
1023 2584 1030 2592 .

881 2571 898 2634 ξ)
915 2599 971 2634 (75)
989 2571 1114 2627 Ddotninus
1139 2599 1208 2626 Deus
1231 2605 1307 2631 tuus,
1332 2600 1401 2628 Deus
1414 2609 1482 2629 unus
1503 2607 1551 2630 est.
1579 2601 1624 2631 Sic
1639 2604 1666 2632 in

881 2633 995 2674 Vulgata
1011 2635 1093 2663 Marc.
1106 2643 1154 2674 xu,
1166 2634 1214 2674 29,
1231 2636 1473 2674 concordantibus
1488 2636 1666 2674 Hieronymo,

880 2670 1047 2704 Augustino.
1068 2674 1122 2698 etc.
1141 2669 1227 2697 Aliter
1245 2671 1280 2698 ab
1300 2670 1418 2704 lrenzeo;
1439 2672 1519 2698 aliter
1537 2673 1571 2699 ab
1592 2669 1665 2702 aliis:

879 2703 1010 2742 Videatur
1024 2705 1126 2732 Fronto
1138 2704 1253 2733 Ducmus
1270 2705 1303 2732 ad
1318 2706 1456 2733 homiliam
1478 2706 1666 2742 Chrysostomi

880 2739 918 2766 De
932 2739 1022 2767 Phoca
1041 2746 1167 2775 martyre.

916 2774 970 2809 (76)
990 2775 1104 2802 Observa
1114 2774 1166 2801 tibi
1181 2775 1241 2809 ipsi,
1256 2783 1287 2802 ne
1303 2775 1437 2802 seducaris
1459 2785 1475 2802 a
1489 2776 1602 2805 Domino
1613 2777 1665 2806 Dea

879 2814 932 2837 tuo.
948 2809 1018 2846 Lege
1030 2810 1108 2838 Deut.
1122 2818 1157 2843 vt,
1174 2810 1224 2843 1‘2;
1238 2810 1355 2844 vnn“;
1374 2819 1412 2844 ιι,
1431 2811 1463 2839 16
1478 2816 1505 2839 ct
1523 2820 1606 2847 svnt,
1616 2813 1647 2843 5.
