1892 3105
193 144 260 173 HT!

621 137 649 164 S.
668 133 864 164 CLEMENTIS
880 134 888 160 Ι
907 132 989 161 R0“.
1006 131 1107 159 PONT.
1125 130 1239 158 OPERA
1258 128 1372 156 DUBZA.

1758 124 1831 152 12τᾶ

189 203 289 229 alienos
307 207 372 234 quos
393 197 509 228 nescitis,
532 203 585 222 non
606 194 720 221 audietis
745 193 822 221 verba
845 192 977 226 prop/teta-
993 193 1015 220 Α
1029 190 1122 217 dixisti
1146 189 1246 216 habere
1268 187 1364 218 Deum,
1385 185 1456 234 quod
1688 184 1832 234 quomodo

189 249 272 276 il'iut,
286 252 366 276 neque
377 251 509 270 somnium
523 241 693 268 somniatoris
706 240 790 270 illius,
803 239 865 273 quia
875 243 980 264 lentam

190 294 298 322 tentavit
315 300 370 322 nus,
400 296 427 317 ut
455 290 542 317 videat
557 290 581 316 si
605 289 717 324 diligitis
737 287 879 314 Dominum
897 285 981 312 Deum

189 345 306 366 restruit:
318 339 351 364 ".

222 383 312 411 XLVI.
329 383 476 418 Propterea
489 389 555 416 ergo
568 385 595 408 et
605 379 738 408 Dominus
752 383 846 406 noster
861 378 939 412 signa
955 380 982 403 et

187 429 311 464 prodigia
336 427 452 458 faciens,
475 426 559 453 Deum
584 425 751 460 praedicabat.
773 423 940 455 Judaaorum,
955 426 982 450 et

189 474 252 502 ideo
278 477 351 501 recte
375 471 560 507 pnedicationi
585 471 645 504 ejus
669 470 801 497 creditur.
825 469 867 496 Tu
891 473 982 495 autem

187 519 270 546 etiam
292 518 314 545 si
339 525 403 544 vere
426 517 557 551 propheta
573 523 659 547 esses,
681 519 708 542 et
729 515 806 550 signa
823 514 928 542 faceres
950 520 983 539 ac

189 564 321 600 prodigia,
337 564 407 591 sicut
430 563 575 597 promittis,
590 567 616 590 et
630 562 698 589 alios
720 562 898 589 annuntiares
916 561 982 589 deos

188 616 286 646 praeter
300 618 362 638 eum
373 610 420 644 qui
435 617 518 636 verus
538 613 591 642 est,
606 608 781 636 manifestum
803 613 877 636 esset
899 612 926 636 te
947 609 981 636 ad

189 657 366 684 teutationem
388 655 489 690 populo
511 655 558 682 Dei
584 655 756 685 suscitatum,
772 658 800 681 et
821 655 883 682 ideo
906 655 982 682 credi

188 703 237 731 tibi
253 703 364 730 omnino
389 710 444 729 non
467 705 565 737 potest.
583 701 658 728 Unus
673 705 715 729 est
732 701 806 728 enim
826 709 919 734 verus,
935 703 982 736 qui

187 753 229 775 est
240 748 394 776 Judzeorum
409 747 490 779 Dens,
503 751 530 774 et
543 747 578 774 ob
590 747 640 773 hoc
654 747 785 774 Dominus
795 751 888 774 noster
902 746 983 775 Jesus

188 795 314 821 Christus
328 793 442 820 docebat
459 791 635 827 quaerendum
650 799 710 819 esse
727 799 781 818 non
801 791 884 818 Deum
899 800 981 826 quem

188 840 258 866 bene
282 845 422 868 noverant.
447 839 495 866 sed
523 846 639 873 regnum
663 843 690 866 et
710 838 846 872 justitiam
870 839 930 872 ejus
945 839 978 871 “‘,

187 893 269 919 quam
285 885 387 912 Scribze
402 889 429 912 et
448 884 588 916 Phariszei,
603 888 728 918 suscepta
752 883 874 911 scientiae
891 884 977 915 clave,

188 939 243 958 non
257 931 461 961 concluserant,
478 930 525 958 sed
540 929 715 958 excluserant
729 930 761 956 “.
777 929 845 956 Nam
860 930 883 957 si
899 930 979 965 igno-

188 981 296 1004 rassent
317 984 412 1004 verum
435 976 530 1008 Deum,
552 983 690 1010 nunquam
718 976 813 1011 utique
837 976 919 1011 hujus
938 976 978 1002 rei

188 1022 330 1050 scientiam
344 1022 511 1056 relinquens,
528 1029 589 1056 quae
601 1024 660 1048 erat
671 1021 794 1048 onmium
810 1025 903 1056 caput.
920 1022 979 1049 cul-

187 1071 265 1102 paret
276 1075 324 1094 eos
337 1067 372 1094 de
386 1068 479 1102 parvis
492 1071 520 1094 et
536 1067 671 1100 minimis,
688 1067 714 1094 id
735 1072 777 1095 est
787 1067 862 1102 quod
880 1068 980 1094 dilata-

188 1117 247 1140 rcnt
262 1112 382 1141 fimbrias
397 1120 473 1145 snas,
485 1117 512 1140 et
521 1113 624 1148 primos
643 1113 785 1141 accubitus
803 1114 831 1141 in
844 1114 980 1141 conviviis

187 1159 367 1188 vindicarent.
380 1162 407 1186 et
421 1159 494 1194 quod
512 1159 540 1186 in
553 1159 706 1195 quadriviis
730 1163 836 1187 stantes
857 1163 978 1191 orarent,

187 1207 214 1230 et
229 1205 282 1230 alia
298 1203 341 1230 his
351 1203 463 1235 similia,
476 1211 537 1238 quin
549 1203 643 1238 utique
657 1211 691 1230 ex
705 1203 909 1238 comparatione
921 1212 979 1230 ma—

187 1249 233 1284 gni
249 1249 331 1283 hujus
345 1250 455 1284 capitis,
477 1251 638 1286 ignorantia
662 1249 720 1282 Dei,
739 1250 837 1286 exigua
854 1250 981 1278 videntur

187 1299 215 1321 et
230 1302 323 1328 parva.

224 1339 328 1367 XLVII.
344 1339 376 1366 Et
392 1340 487 1368 Simon
503 1340 540 1367 ad
551 1341 607 1368 haec
620 1342 657 1368 ait
673 1351 680 1368 ;
696 1341 734 1368 Ex
750 1342 843 1369 verbis
858 1341 981 1377 magistri

188 1387 226 1412 tui
241 1385 402 1412 convincam
417 1389 454 1418 te,
471 1386 535 1420 quia
546 1386 630 1413 etiam
645 1387 703 1421 ipse
717 1387 870 1421 ignoratum
885 1394 981 1421 quem-

187 1431 250 1457 dam
267 1430 395 1457 omnibus
408 1430 558 1458 introducit
573 1430 668 1458 Deum.
685 1431 753 1458 Cum
766 1432 839 1458 enim
850 1435 877 1458 et
894 1431 980 1458 Adam

187 1480 337 1503 creatorem
358 1484 438 1503 suum
459 1477 552 1504 scierit
568 1476 664 1509 Deum,
684 1477 834 1512 mundique
855 1477 981 1505 condito-

187 1528 255 1566 rem,
269 1525 296 1548 et
312 1519 415 1553 Enoch,
431 1521 531 1556 quippe
545 1520 593 1555 qui
611 1521 644 1547 ab
664 1528 697 1548 eo
717 1521 867 1548 translatus
883 1525 936 1552 est,
950 1524 978 1549 et
990 1537 1013 1566 α

186 1565 254 1597 Noe,
269 1569 362 1601 utpote
377 1566 410 1593 ab
430 1573 464 1594 eo
485 1566 583 1601 jussus
605 1573 697 1593 arcam
713 1571 882 1599 construere.
897 1573 976 1594 cum-

187 1619 240 1645 que
257 1615 284 1638 et
297 1611 446 1643 Abraham,
469 1615 496 1638 et
521 1611 607 1643 Isaac,
626 1615 653 1639 et
666 1611 761 1644 Iacob,
775 1615 802 1640 et
818 1611 936 1648 Moyses,
950 1618 978 1641 et

186 1665 293 1689 omnes,
311 1657 454 1692 omnisque
466 1658 585 1692 populus
597 1662 679 1693 atque
703 1665 799 1686 omnes
815 1663 911 1694 gentes
926 1667 978 1687 no-

188 1702 275 1729 verint
289 1703 458 1730 conditorem
473 1703 578 1735 mundi,
594 1707 621 1730 et
635 1704 772 1731 fateantur
787 1703 882 1737 Deum,
896 1705 978 1734 Jesus

186 1751 286 1779 vester,
298 1748 344 1783 qui
358 1748 436 1783 longe
450 1749 587 1783 posterior
598 1748 725 1777 Patribus
738 1751 876 1785 apparuit,
889 1751 958 1779 dicit
969 1761 976 1780 :

187 1792 273 1819 Nemo
288 1793 360 1820 novit
375 1792 488 1825 Filium,
503 1793 555 1820 nisi
576 1793 667 1824 Pater,
683 1802 763 1830 neque
783 1794 891 1822 Patrem
906 1796 975 1831 quis,

187 1839 239 1866 nisi
253 1837 275 1864 F
277 1839 351 1873 ilius,
364 1844 390 1867 et
403 1840 446 1866 sui
459 1839 570 1867 voluerit
586 1839 674 1866 Filius
683 1841 800 1869 reuelare
811 1841 844 1869 “.
860 1842 898 1868 ita
913 1850 979 1878 ergo

186 1888 213 1912 et
223 1883 304 1912 Jesus
323 1889 412 1912 vester
433 1885 516 1912 alium
537 1893 598 1912 esse
614 1885 698 1913 Deum
717 1886 977 1921 incomprehensibi-

187 1929 240 1956 letn
256 1929 385 1957 omnibus
397 1934 424 1957 et
439 1929 606 1964 incognitum
621 1930 730 1958 fatetur.

222 1970 337 2000 XLVIII.
357 1974 426 2001 Tum
443 1974 540 2002 Petrus
557 1984 565 2002 :
580 1974 733 2008 Contraria,
757 1976 856 2011 inquit,
872 1976 979 2005 tibimet

186 2019 238 2054 ipsi
254 2025 280 2047 te
293 2019 416 2055 proferre
433 2028 487 2047 non
501 2021 596 2049 sentis.
613 2021 642 2048 Si
656 2021 728 2048 enim
743 2026 770 2049 et
781 2020 862 2050 Iesus
884 2027 979 2051 noster

185 2065 238 2092 scit
255 2065 346 2097 istum,
365 2073 445 2100 quem
461 2065 531 2093 dicis
546 2066 715 2100 incognitum
730 2066 825 2101 Deum,
841 2076 906 2103 ergo
922 2068 978 2102 jam

186 2117 240 2136 non
255 2117 270 2136 a
286 2113 312 2137 te
325 2109 384 2137 solo
399 2113 440 2137 est
456 2111 593 2145 cognitus.
608 2111 664 2138 lmo
679 2111 701 2138 si
713 2110 794 2139 Jesus
809 2117 902 2140 noster
917 2121 979 2141 cum

186 2156 272 2187 novit,
285 2155 392 2190 Moyses
405 2164 525 2191 quoque,
541 2157 587 2192 qui
602 2162 630 2184 et
649 2157 742 2185 Jesum
758 2165 901 2186 venturum
918 2167 980 2187 esse

1033 235 1105 262 enim
1114 235 1213 262 habere
1225 234 1308 260 lilium
1319 235 1417 268 potest,
1428 231 1481 258 nisi
1494 231 1596 259 similia
1607 230 1772 257 hominibus
1783 234 1833 256 aut

1034 281 1199 308 animalibus
1209 279 1346 314 patiatur?
1360 277 1412 305 Sed
1423 276 1506 304 dehis
1515 284 1570 304 non
1581 281 1623 303 est.
1634 284 1710 303 nunc
1720 280 1832 309 tempts

1032 334 1147 362 arguere
1159 325 1323 360 profundant
1337 323 1481 351 stultitiam
1495 326 1580 353 tuam,
1594 321 1698 348 festino
1708 321 1787 347 enim
1798 322 1833 347 de

1034 372 1216 399 immensitate
1248 377 1363 398 summa:
1381 369 1451 395 lucis
1467 375 1615 403 exponere,
1633 372 1662 394 et
1676 366 1740 400 jam
1757 373 1833 392 nunc

1033 416 1106 443 audi.
1116 415 1183 442 Puto
1193 423 1254 443 esse
1264 415 1382 449 aliquam
1397 413 1524 440 virtutem
1541 413 1682 439 immensa:
1696 415 1727 438 et
1737 410 1834 438 inetia-

1035 463 1098 490 bilis
1113 462 1191 493 lucis.
1206 461 1286 495 cujus
1297 459 1456 496 magnitudo
1476 457 1771 493 incomprehensibilis
1785 457 1836 483 ha-

1034 508 1140 538 beatur,
1147 515 1228 542 quam
1238 507 1364 533 virtutem
1372 506 1452 533 etiam
1461 503 1557 531 mundi
1569 503 1699 530 conditor
1712 503 1835 538 ignoret,

1033 557 1060 580 et
1079 553 1217 588 lcgislator
1229 552 1345 587 Moyses,
1361 555 1388 578 et
1403 551 1531 585 magister
1550 553 1641 576 vester
1658 548 1757 576 Iesus.

1069 599 1100 626 L.
1125 598 1193 626 Tum
1214 597 1312 625 Petrus
1328 607 1334 624 :
1351 596 1410 624 Non
1437 596 1485 622 tibi
1500 595 1607 623 videtur
1632 595 1766 622 amentiae
1790 602 1837 622 res

1033 653 1105 678 esse,
1119 651 1243 671 asserere
1256 642 1324 670 velle
1337 642 1503 677 quempiam,
1515 639 1589 674 quod
1604 639 1641 666 sit
1663 639 1740 666 alius
1761 638 1838 666 Deus

1033 698 1115 725 quam
1130 690 1203 718 Deus
1217 689 1350 719 omnium,
1366 691 1394 715 et
1411 687 1514 718 dicere,
1529 689 1594 720 puto
1618 693 1683 712 esse
1695 685 1834 712 virtutem

1033 736 1190 772 quamdam,
1205 740 1231 763 et
1244 735 1405 770 priusquam
1426 733 1478 768 ipsi
1500 736 1606 759 certum
1633 731 1671 758 sit
1690 730 1771 765 quod
1795 730 1835 757 lo-

1033 783 1135 818 quitur,
1150 783 1203 810 boc
1216 782 1284 810 velle
1298 781 1360 809 aliis
1373 779 1556 807 conﬁrmare?
1573 778 1657 805 Estne
1673 778 1779 812 aliquis
1796 778 1835 804 ita

1034 835 1164 862 pnrceps,
1180 826 1226 861 qui
1241 826 1331 854 verbis
1353 826 1409 863 tuis
1419 824 1524 858 credat,
1537 824 1564 851 in
1578 823 1682 859 quibus
1697 827 1726 850 te
1742 824 1835 857 ipsum

1031 874 1121 901 videat
1135 873 1322 905 dubitantem;
1341 876 1370 899 et
1384 871 1510 898 admittat
1523 878 1584 898 esse
1601 870 1728 905 aliquam
1744 870 1837 896 virtu-

1029 925 1084 948 tem
1101 920 1264 954 incognitam
1298 917 1416 946 creatori
1429 917 1495 950 Deo,
1511 921 1539 944 et
1554 916 1653 952 Moysi,
1667 920 1695 943 et
1712 915 1836 950 prophe—

1029 966 1075 996 tis.
1100 970 1127 993 et
1143 965 1204 1000 legi.
1233 968 1260 992 et
1277 963 1342 992 Jesu
1363 964 1445 992 etiam
1467 962 1598 998 magistro
1623 966 1727 990 nostro
1740 984 1749 996 ,
1773 969 1837 996 quae

1030 1013 1117 1039 virtus
1141 1011 1177 1038 ita
1198 1011 1269 1038 bona
1292 1010 1338 1042 sit,
1353 1014 1383 1037 ut
1399 1009 1467 1036 nulli
1488 1009 1552 1036 velit
1571 1008 1765 1040 innotescere,
1780 1007 1835 1034 nisi

1031 1057 1076 1083 uni
1089 1060 1206 1089 tantum,
1221 1059 1249 1082 et
1263 1055 1315 1082 hoc
1328 1055 1377 1082 tibi
1392 1053 1532 1082 tali?Tum
1546 1053 1649 1081 deinde
1665 1054 1690 1081 si
1705 1061 1781 1080 nova
1792 1057 1835 1080 est

1031 1103 1082 1130 ista
1094 1102 1192 1134 virtus,
1209 1101 1345 1136 quomodo
1359 1100 1439 1128 nobis
1455 1107 1512 1127 non
1525 1099 1570 1126 dat
1588 1107 1694 1126 novum
1713 1099 1834 1134 aliquem

1031 1156 1142 1177 sensum
1169 1153 1266 1183 prater
1288 1147 1338 1175 hos
1358 1154 1428 1182 quos
1446 1146 1567 1181 gerimus
1591 1145 1731 1180 quinque,
1749 1149 1779 1172 nt
1802 1153 1834 1172 ex

1031 1195 1091 1230 ipso
1111 1195 1146 1222 ab
1169 1202 1202 1222 ea
1222 1194 1302 1223 nobis
1321 1194 1419 1227 largito
1440 1200 1512 1220 novo
1537 1199 1633 1225 sensu,
1656 1191 1751 1226 ipsam
1773 1199 1833 1226 qua:

1031 1248 1101 1268 nova
1116 1244 1158 1268 est
1170 1247 1268 1275 capere
1287 1244 1314 1266 et
1333 1239 1483 1274 intelligere
1497 1237 1657 1274 possimus?
1671 1241 1723 1264 aut
1739 1237 1765 1264 si
1781 1245 1833 1263 nun

1031 1290 1120 1322 potest
1143 1287 1246 1321 largiri,
1261 1287 1399 1322 quomodo
1413 1285 1462 1313 tibi
1477 1284 1573 1320 largita
1595 1287 1637 1311 est
1647 1284 1660 1310 ?
1674 1288 1727 1310 aut
1747 1284 1773 1310 si
1788 1284 1832 1310 tibi

1031 1332 1172 1363 revelavit,
1182 1339 1232 1360 cur
1256 1339 1311 1359 non
1322 1336 1348 1360 et
1362 1330 1458 1358 nobis?
1475 1329 1503 1357 Si
1515 1337 1579 1356 vero
1594 1337 1610 1356 a
1626 1330 1782 1364 temetipso
1794 1329 1833 1356 in-

1032 1379 1171 1411 tellexisti,
1186 1386 1247 1414 quae
1266 1386 1300 1406 ne
1318 1377 1455 1414 prophetae
1469 1376 1578 1412 quidem
1600 1376 1708 1403 sentire
1732 1381 1782 1402 aut
1795 1376 1833 1402 in-

1033 1426 1154 1461 telligere
1168 1429 1325 1460 potuerunt,
1339 1424 1385 1450 dic
1403 1431 1453 1458 age
1472 1422 1553 1450 nobis
1569 1429 1645 1449 nunc
1661 1421 1732 1456 quid
1750 1429 1833 1448 unus-

1032 1471 1149 1506 quisque
1165 1474 1289 1498 nostrum
1307 1468 1429 1503 cogitat:
1447 1467 1476 1494 Si
1491 1467 1564 1494 enim
1585 1470 1684 1493 tantus
1703 1472 1751 1493 est
1767 1466 1796 1493 in
1809 1471 1833 1493 te

1031 1517 1155 1552 spiritus,
1171 1519 1201 1543 ut
1210 1523 1242 1544 ea
1257 1523 1317 1550 quae
1331 1521 1414 1550 super
1424 1513 1510 1540 celos
1525 1516 1600 1543 sunt.
1618 1512 1767 1546 incognita
1780 1520 1833 1539 om-

1029 1563 1111 1591 nibus
1130 1566 1157 1590 et
1183 1561 1312 1590 omnibus
1336 1557 1628 1594 incomprehensibilia
1653 1565 1831 1593 cognoscas,

1028 1608 1114 1635 multo
1140 1607 1247 1634 facilius
1267 1606 1447 1641 cogitationes
1464 1604 1600 1632 humanas
1620 1611 1686 1638 qua:
1701 1603 1732 1630 in
1750 1603 1832 1630 terris

1028 1653 1163 1682 habentur
1176 1652 1313 1688 agnoscis.
1328 1651 1404 1684 Quod
1420 1651 1442 1678 si
1459 1651 1638 1686 cogitationes
1655 1655 1775 1678 nostras
1788 1650 1833 1685 qui

1028 1699 1073 1726 hic
1086 1702 1193 1726 stamus
1207 1706 1260 1726 non
1274 1702 1352 1733 potes
1371 1698 1453 1729 scire,
1464 1697 1602 1732 quomodo
1617 1704 1650 1724 ea
1671 1704 1738 1731 qua
1748 1697 1833 1725 nullis

1027 1752 1090 1774 esse
1103 1745 1212 1780 cognita
1223 1744 1350 1775 allirmas.
1365 1745 1436 1772 seire
1450 1749 1475 1771 te
1490 1743 1580 1771 dicis?

1064 1790 1107 1818 LI.
1123 1790 1210 1818 Crede
1221 1793 1311 1818 autem
1328 1789 1405 1821 mihi,
1420 1789 1484 1824 quia
1505 1786 1645 1824 nunquam
1662 1790 1757 1817 scires
1767 1790 1832 1825 quid

1028 1841 1070 1864 est
1081 1838 1138 1868 lux,
1151 1837 1205 1864 nisi
1217 1837 1252 1864 ab
1267 1836 1325 1871 ipsa
1346 1836 1406 1863 luce
1420 1835 1575 1871 accepisses
1591 1838 1617 1862 et
1632 1835 1728 1863 visum
1744 1840 1774 1863 et
1788 1837 1830 1863 in-

1029 1886 1166 1913 tellectum
1184 1885 1313 1917 videndi;
1330 1885 1371 1912 sic
1384 1888 1412 1912 et
1430 1884 1458 1911 in
1479 1884 1596 1912 caeteris.
1620 1883 1694 1910 Hinc
1716 1889 1830 1919 aecepla

1029 1931 1221 1966 intelligentia,
1238 1930 1326 1965 majus
1341 1929 1443 1964 aliquid
1458 1933 1486 1956 et
1503 1929 1650 1956 sublimius
1667 1930 1775 1956 somnii
1790 1938 1830 1956 ιιι-

1029 1981 1088 2006 star
1101 1977 1252 2012 excogitas,
1276 1976 1423 2003 occasione
1449 1979 1537 2002 tamen
1559 1983 1593 2002 ex
1614 1975 1679 2002 istis
1706 1975 1827 2010 quinque

1029 2023 1156 2051 sensibus
1171 2025 1290 2057 sumpta,
1305 2029 1423 2056 quorum
1434 2020 1556 2056 largitori
1569 2021 1699 2055 ingratus
1708 2030 1752 2049 es.
1765 2022 1826 2048 Cer-

1029 2073 1074 2096 tus
1088 2072 1178 2095 autem
1190 2071 1260 2099 esto,
1272 2066 1345 2102 quod
1359 2066 1446 2093 donec
1464 2073 1519 2092 non
1535 2065 1644 2092 invenis
1660 2073 1768 2092 novum
1780 2065 1824 2091 ali-

1030 2122 1109 2150 quem
1125 2122 1246 2145 sensum,
1259 2114 1305 2149 qui
1316 2117 1393 2140 extra
1405 2113 1455 2140 hos
1469 2111 1590 2148 quinque
1604 2112 1642 2139 sit
1653 2111 1761 2146 quibus
1775 2120 1825 2138 oni-

1030 2169 1080 2189 nes
1093 2161 1207 2191 utimur,
1223 2167 1323 2187 novum
1338 2166 1463 2186 asserere
1485 2166 1540 2186 non
1558 2158 1666 2193 poteris
1679 2157 1780 2186 Deum.
1793 2158 1823 2184 Et

185 2201 356 2236 proplietavil
369 2202 428 2229 sine
443 2202 526 2229 dubio
541 2210 590 2230 nec
603 2203 660 2238 ipse
673 2204 809 2238 ignoravit
822 2212 882 2231 eum
893 2213 901 2238 ;
913 2212 972 2239 pro-
995 2211 1016 2238 ι)
1032 2208 1146 2234 Simon:
1159 2207 1227 2234 Cum
1239 2205 1358 2242 quinque
1374 2205 1503 2233 sensibus
1516 2208 1643 2232 constent
1659 2204 1758 2231 omnia
1768 2210 1822 2238 qua:

184 2247 267 2282 pheta
281 2247 355 2274 enim
375 2253 445 2279 erat,
459 2252 487 2275 et
502 2248 549 2283 qui
573 2249 606 2276 de
632 2248 700 2276 Filio
722 2250 903 2284 prophetavit,
920 2251 979 2278 sine

185 2292 269 2320 dubio
285 2298 449 2328 cognoverat
463 2292 581 2321 Patrem.
599 2294 627 2321 Si
647 2295 719 2322 enim
736 2296 763 2322 in
783 2296 923 2323 voluntate
936 2300 980 2324 est

185 2338 247 2366 Filii
264 2340 384 2368 revelare
408 2339 516 2368 Patrem
541 2342 585 2368 cui
609 2341 736 2373 voluerit,
762 2341 858 2374 Filius,
880 2350 926 2377 qm
944 2343 981 2370 ab

184 2386 264 2414 initio
278 2390 304 2414 et
318 2394 425 2422 semper
440 2395 501 2414 cum
513 2387 594 2415 Patre
610 2388 660 2415 fuit
678 2396 727 2423 per
748 2389 871 2423 singulas
894 2397 978 2424 quas-

185 2439 239 2466 que
253 2432 454 2466 generationes,
467 2433 539 2460 sicut
554 2433 684 2460 revclavit
698 2433 783 2469 Moysi
804 2433 922 2466 Patrem,
939 2435 978 2462 ita

184 2483 211 2505 et
227 2478 289 2505 aliis
303 2479 457 2514 prophetis;
472 2480 545 2515 quod
561 2480 584 2507 si
605 2484 657 2512 est,
674 2481 741 2507 nulli
767 2480 875 2509 Patrem
891 2481 978 2510 fuisse

185 2524 354 2559 incognitum
373 2529 489 2553 constat.
507 2525 569 2552 Tibi
582 2534 646 2553 vero
663 2526 710 2561 qui
734 2526 832 2553 Filium
845 2535 899 2554 non
916 2535 977 2554 cre-

184 2569 238 2601 dis,
251 2570 388 2605 quomodo
399 2572 486 2606 potuit
503 2572 616 2599 revelari
637 2571 728 2604 Pater,
747 2573 793 2607 qui
808 2562 875 2599 nulli
895 2576 978 2600 notus

183 2620 236 2647 est,
248 2615 302 2642 nisi
316 2616 361 2643 cui
378 2617 492 2644 voluerit
508 2617 594 2646 Filius
608 2618 745 2645 revelare?
759 2617 870 2646 Revelat
884 2623 974 2645 autem

183 2659 269 2688 Filius
281 2660 388 2689 Patrem
402 2663 445 2690 his
455 2663 503 2698 qui
519 2663 557 2690 ita
573 2663 756 2691 honoriﬁcam
770 2663 880 2697 Filium,
900 2664 973 2692 sicut

185 2707 366 2736 bonorilicant
379 2708 487 2737 Patrem
495 2711 527 2737 ".

219 2753 312 2782 XLIX.
328 2754 397 2782 Tum
411 2755 505 2783 Simon
519 2766 525 2783 ;
539 2756 683 2789 Memento,
695 2756 792 2792 inquit,
809 2756 872 2792 quia
887 2756 971 2783 lilium

224 2862 244 2878 ⁸³
256 2862 332 2891 Deut.
350 2871 407 2899 xm,
426 2864 478 2892 [-3.
529 2864 550 2881 ⁵³
571 2863 665 2891 Matth.
681 2872 715 2897 \‘i,
728 2864 771 2891 55.

809 2865 829 2879 ⁸⁵
848 2863 913 2891 ιω.
932 2864 1030 2895 31,52,

1031 2256 1105 2284 sunt,
1124 2252 1192 2279 nihil
1215 2258 1316 2278 novum
1332 2249 1432 2277 addere
1449 2249 1538 2275 virtus
1564 2248 1609 2274 illa
1628 2249 1744 2276 cunctis
1758 2248 1819 2275 emi.

1030 2299 1140 2327 nentior
1155 2301 1254 2332 potest.
1269 2295 1301 2323 Et
1315 2295 1412 2323 Petrus
1424 2295 1462 2322 ait
1475 2304 1481 2322 :
1498 2293 1610 2322 Falsum
1625 2299 1681 2321 est.
1696 2294 1745 2321 Est
1754 2295 1820 2321 enim

1029 2349 1056 2372 et
1082 2344 1152 2372 alius
1167 2348 1261 2371 sextus
1285 2349 1398 2370 sensus.
1426 2340 1453 2367 id
1481 2344 1524 2368 est
1545 2340 1760 2374 praenoscendi;
1779 2338 1817 2366 isti

1029 2391 1101 2417 enim
1117 2389 1237 2424 quinque
1251 2395 1349 2414 sensus
1364 2386 1486 2414 scientiae
1501 2392 1618 2420 capaces
1634 2389 1713 2417 sunt,
1731 2389 1817 2413 sextus

1030 2439 1120 2462 autem
1136 2433 1314 2469 praescientia:
1336 2435 1388 2462 est,
1420 2438 1500 2466 quem
1529 2430 1651 2458 habuere
1672 2431 1814 2466 propheta:

1030 2481 1070 2508 Tu
1089 2487 1153 2515 ergo
1167 2478 1305 2514 quomodo
1318 2481 1397 2512 potes
1408 2476 1491 2504 Deum
1503 2475 1633 2504 omnibus
1649 2476 1816 2511 incognitum

1031 2534 1122 2556 nosse,
1139 2524 1186 2560 qui
1199 2531 1249 2551 nec
1265 2522 1452 2558 propheticum
1479 2529 1602 2554 sensum,
1623 2522 1672 2557 qui
1695 2528 1813 2557 estpac-

1030 2572 1161 2603 scientiaz,
1190 2569 1362 2605 cognovisti?
1387 2567 1456 2595 Tum
1482 2567 1577 2595 Simon
1591 2568 1679 2602 cmpit
1704 2569 1811 2595 dicere:

1028 2616 1105 2643 lianc
1119 2623 1200 2651 quam
1225 2614 1288 2641 dico
1315 2613 1444 2640 virtutem
1472 2612 1811 2647 incomprehensibilemct

1027 2662 1236 2690 eminentiorem
1261 2659 1380 2690 cunctis,
1406 2657 1489 2685 etiam
1519 2657 1580 2692 ipso
1608 2657 1657 2692 qui
1684 2657 1810 2684 mundum

1026 2708 1150 2736 condidit
1164 2707 1230 2738 Deo,
1257 2713 1344 2741 neque
1370 2705 1530 2739 angelorum
1554 2704 1703 2739 quisquam
1731 2709 1810 2737 neque

1025 2757 1178 2783 daemonum
1198 2753 1273 2780 novit
1288 2758 1374 2787 neque
1396 2749 1566 2782 Judzeorum,
1582 2757 1672 2785 neque
1688 2750 1743 2778 ulla
1757 2756 1809 2776 on)-

1069 2863 1091 2876 ""'
1113 2861 1213 2889 Matth.
1233 2869 1269 2896 xi,
1286 2860 1330 2889 27.
1371 2861 1392 2877 θ’
1412 2859 1489 2889 Joan.
1508 2869 1535 2894 γ,
1549 2860 1596 2888 εδ.
