  <div class='ocr_page' id='page_1' title='image "/cluster/home/n/w/nwhite01/storage/ocr_20150623/1/njp.32101077772331/776.png"; bbox 0 0 1892 3105; ppageno 0'>
   <div class='ocr_carea' id='block_1_1' title="bbox 41 175 96 203">
    <p class='ocr_par' dir='ltr' id='par_1_1' title="bbox 41 175 96 203">
     <span class='ocr_line' id='line_1_1' title="bbox 41 175 96 203; baseline -0.018 0"><span class='ocrx_word' id='word_1_1' title='bbox 41 175 96 203; x_wconf 58' lang='grc' dir='ltr'><strong>ἐπ</strong></span> 
     </span>
    </p>
   </div>
   <div class='ocr_carea' id='block_1_2' title="bbox 602 166 1016 197">
    <p class='ocr_par' dir='ltr' id='par_1_2' title="bbox 602 166 1016 197">
     <span class='ocr_line' id='line_1_2' title="bbox 602 166 1016 197; baseline -0.002 -1"><span class='ocrx_word' id='word_1_2' title='bbox 602 167 886 197; x_wconf 81' lang='lat' dir='ltr'><strong>RECOGNITIONUM</strong></span> <span class='ocrx_word' id='word_1_3' title='bbox 903 166 966 195; x_wconf 83' lang='lat' dir='ltr'><strong>LIB.</strong></span> <span class='ocrx_word' id='word_1_4' title='bbox 986 167 1016 196; x_wconf 85' lang='lat' dir='ltr'><strong>li.</strong></span> 
     </span>
    </p>
   </div>
   <div class='ocr_carea' id='block_1_3' title="bbox 1568 172 1634 199">
    <p class='ocr_par' dir='ltr' id='par_1_3' title="bbox 1568 172 1634 199">
     <span class='ocr_line' id='line_1_3' title="bbox 1568 172 1634 199; baseline 0 0"><span class='ocrx_word' id='word_1_5' title='bbox 1568 172 1634 199; x_wconf 70' lang='grc'><strong>1274</strong></span> 
     </span>
    </p>
   </div>
   <div class='ocr_carea' id='block_1_4' title="bbox 39 223 1633 266">
    <p class='ocr_par' dir='ltr' id='par_1_4' title="bbox 39 223 1633 266">
     <span class='ocr_line' id='line_1_4' title="bbox 39 223 1633 266; baseline 0.008 -25"><span class='ocrx_word' id='word_1_6' title='bbox 39 234 89 259; x_wconf 59' lang='lat' dir='ltr'><strong>“illo</strong></span> <span class='ocrx_word' id='word_1_7' title='bbox 100 237 153 266; x_wconf 61' lang='lat' dir='ltr'><strong>qua,</strong></span> <span class='ocrx_word' id='word_1_8' title='bbox 167 237 182 257; x_wconf 66' lang='lat' dir='ltr'><strong>a</strong></span> <span class='ocrx_word' id='word_1_9' title='bbox 202 228 343 256; x_wconf 50' lang='lat' dir='ltr'><strong>conditore</strong></span> <span class='ocrx_word' id='word_1_10' title='bbox 360 226 415 254; x_wconf 74' lang='lat' dir='ltr'><strong>Deo</strong></span> <span class='ocrx_word' id='word_1_11' title='bbox 429 225 552 254; x_wconf 62' lang='grc' dir='ltr'><strong>ευδειίιίι</strong></span> <span class='ocrx_word' id='word_1_12' title='bbox 571 230 707 254; x_wconf 64' lang='lat' dir='ltr'><strong>creatura,</strong></span> <span class='ocrx_word' id='word_1_13' title='bbox 718 227 793 259; x_wconf 76' lang='grc' dir='ltr'><strong>ρυο-</strong></span> <span class='ocrx_word' id='word_1_14' title='bbox 809 231 832 258; x_wconf 74' lang='grc' dir='ltr'>Α</span> <span class='ocrx_word' id='word_1_15' title='bbox 845 231 956 250; x_wconf 79' lang='lat' dir='ltr'><strong>causam</strong></span> <span class='ocrx_word' id='word_1_16' title='bbox 976 223 1005 250; x_wconf 92' lang='lat' dir='ltr'><strong>in</strong></span> <span class='ocrx_word' id='word_1_17' title='bbox 1034 223 1161 258; x_wconf 74' lang='lat' dir='ltr'><strong>paradiso</strong></span> <span class='ocrx_word' id='word_1_18' title='bbox 1176 223 1287 258; x_wconf 78' lang='lat' dir='ltr'><strong>posuit?</strong></span> <span class='ocrx_word' id='word_1_19' title='bbox 1311 223 1340 251; x_wconf 91' lang='lat' dir='ltr'><strong>Si</strong></span> <span class='ocrx_word' id='word_1_20' title='bbox 1366 231 1432 252; x_wconf 81' lang='lat' dir='ltr'><strong>vero</strong></span> <span class='ocrx_word' id='word_1_21' title='bbox 1459 227 1556 253; x_wconf 87' lang='lat' dir='ltr'><strong>bonum</strong></span> <span class='ocrx_word' id='word_1_22' title='bbox 1573 232 1633 255; x_wconf 82' lang='lat' dir='ltr'><strong>erat</strong></span> 
     </span>
    </p>
   </div>
   <div class='ocr_carea' id='block_1_5' title="bbox 37 272 793 310">
    <p class='ocr_par' dir='ltr' id='par_1_5' title="bbox 37 272 793 310">
     <span class='ocr_line' id='line_1_5' title="bbox 37 272 793 310; baseline -0.008 -6"><span class='ocrx_word' id='word_1_23' title='bbox 37 278 102 305; x_wconf 89' lang='lat' dir='ltr'><strong>modo</strong></span> <span class='ocrx_word' id='word_1_24' title='bbox 113 276 180 304; x_wconf 87' lang='lat' dir='ltr'><strong>enim</strong></span> <span class='ocrx_word' id='word_1_25' title='bbox 194 277 310 310; x_wconf 81' lang='lat' dir='ltr'><strong>poterat,</strong></span> <span class='ocrx_word' id='word_1_26' title='bbox 326 281 408 308; x_wconf 88' lang='lat' dir='ltr'><strong>quam</strong></span> <span class='ocrx_word' id='word_1_27' title='bbox 422 272 537 300; x_wconf 90' lang='lat' dir='ltr'><strong>Creator</strong></span> <span class='ocrx_word' id='word_1_28' title='bbox 563 273 621 307; x_wconf 88' lang='lat' dir='ltr'><strong>ipse</strong></span> <span class='ocrx_word' id='word_1_29' title='bbox 638 280 693 299; x_wconf 86' lang='lat' dir='ltr'><strong>non</strong></span> <span class='ocrx_word' id='word_1_30' title='bbox 710 280 793 299; x_wconf 93' lang='lat' dir='ltr'><strong>nove-</strong></span> 
     </span>
    </p>
   </div>
   <div class='ocr_carea' id='block_1_6' title="bbox 36 318 791 354">
    <p class='ocr_par' dir='ltr' id='par_1_6' title="bbox 36 318 791 354">
     <span class='ocr_line' id='line_1_6' title="bbox 36 318 791 354; baseline -0.004 -7"><span class='ocrx_word' id='word_1_31' title='bbox 36 327 76 352; x_wconf 72' lang='grc' dir='ltr'><strong>πη,</strong></span> <span class='ocrx_word' id='word_1_32' title='bbox 96 322 132 347; x_wconf 84' lang='lat' dir='ltr'><strong>lex</strong></span> <span class='ocrx_word' id='word_1_33' title='bbox 144 328 184 347; x_wconf 87' lang='lat' dir='ltr'><strong>me</strong></span> <span class='ocrx_word' id='word_1_34' title='bbox 198 320 284 354; x_wconf 80' lang='lat' dir='ltr'><strong>ipsius</strong></span> <span class='ocrx_word' id='word_1_35' title='bbox 299 318 439 346; x_wconf 74' lang='lat' dir='ltr'><strong>Creatoris</strong></span> <span class='ocrx_word' id='word_1_36' title='bbox 454 318 579 352; x_wconf 83' lang='lat' dir='ltr'><strong>edocere,</strong></span> <span class='ocrx_word' id='word_1_37' title='bbox 592 325 654 345; x_wconf 92' lang='lat' dir='ltr'><strong>eum</strong></span> <span class='ocrx_word' id='word_1_38' title='bbox 667 325 718 345; x_wconf 88' lang='lat' dir='ltr'><strong>nec</strong></span> <span class='ocrx_word' id='word_1_39' title='bbox 732 318 791 352; x_wconf 84' lang='lat' dir='ltr'><strong>ipsa</strong></span> 
     </span>
    </p>
   </div>
   <div class='ocr_carea' id='block_1_7' title="bbox 34 367 315 401">
    <p class='ocr_par' dir='ltr' id='par_1_7' title="bbox 34 367 315 401">
     <span class='ocr_line' id='line_1_7' title="bbox 34 367 315 401; baseline -0.007 -7"><span class='ocrx_word' id='word_1_40' title='bbox 34 367 100 394; x_wconf 83' lang='lat' dir='ltr'><strong>sciret</strong></span> <span class='ocrx_word' id='word_1_41' title='bbox 112 367 177 401; x_wconf 87' lang='lat' dir='ltr'><strong>quod</strong></span> <span class='ocrx_word' id='word_1_42' title='bbox 191 367 315 393; x_wconf 82' lang='lat' dir='ltr'><strong>doceret?</strong></span> 
     </span>
    </p>
   </div>
   <div class='ocr_carea' id='block_1_8' title="bbox 60 411 791 446">
    <p class='ocr_par' dir='ltr' id='par_1_8' title="bbox 60 411 791 446">
     <span class='ocr_line' id='line_1_8' title="bbox 60 411 791 446; baseline -0.001 -7"><span class='ocrx_word' id='word_1_43' title='bbox 60 413 105 440; x_wconf 84' lang='lat' dir='ltr'><strong>Lll.</strong></span> <span class='ocrx_word' id='word_1_44' title='bbox 120 412 149 440; x_wconf 81' lang='lat' dir='ltr'><strong>Et</strong></span> <span class='ocrx_word' id='word_1_45' title='bbox 177 412 272 439; x_wconf 89' lang='lat' dir='ltr'><strong>Petrus</strong></span> <span class='ocrx_word' id='word_1_46' title='bbox 286 422 292 439; x_wconf 88' lang='lat'><strong>:</strong></span> <span class='ocrx_word' id='word_1_47' title='bbox 320 411 414 444; x_wconf 83' lang='lat' dir='ltr'><strong>Miror,</strong></span> <span class='ocrx_word' id='word_1_48' title='bbox 430 411 527 446; x_wconf 90' lang='lat' dir='ltr'><strong>inquit,</strong></span> <span class='ocrx_word' id='word_1_49' title='bbox 557 411 695 446; x_wconf 90' lang='lat' dir='ltr'><strong>quomodo</strong></span> <span class='ocrx_word' id='word_1_50' title='bbox 714 414 744 438; x_wconf 85' lang='lat' dir='ltr'><strong>tu</strong></span> <span class='ocrx_word' id='word_1_51' title='bbox 759 419 791 438; x_wconf 87' lang='lat' dir='ltr'><strong>ex</strong></span> 
     </span>
    </p>
   </div>
   <div class='ocr_carea' id='block_1_9' title="bbox 33 457 793 493">
    <p class='ocr_par' dir='ltr' id='par_1_9' title="bbox 33 457 793 493">
     <span class='ocr_line' id='line_1_9' title="bbox 33 457 793 493; baseline 0 -9"><span class='ocrx_word' id='word_1_52' title='bbox 33 459 78 492; x_wconf 72' lang='lat' dir='ltr'><strong>lege</strong></span> <span class='ocrx_word' id='word_1_53' title='bbox 92 458 146 492; x_wconf 91' lang='lat' dir='ltr'><strong>plus</strong></span> <span class='ocrx_word' id='word_1_54' title='bbox 171 458 293 493; x_wconf 90' lang='lat' dir='ltr'><strong>potueris</strong></span> <span class='ocrx_word' id='word_1_55' title='bbox 320 458 437 489; x_wconf 82' lang='lat' dir='ltr'><strong>discere,</strong></span> <span class='ocrx_word' id='word_1_56' title='bbox 456 465 537 492; x_wconf 91' lang='lat' dir='ltr'><strong>quam</strong></span> <span class='ocrx_word' id='word_1_57' title='bbox 554 457 652 485; x_wconf 88' lang='lat' dir='ltr'><strong>docere</strong></span> <span class='ocrx_word' id='word_1_58' title='bbox 666 457 708 485; x_wconf 87' lang='lat' dir='ltr'><strong>vel</strong></span> <span class='ocrx_word' id='word_1_59' title='bbox 721 457 793 484; x_wconf 82' lang='lat' dir='ltr'><strong>scire</strong></span> 
     </span>
    </p>
   </div>
   <div class='ocr_carea' id='block_1_10' title="bbox 32 503 792 538">
    <p class='ocr_par' dir='ltr' id='par_1_10' title="bbox 32 503 792 538">
     <span class='ocr_line' id='line_1_10' title="bbox 32 503 792 538; baseline -0.001 -8"><span class='ocrx_word' id='word_1_60' title='bbox 32 504 63 531; x_wconf 81' lang='lat' dir='ltr'><strong>lcx</strong></span> <span class='ocrx_word' id='word_1_61' title='bbox 77 504 190 538; x_wconf 82' lang='lat' dir='ltr'><strong>poterat?</strong></span> <span class='ocrx_word' id='word_1_62' title='bbox 202 507 228 530; x_wconf 89' lang='lat' dir='ltr'><strong>et</strong></span> <span class='ocrx_word' id='word_1_63' title='bbox 255 503 392 538; x_wconf 90' lang='lat' dir='ltr'><strong>quomodo</strong></span> <span class='ocrx_word' id='word_1_64' title='bbox 416 503 512 530; x_wconf 89' lang='lat' dir='ltr'><strong>borum</strong></span> <span class='ocrx_word' id='word_1_65' title='bbox 538 510 599 538; x_wconf 65' lang='lat' dir='ltr'><strong>quae</strong></span> <span class='ocrx_word' id='word_1_66' title='bbox 614 510 736 531; x_wconf 83' lang='lat' dir='ltr'><strong>asserere</strong></span> <span class='ocrx_word' id='word_1_67' title='bbox 751 503 792 530; x_wconf 78' lang='lat' dir='ltr'><strong>vis</strong></span> 
     </span>
    </p>
   </div>
   <div class='ocr_carea' id='block_1_11' title="bbox 31 549 793 584">
    <p class='ocr_par' dir='ltr' id='par_1_11' title="bbox 31 549 793 584">
     <span class='ocr_line' id='line_1_11' title="bbox 31 549 793 584; baseline 0.001 -9"><span class='ocrx_word' id='word_1_68' title='bbox 31 549 184 583; x_wconf 84' lang='lat' dir='ltr'><strong>probationes</strong></span> <span class='ocrx_word' id='word_1_69' title='bbox 198 549 274 576; x_wconf 88' lang='lat' dir='ltr'><strong>dicas</strong></span> <span class='ocrx_word' id='word_1_70' title='bbox 290 553 316 576; x_wconf 87' lang='lat' dir='ltr'><strong>te</strong></span> <span class='ocrx_word' id='word_1_71' title='bbox 331 557 364 576; x_wconf 85' lang='lat' dir='ltr'><strong>ex</strong></span> <span class='ocrx_word' id='word_1_72' title='bbox 386 549 445 584; x_wconf 84' lang='lat' dir='ltr'><strong>lege</strong></span> <span class='ocrx_word' id='word_1_73' title='bbox 470 549 603 584; x_wconf 86' lang='lat' dir='ltr'><strong>proferre,</strong></span> <span class='ocrx_word' id='word_1_74' title='bbox 619 557 681 576; x_wconf 93' lang='lat' dir='ltr'><strong>cum</strong></span> <span class='ocrx_word' id='word_1_75' title='bbox 705 557 793 583; x_wconf 85' lang='lat' dir='ltr'><strong>neque</strong></span> 
     </span>
    </p>
   </div>
   <div class='ocr_carea' id='block_1_12' title="bbox 31 594 792 629">
    <p class='ocr_par' dir='ltr' id='par_1_12' title="bbox 31 594 792 629">
     <span class='ocr_line' id='line_1_12' title="bbox 31 594 792 629; baseline 0 -9"><span class='ocrx_word' id='word_1_76' title='bbox 31 594 100 629; x_wconf 82' lang='lat' dir='ltr'><strong>legem</strong></span> <span class='ocrx_word' id='word_1_77' title='bbox 114 601 219 622; x_wconf 81' lang='lat' dir='ltr'><strong>asseras</strong></span> <span class='ocrx_word' id='word_1_78' title='bbox 242 601 325 621; x_wconf 90' lang='lat' dir='ltr'><strong>nosse</strong></span> <span class='ocrx_word' id='word_1_79' title='bbox 338 601 370 621; x_wconf 92' lang='lat' dir='ltr'><strong>ea</strong></span> <span class='ocrx_word' id='word_1_80' title='bbox 392 601 452 628; x_wconf 73' lang='lat' dir='ltr'><strong>qua:</strong></span> <span class='ocrx_word' id='word_1_81' title='bbox 467 594 551 625; x_wconf 90' lang='lat' dir='ltr'><strong>dicis,</strong></span> <span class='ocrx_word' id='word_1_82' title='bbox 565 602 653 628; x_wconf 87' lang='lat' dir='ltr'><strong>neque</strong></span> <span class='ocrx_word' id='word_1_83' title='bbox 668 601 730 621; x_wconf 92' lang='lat' dir='ltr'><strong>eum</strong></span> <span class='ocrx_word' id='word_1_84' title='bbox 745 594 792 628; x_wconf 89' lang='lat' dir='ltr'><strong>qui</strong></span> 
     </span>
    </p>
   </div>
   <div class='ocr_carea' id='block_1_13' title="bbox 30 639 792 674">
    <p class='ocr_par' dir='ltr' id='par_1_13' title="bbox 30 639 792 674">
     <span class='ocr_line' id='line_1_13' title="bbox 30 639 792 674; baseline 0 -8"><span class='ocrx_word' id='word_1_85' title='bbox 30 640 97 674; x_wconf 80' lang='lat' dir='ltr'><strong>legem</strong></span> <span class='ocrx_word' id='word_1_86' title='bbox 111 640 191 671; x_wconf 84' lang='lat' dir='ltr'><strong>dedit.</strong></span> <span class='ocrx_word' id='word_1_87' title='bbox 213 640 240 668; x_wconf 92' lang='lat' dir='ltr'><strong>id</strong></span> <span class='ocrx_word' id='word_1_88' title='bbox 269 644 311 668; x_wconf 86' lang='lat' dir='ltr'><strong>est</strong></span> <span class='ocrx_word' id='word_1_89' title='bbox 329 640 424 668; x_wconf 91' lang='lat' dir='ltr'><strong>mundi</strong></span> <span class='ocrx_word' id='word_1_90' title='bbox 439 640 617 668; x_wconf 77' lang='lat' dir='ltr'><strong>Creatorem?</strong></span> <span class='ocrx_word' id='word_1_91' title='bbox 631 639 684 668; x_wconf 90' lang='lat' dir='ltr'><strong>Sed</strong></span> <span class='ocrx_word' id='word_1_92' title='bbox 700 646 726 668; x_wconf 89' lang='lat' dir='ltr'><strong>et</strong></span> <span class='ocrx_word' id='word_1_93' title='bbox 740 641 792 667; x_wconf 93' lang='lat' dir='ltr'><strong>boc</strong></span> 
     </span>
    </p>
   </div>
   <div class='ocr_carea' id='block_1_14' title="bbox 28 685 793 721">
    <p class='ocr_par' dir='ltr' id='par_1_14' title="bbox 28 685 793 721">
     <span class='ocr_line' id='line_1_14' title="bbox 28 685 793 721; baseline 0.005 -11"><span class='ocrx_word' id='word_1_94' title='bbox 28 685 106 716; x_wconf 85' lang='lat' dir='ltr'><strong>miror,</strong></span> <span class='ocrx_word' id='word_1_95' title='bbox 121 686 255 719; x_wconf 86' lang='lat' dir='ltr'><strong>quomodo</strong></span> <span class='ocrx_word' id='word_1_96' title='bbox 271 690 299 713; x_wconf 92' lang='lat' dir='ltr'><strong>tu</strong></span> <span class='ocrx_word' id='word_1_97' title='bbox 325 687 372 721; x_wconf 91' lang='lat' dir='ltr'><strong>qui</strong></span> <span class='ocrx_word' id='word_1_98' title='bbox 389 687 464 714; x_wconf 91' lang='lat' dir='ltr'><strong>solus</strong></span> <span class='ocrx_word' id='word_1_99' title='bbox 480 687 536 714; x_wconf 68' lang='lat' dir='ltr'><strong>haec</strong></span> <span class='ocrx_word' id='word_1_100' title='bbox 552 688 635 721; x_wconf 91' lang='lat' dir='ltr'><strong>nosti,</strong></span> <span class='ocrx_word' id='word_1_101' title='bbox 654 687 698 714; x_wconf 91' lang='lat' dir='ltr'><strong>hic</strong></span> <span class='ocrx_word' id='word_1_102' title='bbox 712 688 793 715; x_wconf 90' lang='lat' dir='ltr'><strong>modo</strong></span> 
     </span>
    </p>
   </div>
   <div class='ocr_carea' id='block_1_15' title="bbox 28 731 794 767">
    <p class='ocr_par' dir='ltr' id='par_1_15' title="bbox 28 731 794 767">
     <span class='ocr_line' id='line_1_15' title="bbox 28 731 794 767; baseline 0.008 -12"><span class='ocrx_word' id='word_1_103' title='bbox 28 738 76 756; x_wconf 85' lang='lat' dir='ltr'><strong>cum</strong></span> <span class='ocrx_word' id='word_1_104' title='bbox 90 731 212 759; x_wconf 90' lang='lat' dir='ltr'><strong>omnibus</strong></span> <span class='ocrx_word' id='word_1_105' title='bbox 228 736 286 758; x_wconf 84' lang='lat' dir='ltr'><strong>stes</strong></span> <span class='ocrx_word' id='word_1_106' title='bbox 313 732 405 760; x_wconf 84' lang='lat' dir='ltr'><strong>brevis</strong></span> <span class='ocrx_word' id='word_1_107' title='bbox 430 733 491 760; x_wconf 86' lang='lat' dir='ltr'><strong>atrii</strong></span> <span class='ocrx_word' id='word_1_108' title='bbox 510 733 591 767; x_wconf 89' lang='lat' dir='ltr'><strong>hujus</strong></span> <span class='ocrx_word' id='word_1_109' title='bbox 619 734 724 761; x_wconf 83' lang='lat' dir='ltr'><strong>ambitu</strong></span> <span class='ocrx_word' id='word_1_110' title='bbox 738 734 794 761; x_wconf 79' lang='lat' dir='ltr'><strong>cir-</strong></span> 
     </span>
    </p>
   </div>
   <div class='ocr_carea' id='block_1_16' title="bbox 27 776 792 815">
    <p class='ocr_par' dir='ltr' id='par_1_16' title="bbox 27 776 792 815">
     <span class='ocr_line' id='line_1_16' title="bbox 27 776 792 815; baseline 0.008 -13"><span class='ocrx_word' id='word_1_111' title='bbox 27 776 162 804; x_wconf 86' lang='lat' dir='ltr'><strong>cumdatus.</strong></span> <span class='ocrx_word' id='word_1_112' title='bbox 182 776 215 804; x_wconf 86' lang='lat' dir='ltr'><strong>Et</strong></span> <span class='ocrx_word' id='word_1_113' title='bbox 231 777 326 805; x_wconf 89' lang='lat' dir='ltr'><strong>Simon</strong></span> <span class='ocrx_word' id='word_1_114' title='bbox 341 778 438 806; x_wconf 89' lang='lat' dir='ltr'><strong>videns</strong></span> <span class='ocrx_word' id='word_1_115' title='bbox 456 786 518 806; x_wconf 94' lang='lat' dir='ltr'><strong>cum</strong></span> <span class='ocrx_word' id='word_1_116' title='bbox 544 780 619 807; x_wconf 89' lang='lat' dir='ltr'><strong>omni</strong></span> <span class='ocrx_word' id='word_1_117' title='bbox 636 781 737 815; x_wconf 88' lang='lat' dir='ltr'><strong>populo</strong></span> <span class='ocrx_word' id='word_1_118' title='bbox 753 782 792 808; x_wconf 18' lang='lat' dir='ltr'><strong>rie-</strong></span> 
     </span>
    </p>
   </div>
   <div class='ocr_carea' id='block_1_17' title="bbox 27 821 793 858">
    <p class='ocr_par' dir='ltr' id='par_1_17' title="bbox 27 821 793 858">
     <span class='ocr_line' id='line_1_17' title="bbox 27 821 793 858; baseline 0.004 -11"><span class='ocrx_word' id='word_1_119' title='bbox 27 821 115 847; x_wconf 85' lang='lat' dir='ltr'><strong>dentem</strong></span> <span class='ocrx_word' id='word_1_120' title='bbox 142 821 270 849; x_wconf 82' lang='lat' dir='ltr'><strong>Petrum:</strong></span> <span class='ocrx_word' id='word_1_121' title='bbox 285 821 379 854; x_wconf 82' lang='lat' dir='ltr'><strong>Rides,</strong></span> <span class='ocrx_word' id='word_1_122' title='bbox 393 823 493 858; x_wconf 81' lang='lat' dir='ltr'><strong>inquit,</strong></span> <span class='ocrx_word' id='word_1_123' title='bbox 511 823 601 855; x_wconf 80' lang='lat' dir='ltr'><strong>Pctre,</strong></span> <span class='ocrx_word' id='word_1_124' title='bbox 621 831 684 851; x_wconf 90' lang='lat' dir='ltr'><strong>cum</strong></span> <span class='ocrx_word' id='word_1_125' title='bbox 702 832 793 851; x_wconf 84' lang='lat' dir='ltr'><strong>sermo</strong></span> 
     </span>
    </p>
   </div>
   <div class='ocr_carea' id='block_1_18' title="bbox 27 866 791 897">
    <p class='ocr_par' dir='ltr' id='par_1_18' title="bbox 27 866 791 897">
     <span class='ocr_line' id='line_1_18' title="bbox 27 866 791 897; baseline 0.007 -5"><span class='ocrx_word' id='word_1_126' title='bbox 27 866 51 892; x_wconf 82' lang='lat' dir='ltr'><strong>de</strong></span> <span class='ocrx_word' id='word_1_127' title='bbox 63 867 135 894; x_wconf 83' lang='lat' dir='ltr'><strong>tantis</strong></span> <span class='ocrx_word' id='word_1_128' title='bbox 147 867 228 895; x_wconf 82' lang='lat' dir='ltr'><strong>rebus</strong></span> <span class='ocrx_word' id='word_1_129' title='bbox 253 873 280 895; x_wconf 83' lang='lat' dir='ltr'><strong>et</strong></span> <span class='ocrx_word' id='word_1_130' title='bbox 295 872 350 894; x_wconf 90' lang='lat' dir='ltr'><strong>tam</strong></span> <span class='ocrx_word' id='word_1_131' title='bbox 365 870 547 897; x_wconf 81' lang='lat' dir='ltr'><strong>eminentibus</strong></span> <span class='ocrx_word' id='word_1_132' title='bbox 560 870 707 897; x_wconf 87' lang='lat' dir='ltr'><strong>habeatur?</strong></span> <span class='ocrx_word' id='word_1_133' title='bbox 724 869 791 897; x_wconf 84' lang='lat' dir='ltr'><strong>Tum</strong></span> 
     </span>
    </p>
   </div>
   <div class='ocr_carea' id='block_1_19' title="bbox 842 269 1631 307">
    <p class='ocr_par' dir='ltr' id='par_1_19' title="bbox 842 269 1631 307">
     <span class='ocr_line' id='line_1_19' title="bbox 842 269 1631 307; baseline 0.006 -11"><span class='ocrx_word' id='word_1_134' title='bbox 842 270 914 305; x_wconf 93' lang='lat' dir='ltr'><strong>quod</strong></span> <span class='ocrx_word' id='word_1_135' title='bbox 930 270 957 297; x_wconf 93' lang='lat' dir='ltr'><strong>in</strong></span> <span class='ocrx_word' id='word_1_136' title='bbox 977 269 1105 305; x_wconf 85' lang='lat' dir='ltr'><strong>paradiso</strong></span> <span class='ocrx_word' id='word_1_137' title='bbox 1128 270 1231 306; x_wconf 90' lang='lat' dir='ltr'><strong>posuit,</strong></span> <span class='ocrx_word' id='word_1_138' title='bbox 1248 278 1302 298; x_wconf 91' lang='lat' dir='ltr'><strong>non</strong></span> <span class='ocrx_word' id='word_1_139' title='bbox 1312 276 1354 299; x_wconf 89' lang='lat' dir='ltr'><strong>est</strong></span> <span class='ocrx_word' id='word_1_140' title='bbox 1367 271 1433 299; x_wconf 88' lang='lat' dir='ltr'><strong>boni</strong></span> <span class='ocrx_word' id='word_1_141' title='bbox 1446 272 1590 307; x_wconf 81' lang='lat' dir='ltr'><strong>prohibere</strong></span> <span class='ocrx_word' id='word_1_142' title='bbox 1615 282 1631 300; x_wconf 87' lang='lat' dir='ltr'><strong>a</strong></span> 
     </span>
    </p>
   </div>
   <div class='ocr_carea' id='block_1_20' title="bbox 842 316 923 343">
    <p class='ocr_par' dir='ltr' id='par_1_20' title="bbox 842 316 923 343">
     <span class='ocr_line' id='line_1_20' title="bbox 842 316 923 343; baseline 0 -1"><span class='ocrx_word' id='word_1_143' title='bbox 842 316 923 343; x_wconf 89' lang='lat' dir='ltr'><strong>bono.</strong></span> 
     </span>
    </p>
   </div>
   <div class='ocr_carea' id='block_1_21' title="bbox 878 361 1632 398">
    <p class='ocr_par' dir='ltr' id='par_1_21' title="bbox 878 361 1632 398">
     <span class='ocr_line' id='line_1_21' title="bbox 878 361 1632 398; baseline 0.005 -10"><span class='ocrx_word' id='word_1_144' title='bbox 878 361 944 389; x_wconf 81' lang='lat' dir='ltr'><strong>LIV.</strong></span> <span class='ocrx_word' id='word_1_145' title='bbox 966 361 1011 389; x_wconf 90' lang='lat' dir='ltr'><strong>Sic</strong></span> <span class='ocrx_word' id='word_1_146' title='bbox 1024 370 1090 398; x_wconf 84' lang='lat' dir='ltr'><strong>ergo</strong></span> <span class='ocrx_word' id='word_1_147' title='bbox 1103 370 1164 398; x_wconf 84' lang='lat' dir='ltr'><strong>cum</strong></span> <span class='ocrx_word' id='word_1_148' title='bbox 1181 363 1204 390; x_wconf 88' lang='lat' dir='ltr'><strong>is</strong></span> <span class='ocrx_word' id='word_1_149' title='bbox 1219 362 1266 398; x_wconf 90' lang='lat' dir='ltr'><strong>qui</strong></span> <span class='ocrx_word' id='word_1_150' title='bbox 1282 362 1419 390; x_wconf 88' lang='lat' dir='ltr'><strong>hominem</strong></span> <span class='ocrx_word' id='word_1_151' title='bbox 1436 363 1500 391; x_wconf 88' lang='lat' dir='ltr'><strong>fecit</strong></span> <span class='ocrx_word' id='word_1_152' title='bbox 1512 369 1539 391; x_wconf 93' lang='lat' dir='ltr'><strong>et</strong></span> <span class='ocrx_word' id='word_1_153' title='bbox 1551 372 1632 392; x_wconf 89' lang='lat' dir='ltr'><strong>mun-</strong></span> 
     </span>
    </p>
   </div>
   <div class='ocr_carea' id='block_1_22' title="bbox 842 407 1629 444">
    <p class='ocr_par' dir='ltr' id='par_1_22' title="bbox 842 407 1629 444">
     <span class='ocr_line' id='line_1_22' title="bbox 842 407 1629 444; baseline 0.004 -10"><span class='ocrx_word' id='word_1_154' title='bbox 842 407 917 438; x_wconf 90' lang='lat' dir='ltr'><strong>dum,</strong></span> <span class='ocrx_word' id='word_1_155' title='bbox 931 408 1081 435; x_wconf 87' lang='lat' dir='ltr'><strong>secundum</strong></span> <span class='ocrx_word' id='word_1_156' title='bbox 1097 416 1129 436; x_wconf 89' lang='lat' dir='ltr'><strong>ea</strong></span> <span class='ocrx_word' id='word_1_157' title='bbox 1149 417 1210 443; x_wconf 69' lang='lat' dir='ltr'><strong>quae</strong></span> <span class='ocrx_word' id='word_1_158' title='bbox 1224 409 1267 436; x_wconf 91' lang='lat' dir='ltr'><strong>lex</strong></span> <span class='ocrx_word' id='word_1_159' title='bbox 1281 408 1367 436; x_wconf 79' lang='lat' dir='ltr'><strong>refert</strong></span> <span class='ocrx_word' id='word_1_160' title='bbox 1381 409 1558 444; x_wconf 87' lang='lat' dir='ltr'><strong>imperfectus</strong></span> <span class='ocrx_word' id='word_1_161' title='bbox 1583 410 1629 442; x_wconf 84' lang='lat' dir='ltr'><strong>sit,</strong></span> 
     </span>
    </p>
   </div>
   <div class='ocr_carea' id='block_1_23' title="bbox 843 454 1631 490">
    <p class='ocr_par' dir='ltr' id='par_1_23' title="bbox 843 454 1631 490">
     <span class='ocr_line' id='line_1_23' title="bbox 843 454 1631 490; baseline 0.004 -10"><span class='ocrx_word' id='word_1_162' title='bbox 843 454 926 480; x_wconf 85' lang='lat' dir='ltr'><strong>alium</strong></span> <span class='ocrx_word' id='word_1_163' title='bbox 941 455 1001 481; x_wconf 86' lang='lat' dir='ltr'><strong>sine</strong></span> <span class='ocrx_word' id='word_1_164' title='bbox 1015 454 1100 482; x_wconf 91' lang='lat' dir='ltr'><strong>dubio</strong></span> <span class='ocrx_word' id='word_1_165' title='bbox 1114 454 1161 482; x_wconf 89' lang='lat' dir='ltr'><strong>dat</strong></span> <span class='ocrx_word' id='word_1_166' title='bbox 1177 455 1292 490; x_wconf 75' lang='lat' dir='ltr'><strong>intelligi</strong></span> <span class='ocrx_word' id='word_1_167' title='bbox 1304 455 1352 490; x_wconf 91' lang='lat' dir='ltr'><strong>qui</strong></span> <span class='ocrx_word' id='word_1_168' title='bbox 1364 455 1502 490; x_wconf 78' lang='lat' dir='ltr'><strong>perfectus</strong></span> <span class='ocrx_word' id='word_1_169' title='bbox 1517 456 1562 483; x_wconf 90' lang='lat' dir='ltr'><strong>sit.</strong></span> <span class='ocrx_word' id='word_1_170' title='bbox 1578 455 1631 484; x_wconf 77' lang='lat' dir='ltr'><strong>Ne-</strong></span> 
     </span>
    </p>
   </div>
   <div class='ocr_carea' id='block_1_24' title="bbox 843 501 1632 536">
    <p class='ocr_par' dir='ltr' id='par_1_24' title="bbox 843 501 1632 536">
     <span class='ocr_line' id='line_1_24' title="bbox 843 501 1632 536; baseline 0.004 -10"><span class='ocrx_word' id='word_1_171' title='bbox 843 507 922 526; x_wconf 88' lang='lat' dir='ltr'><strong>cesse</strong></span> <span class='ocrx_word' id='word_1_172' title='bbox 939 504 982 527; x_wconf 77' lang='lat' dir='ltr'><strong>est</strong></span> <span class='ocrx_word' id='word_1_173' title='bbox 995 501 1067 527; x_wconf 90' lang='lat' dir='ltr'><strong>enim</strong></span> <span class='ocrx_word' id='word_1_174' title='bbox 1094 508 1155 528; x_wconf 87' lang='lat' dir='ltr'><strong>esse</strong></span> <span class='ocrx_word' id='word_1_175' title='bbox 1170 501 1288 536; x_wconf 81' lang='lat' dir='ltr'><strong>aliquem</strong></span> <span class='ocrx_word' id='word_1_176' title='bbox 1309 501 1431 528; x_wconf 89' lang='lat' dir='ltr'><strong>omnium</strong></span> <span class='ocrx_word' id='word_1_177' title='bbox 1458 502 1632 536; x_wconf 63' lang='lat' dir='ltr'><strong>praestantio-</strong></span> 
     </span>
    </p>
   </div>
   <div class='ocr_carea' id='block_1_25' title="bbox 844 546 1630 580">
    <p class='ocr_par' dir='ltr' id='par_1_25' title="bbox 844 546 1630 580">
     <span class='ocr_line' id='line_1_25' title="bbox 844 546 1630 580; baseline 0.005 -9"><span class='ocrx_word' id='word_1_178' title='bbox 844 552 909 576; x_wconf 86' lang='lat' dir='ltr'><strong>rem,</strong></span> <span class='ocrx_word' id='word_1_179' title='bbox 922 549 1032 580; x_wconf 89' lang='lat' dir='ltr'><strong>propter</strong></span> <span class='ocrx_word' id='word_1_180' title='bbox 1045 553 1126 580; x_wconf 90' lang='lat' dir='ltr'><strong>quem</strong></span> <span class='ocrx_word' id='word_1_181' title='bbox 1141 551 1167 573; x_wconf 90' lang='lat' dir='ltr'><strong>et</strong></span> <span class='ocrx_word' id='word_1_182' title='bbox 1178 547 1268 574; x_wconf 92' lang='lat' dir='ltr'><strong>omnis</strong></span> <span class='ocrx_word' id='word_1_183' title='bbox 1281 550 1406 574; x_wconf 81' lang='lat' dir='ltr'><strong>creatura</strong></span> <span class='ocrx_word' id='word_1_184' title='bbox 1417 546 1541 575; x_wconf 88' lang='lat' dir='ltr'><strong>ordinem</strong></span> <span class='ocrx_word' id='word_1_185' title='bbox 1550 555 1630 575; x_wconf 92' lang='lat' dir='ltr'><strong>suum</strong></span> 
     </span>
    </p>
   </div>
   <div class='ocr_carea' id='block_1_26' title="bbox 843 591 1632 627">
    <p class='ocr_par' dir='ltr' id='par_1_26' title="bbox 843 591 1632 627">
     <span class='ocr_line' id='line_1_26' title="bbox 843 591 1632 627; baseline 0.006 -10"><span class='ocrx_word' id='word_1_186' title='bbox 843 594 943 618; x_wconf 81' lang='lat' dir='ltr'><strong>servat.</strong></span> <span class='ocrx_word' id='word_1_187' title='bbox 957 591 1035 619; x_wconf 90' lang='lat' dir='ltr'><strong>Unde</strong></span> <span class='ocrx_word' id='word_1_188' title='bbox 1046 597 1072 619; x_wconf 90' lang='lat' dir='ltr'><strong>et</strong></span> <span class='ocrx_word' id='word_1_189' title='bbox 1089 599 1140 627; x_wconf 84' lang='lat' dir='ltr'><strong>ego</strong></span> <span class='ocrx_word' id='word_1_190' title='bbox 1155 593 1257 624; x_wconf 87' lang='lat' dir='ltr'><strong>sciens,</strong></span> <span class='ocrx_word' id='word_1_191' title='bbox 1269 593 1333 627; x_wconf 86' lang='lat' dir='ltr'><strong>quia</strong></span> <span class='ocrx_word' id='word_1_192' title='bbox 1345 593 1503 620; x_wconf 85' lang='lat' dir='ltr'><strong>omnimodo</strong></span> <span class='ocrx_word' id='word_1_193' title='bbox 1519 601 1632 622; x_wconf 86' lang='lat' dir='ltr'><strong>necesse</strong></span> 
     </span>
    </p>
   </div>
   <div class='ocr_carea' id='block_1_27' title="bbox 843 637 1630 672">
    <p class='ocr_par' dir='ltr' id='par_1_27' title="bbox 843 637 1630 672">
     <span class='ocr_line' id='line_1_27' title="bbox 843 637 1630 672; baseline 0.004 -9"><span class='ocrx_word' id='word_1_194' title='bbox 843 640 885 663; x_wconf 88' lang='lat' dir='ltr'><strong>est</strong></span> <span class='ocrx_word' id='word_1_195' title='bbox 900 644 961 664; x_wconf 84' lang='lat' dir='ltr'><strong>esse</strong></span> <span class='ocrx_word' id='word_1_196' title='bbox 983 637 1102 672; x_wconf 84' lang='lat' dir='ltr'><strong>aliquem</strong></span> <span class='ocrx_word' id='word_1_197' title='bbox 1130 637 1316 670; x_wconf 72' lang='lat' dir='ltr'><strong>benigniorem</strong></span> <span class='ocrx_word' id='word_1_198' title='bbox 1341 643 1367 665; x_wconf 94' lang='lat' dir='ltr'><strong>ct</strong></span> <span class='ocrx_word' id='word_1_199' title='bbox 1391 638 1571 672; x_wconf 89' lang='lat' dir='ltr'><strong>potentiorem</strong></span> <span class='ocrx_word' id='word_1_200' title='bbox 1586 646 1630 672; x_wconf 90' lang='lat' dir='ltr'><strong>eo,</strong></span> 
     </span>
    </p>
   </div>
   <div class='ocr_carea' id='block_1_28' title="bbox 842 682 1632 721">
    <p class='ocr_par' dir='ltr' id='par_1_28' title="bbox 842 682 1632 721">
     <span class='ocr_line' id='line_1_28' title="bbox 842 682 1632 721; baseline 0.006 -13"><span class='ocrx_word' id='word_1_201' title='bbox 842 682 888 716; x_wconf 92' lang='lat' dir='ltr'><strong>qui</strong></span> <span class='ocrx_word' id='word_1_202' title='bbox 905 682 991 717; x_wconf 82' lang='lat' dir='ltr'><strong>legem</strong></span> <span class='ocrx_word' id='word_1_203' title='bbox 1015 683 1100 715; x_wconf 84' lang='lat' dir='ltr'><strong>dedit,</strong></span> <span class='ocrx_word' id='word_1_204' title='bbox 1118 683 1278 718; x_wconf 88' lang='lat' dir='ltr'><strong>imperfecto</strong></span> <span class='ocrx_word' id='word_1_205' title='bbox 1295 683 1357 715; x_wconf 80' lang='lat' dir='ltr'><strong>deo,</strong></span> <span class='ocrx_word' id='word_1_206' title='bbox 1375 692 1408 713; x_wconf 85' lang='lat' dir='ltr'><strong>ex</strong></span> <span class='ocrx_word' id='word_1_207' title='bbox 1425 685 1632 721; x_wconf 82' lang='lat' dir='ltr'><strong>comparatione</strong></span> 
     </span>
    </p>
   </div>
   <div class='ocr_carea' id='block_1_29' title="bbox 844 728 1631 766">
    <p class='ocr_par' dir='ltr' id='par_1_29' title="bbox 844 728 1631 766">
     <span class='ocr_line' id='line_1_29' title="bbox 844 728 1631 766; baseline 0.005 -12"><span class='ocrx_word' id='word_1_208' title='bbox 844 728 993 761; x_wconf 78' lang='lat' dir='ltr'><strong>imperfecti</strong></span> <span class='ocrx_word' id='word_1_209' title='bbox 1022 728 1171 763; x_wconf 87' lang='lat' dir='ltr'><strong>perfectum</strong></span> <span class='ocrx_word' id='word_1_210' title='bbox 1194 729 1259 763; x_wconf 89' lang='lat' dir='ltr'><strong>quid</strong></span> <span class='ocrx_word' id='word_1_211' title='bbox 1290 729 1325 756; x_wconf 91' lang='lat' dir='ltr'><strong>sit</strong></span> <span class='ocrx_word' id='word_1_212' title='bbox 1344 730 1508 764; x_wconf 78' lang='lat' dir='ltr'><strong>intelligens,</strong></span> <span class='ocrx_word' id='word_1_213' title='bbox 1525 738 1558 757; x_wconf 91' lang='lat' dir='ltr'><strong>ex</strong></span> <span class='ocrx_word' id='word_1_214' title='bbox 1572 731 1631 766; x_wconf 86' lang='lat' dir='ltr'><strong>ipsa</strong></span> 
     </span>
    </p>
   </div>
   <div class='ocr_carea' id='block_1_30' title="bbox 844 773 1630 810">
    <p class='ocr_par' dir='ltr' id='par_1_30' title="bbox 844 773 1630 810">
     <span class='ocr_line' id='line_1_30' title="bbox 844 773 1630 810; baseline 0.005 -11"><span class='ocrx_word' id='word_1_215' title='bbox 844 773 986 808; x_wconf 85' lang='lat' dir='ltr'><strong>Scriptura</strong></span> <span class='ocrx_word' id='word_1_216' title='bbox 1009 773 1093 801; x_wconf 92' lang='lat' dir='ltr'><strong>Deum</strong></span> <span class='ocrx_word' id='word_1_217' title='bbox 1124 773 1202 801; x_wconf 75' lang='lat' dir='ltr'><strong>illiilli</strong></span> <span class='ocrx_word' id='word_1_218' title='bbox 1218 774 1252 801; x_wconf 88' lang='lat' dir='ltr'><strong>de</strong></span> <span class='ocrx_word' id='word_1_219' title='bbox 1272 783 1327 809; x_wconf 93' lang='lat' dir='ltr'><strong>quo</strong></span> <span class='ocrx_word' id='word_1_220' title='bbox 1342 776 1473 810; x_wconf 88' lang='lat' dir='ltr'><strong>scriptum</strong></span> <span class='ocrx_word' id='word_1_221' title='bbox 1491 784 1544 803; x_wconf 89' lang='lat' dir='ltr'><strong>non</strong></span> <span class='ocrx_word' id='word_1_222' title='bbox 1559 781 1630 808; x_wconf 86' lang='lat' dir='ltr'><strong>erat,</strong></span> 
     </span>
    </p>
   </div>
   <div class='ocr_carea' id='block_1_31' title="bbox 843 817 1632 855">
    <p class='ocr_par' dir='ltr' id='par_1_31' title="bbox 843 817 1632 855">
     <span class='ocr_line' id='line_1_31' title="bbox 843 817 1632 855; baseline 0.008 -13"><span class='ocrx_word' id='word_1_223' title='bbox 843 817 973 845; x_wconf 75' lang='lat' dir='ltr'><strong>intellexi.</strong></span> <span class='ocrx_word' id='word_1_224' title='bbox 992 817 1024 844; x_wconf 84' lang='lat' dir='ltr'><strong>Et</strong></span> <span class='ocrx_word' id='word_1_225' title='bbox 1037 818 1088 845; x_wconf 83' lang='lat' dir='ltr'><strong>hoc</strong></span> <span class='ocrx_word' id='word_1_226' title='bbox 1100 818 1180 845; x_wconf 91' lang='lat' dir='ltr'><strong>modo</strong></span> <span class='ocrx_word' id='word_1_227' title='bbox 1190 819 1299 853; x_wconf 87' lang='lat' dir='ltr'><strong>potui,o</strong></span> <span class='ocrx_word' id='word_1_228' title='bbox 1307 817 1397 851; x_wconf 82' lang='lat' dir='ltr'><strong>Petre,</strong></span> <span class='ocrx_word' id='word_1_229' title='bbox 1407 827 1440 846; x_wconf 86' lang='lat' dir='ltr'><strong>ex</strong></span> <span class='ocrx_word' id='word_1_230' title='bbox 1454 820 1512 855; x_wconf 79' lang='lat' dir='ltr'><strong>lege</strong></span> <span class='ocrx_word' id='word_1_231' title='bbox 1524 820 1632 848; x_wconf 80' lang='lat' dir='ltr'><strong>discere</strong></span> 
     </span>
    </p>
   </div>
   <div class='ocr_carea' id='block_1_32' title="bbox 844 863 1632 897">
    <p class='ocr_par' dir='ltr' id='par_1_32' title="bbox 844 863 1632 897">
     <span class='ocr_line' id='line_1_32' title="bbox 844 863 1632 897; baseline 0.006 -9"><span class='ocrx_word' id='word_1_232' title='bbox 844 863 916 896; x_wconf 89' lang='lat' dir='ltr'><strong>quod</strong></span> <span class='ocrx_word' id='word_1_233' title='bbox 933 864 1072 891; x_wconf 85' lang='lat' dir='ltr'><strong>nesciebat</strong></span> <span class='ocrx_word' id='word_1_234' title='bbox 1102 864 1155 892; x_wconf 77' lang='lat' dir='ltr'><strong>lex.</strong></span> <span class='ocrx_word' id='word_1_235' title='bbox 1171 863 1249 897; x_wconf 81' lang='lat' dir='ltr'><strong>Quod</strong></span> <span class='ocrx_word' id='word_1_236' title='bbox 1266 867 1294 891; x_wconf 87' lang='lat' dir='ltr'><strong>et</strong></span> <span class='ocrx_word' id='word_1_237' title='bbox 1319 864 1342 891; x_wconf 90' lang='lat' dir='ltr'><strong>si</strong></span> <span class='ocrx_word' id='word_1_238' title='bbox 1369 864 1412 891; x_wconf 85' lang='lat' dir='ltr'><strong>lex</strong></span> <span class='ocrx_word' id='word_1_239' title='bbox 1427 872 1482 891; x_wconf 87' lang='lat' dir='ltr'><strong>non</strong></span> <span class='ocrx_word' id='word_1_240' title='bbox 1509 865 1632 893; x_wconf 75' lang='lat' dir='ltr'><strong>dedisset</strong></span> 
     </span>
    </p>
   </div>
   <div class='ocr_carea' id='block_1_33' title="bbox 27 909 1630 949">
    <p class='ocr_par' dir='ltr' id='par_1_33' title="bbox 27 909 1630 949">
     <span class='ocr_line' id='line_1_33' title="bbox 27 909 1630 949; baseline 0.003 -15"><span class='ocrx_word' id='word_1_241' title='bbox 27 910 104 939; x_wconf 65' lang='lat' dir='ltr'><strong>Petrus</strong></span> <span class='ocrx_word' id='word_1_242' title='bbox 119 922 125 940; x_wconf 66' lang='grc' dir='ltr'><strong><em>ι</em></strong></span> <span class='ocrx_word' id='word_1_243' title='bbox 140 911 209 944; x_wconf 58' lang='lat' dir='ltr'><strong>Noli,</strong></span> <span class='ocrx_word' id='word_1_244' title='bbox 225 913 325 948; x_wconf 67' lang='lat' dir='ltr'><strong>inquit,</strong></span> <span class='ocrx_word' id='word_1_245' title='bbox 349 914 485 949; x_wconf 73' lang='lat' dir='ltr'><strong>indignari</strong></span> <span class='ocrx_word' id='word_1_246' title='bbox 513 914 618 948; x_wconf 60' lang='lat' dir='ltr'><strong>Simon.</strong></span> <span class='ocrx_word' id='word_1_247' title='bbox 631 915 699 942; x_wconf 77' lang='lat' dir='ltr'><strong>nihil</strong></span> <span class='ocrx_word' id='word_1_248' title='bbox 713 916 787 943; x_wconf 75' lang='lat' dir='ltr'><strong>enim</strong></span> <span class='ocrx_word' id='word_1_249' title='bbox 807 911 825 938; x_wconf 72' lang='grc' dir='ltr'>Β</span> <span class='ocrx_word' id='word_1_250' title='bbox 841 909 954 941; x_wconf 90' lang='lat' dir='ltr'><strong>indicia,</strong></span> <span class='ocrx_word' id='word_1_251' title='bbox 970 909 1072 944; x_wconf 89' lang='lat' dir='ltr'><strong>quibus</strong></span> <span class='ocrx_word' id='word_1_252' title='bbox 1094 909 1270 945; x_wconf 78' lang='lat' dir='ltr'><strong>colligeretur</strong></span> <span class='ocrx_word' id='word_1_253' title='bbox 1290 910 1466 945; x_wconf 87' lang='lat' dir='ltr'><strong>imperfectus</strong></span> <span class='ocrx_word' id='word_1_254' title='bbox 1479 918 1541 938; x_wconf 74' lang='lat' dir='ltr'><strong>CSSC</strong></span> <span class='ocrx_word' id='word_1_255' title='bbox 1558 911 1630 940; x_wconf 67' lang='grc' dir='ltr'><strong>υευυ</strong></span> 
     </span>
    </p>
   </div>
   <div class='ocr_carea' id='block_1_34' title="bbox 26 958 789 995">
    <p class='ocr_par' dir='ltr' id='par_1_34' title="bbox 26 958 789 995">
     <span class='ocr_line' id='line_1_34' title="bbox 26 958 789 995; baseline 0.005 -12"><span class='ocrx_word' id='word_1_256' title='bbox 26 962 104 991; x_wconf 69' lang='lat' dir='ltr'><strong>praeter</strong></span> <span class='ocrx_word' id='word_1_257' title='bbox 122 958 330 992; x_wconf 86' lang='lat' dir='ltr'><strong>promissionem</strong></span> <span class='ocrx_word' id='word_1_258' title='bbox 356 963 478 986; x_wconf 90' lang='lat' dir='ltr'><strong>nostram</strong></span> <span class='ocrx_word' id='word_1_259' title='bbox 493 960 624 995; x_wconf 84' lang='lat' dir='ltr'><strong>gerimus,</strong></span> <span class='ocrx_word' id='word_1_260' title='bbox 639 968 727 995; x_wconf 88' lang='lat' dir='ltr'><strong>neque</strong></span> <span class='ocrx_word' id='word_1_261' title='bbox 740 968 789 987; x_wconf 82' lang='lat' dir='ltr'><strong>au-~</strong></span> 
     </span>
    </p>
   </div>
   <div class='ocr_carea' id='block_1_35' title="bbox 26 1005 789 1041">
    <p class='ocr_par' dir='ltr' id='par_1_35' title="bbox 26 1005 789 1041">
     <span class='ocr_line' id='line_1_35' title="bbox 26 1005 789 1041; baseline 0.004 -11"><span class='ocrx_word' id='word_1_262' title='bbox 26 1012 60 1031; x_wconf 77' lang='lat' dir='ltr'><strong>res</strong></span> <span class='ocrx_word' id='word_1_263' title='bbox 72 1009 173 1033; x_wconf 88' lang='lat' dir='ltr'><strong>nostras</strong></span> <span class='ocrx_word' id='word_1_264' title='bbox 186 1006 354 1035; x_wconf 87' lang='lat' dir='ltr'><strong>claudimus.</strong></span> <span class='ocrx_word' id='word_1_265' title='bbox 367 1009 397 1032; x_wconf 92' lang='lat' dir='ltr'><strong>ut</strong></span> <span class='ocrx_word' id='word_1_266' title='bbox 412 1005 534 1036; x_wconf 83' lang='lat' dir='ltr'><strong>dicebas,</strong></span> <span class='ocrx_word' id='word_1_267' title='bbox 551 1014 639 1041; x_wconf 90' lang='lat' dir='ltr'><strong>neque</strong></span> <span class='ocrx_word' id='word_1_268' title='bbox 653 1006 744 1033; x_wconf 90' lang='lat' dir='ltr'><strong>statim</strong></span> <span class='ocrx_word' id='word_1_269' title='bbox 759 1010 789 1033; x_wconf 93' lang='lat' dir='ltr'><strong>ut</strong></span> 
     </span>
    </p>
   </div>
   <div class='ocr_carea' id='block_1_36' title="bbox 26 1050 788 1087">
    <p class='ocr_par' dir='ltr' id='par_1_36' title="bbox 26 1050 788 1087">
     <span class='ocr_line' id='line_1_36' title="bbox 26 1050 788 1087; baseline 0.004 -12"><span class='ocrx_word' id='word_1_270' title='bbox 26 1050 157 1078; x_wconf 79' lang='lat' dir='ltr'><strong>audivimus</strong></span> <span class='ocrx_word' id='word_1_271' title='bbox 172 1059 186 1078; x_wconf 68' lang='grc' dir='ltr'><strong>τι</strong></span> <span class='ocrx_word' id='word_1_272' title='bbox 200 1055 227 1078; x_wconf 88' lang='lat' dir='ltr'><strong>te</strong></span> <span class='ocrx_word' id='word_1_273' title='bbox 253 1051 400 1078; x_wconf 72' lang='lat' dir='ltr'><strong>ineﬂabitia</strong></span> <span class='ocrx_word' id='word_1_274' title='bbox 415 1051 532 1086; x_wconf 84' lang='lat' dir='ltr'><strong>proferri</strong></span> <span class='ocrx_word' id='word_1_275' title='bbox 558 1052 586 1078; x_wconf 94' lang='lat' dir='ltr'><strong>in</strong></span> <span class='ocrx_word' id='word_1_276' title='bbox 607 1051 698 1087; x_wconf 87' lang='lat' dir='ltr'><strong>fugam</strong></span> <span class='ocrx_word' id='word_1_277' title='bbox 716 1051 788 1079; x_wconf 87' lang='lat' dir='ltr'><strong>versi</strong></span> 
     </span>
    </p>
   </div>
   <div class='ocr_carea' id='block_1_37' title="bbox 25 1097 789 1132">
    <p class='ocr_par' dir='ltr' id='par_1_37' title="bbox 25 1097 789 1132">
     <span class='ocr_line' id='line_1_37' title="bbox 25 1097 789 1132; baseline 0.003 -10"><span class='ocrx_word' id='word_1_278' title='bbox 25 1103 110 1127; x_wconf 87' lang='lat' dir='ltr'><strong>sumus,</strong></span> <span class='ocrx_word' id='word_1_279' title='bbox 125 1097 169 1124; x_wconf 85' lang='lat' dir='ltr'><strong>sed</strong></span> <span class='ocrx_word' id='word_1_280' title='bbox 179 1106 213 1124; x_wconf 90' lang='lat' dir='ltr'><strong>ne</strong></span> <span class='ocrx_word' id='word_1_281' title='bbox 225 1098 288 1124; x_wconf 89' lang='lat' dir='ltr'><strong>loco</strong></span> <span class='ocrx_word' id='word_1_282' title='bbox 301 1097 412 1132; x_wconf 88' lang='lat' dir='ltr'><strong>quidem</strong></span> <span class='ocrx_word' id='word_1_283' title='bbox 435 1098 513 1124; x_wconf 86' lang='lat' dir='ltr'><strong>moti.</strong></span> <span class='ocrx_word' id='word_1_284' title='bbox 528 1097 621 1132; x_wconf 81' lang='lat' dir='ltr'><strong>Neque</strong></span> <span class='ocrx_word' id='word_1_285' title='bbox 632 1097 705 1124; x_wconf 87' lang='lat' dir='ltr'><strong>enim</strong></span> <span class='ocrx_word' id='word_1_286' title='bbox 719 1098 789 1125; x_wconf 85' lang='lat' dir='ltr'><strong>veri-</strong></span> 
     </span>
    </p>
   </div>
   <div class='ocr_carea' id='block_1_38' title="bbox 25 1140 789 1177">
    <p class='ocr_par' dir='ltr' id='par_1_38' title="bbox 25 1140 789 1177">
     <span class='ocr_line' id='line_1_38' title="bbox 25 1140 789 1177; baseline 0.004 -11"><span class='ocrx_word' id='word_1_287' title='bbox 25 1140 104 1167; x_wconf 84' lang='lat' dir='ltr'><strong>similia</strong></span> <span class='ocrx_word' id='word_1_288' title='bbox 122 1142 214 1169; x_wconf 87' lang='lat' dir='ltr'><strong>saltem</strong></span> <span class='ocrx_word' id='word_1_289' title='bbox 243 1142 334 1177; x_wconf 82' lang='lat' dir='ltr'><strong>aliqua</strong></span> <span class='ocrx_word' id='word_1_290' title='bbox 353 1142 530 1176; x_wconf 81' lang='lat' dir='ltr'><strong>proferuntur</strong></span> <span class='ocrx_word' id='word_1_291' title='bbox 542 1142 591 1169; x_wconf 85' lang='lat' dir='ltr'><strong>abs</strong></span> <span class='ocrx_word' id='word_1_292' title='bbox 607 1145 642 1173; x_wconf 81' lang='lat' dir='ltr'><strong>te,</strong></span> <span class='ocrx_word' id='word_1_293' title='bbox 665 1149 726 1176; x_wconf 62' lang='lat' dir='ltr'><strong>qua:</strong></span> <span class='ocrx_word' id='word_1_294' title='bbox 737 1149 789 1170; x_wconf 90' lang='lat' dir='ltr'><strong>nos</strong></span> 
     </span>
    </p>
   </div>
   <div class='ocr_carea' id='block_1_39' title="bbox 25 1186 789 1222">
    <p class='ocr_par' dir='ltr' id='par_1_39' title="bbox 25 1186 789 1222">
     <span class='ocr_line' id='line_1_39' title="bbox 25 1186 789 1222; baseline 0.003 -10"><span class='ocrx_word' id='word_1_295' title='bbox 25 1186 110 1219; x_wconf 85' lang='lat' dir='ltr'><strong>possint</strong></span> <span class='ocrx_word' id='word_1_296' title='bbox 124 1187 296 1222; x_wconf 87' lang='lat' dir='ltr'><strong>aliquatenus</strong></span> <span class='ocrx_word' id='word_1_297' title='bbox 311 1187 458 1219; x_wconf 82' lang='lat' dir='ltr'><strong>deterrere,</strong></span> <span class='ocrx_word' id='word_1_298' title='bbox 472 1192 519 1215; x_wconf 92' lang='lat' dir='ltr'><strong>aut</strong></span> <span class='ocrx_word' id='word_1_299' title='bbox 534 1193 609 1215; x_wconf 88' lang='lat' dir='ltr'><strong>certe</strong></span> <span class='ocrx_word' id='word_1_300' title='bbox 622 1188 696 1222; x_wconf 86' lang='lat' dir='ltr'><strong>aperi</strong></span> <span class='ocrx_word' id='word_1_301' title='bbox 710 1187 789 1215; x_wconf 82' lang='lat' dir='ltr'><strong>nobis</strong></span> 
     </span>
    </p>
   </div>
   <div class='ocr_carea' id='block_1_40' title="bbox 24 1232 787 1269">
    <p class='ocr_par' dir='ltr' id='par_1_40' title="bbox 24 1232 787 1269">
     <span class='ocr_line' id='line_1_40' title="bbox 24 1232 787 1269; baseline 0.005 -12"><span class='ocrx_word' id='word_1_302' title='bbox 24 1232 208 1267; x_wconf 76' lang='lat' dir='ltr'><strong>intelligentiam</strong></span> <span class='ocrx_word' id='word_1_303' title='bbox 222 1234 289 1262; x_wconf 89' lang='lat' dir='ltr'><strong>dicti</strong></span> <span class='ocrx_word' id='word_1_304' title='bbox 313 1234 404 1269; x_wconf 82' lang='lat' dir='ltr'><strong>hujus,</strong></span> <span class='ocrx_word' id='word_1_305' title='bbox 419 1235 557 1269; x_wconf 85' lang='lat' dir='ltr'><strong>quomodo</strong></span> <span class='ocrx_word' id='word_1_306' title='bbox 580 1238 610 1261; x_wconf 88' lang='lat' dir='ltr'><strong>tu</strong></span> <span class='ocrx_word' id='word_1_307' title='bbox 626 1243 659 1261; x_wconf 82' lang='lat' dir='ltr'><strong>ex</strong></span> <span class='ocrx_word' id='word_1_308' title='bbox 675 1235 732 1269; x_wconf 86' lang='lat' dir='ltr'><strong>lege</strong></span> <span class='ocrx_word' id='word_1_309' title='bbox 746 1234 787 1261; x_wconf 88' lang='lat' dir='ltr'><strong>di-</strong></span> 
     </span>
    </p>
   </div>
   <div class='ocr_carea' id='block_1_41' title="bbox 24 1278 788 1316">
    <p class='ocr_par' dir='ltr' id='par_1_41' title="bbox 24 1278 788 1316">
     <span class='ocr_line' id='line_1_41' title="bbox 24 1278 788 1316; baseline 0.005 -13"><span class='ocrx_word' id='word_1_310' title='bbox 24 1278 104 1307; x_wconf 79' lang='lat' dir='ltr'><strong>diceris</strong></span> <span class='ocrx_word' id='word_1_311' title='bbox 116 1279 209 1312; x_wconf 86' lang='lat' dir='ltr'><strong>Deum,</strong></span> <span class='ocrx_word' id='word_1_312' title='bbox 223 1288 304 1315; x_wconf 89' lang='lat' dir='ltr'><strong>quem</strong></span> <span class='ocrx_word' id='word_1_313' title='bbox 327 1281 368 1308; x_wconf 86' lang='lat' dir='ltr'><strong>lex</strong></span> <span class='ocrx_word' id='word_1_314' title='bbox 386 1281 445 1316; x_wconf 87' lang='lat' dir='ltr'><strong>ipsa</strong></span> <span class='ocrx_word' id='word_1_315' title='bbox 469 1281 567 1312; x_wconf 86' lang='lat' dir='ltr'><strong>nescit,</strong></span> <span class='ocrx_word' id='word_1_316' title='bbox 583 1284 610 1307; x_wconf 90' lang='lat' dir='ltr'><strong>et</strong></span> <span class='ocrx_word' id='word_1_317' title='bbox 625 1288 705 1314; x_wconf 88' lang='lat' dir='ltr'><strong>quem</strong></span> <span class='ocrx_word' id='word_1_318' title='bbox 730 1280 788 1314; x_wconf 87' lang='lat' dir='ltr'><strong>ipse</strong></span> 
     </span>
    </p>
   </div>
   <div class='ocr_carea' id='block_1_42' title="bbox 24 1323 787 1361">
    <p class='ocr_par' dir='ltr' id='par_1_42' title="bbox 24 1323 787 1361">
     <span class='ocr_line' id='line_1_42' title="bbox 24 1323 787 1361; baseline 0.003 -11"><span class='ocrx_word' id='word_1_319' title='bbox 24 1323 57 1357; x_wconf 74' lang='lat' dir='ltr'><strong>qui</strong></span> <span class='ocrx_word' id='word_1_320' title='bbox 71 1325 148 1360; x_wconf 83' lang='lat' dir='ltr'><strong>legem</strong></span> <span class='ocrx_word' id='word_1_321' title='bbox 162 1326 252 1360; x_wconf 87' lang='lat' dir='ltr'><strong>posuit</strong></span> <span class='ocrx_word' id='word_1_322' title='bbox 277 1326 392 1361; x_wconf 84' lang='lat' dir='ltr'><strong>ignoret.</strong></span> <span class='ocrx_word' id='word_1_323' title='bbox 408 1326 441 1352; x_wconf 85' lang='lat' dir='ltr'><strong>Et</strong></span> <span class='ocrx_word' id='word_1_324' title='bbox 454 1326 549 1353; x_wconf 89' lang='lat' dir='ltr'><strong>Simon</strong></span> <span class='ocrx_word' id='word_1_325' title='bbox 563 1334 570 1352; x_wconf 89' lang='lat'>:</span> <span class='ocrx_word' id='word_1_326' title='bbox 582 1326 620 1357; x_wconf 86' lang='lat' dir='ltr'><strong>Si,</strong></span> <span class='ocrx_word' id='word_1_327' title='bbox 635 1326 733 1360; x_wconf 90' lang='lat' dir='ltr'><strong>inquit,</strong></span> <span class='ocrx_word' id='word_1_328' title='bbox 747 1325 787 1352; x_wconf 94' lang='lat' dir='ltr'><strong>ri-</strong></span> 
     </span>
    </p>
   </div>
   <div class='ocr_carea' id='block_1_43' title="bbox 23 1370 789 1406">
    <p class='ocr_par' dir='ltr' id='par_1_43' title="bbox 23 1370 789 1406">
     <span class='ocr_line' id='line_1_43' title="bbox 23 1370 789 1406; baseline 0.003 -11"><span class='ocrx_word' id='word_1_329' title='bbox 23 1370 92 1398; x_wconf 55' lang='lat' dir='ltr'><strong>.leudo</strong></span> <span class='ocrx_word' id='word_1_330' title='bbox 112 1373 237 1404; x_wconf 83' lang='lat' dir='ltr'><strong>cessasti,</strong></span> <span class='ocrx_word' id='word_1_331' title='bbox 254 1373 429 1400; x_wconf 85' lang='lat' dir='ltr'><strong>evidentibus</strong></span> <span class='ocrx_word' id='word_1_332' title='bbox 448 1372 646 1400; x_wconf 83' lang='lat' dir='ltr'><strong>assertionibus</strong></span> <span class='ocrx_word' id='word_1_333' title='bbox 660 1379 789 1406; x_wconf 89' lang='lat' dir='ltr'><strong>compro-</strong></span> 
     </span>
    </p>
   </div>
   <div class='ocr_carea' id='block_1_44' title="bbox 23 1416 786 1452">
    <p class='ocr_par' dir='ltr' id='par_1_44' title="bbox 23 1416 786 1452">
     <span class='ocr_line' id='line_1_44' title="bbox 23 1416 786 1452; baseline 0.005 -12"><span class='ocrx_word' id='word_1_334' title='bbox 23 1416 85 1443; x_wconf 66' lang='lat' dir='ltr'><strong>iiﬂiio.</strong></span> <span class='ocrx_word' id='word_1_335' title='bbox 101 1416 131 1443; x_wconf 90' lang='lat' dir='ltr'><strong>Et</strong></span> <span class='ocrx_word' id='word_1_336' title='bbox 144 1416 240 1446; x_wconf 83' lang='lat' dir='ltr'><strong>Petrus</strong></span> <span class='ocrx_word' id='word_1_337' title='bbox 255 1419 293 1444; x_wconf 90' lang='lat' dir='ltr'><strong>ait</strong></span> <span class='ocrx_word' id='word_1_338' title='bbox 308 1427 315 1445; x_wconf 87' lang='lat'><strong>:</strong></span> <span class='ocrx_word' id='word_1_339' title='bbox 332 1418 404 1450; x_wconf 87' lang='lat' dir='ltr'><strong>Quin</strong></span> <span class='ocrx_word' id='word_1_340' title='bbox 429 1418 563 1449; x_wconf 89' lang='lat' dir='ltr'><strong>desinam,</strong></span> <span class='ocrx_word' id='word_1_341' title='bbox 581 1421 610 1444; x_wconf 93' lang='lat' dir='ltr'><strong>ut</strong></span> <span class='ocrx_word' id='word_1_342' title='bbox 624 1417 727 1452; x_wconf 88' lang='lat' dir='ltr'><strong>possim</strong></span> <span class='ocrx_word' id='word_1_343' title='bbox 742 1416 786 1444; x_wconf 88' lang='lat' dir='ltr'><strong>di-</strong></span> 
     </span>
    </p>
   </div>
   <div class='ocr_carea' id='block_1_45' title="bbox 23 1463 786 1499">
    <p class='ocr_par' dir='ltr' id='par_1_45' title="bbox 23 1463 786 1499">
     <span class='ocr_line' id='line_1_45' title="bbox 23 1463 786 1499; baseline 0.005 -12"><span class='ocrx_word' id='word_1_344' title='bbox 23 1469 103 1489; x_wconf 72' lang='lat' dir='ltr'><strong>srerea</strong></span> <span class='ocrx_word' id='word_1_345' title='bbox 117 1467 151 1494; x_wconf 85' lang='lat' dir='ltr'><strong>te,</strong></span> <span class='ocrx_word' id='word_1_346' title='bbox 167 1465 305 1498; x_wconf 87' lang='lat' dir='ltr'><strong>quomodo</strong></span> <span class='ocrx_word' id='word_1_347' title='bbox 330 1469 359 1491; x_wconf 90' lang='lat' dir='ltr'><strong>tu</strong></span> <span class='ocrx_word' id='word_1_348' title='bbox 383 1471 398 1491; x_wconf 89' lang='lat' dir='ltr'><strong>a</strong></span> <span class='ocrx_word' id='word_1_349' title='bbox 424 1465 482 1499; x_wconf 87' lang='lat' dir='ltr'><strong>lege</strong></span> <span class='ocrx_word' id='word_1_350' title='bbox 507 1463 645 1496; x_wconf 86' lang='lat' dir='ltr'><strong>didiceris,</strong></span> <span class='ocrx_word' id='word_1_351' title='bbox 659 1471 720 1499; x_wconf 73' lang='lat' dir='ltr'><strong>qua:</strong></span> <span class='ocrx_word' id='word_1_352' title='bbox 744 1464 786 1491; x_wconf 79' lang='lat' dir='ltr'><strong>lex</strong></span> 
     </span>
    </p>
   </div>
   <div class='ocr_carea' id='block_1_46' title="bbox 22 1510 563 1545">
    <p class='ocr_par' dir='ltr' id='par_1_46' title="bbox 22 1510 563 1545">
     <span class='ocr_line' id='line_1_46' title="bbox 22 1510 563 1545; baseline 0.004 -11"><span class='ocrx_word' id='word_1_353' title='bbox 22 1510 88 1535; x_wconf 56' lang='lat' dir='ltr'><strong>Iit-scit</strong></span> <span class='ocrx_word' id='word_1_354' title='bbox 99 1514 122 1535; x_wconf 90' lang='lat' dir='ltr'><strong>et</strong></span> <span class='ocrx_word' id='word_1_355' title='bbox 133 1518 190 1544; x_wconf 66' lang='lat' dir='ltr'><strong>qua:</strong></span> <span class='ocrx_word' id='word_1_356' title='bbox 204 1511 263 1544; x_wconf 86' lang='lat' dir='ltr'><strong>ipse</strong></span> <span class='ocrx_word' id='word_1_357' title='bbox 277 1510 347 1537; x_wconf 72' lang='lat' dir='ltr'><strong>licus</strong></span> <span class='ocrx_word' id='word_1_358' title='bbox 368 1511 433 1545; x_wconf 87' lang='lat' dir='ltr'><strong>legis</strong></span> <span class='ocrx_word' id='word_1_359' title='bbox 449 1510 563 1545; x_wconf 84' lang='lat' dir='ltr'><strong>ignoret.</strong></span> 
     </span>
    </p>
   </div>
   <div class='ocr_carea' id='block_1_47' title="bbox 46 1554 787 1592">
    <p class='ocr_par' dir='ltr' id='par_1_47' title="bbox 46 1554 787 1592">
     <span class='ocr_line' id='line_1_47' title="bbox 46 1554 787 1592; baseline 0.005 -12"><span class='ocrx_word' id='word_1_360' title='bbox 46 1554 103 1582; x_wconf 83' lang='lat' dir='ltr'><strong>Llll.</strong></span> <span class='ocrx_word' id='word_1_361' title='bbox 118 1555 148 1582; x_wconf 82' lang='lat' dir='ltr'><strong>Et</strong></span> <span class='ocrx_word' id='word_1_362' title='bbox 162 1555 258 1583; x_wconf 87' lang='lat' dir='ltr'><strong>Simon</strong></span> <span class='ocrx_word' id='word_1_363' title='bbox 269 1557 360 1588; x_wconf 88' lang='lat' dir='ltr'><strong>:Audi,</strong></span> <span class='ocrx_word' id='word_1_364' title='bbox 374 1557 473 1592; x_wconf 88' lang='lat' dir='ltr'><strong>inquit,</strong></span> <span class='ocrx_word' id='word_1_365' title='bbox 484 1556 658 1584; x_wconf 86' lang='lat' dir='ltr'><strong>manifestum</strong></span> <span class='ocrx_word' id='word_1_366' title='bbox 675 1561 717 1584; x_wconf 86' lang='lat' dir='ltr'><strong>est</strong></span> <span class='ocrx_word' id='word_1_367' title='bbox 729 1564 787 1584; x_wconf 89' lang='lat' dir='ltr'><strong>om-</strong></span> 
     </span>
    </p>
   </div>
   <div class='ocr_carea' id='block_1_48' title="bbox 22 1602 787 1639">
    <p class='ocr_par' dir='ltr' id='par_1_48' title="bbox 22 1602 787 1639">
     <span class='ocr_line' id='line_1_48' title="bbox 22 1602 787 1639; baseline 0.005 -12"><span class='ocrx_word' id='word_1_368' title='bbox 22 1602 85 1628; x_wconf 84' lang='lat' dir='ltr'><strong>nibus</strong></span> <span class='ocrx_word' id='word_1_369' title='bbox 108 1607 133 1629; x_wconf 94' lang='lat' dir='ltr'><strong>et</strong></span> <span class='ocrx_word' id='word_1_370' title='bbox 159 1603 290 1630; x_wconf 87' lang='lat' dir='ltr'><strong>inell&#39;abili</strong></span> <span class='ocrx_word' id='word_1_371' title='bbox 318 1603 435 1638; x_wconf 90' lang='lat' dir='ltr'><strong>quadam</strong></span> <span class='ocrx_word' id='word_1_372' title='bbox 466 1603 570 1631; x_wconf 90' lang='lat' dir='ltr'><strong>ratione</strong></span> <span class='ocrx_word' id='word_1_373' title='bbox 598 1608 787 1639; x_wconf 88' lang='lat' dir='ltr'><strong>compertum,</strong></span> 
     </span>
    </p>
   </div>
   <div class='ocr_carea' id='block_1_49' title="bbox 22 1648 788 1686">
    <p class='ocr_par' dir='ltr' id='par_1_49' title="bbox 22 1648 788 1686">
     <span class='ocr_line' id='line_1_49' title="bbox 22 1648 788 1686; baseline 0.007 -14"><span class='ocrx_word' id='word_1_374' title='bbox 22 1655 86 1674; x_wconf 82' lang='lat' dir='ltr'><strong>nium</strong></span> <span class='ocrx_word' id='word_1_375' title='bbox 103 1656 161 1676; x_wconf 85' lang='lat' dir='ltr'><strong>esse</strong></span> <span class='ocrx_word' id='word_1_376' title='bbox 177 1648 273 1681; x_wconf 87' lang='lat' dir='ltr'><strong>Deum,</strong></span> <span class='ocrx_word' id='word_1_377' title='bbox 300 1650 345 1684; x_wconf 91' lang='lat' dir='ltr'><strong>qui</strong></span> <span class='ocrx_word' id='word_1_378' title='bbox 374 1649 410 1676; x_wconf 89' lang='lat' dir='ltr'><strong>sit</strong></span> <span class='ocrx_word' id='word_1_379' title='bbox 428 1650 550 1676; x_wconf 88' lang='lat' dir='ltr'><strong>omnium</strong></span> <span class='ocrx_word' id='word_1_380' title='bbox 578 1650 685 1682; x_wconf 89' lang='lat' dir='ltr'><strong>melior,</strong></span> <span class='ocrx_word' id='word_1_381' title='bbox 702 1658 716 1677; x_wconf 87' lang='lat' dir='ltr'><strong>a</strong></span> <span class='ocrx_word' id='word_1_382' title='bbox 733 1659 788 1686; x_wconf 88' lang='lat' dir='ltr'><strong>quo</strong></span> 
     </span>
    </p>
   </div>
   <div class='ocr_carea' id='block_1_50' title="bbox 22 1695 787 1730">
    <p class='ocr_par' dir='ltr' id='par_1_50' title="bbox 22 1695 787 1730">
     <span class='ocr_line' id='line_1_50' title="bbox 22 1695 787 1730; baseline 0.007 -11"><span class='ocrx_word' id='word_1_383' title='bbox 22 1699 84 1719; x_wconf 74' lang='lat' dir='ltr'><strong>mine</strong></span> <span class='ocrx_word' id='word_1_384' title='bbox 98 1695 166 1728; x_wconf 89' lang='lat' dir='ltr'><strong>quod</strong></span> <span class='ocrx_word' id='word_1_385' title='bbox 182 1698 237 1726; x_wconf 82' lang='lat' dir='ltr'><strong>est,</strong></span> <span class='ocrx_word' id='word_1_386' title='bbox 250 1695 368 1730; x_wconf 87' lang='lat' dir='ltr'><strong>sumpsit</strong></span> <span class='ocrx_word' id='word_1_387' title='bbox 383 1695 536 1727; x_wconf 78' lang='lat' dir='ltr'><strong>exordium,</strong></span> <span class='ocrx_word' id='word_1_388' title='bbox 552 1696 624 1723; x_wconf 91' lang='lat' dir='ltr'><strong>unde</strong></span> <span class='ocrx_word' id='word_1_389' title='bbox 639 1700 666 1723; x_wconf 92' lang='lat' dir='ltr'><strong>et</strong></span> <span class='ocrx_word' id='word_1_390' title='bbox 688 1705 787 1725; x_wconf 83' lang='lat' dir='ltr'><strong>neces-</strong></span> 
     </span>
    </p>
   </div>
   <div class='ocr_carea' id='block_1_51' title="bbox 22 1740 786 1778">
    <p class='ocr_par' dir='ltr' id='par_1_51' title="bbox 22 1740 786 1778">
     <span class='ocr_line' id='line_1_51' title="bbox 22 1740 786 1778; baseline 0.008 -14"><span class='ocrx_word' id='word_1_391' title='bbox 22 1740 77 1766; x_wconf 71' lang='lat' dir='ltr'><strong>;ario</strong></span> <span class='ocrx_word' id='word_1_392' title='bbox 88 1740 203 1775; x_wconf 85' lang='lat' dir='ltr'><strong>subjecta</strong></span> <span class='ocrx_word' id='word_1_393' title='bbox 216 1745 283 1768; x_wconf 88' lang='lat' dir='ltr'><strong>sunt</strong></span> <span class='ocrx_word' id='word_1_394' title='bbox 296 1742 320 1768; x_wconf 93' lang='lat' dir='ltr'><strong>ei</strong></span> <span class='ocrx_word' id='word_1_395' title='bbox 335 1741 426 1768; x_wconf 87' lang='lat' dir='ltr'><strong>omnia</strong></span> <span class='ocrx_word' id='word_1_396' title='bbox 441 1750 502 1776; x_wconf 65' lang='lat' dir='ltr'><strong>quae</strong></span> <span class='ocrx_word' id='word_1_397' title='bbox 522 1746 582 1777; x_wconf 87' lang='lat' dir='ltr'><strong>post</strong></span> <span class='ocrx_word' id='word_1_398' title='bbox 598 1743 686 1778; x_wconf 89' lang='lat' dir='ltr'><strong>ipsum</strong></span> <span class='ocrx_word' id='word_1_399' title='bbox 712 1748 786 1775; x_wconf 88' lang='lat' dir='ltr'><strong>sunt,</strong></span> 
     </span>
    </p>
   </div>
   <div class='ocr_carea' id='block_1_52' title="bbox 22 1785 788 1824">
    <p class='ocr_par' dir='ltr' id='par_1_52' title="bbox 22 1785 788 1824">
     <span class='ocr_line' id='line_1_52' title="bbox 22 1785 788 1824; baseline 0.007 -14"><span class='ocrx_word' id='word_1_400' title='bbox 22 1785 77 1811; x_wconf 71' lang='lat' dir='ltr'><strong>ieilti.</strong></span> <span class='ocrx_word' id='word_1_401' title='bbox 102 1787 215 1821; x_wconf 89' lang='lat' dir='ltr'><strong>principi</strong></span> <span class='ocrx_word' id='word_1_402' title='bbox 246 1787 369 1813; x_wconf 88' lang='lat' dir='ltr'><strong>omnium</strong></span> <span class='ocrx_word' id='word_1_403' title='bbox 399 1791 426 1814; x_wconf 88' lang='lat' dir='ltr'><strong>et</strong></span> <span class='ocrx_word' id='word_1_404' title='bbox 452 1787 635 1815; x_wconf 88' lang='lat' dir='ltr'><strong>etnineutiori.</strong></span> <span class='ocrx_word' id='word_1_405' title='bbox 652 1787 708 1823; x_wconf 79' lang='lat' dir='ltr'><strong>Ego</strong></span> <span class='ocrx_word' id='word_1_406' title='bbox 722 1796 788 1824; x_wconf 81' lang='lat' dir='ltr'><strong>ergo</strong></span> 
     </span>
    </p>
   </div>
   <div class='ocr_carea' id='block_1_53' title="bbox 22 1833 787 1868">
    <p class='ocr_par' dir='ltr' id='par_1_53' title="bbox 22 1833 787 1868">
     <span class='ocr_line' id='line_1_53' title="bbox 22 1833 787 1868; baseline 0.008 -13"><span class='ocrx_word' id='word_1_407' title='bbox 22 1838 66 1856; x_wconf 79' lang='lat' dir='ltr'><strong>&#39;um</strong></span> <span class='ocrx_word' id='word_1_408' title='bbox 80 1833 265 1867; x_wconf 74' lang='lat' dir='ltr'><strong>cognovissent</strong></span> <span class='ocrx_word' id='word_1_409' title='bbox 292 1833 377 1860; x_wconf 86' lang='lat' dir='ltr'><strong>Deum</strong></span> <span class='ocrx_word' id='word_1_410' title='bbox 403 1834 474 1860; x_wconf 88' lang='lat' dir='ltr'><strong>hunc</strong></span> <span class='ocrx_word' id='word_1_411' title='bbox 490 1834 536 1868; x_wconf 90' lang='lat' dir='ltr'><strong>qui</strong></span> <span class='ocrx_word' id='word_1_412' title='bbox 552 1839 693 1861; x_wconf 79' lang='lat' dir='ltr'><strong>creaverat</strong></span> <span class='ocrx_word' id='word_1_413' title='bbox 708 1843 787 1862; x_wconf 89' lang='lat' dir='ltr'><strong>Inun-</strong></span> 
     </span>
    </p>
   </div>
   <div class='ocr_carea' id='block_1_54' title="bbox 22 1874 789 1914">
    <p class='ocr_par' dir='ltr' id='par_1_54' title="bbox 22 1874 789 1914">
     <span class='ocr_line' id='line_1_54' title="bbox 22 1874 789 1914; baseline 0.008 -13"><span class='ocrx_word' id='word_1_414' title='bbox 22 1874 78 1908; x_wconf 87' lang='lat' dir='ltr'><strong>lum,</strong></span> <span class='ocrx_word' id='word_1_415' title='bbox 95 1878 244 1905; x_wconf 88' lang='lat' dir='ltr'><strong>secundum</strong></span> <span class='ocrx_word' id='word_1_416' title='bbox 261 1879 334 1914; x_wconf 89' lang='lat' dir='ltr'><strong>quod</strong></span> <span class='ocrx_word' id='word_1_417' title='bbox 356 1879 398 1905; x_wconf 87' lang='lat' dir='ltr'><strong>lex</strong></span> <span class='ocrx_word' id='word_1_418' title='bbox 414 1879 504 1910; x_wconf 84' lang='lat' dir='ltr'><strong>docet,</strong></span> <span class='ocrx_word' id='word_1_419' title='bbox 518 1879 546 1906; x_wconf 85' lang='lat' dir='ltr'><strong>in</strong></span> <span class='ocrx_word' id='word_1_420' title='bbox 562 1880 654 1907; x_wconf 89' lang='lat' dir='ltr'><strong>multis</strong></span> <span class='ocrx_word' id='word_1_421' title='bbox 669 1888 731 1907; x_wconf 85' lang='lat' dir='ltr'><strong>esse</strong></span> <span class='ocrx_word' id='word_1_422' title='bbox 746 1880 789 1907; x_wconf 72' lang='lat' dir='ltr'><strong>in~</strong></span> 
     </span>
    </p>
   </div>
   <div class='ocr_carea' id='block_1_55' title="bbox 22 1921 788 1959">
    <p class='ocr_par' dir='ltr' id='par_1_55' title="bbox 22 1921 788 1959">
     <span class='ocr_line' id='line_1_55' title="bbox 22 1921 788 1959; baseline 0.009 -13"><span class='ocrx_word' id='word_1_423' title='bbox 22 1921 119 1954; x_wconf 82' lang='lat' dir='ltr'><strong>irnmm,</strong></span> <span class='ocrx_word' id='word_1_424' title='bbox 134 1923 213 1959; x_wconf 85' lang='lat' dir='ltr'><strong>longe</strong></span> <span class='ocrx_word' id='word_1_425' title='bbox 226 1928 317 1951; x_wconf 92' lang='lat' dir='ltr'><strong>autem</strong></span> <span class='ocrx_word' id='word_1_426' title='bbox 335 1923 464 1950; x_wconf 88' lang='lat' dir='ltr'><strong>abhorret</strong></span> <span class='ocrx_word' id='word_1_427' title='bbox 478 1924 622 1953; x_wconf 82' lang='lat' dir='ltr'><strong>inlirmitas</strong></span> <span class='ocrx_word' id='word_1_428' title='bbox 638 1933 652 1951; x_wconf 90' lang='lat' dir='ltr'><strong>a</strong></span> <span class='ocrx_word' id='word_1_429' title='bbox 666 1925 788 1959; x_wconf 88' lang='lat' dir='ltr'><strong>perfecto</strong></span> 
     </span>
    </p>
   </div>
   <div class='ocr_carea' id='block_1_56' title="bbox 24 1968 786 2005">
    <p class='ocr_par' dir='ltr' id='par_1_56' title="bbox 24 1968 786 2005">
     <span class='ocr_line' id='line_1_56' title="bbox 24 1968 786 2005; baseline 0.007 -11"><span class='ocrx_word' id='word_1_430' title='bbox 24 1968 68 1998; x_wconf 68' lang='lat' dir='ltr'><strong>leo.</strong></span> <span class='ocrx_word' id='word_1_431' title='bbox 79 1971 103 1995; x_wconf 89' lang='lat' dir='ltr'><strong>et</strong></span> <span class='ocrx_word' id='word_1_432' title='bbox 118 1968 189 1996; x_wconf 88' lang='lat' dir='ltr'><strong>hunc</strong></span> <span class='ocrx_word' id='word_1_433' title='bbox 200 1969 320 1996; x_wconf 85' lang='lat' dir='ltr'><strong>viderem</strong></span> <span class='ocrx_word' id='word_1_434' title='bbox 333 1978 386 1996; x_wconf 87' lang='lat' dir='ltr'><strong>non</strong></span> <span class='ocrx_word' id='word_1_435' title='bbox 401 1978 462 1997; x_wconf 89' lang='lat' dir='ltr'><strong>esse</strong></span> <span class='ocrx_word' id='word_1_436' title='bbox 481 1970 642 2005; x_wconf 84' lang='lat' dir='ltr'><strong>perfectum,</strong></span> <span class='ocrx_word' id='word_1_437' title='bbox 657 1979 786 1999; x_wconf 86' lang='lat' dir='ltr'><strong>necessa-</strong></span> 
     </span>
    </p>
   </div>
   <div class='ocr_carea' id='block_1_57' title="bbox 26 2014 787 2052">
    <p class='ocr_par' dir='ltr' id='par_1_57' title="bbox 26 2014 787 2052">
     <span class='ocr_line' id='line_1_57' title="bbox 26 2014 787 2052; baseline 0.008 -13"><span class='ocrx_word' id='word_1_438' title='bbox 26 2014 46 2038; x_wconf 87' lang='lat' dir='ltr'><strong>io</strong></span> <span class='ocrx_word' id='word_1_439' title='bbox 63 2015 139 2042; x_wconf 88' lang='lat' dir='ltr'><strong>alium</strong></span> <span class='ocrx_word' id='word_1_440' title='bbox 162 2023 226 2043; x_wconf 87' lang='lat' dir='ltr'><strong>esse</strong></span> <span class='ocrx_word' id='word_1_441' title='bbox 251 2016 371 2043; x_wconf 77' lang='lat' dir='ltr'><strong>intellexi</strong></span> <span class='ocrx_word' id='word_1_442' title='bbox 397 2017 443 2051; x_wconf 87' lang='lat' dir='ltr'><strong>qui</strong></span> <span class='ocrx_word' id='word_1_443' title='bbox 467 2021 541 2044; x_wconf 85' lang='lat' dir='ltr'><strong>esset</strong></span> <span class='ocrx_word' id='word_1_444' title='bbox 569 2017 717 2052; x_wconf 83' lang='lat' dir='ltr'><strong>perfectus.</strong></span> <span class='ocrx_word' id='word_1_445' title='bbox 737 2018 787 2046; x_wconf 83' lang='lat' dir='ltr'><strong>llic</strong></span> 
     </span>
    </p>
   </div>
   <div class='ocr_carea' id='block_1_58' title="bbox 22 2059 788 2098">
    <p class='ocr_par' dir='ltr' id='par_1_58' title="bbox 22 2059 788 2098">
     <span class='ocr_line' id='line_1_58' title="bbox 22 2059 788 2098; baseline 0.008 -14"><span class='ocrx_word' id='word_1_446' title='bbox 22 2059 84 2091; x_wconf 38' lang='lat' dir='ltr'><strong>inim,</strong></span> <span class='ocrx_word' id='word_1_447' title='bbox 98 2064 126 2087; x_wconf 93' lang='lat' dir='ltr'><strong>ut</strong></span> <span class='ocrx_word' id='word_1_448' title='bbox 143 2061 211 2093; x_wconf 90' lang='lat' dir='ltr'><strong>dixi,</strong></span> <span class='ocrx_word' id='word_1_449' title='bbox 237 2062 385 2088; x_wconf 87' lang='lat' dir='ltr'><strong>secundum</strong></span> <span class='ocrx_word' id='word_1_450' title='bbox 404 2062 475 2097; x_wconf 89' lang='lat' dir='ltr'><strong>quod</strong></span> <span class='ocrx_word' id='word_1_451' title='bbox 493 2062 634 2097; x_wconf 79' lang='lat' dir='ltr'><strong>Seriptut&#39;a</strong></span> <span class='ocrx_word' id='word_1_452' title='bbox 656 2064 724 2098; x_wconf 86' lang='lat' dir='ltr'><strong>legis</strong></span> <span class='ocrx_word' id='word_1_453' title='bbox 737 2064 788 2091; x_wconf 85' lang='lat' dir='ltr'><strong>do-</strong></span> 
     </span>
    </p>
   </div>
   <div class='ocr_carea' id='block_1_59' title="bbox 22 2103 787 2142">
    <p class='ocr_par' dir='ltr' id='par_1_59' title="bbox 22 2103 787 2142">
     <span class='ocr_line' id='line_1_59' title="bbox 22 2103 787 2142; baseline 0.012 -15"><span class='ocrx_word' id='word_1_454' title='bbox 22 2107 57 2133; x_wconf 44' lang='lat' dir='ltr'><strong>‘et,</strong></span> <span class='ocrx_word' id='word_1_455' title='bbox 69 2103 94 2130; x_wconf 92' lang='lat' dir='ltr'><strong>in</strong></span> <span class='ocrx_word' id='word_1_456' title='bbox 106 2106 198 2133; x_wconf 90' lang='lat' dir='ltr'><strong>multis</strong></span> <span class='ocrx_word' id='word_1_457' title='bbox 211 2105 335 2133; x_wconf 81' lang='lat' dir='ltr'><strong>inﬁrmus</strong></span> <span class='ocrx_word' id='word_1_458' title='bbox 351 2114 412 2133; x_wconf 85' lang='lat' dir='ltr'><strong>esse</strong></span> <span class='ocrx_word' id='word_1_459' title='bbox 427 2107 648 2142; x_wconf 82' lang='lat' dir='ltr'><strong>deprehenditur.</strong></span> <span class='ocrx_word' id='word_1_460' title='bbox 660 2108 682 2124; x_wconf 71' lang='grc'><strong>⁸³</strong></span> <span class='ocrx_word' id='word_1_461' title='bbox 695 2108 787 2136; x_wconf 86' lang='lat' dir='ltr'><strong>Primo</strong></span> 
     </span>
    </p>
   </div>
   <div class='ocr_carea' id='block_1_60' title="bbox 22 2149 788 2189">
    <p class='ocr_par' dir='ltr' id='par_1_60' title="bbox 22 2149 788 2189">
     <span class='ocr_line' id='line_1_60' title="bbox 22 2149 788 2189; baseline 0.013 -16"><span class='ocrx_word' id='word_1_462' title='bbox 22 2149 73 2180; x_wconf 76' lang='lat' dir='ltr'><strong>inod</strong></span> <span class='ocrx_word' id='word_1_463' title='bbox 90 2149 169 2177; x_wconf 87' lang='lat' dir='ltr'><strong>homo</strong></span> <span class='ocrx_word' id='word_1_464' title='bbox 183 2159 264 2186; x_wconf 87' lang='lat' dir='ltr'><strong>quem</strong></span> <span class='ocrx_word' id='word_1_465' title='bbox 282 2151 436 2185; x_wconf 84' lang='lat' dir='ltr'><strong>plasmavit,</strong></span> <span class='ocrx_word' id='word_1_466' title='bbox 455 2161 509 2180; x_wconf 84' lang='lat' dir='ltr'><strong>non</strong></span> <span class='ocrx_word' id='word_1_467' title='bbox 525 2155 613 2188; x_wconf 87' lang='lat' dir='ltr'><strong>potuit</strong></span> <span class='ocrx_word' id='word_1_468' title='bbox 628 2163 788 2189; x_wconf 84' lang='lat' dir='ltr'><strong>permanere</strong></span> 
     </span>
    </p>
   </div>
   <div class='ocr_carea' id='block_1_61' title="bbox 22 2194 784 2234">
    <p class='ocr_par' dir='ltr' id='par_1_61' title="bbox 22 2194 784 2234">
     <span class='ocr_line' id='line_1_61' title="bbox 22 2194 784 2234; baseline 0.012 -14"><span class='ocrx_word' id='word_1_469' title='bbox 22 2194 64 2219; x_wconf 76' lang='lat' dir='ltr'><strong>alis</strong></span> <span class='ocrx_word' id='word_1_470' title='bbox 78 2197 181 2230; x_wconf 86' lang='lat' dir='ltr'><strong>qualem</strong></span> <span class='ocrx_word' id='word_1_471' title='bbox 207 2197 266 2232; x_wconf 91' lang='lat' dir='ltr'><strong>ipse</strong></span> <span class='ocrx_word' id='word_1_472' title='bbox 293 2197 425 2231; x_wconf 83' lang='lat' dir='ltr'><strong>voluerat,</strong></span> <span class='ocrx_word' id='word_1_473' title='bbox 440 2203 466 2226; x_wconf 88' lang='lat' dir='ltr'><strong>ct</strong></span> <span class='ocrx_word' id='word_1_474' title='bbox 486 2200 549 2234; x_wconf 88' lang='lat' dir='ltr'><strong>quia</strong></span> <span class='ocrx_word' id='word_1_475' title='bbox 565 2209 614 2228; x_wconf 91' lang='lat' dir='ltr'><strong>nec</strong></span> <span class='ocrx_word' id='word_1_476' title='bbox 630 2201 718 2228; x_wconf 88' lang='lat' dir='ltr'><strong>bonus</strong></span> <span class='ocrx_word' id='word_1_477' title='bbox 732 2205 784 2234; x_wconf 85' lang='lat' dir='ltr'><strong>est,</strong></span> 
     </span>
    </p>
   </div>
   <div class='ocr_carea' id='block_1_62' title="bbox 839 954 1630 991">
    <p class='ocr_par' dir='ltr' id='par_1_62' title="bbox 839 954 1630 991">
     <span class='ocr_line' id='line_1_62' title="bbox 839 954 1630 991; baseline 0.004 -9"><span class='ocrx_word' id='word_1_478' title='bbox 839 955 886 990; x_wconf 92' lang='lat' dir='ltr'><strong>qui</strong></span> <span class='ocrx_word' id='word_1_479' title='bbox 900 954 1024 982; x_wconf 88' lang='lat' dir='ltr'><strong>condidit</strong></span> <span class='ocrx_word' id='word_1_480' title='bbox 1039 955 1182 985; x_wconf 87' lang='lat' dir='ltr'><strong>mundum,</strong></span> <span class='ocrx_word' id='word_1_481' title='bbox 1200 955 1266 982; x_wconf 89' lang='lat' dir='ltr'><strong>mihi</strong></span> <span class='ocrx_word' id='word_1_482' title='bbox 1281 955 1412 991; x_wconf 84' lang='lat' dir='ltr'><strong>possibile</strong></span> <span class='ocrx_word' id='word_1_483' title='bbox 1423 960 1492 988; x_wconf 90' lang='lat' dir='ltr'><strong>erat,</strong></span> <span class='ocrx_word' id='word_1_484' title='bbox 1503 958 1584 985; x_wconf 89' lang='lat' dir='ltr'><strong>etiatn</strong></span> <span class='ocrx_word' id='word_1_485' title='bbox 1597 966 1630 985; x_wconf 83' lang='lat' dir='ltr'><strong>ex</strong></span> 
     </span>
    </p>
   </div>
   <div class='ocr_carea' id='block_1_63' title="bbox 840 1000 1631 1036">
    <p class='ocr_par' dir='ltr' id='par_1_63' title="bbox 840 1000 1631 1036">
     <span class='ocr_line' id='line_1_63' title="bbox 840 1000 1631 1036; baseline 0.005 -9"><span class='ocrx_word' id='word_1_486' title='bbox 840 1001 883 1028; x_wconf 86' lang='lat' dir='ltr'><strong>his</strong></span> <span class='ocrx_word' id='word_1_487' title='bbox 896 1008 958 1036; x_wconf 63' lang='lat' dir='ltr'><strong>quae</strong></span> <span class='ocrx_word' id='word_1_488' title='bbox 985 1001 1013 1028; x_wconf 90' lang='lat' dir='ltr'><strong>in</strong></span> <span class='ocrx_word' id='word_1_489' title='bbox 1042 1000 1094 1028; x_wconf 89' lang='lat' dir='ltr'><strong>hoc</strong></span> <span class='ocrx_word' id='word_1_490' title='bbox 1118 1001 1220 1028; x_wconf 88' lang='lat' dir='ltr'><strong>mundo</strong></span> <span class='ocrx_word' id='word_1_491' title='bbox 1231 1005 1365 1036; x_wconf 85' lang='lat' dir='ltr'><strong>geruntur</strong></span> <span class='ocrx_word' id='word_1_492' title='bbox 1380 1002 1460 1030; x_wconf 89' lang='lat' dir='ltr'><strong>malis</strong></span> <span class='ocrx_word' id='word_1_493' title='bbox 1475 1010 1524 1030; x_wconf 90' lang='lat' dir='ltr'><strong>nec</strong></span> <span class='ocrx_word' id='word_1_494' title='bbox 1537 1011 1631 1031; x_wconf 91' lang='lat' dir='ltr'><strong>emen-</strong></span> 
     </span>
    </p>
   </div>
   <div class='ocr_carea' id='block_1_64' title="bbox 839 1047 1630 1084">
    <p class='ocr_par' dir='ltr' id='par_1_64' title="bbox 839 1047 1630 1084">
     <span class='ocr_line' id='line_1_64' title="bbox 839 1047 1630 1084; baseline 0.003 -10"><span class='ocrx_word' id='word_1_495' title='bbox 839 1047 949 1079; x_wconf 84' lang='lat' dir='ltr'><strong>dantur,</strong></span> <span class='ocrx_word' id='word_1_496' title='bbox 962 1048 1102 1082; x_wconf 76' lang='lat' dir='ltr'><strong>colligere,</strong></span> <span class='ocrx_word' id='word_1_497' title='bbox 1131 1048 1173 1074; x_wconf 84' lang='lat' dir='ltr'><strong>vel</strong></span> <span class='ocrx_word' id='word_1_498' title='bbox 1189 1048 1254 1083; x_wconf 89' lang='lat' dir='ltr'><strong>quia</strong></span> <span class='ocrx_word' id='word_1_499' title='bbox 1274 1048 1456 1084; x_wconf 85' lang='lat' dir='ltr'><strong>impossibilis</strong></span> <span class='ocrx_word' id='word_1_500' title='bbox 1470 1052 1512 1076; x_wconf 88' lang='lat' dir='ltr'><strong>est</strong></span> <span class='ocrx_word' id='word_1_501' title='bbox 1523 1053 1630 1077; x_wconf 88' lang='lat' dir='ltr'><strong>creator</strong></span> 
     </span>
    </p>
   </div>
   <div class='ocr_carea' id='block_1_65' title="bbox 841 1087 1630 1130">
    <p class='ocr_par' dir='ltr' id='par_1_65' title="bbox 841 1087 1630 1130">
     <span class='ocr_line' id='line_1_65' title="bbox 841 1087 1630 1130; baseline 0.003 -10"><span class='ocrx_word' id='word_1_502' title='bbox 841 1093 912 1127; x_wconf 87' lang='lat' dir='ltr'><strong>ejus,</strong></span> <span class='ocrx_word' id='word_1_503' title='bbox 928 1093 974 1128; x_wconf 88' lang='lat' dir='ltr'><strong>qui</strong></span> <span class='ocrx_word' id='word_1_504' title='bbox 986 1093 1056 1120; x_wconf 88' lang='lat' dir='ltr'><strong>male</strong></span> <span class='ocrx_word' id='word_1_505' title='bbox 1067 1097 1142 1128; x_wconf 82' lang='lat' dir='ltr'><strong>gesta</strong></span> <span class='ocrx_word' id='word_1_506' title='bbox 1158 1101 1212 1120; x_wconf 90' lang='lat' dir='ltr'><strong>non</strong></span> <span class='ocrx_word' id='word_1_507' title='bbox 1226 1087 1350 1128; x_wconf 76' lang='lat' dir='ltr'><strong>corrigit,</strong></span> <span class='ocrx_word' id='word_1_508' title='bbox 1363 1095 1386 1121; x_wconf 87' lang='lat' dir='ltr'><strong>si</strong></span> <span class='ocrx_word' id='word_1_509' title='bbox 1399 1101 1454 1121; x_wconf 88' lang='lat' dir='ltr'><strong>non</strong></span> <span class='ocrx_word' id='word_1_510' title='bbox 1473 1098 1572 1130; x_wconf 82' lang='lat' dir='ltr'><strong>potest,</strong></span> <span class='ocrx_word' id='word_1_511' title='bbox 1587 1095 1630 1123; x_wconf 89' lang='lat' dir='ltr'><strong>vel</strong></span> 
     </span>
    </p>
   </div>
   <div class='ocr_carea' id='block_1_66' title="bbox 839 1139 1629 1175">
    <p class='ocr_par' dir='ltr' id='par_1_66' title="bbox 839 1139 1629 1175">
     <span class='ocr_line' id='line_1_66' title="bbox 839 1139 1629 1175; baseline 0.006 -10"><span class='ocrx_word' id='word_1_512' title='bbox 839 1139 861 1166; x_wconf 87' lang='lat' dir='ltr'><strong>si</strong></span> <span class='ocrx_word' id='word_1_513' title='bbox 879 1147 932 1166; x_wconf 91' lang='lat' dir='ltr'><strong>non</strong></span> <span class='ocrx_word' id='word_1_514' title='bbox 946 1139 1004 1166; x_wconf 85' lang='lat' dir='ltr'><strong>vult</strong></span> <span class='ocrx_word' id='word_1_515' title='bbox 1016 1139 1125 1166; x_wconf 86' lang='lat' dir='ltr'><strong>auferre</strong></span> <span class='ocrx_word' id='word_1_516' title='bbox 1139 1140 1219 1172; x_wconf 87' lang='lat' dir='ltr'><strong>mala,</strong></span> <span class='ocrx_word' id='word_1_517' title='bbox 1229 1140 1288 1175; x_wconf 87' lang='lat' dir='ltr'><strong>ipse</strong></span> <span class='ocrx_word' id='word_1_518' title='bbox 1301 1141 1389 1169; x_wconf 87' lang='lat' dir='ltr'><strong>malus</strong></span> <span class='ocrx_word' id='word_1_519' title='bbox 1403 1141 1450 1173; x_wconf 86' lang='lat' dir='ltr'><strong>sit,</strong></span> <span class='ocrx_word' id='word_1_520' title='bbox 1462 1141 1486 1169; x_wconf 88' lang='lat' dir='ltr'><strong>si</strong></span> <span class='ocrx_word' id='word_1_521' title='bbox 1501 1150 1566 1169; x_wconf 91' lang='lat' dir='ltr'><strong>vero</strong></span> <span class='ocrx_word' id='word_1_522' title='bbox 1579 1150 1629 1170; x_wconf 90' lang='lat' dir='ltr'><strong>ne-</strong></span> 
     </span>
    </p>
   </div>
   <div class='ocr_carea' id='block_1_67' title="bbox 839 1185 1628 1220">
    <p class='ocr_par' dir='ltr' id='par_1_67' title="bbox 839 1185 1628 1220">
     <span class='ocr_line' id='line_1_67' title="bbox 839 1185 1628 1220; baseline 0.005 -9"><span class='ocrx_word' id='word_1_523' title='bbox 839 1193 892 1219; x_wconf 89' lang='lat' dir='ltr'><strong>que</strong></span> <span class='ocrx_word' id='word_1_524' title='bbox 907 1188 997 1219; x_wconf 88' lang='lat' dir='ltr'><strong>potest</strong></span> <span class='ocrx_word' id='word_1_525' title='bbox 1010 1192 1099 1220; x_wconf 88' lang='lat' dir='ltr'><strong>neque</strong></span> <span class='ocrx_word' id='word_1_526' title='bbox 1113 1185 1181 1217; x_wconf 88' lang='lat' dir='ltr'><strong>vult,</strong></span> <span class='ocrx_word' id='word_1_527' title='bbox 1209 1193 1261 1212; x_wconf 89' lang='lat' dir='ltr'><strong>nec</strong></span> <span class='ocrx_word' id='word_1_528' title='bbox 1284 1189 1381 1220; x_wconf 87' lang='lat' dir='ltr'><strong>potens</strong></span> <span class='ocrx_word' id='word_1_529' title='bbox 1399 1194 1450 1214; x_wconf 81' lang='lat' dir='ltr'><strong>nec</strong></span> <span class='ocrx_word' id='word_1_530' title='bbox 1477 1187 1566 1215; x_wconf 84' lang='lat' dir='ltr'><strong>bonus</strong></span> <span class='ocrx_word' id='word_1_531' title='bbox 1581 1188 1628 1216; x_wconf 87' lang='lat' dir='ltr'><strong>sit.</strong></span> 
     </span>
    </p>
   </div>
   <div class='ocr_carea' id='block_1_68' title="bbox 839 1230 1630 1267">
    <p class='ocr_par' dir='ltr' id='par_1_68' title="bbox 839 1230 1630 1267">
     <span class='ocr_line' id='line_1_68' title="bbox 839 1230 1630 1267; baseline 0.005 -10"><span class='ocrx_word' id='word_1_532' title='bbox 839 1230 871 1257; x_wconf 80' lang='lat' dir='ltr'><strong>Et</strong></span> <span class='ocrx_word' id='word_1_533' title='bbox 884 1238 917 1258; x_wconf 91' lang='lat' dir='ltr'><strong>ex</strong></span> <span class='ocrx_word' id='word_1_534' title='bbox 932 1231 974 1258; x_wconf 90' lang='lat' dir='ltr'><strong>his</strong></span> <span class='ocrx_word' id='word_1_535' title='bbox 989 1238 1102 1258; x_wconf 87' lang='lat' dir='ltr'><strong>necesse</strong></span> <span class='ocrx_word' id='word_1_536' title='bbox 1130 1235 1173 1258; x_wconf 88' lang='lat' dir='ltr'><strong>est</strong></span> <span class='ocrx_word' id='word_1_537' title='bbox 1198 1231 1300 1266; x_wconf 69' lang='lat' dir='ltr'><strong>colligi,</strong></span> <span class='ocrx_word' id='word_1_538' title='bbox 1320 1232 1394 1267; x_wconf 91' lang='lat' dir='ltr'><strong>quod</strong></span> <span class='ocrx_word' id='word_1_539' title='bbox 1420 1233 1490 1261; x_wconf 87' lang='lat' dir='ltr'><strong>alius</strong></span> <span class='ocrx_word' id='word_1_540' title='bbox 1505 1234 1542 1261; x_wconf 90' lang='lat' dir='ltr'><strong>sit</strong></span> <span class='ocrx_word' id='word_1_541' title='bbox 1557 1233 1630 1261; x_wconf 86' lang='lat' dir='ltr'><strong>Deus</strong></span> 
     </span>
    </p>
   </div>
   <div class='ocr_carea' id='block_1_69' title="bbox 838 1277 1630 1316">
    <p class='ocr_par' dir='ltr' id='par_1_69' title="bbox 838 1277 1630 1316">
     <span class='ocr_line' id='line_1_69' title="bbox 838 1277 1630 1316; baseline 0.008 -14"><span class='ocrx_word' id='word_1_542' title='bbox 838 1277 960 1303; x_wconf 90' lang='lat' dir='ltr'><strong>omnium</strong></span> <span class='ocrx_word' id='word_1_543' title='bbox 977 1277 1151 1311; x_wconf 77' lang='lat' dir='ltr'><strong>praestantior</strong></span> <span class='ocrx_word' id='word_1_544' title='bbox 1161 1281 1188 1304; x_wconf 91' lang='lat' dir='ltr'><strong>et</strong></span> <span class='ocrx_word' id='word_1_545' title='bbox 1205 1278 1351 1312; x_wconf 88' lang='lat' dir='ltr'><strong>potentior.</strong></span> <span class='ocrx_word' id='word_1_546' title='bbox 1373 1278 1415 1306; x_wconf 86' lang='lat' dir='ltr'><strong>Ad</strong></span> <span class='ocrx_word' id='word_1_547' title='bbox 1430 1278 1489 1307; x_wconf 70' lang='lat' dir='ltr'><strong>haec</strong></span> <span class='ocrx_word' id='word_1_548' title='bbox 1514 1280 1538 1307; x_wconf 86' lang='lat' dir='ltr'><strong>si</strong></span> <span class='ocrx_word' id='word_1_549' title='bbox 1563 1280 1630 1316; x_wconf 87' lang='lat' dir='ltr'><strong>quid</strong></span> 
     </span>
    </p>
   </div>
   <div class='ocr_carea' id='block_1_70' title="bbox 839 1322 1260 1355">
    <p class='ocr_par' dir='ltr' id='par_1_70' title="bbox 839 1322 1260 1355">
     <span class='ocr_line' id='line_1_70' title="bbox 839 1322 1260 1355; baseline 0.007 -6"><span class='ocrx_word' id='word_1_550' title='bbox 839 1322 924 1350; x_wconf 84' lang='lat' dir='ltr'><strong>babes</strong></span> <span class='ocrx_word' id='word_1_551' title='bbox 940 1322 1044 1355; x_wconf 81' lang='lat' dir='ltr'><strong>dicere,</strong></span> <span class='ocrx_word' id='word_1_552' title='bbox 1060 1331 1114 1350; x_wconf 89' lang='lat' dir='ltr'><strong>non</strong></span> <span class='ocrx_word' id='word_1_553' title='bbox 1131 1325 1260 1352; x_wconf 86' lang='lat' dir='ltr'><strong>moreris.</strong></span> 
     </span>
    </p>
   </div>
   <div class='ocr_carea' id='block_1_71' title="bbox 874 1368 1628 1405">
    <p class='ocr_par' dir='ltr' id='par_1_71' title="bbox 874 1368 1628 1405">
     <span class='ocr_line' id='line_1_71' title="bbox 874 1368 1628 1405; baseline 0.008 -10"><span class='ocrx_word' id='word_1_554' title='bbox 874 1368 929 1396; x_wconf 83' lang='lat' dir='ltr'><strong>LV.</strong></span> <span class='ocrx_word' id='word_1_555' title='bbox 945 1368 1042 1396; x_wconf 81' lang='lat' dir='ltr'><strong>Petrus</strong></span> <span class='ocrx_word' id='word_1_556' title='bbox 1056 1370 1198 1405; x_wconf 86' lang='lat' dir='ltr'><strong>respondit</strong></span> <span class='ocrx_word' id='word_1_557' title='bbox 1213 1380 1220 1397; x_wconf 87' lang='lat'><strong>:</strong></span> <span class='ocrx_word' id='word_1_558' title='bbox 1234 1370 1328 1398; x_wconf 87' lang='lat' dir='ltr'><strong>Solent</strong></span> <span class='ocrx_word' id='word_1_559' title='bbox 1345 1372 1407 1404; x_wconf 86' lang='lat' dir='ltr'><strong>ista,</strong></span> <span class='ocrx_word' id='word_1_560' title='bbox 1422 1380 1439 1399; x_wconf 93' lang='lat' dir='ltr'><strong>o</strong></span> <span class='ocrx_word' id='word_1_561' title='bbox 1453 1372 1559 1405; x_wconf 83' lang='lat' dir='ltr'><strong>Simon,</strong></span> <span class='ocrx_word' id='word_1_562' title='bbox 1577 1374 1628 1401; x_wconf 88' lang='lat' dir='ltr'><strong>ab-</strong></span> 
     </span>
    </p>
   </div>
   <div class='ocr_carea' id='block_1_72' title="bbox 839 1414 1629 1454">
    <p class='ocr_par' dir='ltr' id='par_1_72' title="bbox 839 1414 1629 1454">
     <span class='ocr_line' id='line_1_72' title="bbox 839 1414 1629 1454; baseline 0.008 -13"><span class='ocrx_word' id='word_1_563' title='bbox 839 1414 922 1442; x_wconf 83' lang='lat' dir='ltr'><strong>surda</strong></span> <span class='ocrx_word' id='word_1_564' title='bbox 945 1415 1076 1443; x_wconf 87' lang='lat' dir='ltr'><strong>adversus</strong></span> <span class='ocrx_word' id='word_1_565' title='bbox 1100 1416 1184 1443; x_wconf 85' lang='lat' dir='ltr'><strong>Deum</strong></span> <span class='ocrx_word' id='word_1_566' title='bbox 1210 1417 1336 1444; x_wconf 89' lang='lat' dir='ltr'><strong>meditari</strong></span> <span class='ocrx_word' id='word_1_567' title='bbox 1361 1418 1388 1444; x_wconf 90' lang='lat' dir='ltr'><strong>bi</strong></span> <span class='ocrx_word' id='word_1_568' title='bbox 1403 1419 1450 1453; x_wconf 92' lang='lat' dir='ltr'><strong>qui</strong></span> <span class='ocrx_word' id='word_1_569' title='bbox 1466 1419 1551 1454; x_wconf 88' lang='lat' dir='ltr'><strong>legem</strong></span> <span class='ocrx_word' id='word_1_570' title='bbox 1574 1427 1629 1447; x_wconf 89' lang='lat' dir='ltr'><strong>non</strong></span> 
     </span>
    </p>
   </div>
   <div class='ocr_carea' id='block_1_73' title="bbox 839 1463 1630 1499">
    <p class='ocr_par' dir='ltr' id='par_1_73' title="bbox 839 1463 1630 1499">
     <span class='ocr_line' id='line_1_73' title="bbox 839 1463 1630 1499; baseline 0.005 -11"><span class='ocrx_word' id='word_1_571' title='bbox 839 1463 979 1497; x_wconf 78' lang='lat' dir='ltr'><strong>magistris</strong></span> <span class='ocrx_word' id='word_1_572' title='bbox 1000 1463 1172 1490; x_wconf 85' lang='lat' dir='ltr'><strong>tradentibus</strong></span> <span class='ocrx_word' id='word_1_573' title='bbox 1197 1463 1302 1498; x_wconf 84' lang='lat' dir='ltr'><strong>legunt,</strong></span> <span class='ocrx_word' id='word_1_574' title='bbox 1329 1464 1376 1490; x_wconf 89' lang='lat' dir='ltr'><strong>sed</strong></span> <span class='ocrx_word' id='word_1_575' title='bbox 1400 1465 1563 1499; x_wconf 86' lang='lat' dir='ltr'><strong>semetipsos</strong></span> <span class='ocrx_word' id='word_1_576' title='bbox 1579 1465 1630 1492; x_wconf 88' lang='lat' dir='ltr'><strong>do-</strong></span> 
     </span>
    </p>
   </div>
   <div class='ocr_carea' id='block_1_74' title="bbox 839 1509 1630 1546">
    <p class='ocr_par' dir='ltr' id='par_1_74' title="bbox 839 1509 1630 1546">
     <span class='ocr_line' id='line_1_74' title="bbox 839 1509 1630 1546; baseline 0.004 -11"><span class='ocrx_word' id='word_1_577' title='bbox 839 1513 930 1536; x_wconf 86' lang='lat' dir='ltr'><strong>ctores</strong></span> <span class='ocrx_word' id='word_1_578' title='bbox 946 1509 1047 1536; x_wconf 88' lang='lat' dir='ltr'><strong>habent</strong></span> <span class='ocrx_word' id='word_1_579' title='bbox 1061 1512 1088 1536; x_wconf 87' lang='lat' dir='ltr'><strong>et</strong></span> <span class='ocrx_word' id='word_1_580' title='bbox 1100 1513 1197 1544; x_wconf 88' lang='lat' dir='ltr'><strong>putant</strong></span> <span class='ocrx_word' id='word_1_581' title='bbox 1213 1517 1243 1537; x_wconf 88' lang='lat' dir='ltr'><strong>se</strong></span> <span class='ocrx_word' id='word_1_582' title='bbox 1260 1510 1412 1545; x_wconf 72' lang='lat' dir='ltr'><strong>intelligere</strong></span> <span class='ocrx_word' id='word_1_583' title='bbox 1424 1518 1505 1546; x_wconf 86' lang='lat' dir='ltr'><strong>posse</strong></span> <span class='ocrx_word' id='word_1_584' title='bbox 1524 1511 1610 1546; x_wconf 88' lang='lat' dir='ltr'><strong>legem</strong></span> <span class='ocrx_word' id='word_1_585' title='bbox 1620 1532 1630 1545; x_wconf 83' lang='lat'><strong>,</strong></span> 
     </span>
    </p>
   </div>
   <div class='ocr_carea' id='block_1_75' title="bbox 839 1555 1628 1591">
    <p class='ocr_par' dir='ltr' id='par_1_75' title="bbox 839 1555 1628 1591">
     <span class='ocr_line' id='line_1_75' title="bbox 839 1555 1628 1591; baseline 0.004 -10"><span class='ocrx_word' id='word_1_586' title='bbox 839 1562 921 1589; x_wconf 88' lang='lat' dir='ltr'><strong>quam</strong></span> <span class='ocrx_word' id='word_1_587' title='bbox 934 1555 986 1582; x_wconf 87' lang='lat' dir='ltr'><strong>sibi</strong></span> <span class='ocrx_word' id='word_1_588' title='bbox 1001 1563 1056 1582; x_wconf 93' lang='lat' dir='ltr'><strong>non</strong></span> <span class='ocrx_word' id='word_1_589' title='bbox 1069 1555 1197 1590; x_wconf 84' lang='lat' dir='ltr'><strong>exposuit</strong></span> <span class='ocrx_word' id='word_1_590' title='bbox 1213 1555 1258 1582; x_wconf 86' lang='lat' dir='ltr'><strong>ille</strong></span> <span class='ocrx_word' id='word_1_591' title='bbox 1272 1555 1342 1590; x_wconf 87' lang='lat' dir='ltr'><strong>quia</strong></span> <span class='ocrx_word' id='word_1_592' title='bbox 1353 1556 1485 1591; x_wconf 80' lang='lat' dir='ltr'><strong>magistro</strong></span> <span class='ocrx_word' id='word_1_593' title='bbox 1492 1556 1628 1586; x_wconf 89' lang='lat' dir='ltr'><strong>didicerit.</strong></span> 
     </span>
    </p>
   </div>
   <div class='ocr_carea' id='block_1_76' title="bbox 842 1599 1630 1633">
    <p class='ocr_par' dir='ltr' id='par_1_76' title="bbox 842 1599 1630 1633">
     <span class='ocr_line' id='line_1_76' title="bbox 842 1599 1630 1633; baseline 0.005 -6"><span class='ocrx_word' id='word_1_594' title='bbox 842 1599 1035 1628; x_wconf 76' lang='lat' dir='ltr'><strong>Verumtamen</strong></span> <span class='ocrx_word' id='word_1_595' title='bbox 1043 1609 1126 1633; x_wconf 80' lang='lat' dir='ltr'><strong>nunc,</strong></span> <span class='ocrx_word' id='word_1_596' title='bbox 1137 1605 1167 1628; x_wconf 89' lang='lat' dir='ltr'><strong>ut</strong></span> <span class='ocrx_word' id='word_1_597' title='bbox 1175 1605 1200 1628; x_wconf 90' lang='lat' dir='ltr'><strong>et</strong></span> <span class='ocrx_word' id='word_1_598' title='bbox 1208 1609 1259 1628; x_wconf 88' lang='lat' dir='ltr'><strong>nos</strong></span> <span class='ocrx_word' id='word_1_599' title='bbox 1271 1601 1421 1629; x_wconf 85' lang='lat' dir='ltr'><strong>secundum</strong></span> <span class='ocrx_word' id='word_1_600' title='bbox 1433 1607 1509 1630; x_wconf 88' lang='lat' dir='ltr'><strong>tuum</strong></span> <span class='ocrx_word' id='word_1_601' title='bbox 1518 1611 1630 1631; x_wconf 84' lang='lat' dir='ltr'><strong>sensum</strong></span> 
     </span>
    </p>
   </div>
   <div class='ocr_carea' id='block_1_77' title="bbox 841 1646 1630 1684">
    <p class='ocr_par' dir='ltr' id='par_1_77' title="bbox 841 1646 1630 1684">
     <span class='ocr_line' id='line_1_77' title="bbox 841 1646 1630 1684; baseline 0.003 -11"><span class='ocrx_word' id='word_1_602' title='bbox 841 1646 1012 1681; x_wconf 87' lang='lat' dir='ltr'><strong>Scripturam</strong></span> <span class='ocrx_word' id='word_1_603' title='bbox 1032 1647 1099 1682; x_wconf 81' lang='lat' dir='ltr'><strong>legis</strong></span> <span class='ocrx_word' id='word_1_604' title='bbox 1111 1648 1187 1682; x_wconf 88' lang='lat' dir='ltr'><strong>sequi</strong></span> <span class='ocrx_word' id='word_1_605' title='bbox 1206 1647 1361 1679; x_wconf 88' lang='lat' dir='ltr'><strong>videamur,</strong></span> <span class='ocrx_word' id='word_1_606' title='bbox 1377 1648 1442 1682; x_wconf 88' lang='lat' dir='ltr'><strong>quia</strong></span> <span class='ocrx_word' id='word_1_607' title='bbox 1458 1653 1485 1675; x_wconf 89' lang='lat' dir='ltr'><strong>et</strong></span> <span class='ocrx_word' id='word_1_608' title='bbox 1497 1649 1630 1684; x_wconf 86' lang='lat' dir='ltr'><strong>impossi-</strong></span> 
     </span>
    </p>
   </div>
   <div class='ocr_carea' id='block_1_78' title="bbox 840 1693 1630 1722">
    <p class='ocr_par' dir='ltr' id='par_1_78' title="bbox 840 1693 1630 1722">
     <span class='ocr_line' id='line_1_78' title="bbox 840 1693 1630 1722; baseline 0.004 -3"><span class='ocrx_word' id='word_1_609' title='bbox 840 1693 920 1720; x_wconf 83' lang='lat' dir='ltr'><strong>bilem</strong></span> <span class='ocrx_word' id='word_1_610' title='bbox 934 1696 961 1719; x_wconf 85' lang='lat' dir='ltr'><strong>et</strong></span> <span class='ocrx_word' id='word_1_611' title='bbox 977 1700 1030 1719; x_wconf 87' lang='lat' dir='ltr'><strong>non</strong></span> <span class='ocrx_word' id='word_1_612' title='bbox 1043 1693 1144 1719; x_wconf 92' lang='lat' dir='ltr'><strong>bonum</strong></span> <span class='ocrx_word' id='word_1_613' title='bbox 1157 1693 1227 1720; x_wconf 89' lang='lat' dir='ltr'><strong>dicis</strong></span> <span class='ocrx_word' id='word_1_614' title='bbox 1243 1693 1351 1720; x_wconf 89' lang='lat' dir='ltr'><strong>ostendi</strong></span> <span class='ocrx_word' id='word_1_615' title='bbox 1365 1694 1541 1722; x_wconf 78' lang='lat' dir='ltr'><strong>Conditorem</strong></span> <span class='ocrx_word' id='word_1_616' title='bbox 1550 1703 1630 1722; x_wconf 91' lang='lat' dir='ltr'><strong>mun-</strong></span> 
     </span>
    </p>
   </div>
   <div class='ocr_carea' id='block_1_79' title="bbox 839 1738 1629 1776">
    <p class='ocr_par' dir='ltr' id='par_1_79' title="bbox 839 1738 1629 1776">
     <span class='ocr_line' id='line_1_79' title="bbox 839 1738 1629 1776; baseline 0.005 -12"><span class='ocrx_word' id='word_1_617' title='bbox 839 1738 878 1770; x_wconf 89' lang='lat' dir='ltr'><strong>di,</strong></span> <span class='ocrx_word' id='word_1_618' title='bbox 896 1739 1034 1773; x_wconf 89' lang='lat' dir='ltr'><strong>quomodo</strong></span> <span class='ocrx_word' id='word_1_619' title='bbox 1050 1747 1104 1766; x_wconf 91' lang='lat' dir='ltr'><strong>non</strong></span> <span class='ocrx_word' id='word_1_620' title='bbox 1121 1739 1212 1766; x_wconf 90' lang='lat' dir='ltr'><strong>vidisti</strong></span> <span class='ocrx_word' id='word_1_621' title='bbox 1235 1739 1308 1774; x_wconf 89' lang='lat' dir='ltr'><strong>quod</strong></span> <span class='ocrx_word' id='word_1_622' title='bbox 1332 1739 1429 1767; x_wconf 89' lang='lat' dir='ltr'><strong>iisdem</strong></span> <span class='ocrx_word' id='word_1_623' title='bbox 1449 1741 1516 1775; x_wconf 88' lang='lat' dir='ltr'><strong>ipsis</strong></span> <span class='ocrx_word' id='word_1_624' title='bbox 1535 1749 1629 1776; x_wconf 91' lang='lat' dir='ltr'><strong>repre-</strong></span> 
     </span>
    </p>
   </div>
   <div class='ocr_carea' id='block_1_80' title="bbox 840 1784 1628 1819">
    <p class='ocr_par' dir='ltr' id='par_1_80' title="bbox 840 1784 1628 1819">
     <span class='ocr_line' id='line_1_80' title="bbox 840 1784 1628 1819; baseline 0.004 -8"><span class='ocrx_word' id='word_1_625' title='bbox 840 1784 1021 1812; x_wconf 79' lang='lat' dir='ltr'><strong>hensionibus</strong></span> <span class='ocrx_word' id='word_1_626' title='bbox 1032 1785 1186 1812; x_wconf 88' lang='lat' dir='ltr'><strong>succumbit</strong></span> <span class='ocrx_word' id='word_1_627' title='bbox 1199 1789 1226 1812; x_wconf 89' lang='lat' dir='ltr'><strong>et</strong></span> <span class='ocrx_word' id='word_1_628' title='bbox 1242 1785 1365 1819; x_wconf 83' lang='lat' dir='ltr'><strong>subjacet</strong></span> <span class='ocrx_word' id='word_1_629' title='bbox 1380 1786 1462 1813; x_wconf 91' lang='lat' dir='ltr'><strong>etiam</strong></span> <span class='ocrx_word' id='word_1_630' title='bbox 1476 1787 1529 1813; x_wconf 88' lang='lat' dir='ltr'><strong>ista</strong></span> <span class='ocrx_word' id='word_1_631' title='bbox 1540 1788 1628 1816; x_wconf 88' lang='lat' dir='ltr'><strong>virtus</strong></span> 
     </span>
    </p>
   </div>
   <div class='ocr_carea' id='block_1_81' title="bbox 839 1830 1629 1865">
    <p class='ocr_par' dir='ltr' id='par_1_81' title="bbox 839 1830 1629 1865">
     <span class='ocr_line' id='line_1_81' title="bbox 839 1830 1629 1865; baseline 0.005 -9"><span class='ocrx_word' id='word_1_632' title='bbox 839 1834 897 1862; x_wconf 88' lang='lat' dir='ltr'><strong>tua,</strong></span> <span class='ocrx_word' id='word_1_633' title='bbox 912 1838 994 1865; x_wconf 89' lang='lat' dir='ltr'><strong>quam</strong></span> <span class='ocrx_word' id='word_1_634' title='bbox 1015 1830 1085 1858; x_wconf 91' lang='lat' dir='ltr'><strong>dicis</strong></span> <span class='ocrx_word' id='word_1_635' title='bbox 1106 1838 1167 1858; x_wconf 85' lang='lat' dir='ltr'><strong>esse</strong></span> <span class='ocrx_word' id='word_1_636' title='bbox 1186 1831 1393 1859; x_wconf 89' lang='lat' dir='ltr'><strong>eminentiorem</strong></span> <span class='ocrx_word' id='word_1_637' title='bbox 1415 1833 1558 1860; x_wconf 78' lang='lat' dir='ltr'><strong>omnium?</strong></span> <span class='ocrx_word' id='word_1_638' title='bbox 1576 1833 1629 1860; x_wconf 85' lang='lat' dir='ltr'><strong>Eo—</strong></span> 
     </span>
    </p>
   </div>
   <div class='ocr_carea' id='block_1_82' title="bbox 839 1877 1628 1914">
    <p class='ocr_par' dir='ltr' id='par_1_82' title="bbox 839 1877 1628 1914">
     <span class='ocr_line' id='line_1_82' title="bbox 839 1877 1628 1914; baseline 0.004 -10"><span class='ocrx_word' id='word_1_639' title='bbox 839 1877 900 1904; x_wconf 83' lang='lat' dir='ltr'><strong>dem</strong></span> <span class='ocrx_word' id='word_1_640' title='bbox 916 1885 1036 1912; x_wconf 87' lang='lat' dir='ltr'><strong>namque</strong></span> <span class='ocrx_word' id='word_1_641' title='bbox 1051 1877 1132 1904; x_wconf 92' lang='lat' dir='ltr'><strong>modo</strong></span> <span class='ocrx_word' id='word_1_642' title='bbox 1145 1877 1179 1904; x_wconf 93' lang='lat' dir='ltr'><strong>de</strong></span> <span class='ocrx_word' id='word_1_643' title='bbox 1194 1879 1252 1911; x_wconf 91' lang='lat' dir='ltr'><strong>ipsa</strong></span> <span class='ocrx_word' id='word_1_644' title='bbox 1267 1877 1321 1904; x_wconf 87' lang='lat' dir='ltr'><strong>dici</strong></span> <span class='ocrx_word' id='word_1_645' title='bbox 1337 1882 1437 1913; x_wconf 84' lang='lat' dir='ltr'><strong>potest,</strong></span> <span class='ocrx_word' id='word_1_646' title='bbox 1458 1880 1522 1914; x_wconf 84' lang='lat' dir='ltr'><strong>quia</strong></span> <span class='ocrx_word' id='word_1_647' title='bbox 1535 1881 1628 1908; x_wconf 89' lang='lat' dir='ltr'><strong>omnia</strong></span> 
     </span>
    </p>
   </div>
   <div class='ocr_carea' id='block_1_83' title="bbox 839 1923 1627 1960">
    <p class='ocr_par' dir='ltr' id='par_1_83' title="bbox 839 1923 1627 1960">
     <span class='ocr_line' id='line_1_83' title="bbox 839 1923 1627 1960; baseline 0.004 -10"><span class='ocrx_word' id='word_1_648' title='bbox 839 1931 899 1959; x_wconf 55' lang='lat' dir='ltr'><strong>qua</strong></span> <span class='ocrx_word' id='word_1_649' title='bbox 912 1924 956 1951; x_wconf 92' lang='lat' dir='ltr'><strong>hic</strong></span> <span class='ocrx_word' id='word_1_650' title='bbox 968 1924 1038 1950; x_wconf 89' lang='lat' dir='ltr'><strong>male</strong></span> <span class='ocrx_word' id='word_1_651' title='bbox 1051 1927 1194 1959; x_wconf 86' lang='lat' dir='ltr'><strong>geruntur,</strong></span> <span class='ocrx_word' id='word_1_652' title='bbox 1208 1927 1255 1950; x_wconf 89' lang='lat' dir='ltr'><strong>aut</strong></span> <span class='ocrx_word' id='word_1_653' title='bbox 1265 1923 1443 1958; x_wconf 84' lang='lat' dir='ltr'><strong>impossibilis</strong></span> <span class='ocrx_word' id='word_1_654' title='bbox 1450 1928 1492 1952; x_wconf 83' lang='lat' dir='ltr'><strong>est</strong></span> <span class='ocrx_word' id='word_1_655' title='bbox 1500 1933 1561 1960; x_wconf 78' lang='lat' dir='ltr'><strong>qua:</strong></span> <span class='ocrx_word' id='word_1_656' title='bbox 1572 1934 1627 1953; x_wconf 88' lang='lat' dir='ltr'><strong>non</strong></span> 
     </span>
    </p>
   </div>
   <div class='ocr_carea' id='block_1_84' title="bbox 839 1969 1627 2004">
    <p class='ocr_par' dir='ltr' id='par_1_84' title="bbox 839 1969 1627 2004">
     <span class='ocr_line' id='line_1_84' title="bbox 839 1969 1627 2004; baseline 0.004 -8"><span class='ocrx_word' id='word_1_657' title='bbox 839 1970 963 2004; x_wconf 80' lang='lat' dir='ltr'><strong>corrigit,</strong></span> <span class='ocrx_word' id='word_1_658' title='bbox 974 1973 1021 1996; x_wconf 90' lang='lat' dir='ltr'><strong>aut</strong></span> <span class='ocrx_word' id='word_1_659' title='bbox 1035 1970 1057 1996; x_wconf 90' lang='lat' dir='ltr'><strong>si</strong></span> <span class='ocrx_word' id='word_1_660' title='bbox 1073 1972 1162 2004; x_wconf 86' lang='lat' dir='ltr'><strong>potest</strong></span> <span class='ocrx_word' id='word_1_661' title='bbox 1174 1974 1201 1996; x_wconf 85' lang='lat' dir='ltr'><strong>et</strong></span> <span class='ocrx_word' id='word_1_662' title='bbox 1215 1977 1270 1996; x_wconf 88' lang='lat' dir='ltr'><strong>non</strong></span> <span class='ocrx_word' id='word_1_663' title='bbox 1285 1969 1353 2001; x_wconf 90' lang='lat' dir='ltr'><strong>vult,</strong></span> <span class='ocrx_word' id='word_1_664' title='bbox 1363 1969 1435 1996; x_wconf 82' lang='lat' dir='ltr'><strong>mala</strong></span> <span class='ocrx_word' id='word_1_665' title='bbox 1450 1975 1502 1998; x_wconf 85' lang='lat' dir='ltr'><strong>est.</strong></span> <span class='ocrx_word' id='word_1_666' title='bbox 1519 1970 1548 1997; x_wconf 92' lang='lat' dir='ltr'><strong>Si</strong></span> <span class='ocrx_word' id='word_1_667' title='bbox 1561 1979 1627 1999; x_wconf 79' lang='lat' dir='ltr'><strong>vero</strong></span> 
     </span>
    </p>
   </div>
   <div class='ocr_carea' id='block_1_85' title="bbox 840 2015 1628 2051">
    <p class='ocr_par' dir='ltr' id='par_1_85' title="bbox 840 2015 1628 2051">
     <span class='ocr_line' id='line_1_85' title="bbox 840 2015 1628 2051; baseline 0.003 -9"><span class='ocrx_word' id='word_1_668' title='bbox 840 2024 928 2051; x_wconf 92' lang='lat' dir='ltr'><strong>neque</strong></span> <span class='ocrx_word' id='word_1_669' title='bbox 946 2019 1037 2050; x_wconf 86' lang='lat' dir='ltr'><strong>potest</strong></span> <span class='ocrx_word' id='word_1_670' title='bbox 1054 2023 1142 2050; x_wconf 82' lang='lat' dir='ltr'><strong>neque</strong></span> <span class='ocrx_word' id='word_1_671' title='bbox 1158 2015 1226 2048; x_wconf 91' lang='lat' dir='ltr'><strong>vult,</strong></span> <span class='ocrx_word' id='word_1_672' title='bbox 1243 2019 1270 2043; x_wconf 91' lang='lat' dir='ltr'><strong>et</strong></span> <span class='ocrx_word' id='word_1_673' title='bbox 1287 2015 1468 2050; x_wconf 85' lang='lat' dir='ltr'><strong>impossibilis</strong></span> <span class='ocrx_word' id='word_1_674' title='bbox 1485 2019 1512 2043; x_wconf 90' lang='lat' dir='ltr'><strong>et</strong></span> <span class='ocrx_word' id='word_1_675' title='bbox 1526 2017 1628 2051; x_wconf 90' lang='lat' dir='ltr'><strong>imper-</strong></span> 
     </span>
    </p>
   </div>
   <div class='ocr_carea' id='block_1_86' title="bbox 840 2061 1625 2096">
    <p class='ocr_par' dir='ltr' id='par_1_86' title="bbox 840 2061 1625 2096">
     <span class='ocr_line' id='line_1_86' title="bbox 840 2061 1625 2096; baseline 0.003 -8"><span class='ocrx_word' id='word_1_676' title='bbox 840 2061 909 2089; x_wconf 86' lang='lat' dir='ltr'><strong>fecta</strong></span> <span class='ocrx_word' id='word_1_677' title='bbox 923 2066 975 2088; x_wconf 88' lang='lat' dir='ltr'><strong>est.</strong></span> <span class='ocrx_word' id='word_1_678' title='bbox 993 2061 1069 2088; x_wconf 88' lang='lat' dir='ltr'><strong>Unde</strong></span> <span class='ocrx_word' id='word_1_679' title='bbox 1085 2069 1138 2088; x_wconf 88' lang='lat' dir='ltr'><strong>non</strong></span> <span class='ocrx_word' id='word_1_680' title='bbox 1160 2061 1249 2088; x_wconf 91' lang='lat' dir='ltr'><strong>solum</strong></span> <span class='ocrx_word' id='word_1_681' title='bbox 1265 2061 1348 2088; x_wconf 89' lang='lat' dir='ltr'><strong>simili</strong></span> <span class='ocrx_word' id='word_1_682' title='bbox 1364 2061 1451 2096; x_wconf 79' lang='lat' dir='ltr'><strong>culpa:</strong></span> <span class='ocrx_word' id='word_1_683' title='bbox 1463 2062 1552 2090; x_wconf 90' lang='lat' dir='ltr'><strong>virtus</strong></span> <span class='ocrx_word' id='word_1_684' title='bbox 1570 2063 1625 2090; x_wconf 87' lang='lat' dir='ltr'><strong>ista</strong></span> 
     </span>
    </p>
   </div>
   <div class='ocr_carea' id='block_1_87' title="bbox 839 2106 1628 2140">
    <p class='ocr_par' dir='ltr' id='par_1_87' title="bbox 839 2106 1628 2140">
     <span class='ocr_line' id='line_1_87' title="bbox 839 2106 1628 2140; baseline 0.003 -6"><span class='ocrx_word' id='word_1_685' title='bbox 839 2112 886 2135; x_wconf 75' lang='lat' dir='ltr'><strong>tua</strong></span> <span class='ocrx_word' id='word_1_686' title='bbox 900 2115 980 2138; x_wconf 86' lang='lat' dir='ltr'><strong>nova,</strong></span> <span class='ocrx_word' id='word_1_687' title='bbox 998 2107 1044 2134; x_wconf 86' lang='lat' dir='ltr'><strong>sed</strong></span> <span class='ocrx_word' id='word_1_688' title='bbox 1058 2111 1084 2134; x_wconf 79' lang='lat' dir='ltr'><strong>et</strong></span> <span class='ocrx_word' id='word_1_689' title='bbox 1098 2107 1228 2134; x_wconf 87' lang='lat' dir='ltr'><strong>deteriori</strong></span> <span class='ocrx_word' id='word_1_690' title='bbox 1241 2106 1379 2138; x_wconf 85' lang='lat' dir='ltr'><strong>invenitur</strong></span> <span class='ocrx_word' id='word_1_691' title='bbox 1394 2107 1522 2140; x_wconf 84' lang='lat' dir='ltr'><strong>obnoxia,</strong></span> <span class='ocrx_word' id='word_1_692' title='bbox 1540 2108 1563 2136; x_wconf 81' lang='lat' dir='ltr'><strong>si</strong></span> <span class='ocrx_word' id='word_1_693' title='bbox 1579 2116 1628 2136; x_wconf 90' lang='lat' dir='ltr'><strong>su-</strong></span> 
     </span>
    </p>
   </div>
   <div class='ocr_carea' id='block_1_88' title="bbox 840 2153 1625 2189">
    <p class='ocr_par' dir='ltr' id='par_1_88' title="bbox 840 2153 1625 2189">
     <span class='ocr_line' id='line_1_88' title="bbox 840 2153 1625 2189; baseline 0.003 -9"><span class='ocrx_word' id='word_1_694' title='bbox 840 2161 887 2189; x_wconf 86' lang='lat' dir='ltr'><strong>per</strong></span> <span class='ocrx_word' id='word_1_695' title='bbox 903 2154 960 2181; x_wconf 75' lang='lat' dir='ltr'><strong>hzec</strong></span> <span class='ocrx_word' id='word_1_696' title='bbox 975 2154 1069 2180; x_wconf 85' lang='lat' dir='ltr'><strong>omnia</strong></span> <span class='ocrx_word' id='word_1_697' title='bbox 1086 2154 1167 2180; x_wconf 88' lang='lat' dir='ltr'><strong>etiam</strong></span> <span class='ocrx_word' id='word_1_698' title='bbox 1183 2161 1245 2180; x_wconf 87' lang='lat' dir='ltr'><strong>cum</strong></span> <span class='ocrx_word' id='word_1_699' title='bbox 1267 2160 1322 2180; x_wconf 81' lang='lat' dir='ltr'><strong>noti</strong></span> <span class='ocrx_word' id='word_1_700' title='bbox 1339 2154 1384 2185; x_wconf 90' lang='lat' dir='ltr'><strong>sit,</strong></span> <span class='ocrx_word' id='word_1_701' title='bbox 1403 2161 1465 2181; x_wconf 86' lang='lat' dir='ltr'><strong>esse</strong></span> <span class='ocrx_word' id='word_1_702' title='bbox 1485 2153 1625 2183; x_wconf 88' lang='lat' dir='ltr'><strong>credatur.</strong></span> 
     </span>
    </p>
   </div>
   <div class='ocr_carea' id='block_1_89' title="bbox 838 2199 1626 2235">
    <p class='ocr_par' dir='ltr' id='par_1_89' title="bbox 838 2199 1626 2235">
     <span class='ocr_line' id='line_1_89' title="bbox 838 2199 1626 2235; baseline 0.001 -8"><span class='ocrx_word' id='word_1_703' title='bbox 838 2200 905 2227; x_wconf 85' lang='lat' dir='ltr'><strong>Nam</strong></span> <span class='ocrx_word' id='word_1_704' title='bbox 921 2201 944 2227; x_wconf 88' lang='lat' dir='ltr'><strong>is</strong></span> <span class='ocrx_word' id='word_1_705' title='bbox 963 2200 1010 2234; x_wconf 93' lang='lat' dir='ltr'><strong>qui</strong></span> <span class='ocrx_word' id='word_1_706' title='bbox 1027 2200 1158 2226; x_wconf 89' lang='lat' dir='ltr'><strong>mundum</strong></span> <span class='ocrx_word' id='word_1_707' title='bbox 1175 2199 1288 2232; x_wconf 84' lang='lat' dir='ltr'><strong>creavit,</strong></span> <span class='ocrx_word' id='word_1_708' title='bbox 1301 2199 1353 2226; x_wconf 92' lang='lat' dir='ltr'><strong>hoc</strong></span> <span class='ocrx_word' id='word_1_709' title='bbox 1373 2200 1462 2234; x_wconf 83' lang='lat' dir='ltr'><strong>ipsum</strong></span> <span class='ocrx_word' id='word_1_710' title='bbox 1474 2200 1546 2235; x_wconf 90' lang='lat' dir='ltr'><strong>quod</strong></span> <span class='ocrx_word' id='word_1_711' title='bbox 1559 2201 1626 2228; x_wconf 86' lang='lat' dir='ltr'><strong>sub-</strong></span> 
     </span>
    </p>
   </div>
   <div class='ocr_carea' id='block_1_90' title="bbox 22 2241 1623 2283">
    <p class='ocr_par' dir='ltr' id='par_1_90' title="bbox 22 2241 1623 2283">
     <span class='ocr_line' id='line_1_90' title="bbox 22 2241 1623 2283; baseline 0.004 -15"><span class='ocrx_word' id='word_1_712' title='bbox 22 2241 47 2271; x_wconf 71' lang='lat' dir='ltr'><strong>ini</strong></span> <span class='ocrx_word' id='word_1_713' title='bbox 63 2243 145 2275; x_wconf 85' lang='lat' dir='ltr'><strong>primo</strong></span> <span class='ocrx_word' id='word_1_714' title='bbox 159 2243 261 2270; x_wconf 86' lang='lat' dir='ltr'><strong>homini</strong></span> <span class='ocrx_word' id='word_1_715' title='bbox 276 2244 368 2278; x_wconf 88' lang='lat' dir='ltr'><strong>posuit</strong></span> <span class='ocrx_word' id='word_1_716' title='bbox 386 2245 481 2280; x_wconf 81' lang='lat' dir='ltr'><strong>legem,</strong></span> <span class='ocrx_word' id='word_1_717' title='bbox 499 2249 528 2273; x_wconf 90' lang='lat' dir='ltr'><strong>ut</strong></span> <span class='ocrx_word' id='word_1_718' title='bbox 544 2247 578 2273; x_wconf 92' lang='lat' dir='ltr'><strong>ab</strong></span> <span class='ocrx_word' id='word_1_719' title='bbox 589 2247 785 2283; x_wconf 82' lang='lat' dir='ltr'><strong>oinuibusqui-</strong></span> <span class='ocrx_word' id='word_1_720' title='bbox 800 2250 822 2278; x_wconf 83' lang='grc' dir='ltr'><strong>ι)</strong></span> <span class='ocrx_word' id='word_1_721' title='bbox 838 2246 950 2274; x_wconf 81' lang='lat' dir='ltr'><strong>sistitex</strong></span> <span class='ocrx_word' id='word_1_722' title='bbox 960 2253 1042 2280; x_wconf 88' lang='lat' dir='ltr'><strong>opere</strong></span> <span class='ocrx_word' id='word_1_723' title='bbox 1049 2246 1109 2280; x_wconf 75' lang='lat' dir='ltr'><strong>ejus</strong></span> <span class='ocrx_word' id='word_1_724' title='bbox 1118 2253 1172 2280; x_wconf 91' lang='lat' dir='ltr'><strong>quo</strong></span> <span class='ocrx_word' id='word_1_725' title='bbox 1181 2245 1312 2272; x_wconf 88' lang='lat' dir='ltr'><strong>mundum</strong></span> <span class='ocrx_word' id='word_1_726' title='bbox 1322 2245 1455 2278; x_wconf 88' lang='lat' dir='ltr'><strong>condidit,</strong></span> <span class='ocrx_word' id='word_1_727' title='bbox 1466 2246 1555 2281; x_wconf 84' lang='lat' dir='ltr'><strong>palam</strong></span> <span class='ocrx_word' id='word_1_728' title='bbox 1569 2251 1623 2279; x_wconf 80' lang='lat' dir='ltr'><strong>est,</strong></span> 
     </span>
    </p>
   </div>
   <div class='ocr_carea' id='block_1_91' title="bbox 26 2286 786 2326">
    <p class='ocr_par' dir='ltr' id='par_1_91' title="bbox 26 2286 786 2326">
     <span class='ocr_line' id='line_1_91' title="bbox 26 2286 786 2326; baseline 0.012 -15"><span class='ocrx_word' id='word_1_729' title='bbox 26 2293 61 2310; x_wconf 74' lang='lat' dir='ltr'><strong>riu</strong></span> <span class='ocrx_word' id='word_1_730' title='bbox 75 2286 150 2321; x_wconf 88' lang='lat' dir='ltr'><strong>lignis</strong></span> <span class='ocrx_word' id='word_1_731' title='bbox 173 2291 291 2323; x_wconf 82' lang='lat' dir='ltr'><strong>paradisi</strong></span> <span class='ocrx_word' id='word_1_732' title='bbox 304 2291 396 2318; x_wconf 87' lang='lat' dir='ltr'><strong>ederet</strong></span> <span class='ocrx_word' id='word_1_733' title='bbox 406 2312 413 2321; x_wconf 87' lang='lat'><strong>,</strong></span> <span class='ocrx_word' id='word_1_734' title='bbox 428 2292 461 2318; x_wconf 88' lang='lat' dir='ltr'><strong>de</strong></span> <span class='ocrx_word' id='word_1_735' title='bbox 474 2293 546 2326; x_wconf 82' lang='lat' dir='ltr'><strong>ligno</strong></span> <span class='ocrx_word' id='word_1_736' title='bbox 562 2296 650 2320; x_wconf 88' lang='lat' dir='ltr'><strong>autem</strong></span> <span class='ocrx_word' id='word_1_737' title='bbox 665 2294 786 2320; x_wconf 64' lang='lat' dir='ltr'><strong>scientiae</strong></span> 
     </span>
    </p>
   </div>
   <div class='ocr_carea' id='block_1_92' title="bbox 22 2333 786 2372">
    <p class='ocr_par' dir='ltr' id='par_1_92' title="bbox 22 2333 786 2372">
     <span class='ocr_line' id='line_1_92' title="bbox 22 2333 786 2372; baseline 0.016 -17"><span class='ocrx_word' id='word_1_738' title='bbox 22 2338 57 2355; x_wconf 77' lang='lat' dir='ltr'><strong>mn</strong></span> <span class='ocrx_word' id='word_1_739' title='bbox 71 2333 250 2368; x_wconf 79' lang='lat' dir='ltr'><strong>contingeret,</strong></span> <span class='ocrx_word' id='word_1_740' title='bbox 267 2336 314 2363; x_wconf 75' lang='lat' dir='ltr'><strong>scd</strong></span> <span class='ocrx_word' id='word_1_741' title='bbox 341 2337 365 2364; x_wconf 89' lang='lat' dir='ltr'><strong>si</strong></span> <span class='ocrx_word' id='word_1_742' title='bbox 392 2342 530 2372; x_wconf 84' lang='lat' dir='ltr'><strong>gustasset</strong></span> <span class='ocrx_word' id='word_1_743' title='bbox 549 2343 712 2367; x_wconf 85' lang='lat' dir='ltr'><strong>moreretur.</strong></span> <span class='ocrx_word' id='word_1_744' title='bbox 730 2340 786 2367; x_wconf 89' lang='lat' dir='ltr'><strong>Cur</strong></span> 
     </span>
    </p>
   </div>
   <div class='ocr_carea' id='block_1_93' title="bbox 24 2376 784 2419">
    <p class='ocr_par' dir='ltr' id='par_1_93' title="bbox 24 2376 784 2419">
     <span class='ocr_line' id='line_1_93' title="bbox 24 2376 784 2419; baseline 0.018 -19"><span class='ocrx_word' id='word_1_745' title='bbox 24 2376 71 2402; x_wconf 88' lang='lat' dir='ltr'><strong>nim</strong></span> <span class='ocrx_word' id='word_1_746' title='bbox 87 2383 187 2406; x_wconf 88' lang='lat' dir='ltr'><strong>vetaret</strong></span> <span class='ocrx_word' id='word_1_747' title='bbox 213 2389 274 2408; x_wconf 89' lang='lat' dir='ltr'><strong>eum</strong></span> <span class='ocrx_word' id='word_1_748' title='bbox 288 2382 361 2409; x_wconf 82' lang='lat' dir='ltr'><strong>vesci</strong></span> <span class='ocrx_word' id='word_1_749' title='bbox 375 2387 401 2409; x_wconf 79' lang='lat' dir='ltr'><strong>et</strong></span> <span class='ocrx_word' id='word_1_750' title='bbox 425 2384 496 2411; x_wconf 88' lang='lat' dir='ltr'><strong>scire</strong></span> <span class='ocrx_word' id='word_1_751' title='bbox 507 2384 571 2419; x_wconf 91' lang='lat' dir='ltr'><strong>quid</strong></span> <span class='ocrx_word' id='word_1_752' title='bbox 598 2389 670 2412; x_wconf 79' lang='lat' dir='ltr'><strong>esset</strong></span> <span class='ocrx_word' id='word_1_753' title='bbox 684 2386 784 2414; x_wconf 87' lang='lat' dir='ltr'><strong>bonum</strong></span> 
     </span>
    </p>
   </div>
   <div class='ocr_carea' id='block_1_94' title="bbox 25 2421 784 2465">
    <p class='ocr_par' dir='ltr' id='par_1_94' title="bbox 25 2421 784 2465">
     <span class='ocr_line' id='line_1_94' title="bbox 25 2421 784 2465; baseline 0.014 -17"><span class='ocrx_word' id='word_1_754' title='bbox 25 2421 45 2447; x_wconf 81' lang='lat' dir='ltr'><strong>el</strong></span> <span class='ocrx_word' id='word_1_755' title='bbox 56 2423 117 2456; x_wconf 89' lang='lat' dir='ltr'><strong>quid</strong></span> <span class='ocrx_word' id='word_1_756' title='bbox 144 2430 256 2458; x_wconf 88' lang='lat' dir='ltr'><strong>malum,</strong></span> <span class='ocrx_word' id='word_1_757' title='bbox 276 2433 303 2454; x_wconf 91' lang='lat' dir='ltr'><strong>ut</strong></span> <span class='ocrx_word' id='word_1_758' title='bbox 329 2437 420 2456; x_wconf 86' lang='lat' dir='ltr'><strong>sciens</strong></span> <span class='ocrx_word' id='word_1_759' title='bbox 450 2430 520 2457; x_wconf 89' lang='lat' dir='ltr'><strong>mala</strong></span> <span class='ocrx_word' id='word_1_760' title='bbox 547 2431 657 2465; x_wconf 86' lang='lat' dir='ltr'><strong>quidem</strong></span> <span class='ocrx_word' id='word_1_761' title='bbox 677 2431 784 2465; x_wconf 88' lang='lat' dir='ltr'><strong>vitaret,</strong></span> 
     </span>
    </p>
   </div>
   <div class='ocr_carea' id='block_1_95' title="bbox 22 2472 783 2510">
    <p class='ocr_par' dir='ltr' id='par_1_95' title="bbox 22 2472 783 2510">
     <span class='ocr_line' id='line_1_95' title="bbox 22 2472 783 2510; baseline 0.014 -16"><span class='ocrx_word' id='word_1_762' title='bbox 22 2474 72 2495; x_wconf 47' lang='lat' dir='ltr'><strong>tona</strong></span> <span class='ocrx_word' id='word_1_763' title='bbox 86 2477 148 2497; x_wconf 87' lang='lat' dir='ltr'><strong>vero</strong></span> <span class='ocrx_word' id='word_1_764' title='bbox 165 2472 296 2507; x_wconf 84' lang='lat' dir='ltr'><strong>eligeret?</strong></span> <span class='ocrx_word' id='word_1_765' title='bbox 318 2473 371 2501; x_wconf 84' lang='lat' dir='ltr'><strong>Sed</strong></span> <span class='ocrx_word' id='word_1_766' title='bbox 399 2483 486 2510; x_wconf 87' lang='lat' dir='ltr'><strong>neque</strong></span> <span class='ocrx_word' id='word_1_767' title='bbox 498 2476 556 2510; x_wconf 83' lang='lat' dir='ltr'><strong>ipse</strong></span> <span class='ocrx_word' id='word_1_768' title='bbox 570 2477 620 2504; x_wconf 91' lang='lat' dir='ltr'><strong>hoc</strong></span> <span class='ocrx_word' id='word_1_769' title='bbox 634 2479 783 2510; x_wconf 77' lang='lat' dir='ltr'><strong>concessit,</strong></span> 
     </span>
    </p>
   </div>
   <div class='ocr_carea' id='block_1_96' title="bbox 24 2515 784 2558">
    <p class='ocr_par' dir='ltr' id='par_1_96' title="bbox 24 2515 784 2558">
     <span class='ocr_line' id='line_1_96' title="bbox 24 2515 784 2558; baseline 0.014 -18"><span class='ocrx_word' id='word_1_770' title='bbox 24 2515 103 2547; x_wconf 81' lang='lat' dir='ltr'><strong>tquia</strong></span> <span class='ocrx_word' id='word_1_771' title='bbox 120 2516 164 2544; x_wconf 88' lang='lat' dir='ltr'><strong>ille</strong></span> <span class='ocrx_word' id='word_1_772' title='bbox 186 2522 282 2552; x_wconf 70' lang='lat' dir='ltr'><strong>prmter</strong></span> <span class='ocrx_word' id='word_1_773' title='bbox 307 2519 464 2547; x_wconf 89' lang='lat' dir='ltr'><strong>mandatum</strong></span> <span class='ocrx_word' id='word_1_774' title='bbox 486 2523 606 2556; x_wconf 84' lang='lat' dir='ltr'><strong>gustavit</strong></span> <span class='ocrx_word' id='word_1_775' title='bbox 627 2527 653 2549; x_wconf 90' lang='lat' dir='ltr'><strong>et</strong></span> <span class='ocrx_word' id='word_1_776' title='bbox 674 2524 784 2558; x_wconf 86' lang='lat' dir='ltr'><strong>agnovit</strong></span> 
     </span>
    </p>
   </div>
   <div class='ocr_carea' id='block_1_97' title="bbox 26 2560 782 2603">
    <p class='ocr_par' dir='ltr' id='par_1_97' title="bbox 26 2560 782 2603">
     <span class='ocr_line' id='line_1_97' title="bbox 26 2560 782 2603; baseline 0.017 -19"><span class='ocrx_word' id='word_1_777' title='bbox 26 2560 65 2586; x_wconf 89' lang='lat' dir='ltr'><strong>uid</strong></span> <span class='ocrx_word' id='word_1_778' title='bbox 79 2568 148 2590; x_wconf 88' lang='lat' dir='ltr'><strong>esset</strong></span> <span class='ocrx_word' id='word_1_779' title='bbox 164 2564 273 2596; x_wconf 84' lang='lat' dir='ltr'><strong>bonum,</strong></span> <span class='ocrx_word' id='word_1_780' title='bbox 287 2574 318 2592; x_wconf 82' lang='lat' dir='ltr'><strong>ac</strong></span> <span class='ocrx_word' id='word_1_781' title='bbox 329 2566 424 2593; x_wconf 80' lang='lat' dir='ltr'><strong>didit-it</strong></span> <span class='ocrx_word' id='word_1_782' title='bbox 439 2567 550 2595; x_wconf 79' lang='lat' dir='ltr'><strong>honoris</strong></span> <span class='ocrx_word' id='word_1_783' title='bbox 564 2570 650 2603; x_wconf 86' lang='lat' dir='ltr'><strong>gratia</strong></span> <span class='ocrx_word' id='word_1_784' title='bbox 666 2570 782 2597; x_wconf 88' lang='lat' dir='ltr'><strong>verenda</strong></span> 
     </span>
    </p>
   </div>
   <div class='ocr_carea' id='block_1_98' title="bbox 23 2610 783 2649">
    <p class='ocr_par' dir='ltr' id='par_1_98' title="bbox 23 2610 783 2649">
     <span class='ocr_line' id='line_1_98' title="bbox 23 2610 783 2649; baseline 0.018 -21"><span class='ocrx_word' id='word_1_785' title='bbox 23 2610 141 2642; x_wconf 81' lang='lat' dir='ltr'><strong>oulegere</strong></span> <span class='ocrx_word' id='word_1_786' title='bbox 168 2610 337 2644; x_wconf 81' lang='lat' dir='ltr'><strong>(indecorum</strong></span> <span class='ocrx_word' id='word_1_787' title='bbox 351 2613 423 2640; x_wconf 87' lang='lat' dir='ltr'><strong>cuitu</strong></span> <span class='ocrx_word' id='word_1_788' title='bbox 437 2614 522 2640; x_wconf 85' lang='lat' dir='ltr'><strong>sensit</strong></span> <span class='ocrx_word' id='word_1_789' title='bbox 537 2615 663 2642; x_wconf 81' lang='lat' dir='ltr'><strong>revelatis</strong></span> <span class='ocrx_word' id='word_1_790' title='bbox 677 2615 783 2649; x_wconf 85' lang='lat' dir='ltr'><strong>puden-</strong></span> 
     </span>
    </p>
   </div>
   <div class='ocr_carea' id='block_1_99' title="bbox 26 2650 782 2696">
    <p class='ocr_par' dir='ltr' id='par_1_99' title="bbox 26 2650 782 2696">
     <span class='ocr_line' id='line_1_99' title="bbox 26 2650 782 2696; baseline 0.016 -19"><span class='ocrx_word' id='word_1_791' title='bbox 26 2650 45 2677; x_wconf 88' lang='lat' dir='ltr'><strong>is</strong></span> <span class='ocrx_word' id='word_1_792' title='bbox 60 2658 129 2682; x_wconf 87' lang='lat' dir='ltr'><strong>stare</strong></span> <span class='ocrx_word' id='word_1_793' title='bbox 154 2660 216 2684; x_wconf 87' lang='lat' dir='ltr'><strong>aute</strong></span> <span class='ocrx_word' id='word_1_794' title='bbox 231 2658 388 2685; x_wconf 83' lang='lat' dir='ltr'><strong>Creatorem</strong></span> <span class='ocrx_word' id='word_1_795' title='bbox 413 2660 518 2694; x_wconf 82' lang='lat' dir='ltr'><strong>suum),</strong></span> <span class='ocrx_word' id='word_1_796' title='bbox 536 2660 580 2686; x_wconf 81' lang='lat' dir='ltr'><strong>ille</strong></span> <span class='ocrx_word' id='word_1_797' title='bbox 594 2669 655 2688; x_wconf 86' lang='lat' dir='ltr'><strong>cum</strong></span> <span class='ocrx_word' id='word_1_798' title='bbox 671 2661 717 2696; x_wconf 91' lang='lat' dir='ltr'><strong>qui</strong></span> <span class='ocrx_word' id='word_1_799' title='bbox 733 2662 782 2688; x_wconf 86' lang='lat' dir='ltr'><strong>lto-</strong></span> 
     </span>
    </p>
   </div>
   <div class='ocr_carea' id='block_1_100' title="bbox 25 2699 782 2736">
    <p class='ocr_par' dir='ltr' id='par_1_100' title="bbox 25 2699 782 2736">
     <span class='ocr_line' id='line_1_100' title="bbox 25 2699 782 2736; baseline 0.013 -12"><span class='ocrx_word' id='word_1_800' title='bbox 25 2704 91 2726; x_wconf 81' lang='lat' dir='ltr'><strong>Orem</strong></span> <span class='ocrx_word' id='word_1_801' title='bbox 107 2699 162 2728; x_wconf 86' lang='lat' dir='ltr'><strong>Deo</strong></span> <span class='ocrx_word' id='word_1_802' title='bbox 185 2703 291 2731; x_wconf 87' lang='lat' dir='ltr'><strong>deferre</strong></span> <span class='ocrx_word' id='word_1_803' title='bbox 318 2704 460 2736; x_wconf 87' lang='lat' dir='ltr'><strong>didicerat,</strong></span> <span class='ocrx_word' id='word_1_804' title='bbox 478 2709 564 2732; x_wconf 68' lang='lat' dir='ltr'><strong>morte</strong></span> <span class='ocrx_word' id='word_1_805' title='bbox 577 2706 742 2734; x_wconf 82' lang='lat' dir='ltr'><strong>condemnat</strong></span> <span class='ocrx_word' id='word_1_806' title='bbox 755 2711 782 2734; x_wconf 83' lang='lat' dir='ltr'><strong>et</strong></span> 
     </span>
    </p>
   </div>
   <div class='ocr_carea' id='block_1_101' title="bbox 22 2746 782 2787">
    <p class='ocr_par' dir='ltr' id='par_1_101' title="bbox 22 2746 782 2787">
     <span class='ocr_line' id='line_1_101' title="bbox 22 2746 782 2787; baseline 0.008 -14"><span class='ocrx_word' id='word_1_807' title='bbox 22 2746 118 2777; x_wconf 71' lang='grc' dir='ltr'><strong>ετρειιῑξ</strong></span> <span class='ocrx_word' id='word_1_808' title='bbox 130 2747 177 2781; x_wconf 85' lang='lat' dir='ltr'><strong>qui</strong></span> <span class='ocrx_word' id='word_1_809' title='bbox 192 2748 248 2775; x_wconf 63' lang='lat' dir='ltr'><strong>haec</strong></span> <span class='ocrx_word' id='word_1_810' title='bbox 268 2749 436 2781; x_wconf 84' lang='lat' dir='ltr'><strong>ostenderat,</strong></span> <span class='ocrx_word' id='word_1_811' title='bbox 455 2751 601 2778; x_wconf 82' lang='lat' dir='ltr'><strong>maledicit.</strong></span> <span class='ocrx_word' id='word_1_812' title='bbox 620 2750 672 2779; x_wconf 85' lang='lat' dir='ltr'><strong>Sed</strong></span> <span class='ocrx_word' id='word_1_813' title='bbox 689 2752 782 2787; x_wconf 84' lang='lat' dir='ltr'><strong>utique</strong></span> 
     </span>
    </p>
   </div>
   <div class='ocr_carea' id='block_1_102' title="bbox 22 2790 782 2828">
    <p class='ocr_par' dir='ltr' id='par_1_102' title="bbox 22 2790 782 2828">
     <span class='ocr_line' id='line_1_102' title="bbox 22 2790 782 2828; baseline 0.009 -10"><span class='ocrx_word' id='word_1_814' title='bbox 22 2791 26 2813; x_wconf 74' lang='grc' dir='ltr'>ἰ</span> <span class='ocrx_word' id='word_1_815' title='bbox 39 2790 171 2821; x_wconf 55' lang='lat' dir='ltr'><strong>“radendus</strong></span> <span class='ocrx_word' id='word_1_816' title='bbox 182 2802 214 2822; x_wconf 81' lang='lat' dir='ltr'><strong>ex</strong></span> <span class='ocrx_word' id='word_1_817' title='bbox 231 2794 282 2822; x_wconf 87' lang='lat' dir='ltr'><strong>hoc</strong></span> <span class='ocrx_word' id='word_1_818' title='bbox 292 2799 351 2822; x_wconf 89' lang='lat' dir='ltr'><strong>erat</strong></span> <span class='ocrx_word' id='word_1_819' title='bbox 365 2797 445 2823; x_wconf 86' lang='lat' dir='ltr'><strong>homo</strong></span> <span class='ocrx_word' id='word_1_820' title='bbox 455 2816 462 2828; x_wconf 93' lang='lat'><strong>,</strong></span> <span class='ocrx_word' id='word_1_821' title='bbox 476 2804 527 2824; x_wconf 91' lang='lat' dir='ltr'><strong>cur</strong></span> <span class='ocrx_word' id='word_1_822' title='bbox 541 2798 654 2824; x_wconf 88' lang='lat' dir='ltr'><strong>omnino</strong></span> <span class='ocrx_word' id='word_1_823' title='bbox 667 2798 782 2825; x_wconf 65' lang='lat' dir='ltr'><strong>ltedeudi</strong></span> 
     </span>
    </p>
   </div>
   <div class='ocr_carea' id='block_1_103' title="bbox 29 2860 1211 2904">
    <p class='ocr_par' dir='ltr' id='par_1_103' title="bbox 29 2860 1211 2904">
     <span class='ocr_line' id='line_1_103' title="bbox 29 2860 1211 2904; baseline 0 -13"><span class='ocrx_word' id='word_1_824' title='bbox 29 2860 131 2904; x_wconf 58' lang='grc' dir='ltr'><strong>ξερυω</strong></span> <span class='ocrx_word' id='word_1_825' title='bbox 144 2869 297 2900; x_wconf 88' lang='lat' dir='ltr'><strong>sequuntur</strong></span> <span class='ocrx_word' id='word_1_826' title='bbox 312 2867 444 2894; x_wconf 86' lang='lat' dir='ltr'><strong>vocabula</strong></span> <span class='ocrx_word' id='word_1_827' title='bbox 461 2875 548 2903; x_wconf 74' lang='lat' dir='ltr'><strong>usque</strong></span> <span class='ocrx_word' id='word_1_828' title='bbox 563 2868 597 2896; x_wconf 89' lang='lat' dir='ltr'><strong>ad</strong></span> <span class='ocrx_word' id='word_1_829' title='bbox 628 2867 673 2896; x_wconf 81' lang='lat' dir='ltr'><strong>illa</strong></span> <span class='ocrx_word' id='word_1_830' title='bbox 699 2875 759 2902; x_wconf 89' lang='lat' dir='ltr'><strong>cap.</strong></span> <span class='ocrx_word' id='word_1_831' title='bbox 788 2875 846 2904; x_wconf 83' lang='lat' dir='ltr'><strong>seq.</strong></span> <span class='ocrx_word' id='word_1_832' title='bbox 864 2875 896 2895; x_wconf 69' lang='lat' dir='ltr'><strong>ex</strong></span> <span class='ocrx_word' id='word_1_833' title='bbox 912 2865 1119 2900; x_wconf 75' lang='lat' dir='ltr'><strong>coinparalione,</strong></span> <span class='ocrx_word' id='word_1_834' title='bbox 1145 2869 1211 2895; x_wconf 72' lang='lat' dir='ltr'><strong>&#39;tc.,</strong></span> 
     </span>
    </p>
   </div>
   <div class='ocr_carea' id='block_1_104' title="bbox 22 2903 75 2928">
    <p class='ocr_par' dir='ltr' id='par_1_104' title="bbox 22 2903 75 2928">
     <span class='ocr_line' id='line_1_104' title="bbox 22 2903 75 2928; baseline 0 -5"><span class='ocrx_word' id='word_1_835' title='bbox 22 2903 75 2928; x_wconf 64' lang='lat' dir='ltr'><strong>aps.</strong></span> 
     </span>
    </p>
   </div>
   <div class='ocr_carea' id='block_1_105' title="bbox 837 2290 1626 2327">
    <p class='ocr_par' dir='ltr' id='par_1_105' title="bbox 837 2290 1626 2327">
     <span class='ocr_line' id='line_1_105' title="bbox 837 2290 1626 2327; baseline -0.001 -7"><span class='ocrx_word' id='word_1_836' title='bbox 837 2293 910 2320; x_wconf 83' lang='lat' dir='ltr'><strong>sicut</strong></span> <span class='ocrx_word' id='word_1_837' title='bbox 930 2292 1011 2318; x_wconf 88' lang='lat' dir='ltr'><strong>etiam</strong></span> <span class='ocrx_word' id='word_1_838' title='bbox 1039 2292 1097 2326; x_wconf 84' lang='lat' dir='ltr'><strong>ipse</strong></span> <span class='ocrx_word' id='word_1_839' title='bbox 1114 2290 1264 2318; x_wconf 90' lang='lat' dir='ltr'><strong>conlitcris.</strong></span> <span class='ocrx_word' id='word_1_840' title='bbox 1289 2290 1344 2318; x_wconf 88' lang='lat' dir='ltr'><strong>ista</strong></span> <span class='ocrx_word' id='word_1_841' title='bbox 1360 2299 1424 2319; x_wconf 85' lang='lat' dir='ltr'><strong>vero</strong></span> <span class='ocrx_word' id='word_1_842' title='bbox 1438 2292 1528 2319; x_wconf 89' lang='lat' dir='ltr'><strong>virtus</strong></span> <span class='ocrx_word' id='word_1_843' title='bbox 1543 2301 1626 2327; x_wconf 84' lang='lat' dir='ltr'><strong>quam</strong></span> 
     </span>
    </p>
   </div>
   <div class='ocr_carea' id='block_1_106' title="bbox 836 2337 1626 2374">
    <p class='ocr_par' dir='ltr' id='par_1_106' title="bbox 836 2337 1626 2374">
     <span class='ocr_line' id='line_1_106' title="bbox 836 2337 1626 2374; baseline -0.001 -9"><span class='ocrx_word' id='word_1_844' title='bbox 836 2343 863 2365; x_wconf 89' lang='lat' dir='ltr'><strong>te</strong></span> <span class='ocrx_word' id='word_1_845' title='bbox 879 2338 967 2365; x_wconf 87' lang='lat' dir='ltr'><strong>solum</strong></span> <span class='ocrx_word' id='word_1_846' title='bbox 984 2338 1054 2364; x_wconf 85' lang='lat' dir='ltr'><strong>scire</strong></span> <span class='ocrx_word' id='word_1_847' title='bbox 1070 2337 1150 2368; x_wconf 88' lang='lat' dir='ltr'><strong>dicis,</strong></span> <span class='ocrx_word' id='word_1_848' title='bbox 1161 2337 1266 2364; x_wconf 89' lang='lat' dir='ltr'><strong>nulluut</strong></span> <span class='ocrx_word' id='word_1_849' title='bbox 1277 2337 1310 2364; x_wconf 90' lang='lat' dir='ltr'><strong>de</strong></span> <span class='ocrx_word' id='word_1_850' title='bbox 1326 2345 1356 2364; x_wconf 89' lang='lat' dir='ltr'><strong>se</strong></span> <span class='ocrx_word' id='word_1_851' title='bbox 1367 2337 1498 2365; x_wconf 91' lang='lat' dir='ltr'><strong>indicium</strong></span> <span class='ocrx_word' id='word_1_852' title='bbox 1512 2339 1626 2374; x_wconf 77' lang='lat' dir='ltr'><strong>przebet,</strong></span> 
     </span>
    </p>
   </div>
   <div class='ocr_carea' id='block_1_107' title="bbox 837 2383 1623 2419">
    <p class='ocr_par' dir='ltr' id='par_1_107' title="bbox 837 2383 1623 2419">
     <span class='ocr_line' id='line_1_107' title="bbox 837 2383 1623 2419; baseline 0.003 -9"><span class='ocrx_word' id='word_1_853' title='bbox 837 2392 885 2419; x_wconf 85' lang='lat' dir='ltr'><strong>per</strong></span> <span class='ocrx_word' id='word_1_854' title='bbox 902 2384 975 2418; x_wconf 88' lang='lat' dir='ltr'><strong>quod</strong></span> <span class='ocrx_word' id='word_1_855' title='bbox 994 2384 1045 2410; x_wconf 75' lang='grc' dir='ltr'><strong>1)υο</strong></span> <span class='ocrx_word' id='word_1_856' title='bbox 1070 2384 1160 2418; x_wconf 89' lang='lat' dir='ltr'><strong>ipsum</strong></span> <span class='ocrx_word' id='word_1_857' title='bbox 1176 2383 1271 2411; x_wconf 91' lang='lat' dir='ltr'><strong>saltem</strong></span> <span class='ocrx_word' id='word_1_858' title='bbox 1288 2383 1362 2418; x_wconf 88' lang='lat' dir='ltr'><strong>quod</strong></span> <span class='ocrx_word' id='word_1_859' title='bbox 1376 2387 1417 2411; x_wconf 92' lang='lat' dir='ltr'><strong>est</strong></span> <span class='ocrx_word' id='word_1_860' title='bbox 1431 2387 1458 2412; x_wconf 89' lang='lat' dir='ltr'><strong>et</strong></span> <span class='ocrx_word' id='word_1_861' title='bbox 1479 2385 1623 2416; x_wconf 86' lang='lat' dir='ltr'><strong>subsistit,</strong></span> 
     </span>
    </p>
   </div>
   <div class='ocr_carea' id='block_1_108' title="bbox 837 2430 1151 2465">
    <p class='ocr_par' dir='ltr' id='par_1_108' title="bbox 837 2430 1151 2465">
     <span class='ocr_line' id='line_1_108' title="bbox 837 2430 1151 2465; baseline 0 -8"><span class='ocrx_word' id='word_1_862' title='bbox 837 2430 974 2465; x_wconf 85' lang='lat' dir='ltr'><strong>possimus</strong></span> <span class='ocrx_word' id='word_1_863' title='bbox 999 2430 1151 2457; x_wconf 83' lang='lat' dir='ltr'><strong>advertere.</strong></span> 
     </span>
    </p>
   </div>
   <div class='ocr_carea' id='block_1_109' title="bbox 872 2475 1626 2511">
    <p class='ocr_par' dir='ltr' id='par_1_109' title="bbox 872 2475 1626 2511">
     <span class='ocr_line' id='line_1_109' title="bbox 872 2475 1626 2511; baseline 0.003 -9"><span class='ocrx_word' id='word_1_864' title='bbox 872 2475 939 2503; x_wconf 76' lang='lat' dir='ltr'><strong>LVI.</strong></span> <span class='ocrx_word' id='word_1_865' title='bbox 955 2475 1040 2508; x_wconf 84' lang='lat' dir='ltr'><strong>Quale</strong></span> <span class='ocrx_word' id='word_1_866' title='bbox 1055 2479 1096 2502; x_wconf 90' lang='lat' dir='ltr'><strong>est</strong></span> <span class='ocrx_word' id='word_1_867' title='bbox 1113 2483 1189 2510; x_wconf 82' lang='lat' dir='ltr'><strong>ergo,</strong></span> <span class='ocrx_word' id='word_1_868' title='bbox 1207 2479 1237 2502; x_wconf 92' lang='lat' dir='ltr'><strong>ut</strong></span> <span class='ocrx_word' id='word_1_869' title='bbox 1247 2475 1469 2511; x_wconf 85' lang='lat' dir='ltr'><strong>derelinquamus</strong></span> <span class='ocrx_word' id='word_1_870' title='bbox 1485 2476 1583 2509; x_wconf 88' lang='lat' dir='ltr'><strong>Deum,</strong></span> <span class='ocrx_word' id='word_1_871' title='bbox 1596 2477 1626 2504; x_wconf 90' lang='lat' dir='ltr'><strong>in</strong></span> 
     </span>
    </p>
   </div>
   <div class='ocr_carea' id='block_1_110' title="bbox 836 2521 1625 2557">
    <p class='ocr_par' dir='ltr' id='par_1_110' title="bbox 836 2521 1625 2557">
     <span class='ocr_line' id='line_1_110' title="bbox 836 2521 1625 2557; baseline -0.001 -8"><span class='ocrx_word' id='word_1_872' title='bbox 836 2522 916 2557; x_wconf 88' lang='lat' dir='ltr'><strong>cujus</strong></span> <span class='ocrx_word' id='word_1_873' title='bbox 928 2521 1030 2549; x_wconf 88' lang='lat' dir='ltr'><strong>mundo</strong></span> <span class='ocrx_word' id='word_1_874' title='bbox 1043 2522 1161 2549; x_wconf 88' lang='lat' dir='ltr'><strong>viviutus</strong></span> <span class='ocrx_word' id='word_1_875' title='bbox 1171 2526 1199 2548; x_wconf 92' lang='lat' dir='ltr'><strong>et</strong></span> <span class='ocrx_word' id='word_1_876' title='bbox 1213 2522 1342 2549; x_wconf 90' lang='lat' dir='ltr'><strong>omnibus</strong></span> <span class='ocrx_word' id='word_1_877' title='bbox 1356 2522 1389 2550; x_wconf 90' lang='lat' dir='ltr'><strong>ad</strong></span> <span class='ocrx_word' id='word_1_878' title='bbox 1402 2522 1485 2549; x_wconf 88' lang='lat' dir='ltr'><strong>vitam</strong></span> <span class='ocrx_word' id='word_1_879' title='bbox 1497 2530 1625 2550; x_wconf 87' lang='lat' dir='ltr'><strong>necessa-</strong></span> 
     </span>
    </p>
   </div>
   <div class='ocr_carea' id='block_1_111' title="bbox 837 2568 1625 2603">
    <p class='ocr_par' dir='ltr' id='par_1_111' title="bbox 837 2568 1625 2603">
     <span class='ocr_line' id='line_1_111' title="bbox 837 2568 1625 2603; baseline 0.001 -8"><span class='ocrx_word' id='word_1_880' title='bbox 837 2569 886 2596; x_wconf 91' lang='lat' dir='ltr'><strong>riis</strong></span> <span class='ocrx_word' id='word_1_881' title='bbox 903 2569 1030 2601; x_wconf 88' lang='lat' dir='ltr'><strong>fruimur,</strong></span> <span class='ocrx_word' id='word_1_882' title='bbox 1047 2572 1074 2596; x_wconf 91' lang='lat' dir='ltr'><strong>et</strong></span> <span class='ocrx_word' id='word_1_883' title='bbox 1090 2575 1238 2602; x_wconf 83' lang='lat' dir='ltr'><strong>sequamur</strong></span> <span class='ocrx_word' id='word_1_884' title='bbox 1254 2568 1348 2595; x_wconf 85' lang='lat' dir='ltr'><strong>nescio</strong></span> <span class='ocrx_word' id='word_1_885' title='bbox 1362 2576 1458 2603; x_wconf 84' lang='lat' dir='ltr'><strong>quem,</strong></span> <span class='ocrx_word' id='word_1_886' title='bbox 1474 2568 1554 2602; x_wconf 80' lang='lat' dir='ltr'><strong>cujus</strong></span> <span class='ocrx_word' id='word_1_887' title='bbox 1568 2576 1625 2596; x_wconf 87' lang='lat' dir='ltr'><strong>non</strong></span> 
     </span>
    </p>
   </div>
   <div class='ocr_carea' id='block_1_112' title="bbox 836 2614 1622 2650">
    <p class='ocr_par' dir='ltr' id='par_1_112' title="bbox 836 2614 1622 2650">
     <span class='ocr_line' id='line_1_112' title="bbox 836 2614 1622 2650; baseline -0.003 -8"><span class='ocrx_word' id='word_1_888' title='bbox 836 2616 925 2643; x_wconf 88' lang='lat' dir='ltr'><strong>solum</strong></span> <span class='ocrx_word' id='word_1_889' title='bbox 944 2615 1012 2642; x_wconf 91' lang='lat' dir='ltr'><strong>nihil</strong></span> <span class='ocrx_word' id='word_1_890' title='bbox 1036 2614 1232 2649; x_wconf 89' lang='lat' dir='ltr'><strong>consequimur</strong></span> <span class='ocrx_word' id='word_1_891' title='bbox 1253 2614 1333 2645; x_wconf 86' lang='lat' dir='ltr'><strong>boni,</strong></span> <span class='ocrx_word' id='word_1_892' title='bbox 1350 2614 1397 2642; x_wconf 87' lang='lat' dir='ltr'><strong>sed</strong></span> <span class='ocrx_word' id='word_1_893' title='bbox 1415 2623 1448 2641; x_wconf 84' lang='lat' dir='ltr'><strong>ne</strong></span> <span class='ocrx_word' id='word_1_894' title='bbox 1463 2615 1514 2641; x_wconf 92' lang='lat' dir='ltr'><strong>hoc</strong></span> <span class='ocrx_word' id='word_1_895' title='bbox 1530 2615 1622 2650; x_wconf 87' lang='lat' dir='ltr'><strong>ipsum</strong></span> 
     </span>
    </p>
   </div>
   <div class='ocr_carea' id='block_1_113' title="bbox 836 2660 1623 2696">
    <p class='ocr_par' dir='ltr' id='par_1_113' title="bbox 836 2660 1623 2696">
     <span class='ocr_line' id='line_1_113' title="bbox 836 2660 1623 2696; baseline -0.003 -8"><span class='ocrx_word' id='word_1_896' title='bbox 836 2662 966 2696; x_wconf 84' lang='lat' dir='ltr'><strong>quidem,</strong></span> <span class='ocrx_word' id='word_1_897' title='bbox 982 2661 1055 2696; x_wconf 90' lang='lat' dir='ltr'><strong>quod</strong></span> <span class='ocrx_word' id='word_1_898' title='bbox 1075 2660 1121 2690; x_wconf 89' lang='lat' dir='ltr'><strong>sit,</strong></span> <span class='ocrx_word' id='word_1_899' title='bbox 1143 2660 1216 2687; x_wconf 88' lang='lat' dir='ltr'><strong>scire</strong></span> <span class='ocrx_word' id='word_1_900' title='bbox 1239 2668 1406 2695; x_wconf 83' lang='lat' dir='ltr'><strong>possumus,</strong></span> <span class='ocrx_word' id='word_1_901' title='bbox 1428 2661 1535 2688; x_wconf 88' lang='lat' dir='ltr'><strong>scilicet</strong></span> <span class='ocrx_word' id='word_1_902' title='bbox 1558 2660 1623 2695; x_wconf 88' lang='lat' dir='ltr'><strong>quia</strong></span> 
     </span>
    </p>
   </div>
   <div class='ocr_carea' id='block_1_114' title="bbox 837 2706 1622 2741">
    <p class='ocr_par' dir='ltr' id='par_1_114' title="bbox 837 2706 1622 2741">
     <span class='ocr_line' id='line_1_114' title="bbox 837 2706 1622 2741; baseline -0.003 -7"><span class='ocrx_word' id='word_1_903' title='bbox 837 2716 886 2734; x_wconf 81' lang='lat' dir='ltr'><strong>nec</strong></span> <span class='ocrx_word' id='word_1_904' title='bbox 905 2711 964 2739; x_wconf 85' lang='lat' dir='ltr'><strong>est;</strong></span> <span class='ocrx_word' id='word_1_905' title='bbox 982 2707 1039 2734; x_wconf 86' lang='lat' dir='ltr'><strong>sive</strong></span> <span class='ocrx_word' id='word_1_906' title='bbox 1053 2706 1124 2733; x_wconf 84' lang='lat' dir='ltr'><strong>enini</strong></span> <span class='ocrx_word' id='word_1_907' title='bbox 1138 2713 1200 2733; x_wconf 89' lang='lat' dir='ltr'><strong>cum</strong></span> <span class='ocrx_word' id='word_1_908' title='bbox 1219 2706 1308 2732; x_wconf 89' lang='lat' dir='ltr'><strong>lucem</strong></span> <span class='ocrx_word' id='word_1_909' title='bbox 1320 2706 1440 2741; x_wconf 85' lang='lat' dir='ltr'><strong>appelles</strong></span> <span class='ocrx_word' id='word_1_910' title='bbox 1455 2710 1481 2733; x_wconf 90' lang='lat' dir='ltr'><strong>ct</strong></span> <span class='ocrx_word' id='word_1_911' title='bbox 1494 2707 1553 2733; x_wconf 82' lang='lat' dir='ltr'><strong>luce</strong></span> <span class='ocrx_word' id='word_1_912' title='bbox 1570 2707 1622 2732; x_wconf 77' lang='lat' dir='ltr'><strong>ista</strong></span> 
     </span>
    </p>
   </div>
   <div class='ocr_carea' id='block_1_115' title="bbox 836 2751 1622 2787">
    <p class='ocr_par' dir='ltr' id='par_1_115' title="bbox 836 2751 1622 2787">
     <span class='ocr_line' id='line_1_115' title="bbox 836 2751 1622 2787; baseline 0 -8"><span class='ocrx_word' id='word_1_913' title='bbox 836 2761 917 2787; x_wconf 88' lang='lat' dir='ltr'><strong>quam</strong></span> <span class='ocrx_word' id='word_1_914' title='bbox 936 2751 1075 2779; x_wconf 87' lang='lat' dir='ltr'><strong>cernimus</strong></span> <span class='ocrx_word' id='word_1_915' title='bbox 1090 2751 1234 2778; x_wconf 77' lang='lat' dir='ltr'><strong>clariorem</strong></span> <span class='ocrx_word' id='word_1_916' title='bbox 1246 2771 1253 2782; x_wconf 86' lang='lat'><strong>,</strong></span> <span class='ocrx_word' id='word_1_917' title='bbox 1274 2759 1372 2778; x_wconf 87' lang='lat' dir='ltr'><strong>nomen</strong></span> <span class='ocrx_word' id='word_1_918' title='bbox 1388 2751 1478 2786; x_wconf 88' lang='lat' dir='ltr'><strong>ipsum</strong></span> <span class='ocrx_word' id='word_1_919' title='bbox 1496 2760 1511 2778; x_wconf 90' lang='lat' dir='ltr'><strong>a</strong></span> <span class='ocrx_word' id='word_1_920' title='bbox 1526 2752 1622 2779; x_wconf 81' lang='lat' dir='ltr'><strong>mundi</strong></span> 
     </span>
    </p>
   </div>
   <div class='ocr_carea' id='block_1_116' title="bbox 835 2797 1624 2832">
    <p class='ocr_par' dir='ltr' id='par_1_116' title="bbox 835 2797 1624 2832">
     <span class='ocr_line' id='line_1_116' title="bbox 835 2797 1624 2832; baseline -0.001 -6"><span class='ocrx_word' id='word_1_921' title='bbox 835 2798 981 2826; x_wconf 78' lang='lat' dir='ltr'><strong>Conditore</strong></span> <span class='ocrx_word' id='word_1_922' title='bbox 992 2797 1142 2830; x_wconf 85' lang='lat' dir='ltr'><strong>mutuaris;</strong></span> <span class='ocrx_word' id='word_1_923' title='bbox 1155 2797 1211 2824; x_wconf 88' lang='lat' dir='ltr'><strong>sive</strong></span> <span class='ocrx_word' id='word_1_924' title='bbox 1226 2797 1406 2824; x_wconf 86' lang='lat' dir='ltr'><strong>substantiam</strong></span> <span class='ocrx_word' id='word_1_925' title='bbox 1421 2797 1523 2825; x_wconf 66' lang='lat' dir='ltr'><strong>disexis</strong></span> <span class='ocrx_word' id='word_1_926' title='bbox 1539 2805 1624 2832; x_wconf 86' lang='lat' dir='ltr'><strong>super</strong></span> 
     </span>
    </p>
   </div>
   <div class='ocr_carea' id='block_1_117' title="bbox 1239 2864 1619 2902">
    <p class='ocr_par' dir='ltr' id='par_1_117' title="bbox 1239 2864 1619 2902">
     <span class='ocr_line' id='line_1_117' title="bbox 1239 2864 1619 2902; baseline 0.005 -12"><span class='ocrx_word' id='word_1_927' title='bbox 1239 2864 1338 2891; x_wconf 82' lang='lat' dir='ltr'><strong>desunt</strong></span> <span class='ocrx_word' id='word_1_928' title='bbox 1366 2864 1393 2892; x_wconf 94' lang='lat' dir='ltr'><strong>in</strong></span> <span class='ocrx_word' id='word_1_929' title='bbox 1413 2870 1529 2902; x_wconf 87' lang='lat' dir='ltr'><strong>utroque</strong></span> <span class='ocrx_word' id='word_1_930' title='bbox 1556 2864 1619 2892; x_wconf 88' lang='lat' dir='ltr'><strong>cod.</strong></span> 
     </span>
    </p>
   </div>
  </div>
