1892 3105
255 162 326 190 ηπ
680 164 708 191 S.
725 164 922 192 CLEMENTIS
938 164 947 192 I
964 165 1047 193 ROM.
1067 166 1167 194 PONT.
1188 167 1302 196 OPI‘RA
1323 168 1435 196 Dl'BIA.
1775 170 1819 199 I116

253 221 347 248 omnia
358 241 366 253 ,
382 219 594 255 intelligentiam
616 220 681 248 hinc
698 220 806 256 profers
824 229 886 248 cum
905 222 1040 250 sermonis
1054 226 1079 254 Α
1092 223 1165 251 ditor
1177 224 1262 259 exigit
1282 225 1365 252 etiam
1380 225 1467 260 legem
1488 226 1606 262 impleri.
1619 225 1651 253 Et
1665 225 1762 254 Petrus:
1774 227 1818 262 Ergo

252 271 412 302 augmento;
428 267 485 294 sive
496 271 624 298 mentem,
642 267 699 295 sive
712 267 1040 301 bonitatem,sivevitam,
1091 272 1119 296 et
1130 269 1270 298 adulteros
1292 274 1321 298 et
1346 271 1499 300 homicidas
1524 272 1622 304 salvat,
1648 272 1670 299 si
1692 276 1819 307 cognoverim

252 314 310 341 sive
325 313 401 340 aliud
422 313 488 348 quid
509 314 723 345 memorat-eris,
740 313 804 340 hinc
824 314 960 341 vocabula
981 322 1041 341 tnu-
1091 323 1164 348 eum,
1181 316 1270 344 bonos
1283 323 1375 345 autem
1390 321 1418 345 et
1432 318 1541 346 sobrios
1559 318 1602 346 vel
1623 318 1792 349 misericordes.
1805 320 1818 346 si

251 361 350 388 tuaris.
377 359 446 387 Cum
459 367 523 395 ergo
548 359 616 386 nihil
635 361 698 386 novi
719 360 754 387 de
770 359 816 386 illa
834 360 934 387 virtute
958 367 1040 395 quam
1091 362 1195 389 nullum
1213 362 1247 390 de
1260 370 1293 390 eo
1305 363 1436 390 indicium
1445 364 1585 399 capientes
1598 364 1817 399 ignoraveriuteum.

251 408 333 439 dicis,
355 414 410 434 non
435 406 524 434 solum
542 405 576 432 ad
603 405 822 441 intelligendum,
841 413 935 433 verum
952 414 987 433 ne
1006 406 1040 433 ad
1090 415 1145 434 non
1166 408 1263 435 salvat.
1288 408 1414 444 Magnum
1430 413 1457 437 et
1478 410 1580 437 bonum
1601 409 1818 444 pmdicas,quinon

252 453 450 481 nominandum
464 452 573 488 quidem
591 452 709 484 habeas,
735 452 873 487 quomodo
888 452 1040 480 introducis
1090 456 1145 480 tam
1160 454 1249 482 mans
1261 454 1358 486 salvet,
1380 463 1462 490 quam
1477 456 1525 491 qui
1543 456 1624 483 bonis
1646 455 1737 482 nullam
1751 455 1820 482 miseri-

252 503 353 528 nOvum
368 499 463 530 Deum.
481 499 560 534 cujus
575 507 626 526 nec
640 499 850 533 appellationem
870 499 981 533 quidem
996 499 1039 526 in-
1089 498 1212 526 cordiam
1231 504 1350 534 praestet.
1377 500 1409 528 Et
1432 501 1528 529 Simon
1550 510 1557 528 :
1576 501 1685 537 Magnus
1702 509 1756 529 sane
1773 502 1820 528 labor

250 547 329 575 venis
344 546 460 574 novam?
475 545 569 573 Virtus
584 546 657 572 enim
674 553 728 572 non
740 545 829 572 solum
837 543 952 572 Creator
960 552 1039 572 mun-
1088 548 1132 571 est
1146 552 1295 580 agnoscere
1314 553 1376 574 eum
1396 547 1499 575 homini
1517 547 1545 575 in
1561 555 1646 575 carne
1663 548 1747 583 posito.
1761 547 1821 575 Omni-

250 594 279 622 di
293 593 395 620 dicitur
406 612 413 624 ,
435 592 483 619 sed
506 596 533 619 et
556 591 677 618 ministri
699 591 793 626 gloria:
813 591 875 625 ejus
894 591 1038 626 omnisque
1089 589 1140 617 bus
1155 591 1227 618 enim
1241 592 1362 619 tenebris
1376 593 1485 625 telrius,
1501 597 1529 621 et
1546 594 1622 621 omni
1636 594 1689 620 luto
1700 594 1821 628 graviuset

250 639 348 667 militia
361 638 492 666 omlestis.
510 637 569 664 Non
583 638 632 664 tibi
644 645 710 672 ergo
724 637 823 664 melius
836 637 944 664 videtur
958 645 1019 665 esse
1029 657 1035 669 ,
1088 643 1190 671 corpus
1212 636 1275 667 hoc.
1298 645 1352 672 quo
1375 638 1564 666 circumdatur
1579 639 1678 666 anima.
1700 638 1727 665 Et
1740 638 1820 666 Petrus:

250 689 280 713 ut
290 693 438 720 sequamur
452 684 582 711 factorem
599 686 724 710 nostrum
736 682 832 714 Deum,
846 685 976 717 tanquam
990 690 1038 718 pa-
1088 681 1159 718 Ergo
1170 683 1260 711 bonus
1276 685 1331 712 iste‘
1350 684 1422 713 Deus
1437 693 1498 720 qua:
1517 685 1640 713 difﬁcilia
1658 689 1729 718 sunt,
1749 685 1820 719 quaerit.
1840 709 1841 716 η

249 736 319 760 trem
339 730 510 759 erudientem
536 737 587 756 nos
601 732 628 756 et
650 728 816 755 imbuentem
833 729 904 756 sicut
915 728 973 763 ipse
986 735 1038 755 no-
1088 728 1140 761 Qui
1156 733 1247 757 autem
1263 738 1327 758 vere
1343 729 1417 758 Deus
1434 734 1494 763 est,
1510 730 1638 758 faciliora
1651 731 1746 765 expetit.
1757 729 1821 756 Dimit-

249 777 393 811 vit‘IQuod
407 781 434 804 et
447 776 470 803 si
485 775 521 803 sit
532 775 643 810 aliquis.
657 778 687 801 ut
699 779 728 801 tu
740 774 809 801 dicis
823 774 967 809 benignior
977 781 1037 800 om—
1086 778 1127 802 tat
1142 775 1234 811 itaque
1248 783 1299 804 nos
1313 777 1393 811 quasi
1408 777 1496 804 bonus
1508 777 1580 812 apud
1596 776 1700 803 Patrem
1712 780 1734 803 et
1746 775 1821 804 Creato-

250 824 327 852 nium
344 823 426 854 Deus,
441 825 546 849 certum
563 824 605 848 est
620 821 683 855 quia
697 827 751 846 non
766 820 896 847 irascitur
909 819 1000 851 nobis,
1013 820 1036 846 si
1087 828 1145 848 rem
1159 825 1296 854 nostrum,
1311 826 1338 850 et
1351 822 1461 857 quando
1477 822 1687 850 discesserimus
1706 829 1720 849 e
1731 828 1821 856 corpore,
1840 818 1841 845 ξ

248 877 314 898 vero
346 868 475 896 irascitur
507 868 597 894 malus
621 870 675 894 est.
693 865 792 894 Noster
812 869 903 893 autem
925 865 996 893 Deus
1011 866 1034 892 si
1053 895 1071 903 __
1087 870 1113 893 et
1128 867 1195 894 istas
1208 875 1277 902 quas
1296 867 1366 896 dicis
1378 867 1506 896 tenebras
1518 868 1715 903 reliquerimus,
1728 872 1822 894 tunceuu
1840 858 1841 883 έ

249 915 377 943 irascitur
391 919 418 942 et
429 913 558 945 vindieat,
573 919 627 940 non
643 916 686 940 est
698 912 787 939 malus
800 911 849 939 sed
857 911 960 945 justus,
973 919 1035 946 pro—
1053 895 1072 921 Β
1088 912 1196 940 facilius
1209 919 1401 948 agnoscemus,
1415 917 1443 940 et
1458 917 1525 941 tunc
1542 895 1632 949 magis
1647 913 1727 940 anima
1735 912 1820 940 couinlo-
1840 906 1841 935 ἶ

248 962 324 997 prios
334 961 407 988 enim
427 960 499 987 [Ilios
518 959 631 994 corripit
649 962 676 986 et
689 958 827 985 emendat.
846 957 893 985 Ille
908 965 973 985 vero
985 958 1034 992 qui
1086 966 1142 986 rem
1159 967 1238 986 suum
1254 967 1316 987 esse
1324 959 1458 994 intelliget
1469 959 1566 991 Deum,
1582 963 1612 987 et
1622 959 1690 994 apud
1704 960 1774 994 ipsum
1785 967 1823 993 per-

247 1007 317 1035 nihil
337 1006 481 1034 nobiscum
494 1005 576 1032 habet
590 1004 709 1039 negotii,
724 1004 747 1031 si
763 1003 906 1031 vindicare
925 1003 990 1030 velit
1007 1005 1034 1030 in
1086 1005 1223 1037 manebit,
1240 1013 1290 1033 nec
1307 1006 1379 1032 ultra
1398 1005 1516 1033 diversis
1537 1006 1741 1041 cogitationibus
1757 1003 1821 1038 fatiga-

246 1062 308 1085 nos,
324 1051 463 1088 quomodo
475 1051 564 1079 bonus
576 1051 647 1078 erit?
661 1050 795 1085 supplicia
813 1057 925 1077 sumens
939 1049 973 1076 de
984 1056 1035 1076 no-
1086 1050 1168 1082 bitur,
1181 1058 1269 1085 neque
1284 1051 1355 1078 volet
1367 1051 1401 1078 ad
1416 1051 1497 1078 aliam
1506 1051 1656 1086 confugere
1664 1051 1821 1083 virtutem,th
1840 1066 1841 1088 ξ

245 1100 301 1131 his,
317 1098 390 1134 quod
407 1106 462 1125 non
474 1097 606 1125 derelicto
625 1100 701 1132 patre
725 1100 822 1123 nostro
841 1095 930 1134 ipsum
945 1096 1033 1123 secuti
1085 1097 1152 1123 nulli
1168 1097 1276 1132 cognita
1291 1100 1334 1124 est
1347 1097 1400 1125 nisi
1418 1097 1524 1124 Simoni
1538 1098 1610 1130 soli;
1622 1105 1680 1132 quae
1696 1100 1763 1123 tanlze
1773 1095 1820 1122 boui-

245 1153 343 1172 sumus
359 1144 490 1171 inanibus
504 1142 713 1178 suspicionibus
730 1143 823 1175 tracti,
840 1142 979 1177 quomodo
987 1150 1033 1170 er-
1085 1142 1149 1170 tatis
1165 1146 1217 1174 est,
1235 1147 1265 1169 ut
1280 1142 1332 1170 nisi
1349 1143 1411 1178 quis
1430 1144 1508 1178 prius
1521 1144 1624 1178 impius
1640 1143 1759 1171 exstiterit
1770 1142 1822 1176 inp:-

245 1198 280 1226 go
304 1191 355 1218 iste
371 1190 434 1217 talis
453 1190 541 1217 bonus
563 1197 578 1216 a
594 1193 620 1216 te
635 1188 786 1221 asseritur,
802 1188 851 1223 qui
871 1196 922 1216 nec
939 1188 1033 1224 justus
1085 1191 1190 1215 rentem
1205 1196 1286 1216 suum
1298 1208 1306 1220 ,
1335 1189 1369 1215 ad
1382 1189 1468 1224 ipsam
1482 1189 1578 1217 venire
1593 1197 1648 1216 non
1661 1188 1747 1224 possit.
1758 1187 1820 1214 Nescio
1840 1195 1841 1225 ι

245 1236 363 1271 intelligi
387 1240 488 1270 potest.
1083 1232 1222 1269 quomodo
1235 1235 1292 1261 haec
1307 1234 1396 1262 virtus
1412 1235 1453 1262 vel
1474 1235 1546 1263 bona
1567 1235 1611 1262 vel
1624 1235 1696 1270 justa
1709 1232 1822 1269 appellanda
1840 1234 1841 1273 ξ

280 1281 359 1309 LVII.
377 1281 446 1308 Tum
465 1281 559 1308 Simon
574 1290 580 1308 :
599 1279 753 1307 Tantumne
770 1287 858 1312 erras,
878 1280 958 1309 Petre
970 1302 978 1315 ,
1000 1285 1031 1309 ut
1084 1280 1131 1312 sit,
1148 1280 1194 1307 cui
1208 1280 1316 1315 placere
1332 1287 1386 1308 non
1402 1284 1511 1316 potest,
1526 1280 1583 1309 nisi
1597 1281 1661 1316 quis
1672 1280 1743 1315 impie
1755 1284 1821 1313 sege-

244 1330 365 1361 nescias,
385 1329 450 1363 quia
474 1327 574 1354 animae
589 1330 691 1354 nostra:
706 1335 720 1353 a
741 1326 813 1353 bono
834 1326 888 1354 Deo
904 1332 969 1354 sunt
984 1328 1031 1355 illo
1083 1325 1150 1353 serit
1166 1325 1194 1353 in
1209 1334 1271 1354 eum
1281 1333 1297 1353 a
1311 1334 1367 1362 quo
1382 1326 1471 1355 factus
1486 1330 1538 1355 est.
1840 1325 1841 1363 ἦ

243 1376 365 1404 omnium
376 1374 576 1410 praestantiore,
589 1373 636 1401 sed
652 1373 767 1408 captivae
787 1373 912 1400 deductae
925 1378 991 1401 sunt
1003 1374 1031 1402 in
1118 1371 1187 1400 LIX.
1201 1372 1234 1399 Et
1251 1373 1346 1400 Simon
1363 1383 1369 1400 :
1389 1373 1449 1401 Non
1462 1378 1504 1402 est
1521 1374 1654 1409 impium,
1666 1372 1772 1400 utilitatis
1784 1377 1822 1405 gr!-

243 1423 317 1450 hunc
333 1421 480 1449 mundum?
494 1420 526 1446 Et
545 1419 643 1447 Petrus
659 1429 664 1446 :
683 1419 755 1454 Ergo
771 1427 826 1446 non
839 1423 882 1446 est
900 1419 1030 1448 omnibus
1083 1420 1120 1447 tia
1137 1425 1164 1448 et
1179 1419 1249 1448 lucri
1265 1419 1377 1454 majoris
1389 1420 1537 1456 confugere
1552 1421 1588 1448 ad
1599 1428 1662 1448 eum
1673 1440 1680 1453 ,
1694 1419 1734 1455 qui
1745 1418 1821 1453 opulen-

243 1469 410 1504 incognitus,
427 1467 498 1494 sicut
510 1465 592 1501 paqu
603 1469 666 1492 ante
680 1464 808 1497 dicebas;
820 1469 847 1493 et
860 1469 951 1492 tamen
963 1474 1031 1501 quo-
1083 1466 1162 1494 tioris
1173 1470 1215 1494 est
1227 1466 1330 1501 gloriae.
1344 1465 1375 1492 Et
1394 1465 1493 1494 Petrus
1508 1475 1515 1493 :
1536 1465 1579 1499 Si,
1595 1470 1626 1494 ut
1641 1471 1669 1493 tu
1684 1466 1720 1492 ais
1730 1485 1736 1497 ,
1749 1472 1788 1490 non
1798 1467 1822 1488 est

242 1514 324 1542 modo
340 1513 453 1540 indulsit
466 1513 555 1540 bonus
569 1510 641 1539 Deus
654 1510 840 1545 captivitatem
856 1511 914 1538 fieri
926 1511 1031 1538 anima-
1083 1512 1196 1547 impium
1216 1511 1364 1547 confugere
1385 1512 1419 1539 ad
1439 1513 1558 1539 alienum
1569 1532 1577 1544 ,
1596 1513 1681 1540 multo
1695 1511 1766 1546 magis
1777 1509 1822 1544 pium

243 1568 303 1587 rum
320 1567 443 1591 suarum,
459 1559 482 1586 si
498 1563 558 1585 erat
572 1565 654 1592 super
669 1564 764 1584 omnes
780 1557 916 1591 potentior
925 1557 1030 1585 virtus?
1042 1563 1064 1591 ο
1080 1562 1121 1586 est
1131 1565 1290 1592 permanere
1305 1558 1376 1593 apud
1390 1558 1529 1593 proprium
1540 1562 1659 1593 patrem,
1674 1556 1767 1585 etiamsi
1782 1562 1821 1589 pau-

241 1605 275 1633 Et
290 1605 400 1632 Simon:
414 1603 474 1639 Ipse
494 1603 569 1631 misit
581 1607 734 1630 creatorem
755 1602 858 1635 Deum,
875 1607 904 1630 ut
924 1603 1028 1631 conde-~
1080 1612 1128 1639 per
1143 1605 1188 1631 sit.
1202 1603 1255 1630 Aut
1270 1603 1293 1631 si
1305 1604 1326 1619 "
1342 1612 1397 1631 non
1413 1608 1493 1639 putas
1507 1611 1570 1631 esse
1583 1604 1705 1639 impium,
1722 1607 1747 1629 ut
1761 1600 1823 1627 l’EIIi‘Io

241 1656 283 1679 ret
304 1651 453 1681 mundum,
470 1649 517 1677 sed
531 1650 585 1682 ille,
603 1649 705 1676 mundo
716 1649 837 1680 condito,
851 1650 1029 1684 semetipsum
1079 1655 1154 1685 patre
1166 1654 1261 1678 nostro
1271 1650 1462 1685 confugiamus
1477 1649 1511 1676 ad
1524 1650 1610 1677 alium
1626 1650 1703 1685 quasi
1716 1648 1821 1677 meliorem.

240 1697 429 1733 pronuntiavit
445 1696 539 1723 Deum.
561 1695 594 1722 Et
609 1694 708 1722 Petrus
725 1704 731 1722 :
751 1695 821 1730 Ergo
840 1703 895 1722 non
917 1696 1028 1731 ignora-
1079 1704 1167 1731 neque
1182 1696 1316 1731 indignari
1329 1696 1420 1723 credis
1437 1703 1485 1731 pro
1497 1695 1549 1723 hoc
1565 1699 1716 1723 creatorem
1727 1697 1822 1721 nostrum.

239 1749 284 1771 tur
299 1743 334 1770 ab
344 1750 377 1770 eo
391 1742 438 1777 qui
455 1741 578 1769 condidit
589 1741 721 1768 mundum
735 1760 742 1772 ,
764 1746 793 1768 ut
808 1740 936 1775 superius
952 1741 1029 1769 dixe-
1079 1742 1164 1768 multo
1178 1742 1266 1776 magis
1291 1742 1381 1769 bonus
1408 1741 1480 1769 Deus
1498 1750 1554 1768 non
1571 1741 1763 1776 indignabitur.
1777 1736 1822 1773 quvi

239 1797 297 1821 ras,
313 1788 360 1816 sed
376 1796 464 1823 neque
486 1788 585 1814 animm
600 1787 729 1822 ignorant
744 1795 805 1814 eum
818 1809 825 1820 ,
843 1787 977 1821 siquidem
994 1787 1028 1814 ab
1077 1795 1139 1814 cum
1155 1795 1279 1815 essemus
1293 1788 1328 1815 ab
1341 1795 1374 1815 eo
1387 1787 1478 1818 alieni.
1490 1795 1544 1814 non
1557 1787 1729 1823 confugimus
1737 1785 1764 1812 ad
1772 1790 1820 1811 eum.

238 1837 298 1872 ipso
314 1836 438 1863 abductae
454 1838 528 1862 sunt.
544 1833 595 1860 Cui
609 1841 674 1867 ergo
683 1833 739 1866 jam
756 1833 809 1859 erit
824 1833 991 1867 incognitus,
1003 1833 1026 1860 si
1077 1834 1125 1862 sed
1139 1833 1340 1869 permansimns
1352 1833 1424 1868 apud
1444 1833 1603 1861 Creatorem
1621 1838 1752 1863 nostrum;
1767 1834 1822 1863 etpu-

238 1886 267 1910 et
281 1881 376 1908 mundi
388 1880 503 1908 Creator
518 1879 592 1906 novit
606 1886 679 1910 eum,
691 1882 720 1904 ut
732 1878 766 1905 ab
782 1878 840 1913 ipso
854 1878 967 1909 missus,
983 1886 1027 1906 se—
1077 1884 1105 1908 to
1119 1880 1190 1916 quod
1205 1888 1238 1908 ex
1251 1881 1302 1907 hoc
1319 1880 1405 1916 magis
1420 1880 1591 1907 collaudabit
1604 1887 1656 1907 nos
1668 1899 1675 1910 ,
1696 1877 1752 1913 quia
1770 1875 1822 1902 ﬁdem

237 1927 358 1955 cundum
373 1934 405 1954 ea
420 1933 481 1961 qua:
496 1931 525 1952 lu
540 1925 620 1957 dicis,
633 1930 661 1952 et
678 1932 773 1952 omnes
788 1924 885 1951 anima:
895 1927 1026 1959 tanquam
1077 1933 1221 1954 servamus
1233 1925 1356 1953 Creatori
1373 1929 1469 1953 nostro
1484 1925 1550 1956 Deo,
1565 1925 1739 1953 considerans
1749 1923 1796 1958 quia
1806 1920 1818 1946 si

237 1973 273 2001 ab
284 1974 343 2008 ipso
360 1973 412 1999 huc
428 1972 561 1999 violenter
571 1970 736 1998 abstracta)?
749 1969 820 1996 Tum
833 1969 932 1996 deinde
947 1970 1025 1998 dicas
1076 1972 1119 1999 sui
1140 1972 1227 2007 ipsius
1246 1971 1404 2004 fuissemus,
1420 1979 1561 2006 nunquam
1576 1972 1753 2006 relinquentes
1764 1969 1820 2003 ipsum

237 2020 330 2051 velim,
344 2019 391 2054 qui
408 2018 533 2046 mittebat
548 2017 716 2044 conditorem
730 2015 836 2048 mundi,
851 2023 904 2042 non
919 2016 1025 2043 Sciebat
1076 2019 1170 2046 seduci
1191 2018 1328 2046 illecebris
1345 2018 1530 2053 potuissemus
1549 2018 1661 2045 alienis,
1677 2017 1738 2044 Nam
1749 2015 1767 2042 si
1781 2019 1818 2047 qus

236 2073 299 2094 eum
311 2065 358 2100 qui
375 2064 543 2094 mittebatur,
561 2063 640 2090 fidem
656 2070 709 2089 non
732 2061 924 2088 servaturum?
938 2061 961 2088 si
976 2069 1024 2089 ne-
1075 2064 1410 2099 opulentioribusillectus
1426 2062 1773 2099 pollicitationibus,relicto
1781 2066 1818 2094 νῖν*

236 2111 341 2139 sciebat
357 2110 489 2146 prtescius
510 2117 564 2136 non
576 2112 651 2140 erat,
668 2108 691 2134 si
705 2115 770 2134 vero
785 2107 904 2142 praesciit
918 2112 945 2135 et
961 2115 1024 2142 pas—
1074 2110 1133 2145 prio
1149 2114 1263 2145 parente
1285 2109 1424 2145 confugiat
1438 2109 1472 2136 ad
1488 2110 1609 2137 alienum
1621 2129 1629 2142 ,
1644 2114 1730 2144 potest
1740 2106 1790 2136 ﬁeri,
1802 2109 1816 2128 ul

235 2165 284 2185 sus
298 2160 350 2188 est,
368 2156 431 2182 facti
455 2155 538 2189 hujus
563 2155 620 2190 ipsc
634 2161 697 2181 reus
714 2157 767 2185 est,
779 2154 825 2188 qui
847 2161 902 2181 non
918 2153 1021 2188 vetuit;
1077 2157 1176 2184 iterum
1191 2157 1286 2184 relicto
1298 2164 1331 2184 eo
1341 2178 1350 2190 ,
1367 2152 1400 2184 ad
1413 2156 1496 2183 alium
1513 2160 1608 2191 pergat
1620 2156 1668 2191 qui
1679 2154 1766 2189 majora
1778 2158 1815 2186 pur

234 2203 308 2238 quod
333 2202 356 2229 si
386 2210 441 2229 non
459 2201 565 2236 potuit,
578 2200 752 2235 omnipotens
771 2207 826 2227 non
841 2204 893 2227 est.
907 2199 936 2227 Si
955 2208 1021 2228 vero
1039 2227 1059 2238 η
1074 2203 1189 2237 miserit,
1213 2211 1246 2231 eo
1273 2203 1359 2238 magis
1381 2202 1456 2238 quod
1474 2203 1561 2237 ipsius
1579 2202 1708 2236 proprius
1727 2207 1769 2226 non
1782 2201 1817 2222 (λιιι

235 2249 313 2284 quasi
329 2249 430 2276 bonum
443 2248 468 2274 id
486 2248 576 2275 sciens
590 2255 645 2273 non
661 2246 810 2281 prohibuit,
828 2246 966 2274 invenitur
976 2247 1021 2275 ille
1039 2246 1059 2254 υ
1074 2249 1156 2281 ﬁlius,
1172 2249 1271 2284 quippe
1293 2249 1340 2284 qui
1360 2249 1443 2276 etiam
1456 2256 1530 2280 eum,
1547 2248 1594 2283 qui
1616 2248 1643 2275 ei
1666 2251 1752 2274 natura
1770 2246 1815 2278 tu“

236 2304 298 2323 esse
314 2295 411 2322 melior
419 2295 466 2329 qui
479 2294 654 2329 pra-sumpsit
667 2293 757 2320 facere
773 2293 811 2326 id,
827 2293 900 2328 quod
917 2293 963 2321 ille
974 2294 1021 2328 qui
1071 2299 1144 2326 erat,
1161 2295 1315 2330 relinquere
1341 2295 1439 2330 potuit.
1467 2294 1498 2320 Et
1532 2293 1628 2321 Simon
1647 2293 1701 2328 (τε)
1718 2302 1723 2319 :
1737 2289 1788 2324 Quid
1803 2287 1815 2312 ἑ

233 2342 359 2369 ηιὶῑιι-ὺιιι
376 2341 512 2375 ignoravit
529 2340 642 2367 bonum.
1071 2342 1106 2368 ab
1122 2341 1166 2368 illo
1181 2345 1245 2367 sunt
1258 2340 1372 2373 animae,
1388 2345 1415 2367 et
1427 2340 1555 2375 ignorant
1563 2347 1639 2371 eum,
1655 2343 1682 2366 et
1691 2338 1815 2365 illaesum

270 2386 360 2414 LVIII.
377 2386 410 2413 Et
426 2386 540 2413 Simon:
559 2384 698 2416 Volentes,
712 2384 817 2419 inquit,
833 2383 867 2410 ad
882 2392 911 2412 se
926 2384 1020 2412 venire
1071 2393 1148 2423 pater
1165 2387 1307 2423 ipsarum?

232 2433 348 2469 suscipit
366 2437 393 2460 et
407 2433 474 2468 ipsis
486 2431 632 2460 benefacit.
645 2430 677 2457 Et
692 2431 790 2458 Petrus
805 2441 811 2458 :
829 2430 884 2458 Nec
905 2430 958 2458 hoc
975 2438 1023 2458 no-
1107 2433 1162 2461 LX.
1181 2433 1214 2460 Et
1233 2432 1331 2460 Petrus
1346 2442 1351 2459 :
1368 2431 1452 2462 Satis,
1471 2431 1577 2466 inquit,
1594 2429 1718 2458 ostendis
1731 2433 1778 2455 euut
1790 2424 1814 2448 ἱπ-

230 2487 295 2507 vum
309 2483 361 2509 est.
374 2478 426 2506 hoc
440 2479 513 2506 enim
525 2477 589 2504 facit
603 2481 630 2504 et
645 2477 690 2504 hic
705 2485 784 2512 quem
800 2476 895 2503 mundi
907 2480 1016 2504 creato-
1071 2478 1202 2506 validum.
1218 2478 1286 2505 Nam
1303 2478 1327 2506 si
1343 2477 1496 2512 potentior,
1521 2480 1550 2503 ut
1572 2476 1613 2502 ais
1624 2496 1632 2508 ,
1656 2473 1813 2503 omnibus

230 2534 287 2554 rem
302 2525 407 2553 fateris.
427 2524 459 2551 Et
473 2524 566 2551 Simon
584 2533 590 2551 :
605 2523 658 2551 Sed
677 2524 765 2551 bonus
784 2522 856 2550 Deus
871 2526 977 2550 tantum
992 2523 1016 2550 si
1071 2532 1211 2560 nunquam
1230 2523 1376 2559 potentiori
1401 2522 1544 2550 invaliilior
1566 2522 1655 2556 spolia
1672 2521 1694 2537 "
1705 2515 1812 2546 detritis“

229 2575 396 2606 agnoscatur
411 2571 526 2598 salutem
542 2573 652 2606 praestat
661 2569 728 2605 ('17),
742 2569 836 2596 mundi
846 2573 937 2596 autem
948 2576 1016 2596 con-
1071 2570 1225 2598 credendus
1238 2576 1280 2598 est
1291 2570 1326 2602 '“,
1345 2573 1391 2596 aut
1407 2569 1430 2596 si
1447 2568 1535 2604 potuit
1547 2568 1573 2594 vi
1589 2567 1626 2594 ab
1641 2575 1674 2595 eo
1689 2565 1775 2594 animi
1785 2560 1812 2587 dt"

264 2641 286 2655 ’ν
308 2639 359 2666 Aut
373 2639 578 2674 isi—relinquere
593 2640 678 2674 potuit
689 2647 743 2667 non
756 2639 883 2675 leguntur
894 2641 921 2668 in
933 2640 995 2668 cod.
1012 2640 1085 2675 Lips.
1126 2641 1148 2656 7°
1156 2639 1224 2667 Luc.
1242 2647 1281 2671 xi,
1293 2639 1339 2667 22.
1377 2639 1399 2654 '”
1410 2638 1584 2665 Detraximt.
1600 2637 1701 2664 Videris
1712 2633 1810 2662 maxime

227 2675 342 2710 Iieliqua
356 2675 456 2703 desunt
470 2675 498 2701 iu
514 2675 576 2702 cod.
591 2675 667 2710 Lips.

874 2732 1060 2761 COTELERII
1079 2732 1194 2761 NOTAE.

261 2804 318 2839 ('77)
334 2803 422 2831 Bonus
442 2802 511 2839 Deus
535 2807 638 2839 tantum
663 2802 686 2828 si
707 2806 876 2839 agnoscatur,
896 2801 1010 2839 salutem
1063 2801 1128 2827 lium
1143 2810 1149 2828 ί
1162 2800 1272 2828 Creator
1283 2800 1496 2839 "iuridicorparq
1505 2800 1634 2839 condidit,
1649 2801 1676 2839 in
1686 2793 1810 2839 quibus?

225 2830 345 2873 precatui.
356 2830 457 2866 Eadem
467 2838 547 2866 docet
566 2837 671 2868 Simon,
689 2830 759 2871 apud
780 2830 909 2863 Irenaeum
925 2836 972 2863 lib.
990 2845 1009 2868 ι,
1062 2844 1120 2873 mas
1137 2844 1196 2871 qua:
1212 2841 1280 2873 sunt
1292 2836 1340 2873 Dei
1357 2830 1447 2871 magni
1467 2837 1590 2873 violenter
1605 2830 1711 2862 inclusit
1724 2841 1733 2860 :
1744 2830 1806 2873 et

227 2868 287 2905 cap.
302 2873 347 2900 ‘20.
706 2868 713 2871 ’
1062 2868 1159 2897 animo:
1176 2879 1227 2898 non
1246 2871 1280 2898 ad
1298 2868 1429 2902 alienun}.
1451 2871 1496 2899 sed
1520 2871 1554 2898 ad
1572 2876 1677 2904 patrem
1693 2877 1758 2897 suum
1767 2868 1806 2892 ‘3‘"

261 2909 316 2938 ιῑε)
333 2908 366 2935 Et
381 2908 472 2937 Simon
499 2907 615 2936 Additur
629 2907 656 2935 in
671 2907 764 2935 codice
775 2907 912 2935 Caruiclit.
929 2906 1010 2934 scbo-
1065 2906 1199 2940 redierint,
1217 2906 1250 2934 ad
1267 2907 1345 2934 istum
1366 2906 1449 2934 redire
1465 2916 1515 2934 nou
1532 2911 1652 2941 possunt.
