1892 3105
27 130 129 158 {277

21 189 161 216 ducere
179 189 210 216 in
232 188 305 216 hunc
330 189 463 217 mundum
480 192 588 217 creator
603 189 692 223 Deus,
710 190 847 226 quomodo

18 242 91 262 eos
112 242 240 270 corpore
254 235 369 264 emissas
380 239 408 263 et
424 235 591 271 captivitatis
605 236 722 264 vinculis
741 237 847 264 resolu-

18 284 98 312 tas,
114 281 216 308 bonus
230 281 302 309 Deus
316 281 423 309 vocabit
438 281 472 309 ad
489 289 608 317 pte-nam,
623 290 684 317 qua:
696 290 745 317 per
760 283 846 317 ipsius

15 326 82 353 vel
102 325 252 354 desidiam
274 327 316 355 vel
339 327 539 360 inﬁrmitatem,
567 328 689 356 abstrahi
712 328 746 355 ad
774 329 846 356 hunc

14 371 144 400 locum
163 378 194 400 et
209 373 310 400 involvi
326 380 441 408 corpore
456 373 536 408 quasi
552 373 674 401 tenebris
686 374 846 409 ignorantia:

14 419 228 452 potuerunt?
242 418 348 446 Videris
360 419 426 446 mihi
444 419 571 455 ignorare
587 419 653 454 quid
671 420 706 448 sit
718 419 798 448 Pater
819 426 845 448 et

13 463 137 497 Deus,
152 472 252 492 verum
268 469 294 492 et
310 464 407 492 animae
422 466 493 492 unde
502 465 556 493 sint
567 466 609 492 vel
621 466 730 500 quando
739 471 766 493 et
777 475 845 502 quo—

10 510 134 538 modo
158 510 258 543 factae,
277 518 385 546 possem
422 511 528 543 dicere,
544 511 591 539 sed
616 512 674 539 haec
697 520 770 540 nunc
795 514 844 540 tibi

9 557 161 591 aperire
173 556 219 584 fas
228 563 281 583 non
292 560 345 589 est,
362 557 391 584 in
406 561 482 583 tanto
492 564 585 585 errore
599 558 689 592 posito
705 559 738 586 de
754 559 844 587 scien-

8 602 64 628 tia
86 602 164 630 Dei.
182 602 254 629 Tum
270 601 381 630 Simon:
393 602 461 636 Erit,
478 603 577 638 inquit,
595 607 706 639 tempus
718 613 772 640 quo
785 612 843 640 pue-

9 648 152 676 nitebit
180 653 226 679 te,
243 649 315 683 quod
330 649 467 676 dicentem
481 657 525 677 me
546 649 579 677 de
596 650 725 678 ineffabili
741 651 842 679 virtute

8 702 90 721 non
112 694 305 722 intellexeris.
321 694 353 722 Et
364 694 480 722 Petrus:
494 694 532 722 Da
544 703 609 731 ergo
625 697 714 730 nobis,
731 702 758 724 ut
770 705 842 733 saepe

4 740 89 775 jam
117 739 200 772 dixi,
226 745 356 775 tanquam
387 749 475 769 novus
505 741 576 769 Deus
604 746 652 769 aut
666 743 713 778 qui
740 743 774 771 ab
795 744 842 771 illo

7 785 234 813 descenderis
260 794 371 814 sensum
399 787 516 822 aliquem
545 795 665 820 novum,
690 797 738 824 per
760 797 841 824 quem

7 839 154 858 novum
171 839 255 866 quem
272 832 341 859 dicis
356 831 441 860 Deum
457 833 594 868 possimus
614 841 778 869 agnoscere;
795 835 840 864 isti

6 877 116 904 enim
143 877 270 912 quinque
297 885 405 910 sensus,
436 886 506 913 quos
529 879 608 907 nobis
632 880 707 907 dedit
730 885 839 909 creator

7 923 131 957 Deus,
143 923 273 951 Creatori
289 931 340 951 suo
355 924 435 952 Iidem
449 929 570 957 servant,
588 933 637 953 nec
649 926 732 953 alium
744 935 840 962 quem-

5 978 130 1005 quam
148 977 215 997 esse
230 970 352 997 sentiunt
377 970 472 1002 Deum,
491 971 542 998 hoc
569 972 608 999 eis
624 972 683 1007 ipsa
710 974 752 1001 sui
768 982 838 1008 prte-

6 1020 139 1044 stante
157 1019 271 1043 natura.

55 1072 156 1100 LXI.
186 1071 228 1099 Ad
253 1072 310 1100 haec
334 1072 446 1100 Simon:
465 1073 580 1106 Adhibe,
599 1074 697 1110 inquit,
716 1076 838 1103 animum

5 1120 53 1147 ad
79 1127 132 1147 ea
151 1127 218 1154 qua:
241 1118 364 1147 dicturus
380 1127 451 1151 sum,
470 1125 497 1148 et
516 1120 599 1148 facito
611 1129 673 1148 eum
693 1121 838 1150 invisibili-

4 1167 78 1193 bus
104 1165 228 1192 semitis
250 1165 437 1196 incedentem,
453 1167 594 1201 pervenire
613 1167 647 1194 ad
663 1175 694 1194 ea
711 1175 772 1202 qua:
789 1169 837 1197 tibi

4 1213 289 1239 demonstravero.
312 1211 444 1238 Ausculta
459 1219 523 1248 ergo
543 1221 615 1240 nunc
633 1222 639 1240 :
661 1221 838 1248 nunquamne

5 1259 42 1285 in
67 1256 264 1292 cogitatione
290 1257 397 1292 positus
412 1257 559 1285 extendisti
579 1263 697 1286 mentem
715 1264 789 1286 tuam
809 1260 837 1287 in

6 1305 180 1340 regiones
196 1303 235 1330 vel
252 1303 356 1331 insulas
370 1311 451 1338 porro
465 1305 579 1339 positas,
590 1307 617 1331 et
629 1305 665 1331 ita
681 1305 708 1332 in
717 1307 755 1333 eis
769 1306 837 1334 ﬁxus

4 1351 141 1377 animo
159 1349 306 1382 mansisti,
325 1354 355 1376 ut
380 1357 413 1377 ne
436 1355 583 1384 praesentes
610 1350 720 1385 quidem
744 1351 836 1380 videre

4 1400 70 1424 aut
96 1394 290 1430 temetipsum
307 1395 379 1423 scire
403 1395 448 1423 ubi
474 1396 605 1427 sederes,
629 1403 684 1430 prae
702 1396 837 1424 suavitate

4 1448 141 1471 eorum
171 1448 234 1475 qua:
250 1441 420 1469 habebantur
437 1442 464 1468 in
480 1442 585 1474 oculis,
604 1442 718 1476 posses?
737 1443 768 1470 Et
784 1441 835 1470 Pe-

4 1496 87 1517 trus
113 1486 161 1514 ait
178 1496 186 1514 :
203 1485 299 1514 Verum
315 1491 368 1520 est,
385 1487 478 1515 Simon
489 1509 496 1520 ,
514 1489 565 1515 hoc
588 1488 654 1515 mibi
681 1489 836 1523 frequenter

4 1534 158 1562 accidit.
171 1532 204 1560 Et
221 1532 334 1561 Simon:
350 1533 390 1560 Ita
412 1537 440 1561 et
455 1542 529 1561 nunc
555 1542 667 1562 sensum
690 1539 766 1562 tuum
788 1543 835 1563 ex-

7 1579 123 1609 tende
140 1579 174 1605 in
202 1579 310 1613 caelum,
334 1583 361 1607 et
381 1580 478 1607 iterum
502 1587 585 1615 super
600 1581 716 1613 caelum,
731 1586 758 1608 et
773 1581 835 1610 vide

4 1627 96 1662 quia
119 1625 214 1652 debet
236 1633 294 1653 esse
311 1626 410 1661 aliquis
426 1626 502 1653 locus
513 1626 559 1660 qui
574 1627 610 1654 sit
624 1627 694 1653 ultra
704 1627 834 1655 mundum

4 1676 62 1703 vel
72 1675 175 1699 extra
186 1671 327 1703 mundum,
336 1671 365 1698 in
373 1679 428 1706 quo
434 1680 522 1706 neque
529 1673 628 1700 caelum
635 1673 680 1706 sit,
688 1681 774 1709 neque
781 1678 836 1702 ter-

4 1732 60 1754 ra,
74 1726 190 1754 neque
203 1717 296 1744 umbra
303 1717 399 1744 horum
409 1717 490 1744 etiam
509 1718 546 1745 ibi
560 1719 687 1746 tenebras
696 1723 833 1754 operetur,

4 1775 40 1797 et
56 1768 107 1795 ob
115 1766 181 1792 hoc
189 1771 250 1791 cum
261 1772 348 1798 neque
357 1771 471 1799 corpora
487 1764 577 1799 aliqua
585 1765 612 1791 in
629 1773 661 1792 eo
671 1766 736 1798 sint,
746 1774 835 1802 neque

4 1823 49 1843 cx
86 1809 271 1846 corporibus
300 1810 428 1841 tenebrae,
444 1810 599 1838 necessario
614 1811 650 1839 sit
674 1812 764 1839 lumen
782 1812 834 1839 im-

4 1864 194 1889 mensum;
207 1859 234 1883 et
251 1856 340 1882 lumen
355 1855 500 1883 considera
516 1857 672 1891 cujusmodi
687 1867 749 1886 esse
766 1866 833 1894 pos-

4 1909 67 1939 sit,
91 1904 152 1932 cui
174 1902 293 1929 tenebrat
309 1903 390 1930 nullae
415 1903 574 1930 succedunt.
594 1903 663 1931 Nam
683 1905 706 1933 si
723 1906 833 1933 univer-

4 1961 89 1982 sum
105 1951 196 1978 hunc
210 1948 341 1976 mundum
354 1949 420 1976 solis
432 1949 515 1983 hujus
528 1951 612 1984 replet
627 1950 684 1982 lux,
701 1954 833 1986 quantum

0 2000 165 2029 aestimas
180 2002 242 2022 esse
256 1994 322 2022 illud
337 1994 529 2029 incorporeum
542 1995 633 2022 lumen
645 2000 671 2023 et
680 1996 833 2024 inﬁnitum?

2 2050 148 2075 tantum
179 2041 240 2068 sine
265 2041 357 2073 dubio,
380 2045 409 2068 ut
425 2041 498 2068 istud
513 2041 581 2069 solis
605 2042 697 2070 lumen
714 2042 748 2070 ad
764 2042 832 2071 illud

1 2092 164 2121 tenebrae
179 2091 207 2115 et
221 2095 275 2114 non
290 2088 336 2114 lux
351 2095 413 2115 esse
429 2087 564 2115 videatur.

50 2147 159 2178 LXII.
183 2144 245 2172 Haec
257 2152 319 2172 cum
328 2144 542 2176 diceretSimon,
555 2144 652 2173 Petrus
667 2145 809 2180 respondit
822 2155 829 2173 :

0 2200 52 2226 De
87 2200 227 2226 utroque
247 2199 312 2227 ergo
335 2192 468 2226 patienter
491 2192 615 2218 ausculta
628 2212 635 2224 ,
654 2191 679 2218 id
693 2196 735 2219 est
755 2196 782 2219 et
796 2192 830 2220 de

0 2240 168 2276 exemplo
179 2238 342 2265 cxtendeudi
358 2245 455 2265 sensus
466 2241 493 2264 et
507 2238 540 2265 de
552 2238 734 2265 immensitate
748 2238 827 2266 luris.

0 2291 89 2319 Scio
113 2285 276 2319 meipsum,
294 2293 310 2311 o
326 2284 436 2315 Simon,
453 2284 601 2318 aliquando
618 2285 645 2310 in
661 2285 829 2319 cogitatione

0 2337 161 2374 positum
185 2331 339 2358 extendisse
367 2338 478 2358 sensum
493 2337 582 2357 meum
596 2331 625 2357 in
641 2331 765 2365 regiones
775 2350 783 2364 ,
800 2335 830 2358 ut

0 2386 68 2414 nis,
88 2384 129 2407 et
152 2376 261 2404 insulas
284 2376 378 2411 procul
401 2376 505 2411 positas
523 2396 531 2408 ,
548 2383 649 2411 easque
663 2379 753 2403 mente
774 2384 829 2403 non

0 2431 128 2459 minus
144 2430 231 2459 quam
252 2423 339 2450 oculis
363 2422 546 2458 perspexisse.
563 2421 632 2449 Cum
647 2429 736 2449 essent
756 2422 828 2456 apud

0 2476 236 2512 Capharnaum
259 2469 287 2496 in
311 2473 425 2503 captura
441 2468 558 2503 piscium
573 2468 690 2503 positus,
708 2471 735 2496 et
750 2469 828 2495 sede-

0 2531 75 2551 rem
98 2523 200 2552 supra
223 2523 335 2547 saxum,
351 2515 461 2541 hamum
476 2519 542 2542 setae
559 2514 688 2541 innexum
711 2517 737 2541 et
753 2513 829 2541 deci~

0 2565 146 2607 piendis
166 2561 290 2596 piscibus
315 2564 437 2596 aptatum
466 2560 571 2586 habens
588 2559 615 2585 in
631 2567 731 2591 manu,
746 2559 783 2585 ita
798 2563 827 2586 ut

0 2604 190 2645 haerentem
202 2607 227 2635 ei
239 2616 294 2635 non
307 2607 441 2634 senserim
458 2606 572 2640 piscem,
587 2604 653 2632 dum
668 2611 746 2631 mens
766 2612 826 2631 mea

0 2670 62 2700 per
81 2654 311 2687 desiderabilem
326 2652 393 2680 mihi
419 2651 569 2679 Jerusalem
583 2651 702 2678 distenta
716 2658 827 2685 percur-

0 2696 115 2737 ;,ere._'
131 2700 268 2735 adquam
290 2706 356 2726 sane
378 2698 547 2725 oblationttm
572 2697 659 2732 gratia
679 2700 707 2723 et
724 2696 826 2723 oratio-

0 2761 88 2785 num
111 2747 237 2784 vigilans
253 2746 407 2780 frequenter
422 2742 719 2771 ascenderamNerum
733 2745 760 2768 ct
771 2742 825 2769 (Σιε-

0 2804 143 2831 saream
163 2794 234 2820 hanc
250 2791 344 2818 mirari
360 2790 395 2818 ab
406 2790 467 2817 aliis
483 2790 597 2817 audiens
608 2809 615 2822 ,
631 2793 657 2817 et
667 2788 825 2816 desiderare

0 2845 157 2877 solebam
175 2859 182 2871 .
199 2843 226 2867 ct
249 2845 310 2866 eam
329 2838 355 2864 in
371 2845 423 2872 qua
441 2836 562 2865 nondum
584 2836 687 2864 fueram
702 2855 710 2869 ,
730 2834 823 2863 videre

675 131 956 162 RECOGNITIONUM
975 133 1039 162 LIB.
1061 133 1092 162 11.

1618 138 1688 167 H78

860 193 883 221 Α
899 190 964 217 mihi
982 190 1110 223 videbar,
1130 194 1157 219 et
1170 191 1324 227 cogitabam
1339 191 1373 219 de
1393 199 1424 220 ea
1441 201 1506 228 quae
1528 195 1683 222 conveniret

898 235 932 262 de
943 235 1056 264 civitate
1068 244 1168 271 magna
1182 237 1307 272 cogitari,
1317 243 1423 272 portas,
1438 246 1545 270 muros.
1559 239 1679 273 lavacra,

897 281 1001 316 plateas
1011 301 1018 313 ,
1035 282 1197 317 angiportus
1209 303 1217 314 ,
1232 282 1291 310 fora
1307 287 1334 310 et
1349 284 1447 310 horum
1462 286 1659 319 consequentia
1672 306 1682 319 ,

897 327 1048 354 secundum
1061 335 1093 355 ea
1109 328 1215 355 scilicet
1226 337 1286 364 qua:
1299 329 1326 356 in
1339 330 1400 357 aliis
1414 330 1528 358 urbibus
1540 330 1660 358 videram
1672 352 1680 363 ,

895 376 922 399 et
938 373 965 399 in
990 376 1095 400 tantum
1117 374 1267 402 intentione
1289 375 1479 410 hujuscemodi
1501 377 1618 404 iutuitu’s
1634 377 1682 404 de-

896 418 1025 450 lectabar,
1041 423 1071 446 ut
1085 427 1158 451 vere,
1177 421 1247 447 sicut
1258 421 1315 455 ipse
1329 421 1434 454 dixisti,
1452 430 1502 449 nec
1517 426 1681 456 praesentem

895 469 976 500 atque
998 470 1132 494 astantem
1157 466 1297 499 viderem,
1327 475 1379 495 nee
1396 467 1453 502 ipse
1475 468 1521 495 ubi
1539 468 1681 499 sederem.

895 519 1015 538 nossem.
1034 511 1066 538 Et
1086 511 1180 539 Simon
1194 522 1200 539 :
1216 512 1307 544 Modo,
1325 513 1425 548 inquit,
1439 517 1512 541 recte
1527 513 1607 541 dicis.

929 556 1021 584 LXIII.
1039 557 1072 583 Et
1086 556 1183 585 Petrus
1199 567 1205 584 :
1219 557 1340 593 Denique
1347 566 1410 585 cum
1419 559 1520 594 piscem
1530 560 1680 587 maximum

893 603 939 638 qui
957 603 1036 630 hamo
1057 603 1214 636 inhaeserat,
1227 609 1317 632 mente
1333 609 1485 640 occupatus
1507 606 1608 633 habere
1626 606 1680 632 mi-

894 650 966 676 nime
981 649 1122 680 sentirem,
1137 653 1164 678 et
1189 650 1216 677 id
1233 650 1345 684 quidem
1360 659 1422 678 cum
1441 651 1514 678 hami
1530 652 1630 679 lineam
1645 652 1680 679 de

893 696 1021 723 manibus
1046 696 1116 724 meis
1132 696 1268 725 violenter
1292 698 1436 732 arriperet,
1455 702 1610 733 stupentem
1634 706 1679 725 me

892 741 988 770 videns
1002 741 1087 769 frater
1102 750 1179 769 meus
1192 742 1315 770 Andreas
1326 743 1372 778 qui
1389 751 1494 770 mecum
1509 743 1633 776 sedebat,
1646 751 1678 771 ac

892 795 960 822 pene
975 795 1114 820 casurum,
1131 789 1202 815 latus
1221 789 1326 816 fodiens
1343 789 1438 816 cubito
1453 790 1526 816 velut
1542 789 1679 817 dormien-

893 837 946 860 tem
959 834 1059 861 excitat
1073 834 1168 862 dicens
1179 844 1184 861 :
1197 834 1254 861 Non
1265 834 1450 867 vides,Pctre,
1458 843 1539 870 quain
1547 843 1677 870 magnum

892 879 993 914 piscem
1004 879 1121 914 ceperis?
1136 881 1326 915 nunquidnam
1343 885 1434 907 mente
1453 880 1588 912 excidisti,
1602 881 1677 916 quod

891 932 931 952 src
941 925 1073 953 attonitus
1088 926 1200 960 stupes?
1214 926 1279 960 quid
1296 930 1338 953 est
1353 926 1424 960 quod
1437 926 1559 961 pateris?
1573 927 1616 954 die
1628 927 1674 954 mi-

890 969 927 996 hi.
944 970 977 997 At
987 978 1038 1006 ego
1054 971 1211 1006 indignatus
1229 971 1253 999 ei
1271 972 1423 1006 paululum,
1439 972 1512 1006 quod
1524 980 1566 999 me
1582 979 1597 999 a
1613 971 1676 999 dul-

889 1017 985 1045 cedine
999 1025 1093 1045 eorum
1115 1025 1176 1052 quae
1192 1017 1318 1045 intuebar
1339 1017 1522 1049 abstraxerit,
1544 1017 1676 1052 respondi

888 1063 957 1089 nihil
976 1071 1020 1090 me
1040 1063 1104 1090 ntali
1119 1063 1195 1098 pati,
1212 1063 1260 1090 sed
1277 1063 1368 1090 animo
1383 1063 1590 1091 desiderabilem
1604 1063 1675 1090 mihi

889 1108 989 1136 intueri
1013 1107 1175 1140 Jerusalem,
1191 1109 1327 1144 simulque
1340 1109 1501 1140 Caesaream,
1519 1113 1547 1136 et
1561 1116 1676 1144 corpore

888 1154 996 1189 quidem
1017 1162 1080 1182 cum
1103 1155 1162 1189 ipso
1181 1163 1263 1188 esse,
1290 1159 1381 1182 mente
1402 1163 1467 1183 vero
1484 1155 1548 1182 illuc
1564 1155 1674 1190 penitus

888 1199 1001 1227 auferri.
1018 1200 1052 1227 At
1066 1201 1111 1227 ille
1125 1201 1219 1227 nescio
1237 1200 1309 1227 unde
1324 1200 1485 1235 inspiratus,
1502 1200 1675 1228 reconditum

887 1251 914 1274 et
930 1250 1065 1274 secretum
1080 1246 1204 1274 veritatis
1220 1246 1332 1281 protulit
1351 1247 1474 1274 verbum.

922 1303 1013 1331 LXIV.
1034 1303 1142 1335 Desine,
1158 1304 1258 1339 inquit,
1270 1303 1365 1338 Petre;
1381 1305 1446 1339 quid
1459 1309 1501 1332 est
1510 1305 1582 1340 quod
1596 1305 1675 1340 agis?

887 1349 915 1377 bi
931 1349 1004 1377 enim
1019 1350 1065 1384 qui
1088 1350 1210 1376 daemone
1234 1349 1367 1384 incipiunt
1388 1351 1486 1385 repleri
1503 1351 1547 1378 vel
1569 1351 1674 1378 moveri

887 1401 977 1424 mente
988 1416 995 1428 ,
1019 1396 1207 1430 hujuscemodi
1225 1396 1301 1422 initia
1315 1395 1427 1428 habent,
1452 1404 1501 1431 per
1514 1397 1674 1431 phantasia:

887 1443 975 1479 primo
995 1442 1027 1470 ad
1043 1442 1164 1477 jucunda
1180 1450 1294 1477 qumque
1316 1446 1344 1469 et
1367 1442 1538 1470 delectabilia
1553 1443 1673 1470 transfe-

887 1493 994 1522 runtur;
1011 1488 1109 1516 deinde
1123 1488 1155 1514 ad
1169 1496 1200 1515 ea
1216 1495 1276 1523 qua:
1286 1495 1341 1515 non
1356 1492 1431 1519 sunt,
1447 1488 1524 1516 vanis
1539 1492 1567 1516 et
1583 1489 1674 1516 inani-

849 1532 870 1561 C
887 1535 938 1562 bus
961 1535 1080 1562 motibus
1105 1534 1292 1562 eﬂ‘unduntur.
1320 1534 1377 1562 Hoc
1400 1539 1490 1562 autem
1516 1535 1615 1562 accidit
1638 1543 1672 1563 ex

885 1581 1015 1616 languore
1030 1579 1149 1615 quodam
1167 1580 1278 1612 animae,
1294 1588 1348 1615 quo
1362 1588 1393 1607 ea
1407 1581 1517 1615 quidem
1531 1589 1593 1615 quae
1607 1586 1672 1609 sunt

884 1635 939 1655 non
951 1627 1053 1659 vident,
1070 1626 1227 1654 desiderant
1241 1634 1303 1654 vero
1315 1626 1450 1654 adducere
1461 1627 1494 1653 ad
1507 1633 1671 1662 conspectus

885 1681 950 1700 suos
965 1680 996 1700 ca
1014 1680 1075 1707 qua:
1091 1680 1145 1699 non
1161 1677 1235 1699 sunt.
1253 1671 1306 1699 Sed
1321 1676 1348 1699 et
1363 1672 1418 1700 illis
1433 1673 1469 1699 ita
1486 1673 1603 1704 accidit,
1621 1674 1670 1708 qui

883 1718 1030 1754 phrenesin
1048 1718 1189 1754 patiuntur
1211 1721 1238 1746 et
1263 1717 1390 1745 videntur
1412 1718 1464 1745 sibi
1485 1719 1584 1745 multas
1599 1719 1670 1745 inta-

883 1765 960 1801 gines
974 1764 1074 1795 videre,
1092 1772 1141 1798 pro
1154 1772 1187 1791 eo
1201 1764 1272 1799 quod
1287 1764 1424 1791 nimietate
1440 1763 1549 1799 frigoris
1565 1765 1606 1791 vel
1622 1773 1669 1792 ca-

883 1810 950 1838 loris
965 1811 1056 1837 anima
1073 1810 1193 1845 ipsorum
1209 1810 1340 1837 convulsa
1359 1815 1386 1837 et
1405 1815 1495 1836 emota
1515 1810 1583 1838 locis
1596 1811 1666 1842 suis,

882 1863 1002 1884 errorem
1017 1857 1119 1891 patitur
1134 1855 1278 1883 ministerii
1300 1855 1442 1882 naturalis.
1461 1854 1515 1883 Sed
1528 1859 1555 1882 et
1577 1856 1604 1882 hi
1619 1856 1667 1891 qui

882 1902 1007 1929 laborant
1022 1902 1078 1933 siti,
1093 1909 1155 1929 eum
1169 1901 1196 1928 in
1213 1909 1336 1936 soporem
1351 1901 1474 1929 verterint
1487 1921 1495 1934 ,
1515 1900 1626 1928 ﬂumina
1639 1905 1668 1929 et

883 1947 972 1975 fontes
992 1947 1084 1975 videre
1105 1947 1157 1975 sibi
1173 1947 1301 1974 videntur
1315 1955 1347 1974 ac
1362 1947 1469 1980 bibere;
1501 1947 1552 1974 hoc
1575 1951 1666 1974 autem

882 1994 1021 2029 patiuntur
1032 1994 1159 2021 ariditate
1174 1993 1345 2028 intemperati
1358 1993 1484 2027 corporis
1499 1992 1665 2020 laborantes.

881 2040 994 2075 Propter
1010 2039 1083 2075 quod
1106 2043 1210 2066 certum
1235 2043 1287 2072 est,
1311 2039 1369 2066 Itale
1393 2039 1459 2066 vitio
1482 2039 1599 2075 quodatn
1624 2040 1667 2068 vel

881 2087 978 2114 aniune
993 2086 1035 2113 vel
1050 2086 1173 2121 corporis
1188 2085 1256 2113 fieri.

917 2142 998 2170 LXV.
1018 2143 1138 2178 Denique
1153 2148 1182 2170 ut
1197 2143 1314 2178 acetpias
1328 2143 1368 2170 rei
1381 2142 1459 2171 Iidem
1473 2143 1506 2171 de
1516 2143 1666 2171 Jerusalem

845 2204 868 2231 Ι)
882 2197 963 2224 quatn
978 2197 1049 2224 saepe
1063 2189 1194 2222 videram,
1209 2189 1332 2216 dicebam
1352 2188 1430 2216 fratri
1445 2197 1516 2222 meo,
1531 2198 1591 2225 qum
1606 2190 1666 2217 loca

882 2244 984 2271 quosve
998 2239 1148 2263 conventus
1164 2235 1240 2263 visus
1252 2235 1317 2262 Inibi
1331 2234 1443 2262 fuissem
1454 2236 1556 2263 videre.
1574 2236 1625 2263 Sed
1639 2242 1667 2264 et

880 2283 914 2310 de
925 2282 1049 2310 Ctesarea
1070 2289 1151 2317 quam
1167 2289 1305 2316 nunquam
1324 2281 1443 2308 videram
1456 2302 1464 2315 ,
1487 2283 1666 2311 nihilominus

880 2328 1096 2360 contendeham,
1113 2327 1186 2362 quod
1200 2331 1272 2354 esset
1296 2327 1368 2358 talis,
1396 2327 1502 2362 qualem
1528 2333 1617 2355 mente
1639 2333 1666 2356 et

879 2375 1042 2411 cogitatione
1057 2381 1245 2409 conceperam.
1261 2373 1329 2400 Cum
1346 2378 1435 2400 autem
1448 2374 1583 2402 venissem
1599 2374 1664 2408 huc,

878 2421 946 2448 nihil
978 2420 1089 2447 omnino
1116 2419 1204 2446 simile
1231 2419 1381 2454 respiciens
1405 2427 1499 2447 eorum
1529 2427 1590 2454 qure
1616 2428 1665 2455 per

879 2467 1037 2502 pltautasias
1064 2465 1205 2497 videram,
1235 2465 1395 2500 reprehendi
1422 2465 1611 2500 meutetipsutu
1636 2471 1664 2493 et

878 2512 969 2539 notavi
985 2511 1064 2538 valde
1074 2532 1080 2542 ,
1096 2511 1159 2546 quia
1174 2519 1207 2537 ex
1225 2510 1285 2538 aliis
1301 2518 1361 2545 qua:
1374 2510 1494 2537 videram
1506 2531 1513 2542 ,
1530 2515 1623 2545 portas
1637 2512 1662 2538 ei

877 2562 904 2585 et
919 2565 1012 2584 muros
1027 2557 1149 2592 aliasque
1170 2557 1258 2589 aedes,
1283 2564 1376 2583 revera
1401 2557 1605 2584 similitudinem
1628 2565 1663 2583 ex

877 2605 938 2632 aliis
961 2604 1072 2639 capiens
1097 2603 1235 2630 dederam.
1272 2601 1364 2637 Neque
1391 2603 1462 2630 enitn
1491 2602 1552 2637 quis
1573 2606 1662 2637 potest

876 2657 975 2677 novum
991 2649 1103 2684 aliquid,
1120 2653 1146 2676 et
1160 2649 1239 2683 cujus
1253 2648 1340 2675 forma
1354 2648 1428 2675 nulla
1444 2655 1563 2682 unquam
1576 2647 1661 2675 exsti-

876 2696 950 2727 terit,
968 2696 1096 2730 cogitare.
1120 2693 1187 2721 Nam
1206 2698 1233 2721 ct
1252 2693 1275 2721 si
1298 2693 1362 2720 velit
1377 2693 1475 2727 aliquis
1489 2697 1582 2718 tauros
1597 2698 1660 2718 cum

875 2742 967 2778 quinis
979 2742 1115 2776 capitibus
1125 2749 1158 2768 ex
1173 2748 1222 2768 sua
1235 2739 1400 2774 cogitatione
1414 2738 1541 2771 formare,
1552 2745 1585 2765 ex
1599 2737 1661 2765 istis

875 2796 944 2823 qttos
959 2787 1025 2814 vidit
1039 2795 1101 2814 cum
1114 2786 1230 2821 singulis
1245 2784 1391 2819 capitibus,
1407 2784 1468 2811 illos
1481 2783 1573 2819 quinis
1584 2782 1658 2818 capi-

875 2834 948 2863 tibus
965 2833 1050 2869 lingit.
1071 2833 1103 2860 Et
1119 2837 1147 2860 ttt
1168 2839 1233 2867 ergo
1255 2839 1339 2861 nunc,
1357 2831 1380 2858 si
1405 2838 1467 2858 vetc
1492 2829 1595 2866 aliquid
1611 2828 1659 2857 libl
