1892 3105
221 166 293 194 ητθ

648 163 677 190 S.
696 162 891 191 LLEMENTIS
910 162 920 189 l
939 161 1022 190 ROM.
1042 160 1145 190 PONT.
1165 160 1288 189 ΟΡΕΒΑ.
1307 161 1421 190 DUBIA.

1770 163 1832 190 1280

218 226 319 253 videris
333 227 380 252 tua
396 224 559 260 cogitatione
577 224 732 259 perspicere
744 242 751 255 ,
772 227 799 250 et
816 231 899 258 supra
915 222 1002 249 cmlos
1017 224 1040 252 Α
1054 223 1099 256 qui
1120 222 1155 249 ab
1170 229 1204 249 eo
1227 221 1293 248 facti
1310 226 1387 253 sunt,
1415 221 1486 248 sicut
1511 224 1538 248 et
1560 221 1603 248 lex
1625 221 1707 254 dicit,
1723 229 1833 256 quorum

218 271 329 303 intueri,
346 279 399 298 non
415 271 528 298 dubium
542 270 609 305 quin
623 277 657 297 ex
670 270 714 297 his
728 277 758 296 ea
775 269 932 296 consideres
943 275 1004 303 qua:

218 320 246 346 in
262 318 344 345 terris
357 318 464 352 positus
480 317 565 344 vides.
590 316 643 343 Aut
663 316 686 343 si
702 320 782 351 putas
797 315 903 342 facilem
919 315 1004 342 menti

217 371 272 393 tua
285 371 428 391 accessum
442 371 504 391 esse
523 371 606 398 super
630 363 725 394 ccelos,
743 367 768 389 et
783 361 958 389 considerare
979 366 1004 388 te

217 420 298 448 posse
322 418 383 446 quae
404 409 460 436 illic
484 412 559 440 sunt,
585 412 666 443 atque
685 409 824 435 immensae
845 407 918 434 illius
934 406 1003 433 lucis

216 458 359 488 scientiam
378 464 476 492 capere
489 475 496 487 ,
520 458 586 490 puto
600 455 624 482 ei
644 453 692 489 qui
709 454 754 481 illa
772 456 861 488 potest
879 459 1003 487 compre-

218 505 355 536 hendere,
381 502 489 530 facilius
510 509 571 528 esse
594 504 624 527 ut
646 507 756 528 sensum
778 506 858 527 suum
875 498 921 533 qui
938 498 1003 525 illuc

215 552 291 580 novit
304 548 460 579 ascendere,
474 547 501 574 in
513 547 629 581 alicujus
640 550 764 573 nostrum
776 545 822 580 qui
836 544 1001 575 assistimus,

214 607 263 626 cor
274 601 300 625 et
310 600 405 632 pectus
416 594 522 629 injiciat
531 597 558 621 et
569 592 652 624 dicat,
664 599 732 627 quas
743 591 771 618 in
780 598 812 618 eo
823 590 1002 625 cogitationes

215 649 301 682 gerat.
319 643 348 670 Si
368 650 434 677 ergo
448 645 526 676 potes
541 638 658 674 alicujus
672 641 796 666 nostrum
809 657 817 669 ,
840 637 886 671 qui
911 640 1002 664 tamen

215 700 269 719 non
295 692 330 718 sit
351 696 415 724 erga
438 687 558 714 favorem
578 689 655 712 tuum
674 687 838 718 occupatus,
858 683 1002 710 enuntiare

215 737 394 772 cogitationes
409 733 511 763 cordis,
524 732 675 767 poterimus
686 730 735 757 tibi
751 729 868 757 fortasse
879 729 1000 761 credere,

213 783 287 819 quod
303 786 329 810 et
342 789 373 809 ea
389 788 450 816 quae
467 785 550 813 super
563 777 648 805 cmlos
661 779 746 807 sunt,
764 776 836 803 scire
859 775 981 810 potueris
993 794 1001 807 ,

215 831 277 857 licet
293 829 337 855 illa
352 827 438 854 multo
453 825 507 853 sint
522 824 646 851 celsiora.

247 873 339 902 LXVI.
361 872 400 900 Ad
417 872 475 899 hac
488 870 581 898 Simon
598 879 604 896 :
624 868 676 902 Qui
695 875 771 901 vero,
785 867 883 903 inquit,
900 867 1000 894 multas

214 921 317 948 nmnias
341 918 467 950 texuisti,
490 916 553 944 audi
575 916 631 950 jam
657 922 739 942 nunc.
766 914 937 949 lmpossibile
958 916 1000 940 est

213 975 294 994 omne
310 965 382 1001 quod
398 964 432 992 ad
453 963 645 999 cogitationem
672 960 791 988 hominis
810 961 926 991 venerit,
945 965 1000 986 non

211 1013 293 1040 etiam
308 1019 337 1038 re
351 1011 409 1045 ipsa
420 1017 453 1036 ac
470 1008 586 1036 veritate
600 1006 768 1039 subsistere;
783 1013 844 1040 quae
861 1006 933 1032 enim
945 1012 1000 1031 non

212 1057 376 1087 subsistunt,
385 1062 435 1082 nec
446 1053 563 1089 speciem
579 1051 691 1083 habent,
704 1058 767 1086 qua:
777 1054 867 1078 autem
881 1049 999 1084 speciem

212 1110 267 1130 non
281 1101 392 1131 habent,
408 1107 459 1126 nec
472 1097 631 1133 cogitationi
656 1099 772 1131 possunt
792 1102 948 1123 occurrere.
967 1093 1000 1121 Et

210 1149 308 1176 Petrus
326 1157 333 1174 :
350 1146 379 1174 Si
402 1153 493 1177 omne,
522 1144 626 1179 inquit.
653 1143 726 1179 quod
750 1142 784 1170 ad
807 1142 999 1178 cogitationem

211 1193 304 1220 venire
329 1193 428 1226 potest,
452 1189 588 1221 subsistit,
615 1188 698 1215 istum
720 1195 801 1223 quem
826 1187 895 1214 dicis
921 1190 1000 1214 extra

211 1237 343 1264 mundum
360 1244 422 1264 esse
437 1234 629 1262 immensitatis
647 1234 747 1266 locum,
766 1233 790 1261 si
806 1240 869 1260 eum
886 1232 948 1267 quis
970 1231 999 1258 in

211 1284 294 1311 corde
310 1290 360 1310 suo
376 1282 466 1308 lumen
482 1288 542 1308 esse
558 1280 669 1315 cogitet,
693 1279 764 1307 alius
778 1286 843 1307 vero
860 1279 997 1310 tenebras,

210 1327 348 1364 quomodo
362 1326 462 1362 poterit
478 1333 549 1352 unus
564 1329 646 1360 atque
663 1324 734 1352 idem
752 1325 830 1352 locus
847 1323 998 1351 secundum

210 1382 269 1405 eos,
287 1373 334 1408 qui
351 1373 460 1400 diversa
476 1371 509 1398 de
532 1378 565 1398 eo
585 1370 759 1406 cogitarunt,
776 1373 802 1397 et
825 1370 916 1396 lumen
938 1377 999 1397 esse

211 1425 238 1448 et
264 1418 398 1447 tenebrae?
425 1417 458 1444 Et
483 1417 576 1444 Simon
601 1425 608 1444 :
633 1415 733 1443 Omitte
761 1424 835 1443 nunc
863 1415 915 1442 ista
938 1423 999 1450 quae

210 1473 262 1501 ego
277 1464 345 1497 dixi,
362 1468 392 1490 tu
411 1463 476 1498 quid
492 1470 553 1490 esse
568 1465 647 1496 putes
662 1469 745 1496 super
759 1461 845 1488 caelos
860 1460 965 1487 dicito?

246 1508 351 1537 LXVII.
380 1509 413 1536 Et
436 1507 534 1535 Petrus
555 1516 562 1534 :
586 1506 614 1534 Si
639 1507 672 1534 de
691 1514 774 1538 vero,
797 1505 902 1541 inquit,
925 1506 999 1533 fonte

210 1555 322 1583 luminis
333 1553 471 1584 crederes,
487 1560 595 1586 possem
612 1555 640 1578 te
663 1551 771 1583 docere,
788 1551 854 1586 quid
878 1555 905 1578 et
929 1559 998 1585 quo-

210 1601 291 1628 modo
307 1604 380 1628 esset
404 1599 478 1635 quod
495 1599 657 1626 immensum
681 1601 734 1630 cst,
750 1601 776 1625 et
799 1605 854 1624 non
882 1598 998 1632 phanta-

210 1648 280 1674 siam
309 1653 419 1678 vanam,
444 1645 493 1673 sed
521 1648 734 1679 consequentem
759 1648 784 1671 et
813 1644 997 1671 necessariam

210 1693 345 1720 rationem
363 1692 504 1719 redderem
519 1690 653 1721 veritatis,
670 1697 719 1717 nec
741 1689 939 1717 assertionibus
953 1697 999 1717 so-

211 1738 348 1774 phisticis,
366 1738 413 1765 sed
430 1737 497 1772 legis
514 1739 540 1764 et
554 1741 660 1763 natura:
675 1735 840 1763 testimoniis
855 1739 956 1768 uterer,
969 1739 998 1763 ut

211 1787 297 1814 scires
317 1785 380 1820 quia
402 1783 594 1811 immensitatis
618 1783 698 1810 fidem
718 1782 855 1817 praecipue
878 1783 998 1810 continet

210 1833 264 1860 lex.
284 1830 363 1864 Quod
378 1829 401 1857 si
426 1829 618 1856 immensitatis
639 1828 709 1855 ratio
732 1835 787 1855 non
812 1828 876 1854 latet
899 1828 995 1862 legem.

210 1877 278 1904 nihil
294 1875 415 1911 profecto
431 1874 503 1901 aliud
523 1881 581 1900 eam
599 1874 684 1901 latere
700 1877 801 1909 potest,
823 1877 850 1900 et
867 1873 928 1900 ideo
947 1873 993 1900 fal.

211 1930 272 1950 sum
289 1925 341 1953 est,
366 1920 439 1956 quod
464 1919 565 1955 putasti
583 1927 643 1946 esse
667 1919 769 1954 aliquid
794 1919 866 1954 quod
893 1919 997 1954 ignoret

209 1969 262 1995 lex.
281 1966 365 1993 Multo
379 1970 469 1992 autem
485 1965 602 1999 amplius
614 1965 681 1991 nihil
698 1965 790 1992 latebit
808 1973 880 1996 eum,
896 1965 941 2000 qui
958 1966 996 1992 le-

209 2021 270 2049 gem
285 2012 370 2040 dedit.
387 2010 442 2039 Nec
459 2015 549 2037 tatneu
566 2018 677 2045 possum
701 2010 749 2037 tibi
768 2011 869 2045 aliquid
891 2010 925 2038 de
945 2011 996 2037 im-

210 2058 355 2086 mensitate
369 2060 396 2084 et
409 2057 451 2084 his
464 2064 523 2091 quae
535 2056 594 2083 sine
611 2056 663 2083 line
678 2060 743 2083 sunt
754 2055 838 2090 loqui,
850 2056 903 2083 nisi
918 2055 995 2090 prius

208 2105 242 2132 de
259 2104 313 2135 his,
325 2103 372 2138 qui
392 2106 467 2129 certo
484 2103 536 2129 line
552 2102 735 2129 terminantur
754 2102 842 2135 cmlis,
862 2101 994 2128 rationem

210 2150 252 2177 vel
280 2149 416 2184 receperis
440 2153 574 2180 nostram,
597 2147 640 2175 vel
665 2148 722 2182 ipse
746 2148 891 2183 protuleris
910 2153 993 2175 tuam.

209 2196 288 2229 Quod
302 2196 325 2223 si
334 2195 416 2222 dehis
428 2202 488 2230 quae
503 2195 585 2221 certis
596 2193 696 2221 finibus
707 2194 996 2221 cont-ludunturintcl-

209 2242 293 2276 ligere
313 2248 367 2268 non
383 2245 470 2276 potes,
487 2240 574 2266 multo
590 2240 677 2274 magis
692 2240 725 2267 de
744 2240 787 2267 his
801 2241 927 2275 quaesine
942 2240 994 2267 ﬁne
1011 2240 1032 2266 ι)
1048 2243 1099 2277 ipsi
1116 2242 1193 2268 initia
1208 2240 1335 2269 audiendi
1361 2241 1435 2267 verbi
1452 2240 1498 2267 Dei
1523 2246 1691 2276 acceperant
1718 2247 1748 2269 et
1770 2245 1838 2269 erant
1871 2240 1872 2274 ξ

210 2291 286 2317 Sunt,
302 2294 390 2322 neque
411 2287 480 2313 scire
496 2285 598 2321 aliquid
612 2286 714 2320 poteris
727 2294 814 2320 neque
827 2287 943 2314 discere.

245 2332 407 2360 LXV’lll.Ad
420 2333 475 2360 hmc
489 2331 582 2359 Simon
599 2342 605 2359 :
622 2331 727 2362 Melius,
743 2333 791 2364 ait,
807 2332 872 2359 mihi
887 2333 994 2360 videtur

210 2379 369 2414 simpliciter
386 2378 506 2410 credere,
522 2379 585 2413 quia
609 2378 680 2405 Deus
698 2383 750 2408 est,
771 2383 798 2405 et.
819 2379 881 2414 quia
906 2379 994 2406 solum

211 2425 283 2451 istud
299 2425 370 2460 quod
382 2425 514 2456 videmus,
531 2425 566 2451 sit
582 2425 680 2451 emlum
697 2425 723 2451 in
740 2425 866 2452 universo
882 2426 993 2453 mundo.

210 2467 242 2497 Et
253 2471 349 2498 Petrus
358 2481 364 2498 ξ
372 2470 429 2498 Non
439 2471 485 2501 ita,
494 2471 593 2506 inquit,
604 2470 651 2498 sed
661 2479 743 2497 unutn
750 2472 858 2505 quidem
868 2472 993 2499 conﬁteri

209 2517 335 2544 convenit
351 2517 433 2544 Deum
446 2517 491 2552 qui
507 2525 569 2544 vere
584 2521 642 2549 est;
659 2517 743 2544 callos
759 2522 851 2545 autem
865 2526 926 2546 esse
937 2518 993 2554 (79)

1011 1569 1032 1597 ρ
1050 1558 1184 1590 volueris,
1202 1557 1295 1584 Simon
1311 1557 1348 1584 ait
1365 1567 1370 1584 :
1388 1556 1521 1590 Quoniam
1538 1557 1604 1584 hora
1617 1557 1676 1591 jam
1691 1559 1785 1585 multa
1797 1563 1842 1585 est.

1056 274 1139 294 unum
1153 267 1254 293 coelum
1267 267 1303 294 sit
1317 267 1456 302 superius,
1467 274 1523 302 quo
1537 268 1691 296 continetur
1704 269 1785 296 etiam
1799 269 1835 295 ri-

1054 313 1133 340 sibile
1147 312 1360 344 firmamentum,
1376 312 1442 340 illud
1457 320 1519 340 esse
1538 317 1698 348 perpetuum
1712 318 1740 341 et
1761 319 1836 341 atter—

1054 364 1120 383 num
1137 364 1200 384 cum
1212 358 1254 384 his
1268 358 1315 392 qui
1330 357 1453 384 habitant
1467 358 1524 390 ibi";
1538 358 1608 386 istud
1625 363 1718 386 autem
1736 359 1837 385 visibile

1054 403 1081 429 in
1092 403 1330 431 consummatione
1338 403 1430 431 saeculi
1441 403 1629 431 resolvendum
1639 412 1702 432 esse
1713 409 1741 432 et
1751 409 1838 432 trans-

1054 448 1104 481 ire,
1128 453 1158 476 ut
1181 449 1249 476 illud
1273 450 1373 476 ctelum
1396 449 1469 484 quod
1490 454 1533 477 est
1547 450 1686 484 antiquius
1709 455 1739 477 et
1753 451 1838 477 excel.

1053 496 1111 523 sius
1127 500 1189 530 post
1209 495 1344 531 judicium
1364 496 1466 523 sanctis
1489 499 1518 523 et
1540 496 1626 531 dignis
1645 501 1787 531 appareat.
1802 497 1838 523 Ad

1053 541 1111 569 haec
1127 541 1222 569 Simon
1243 541 1384 577 respondit
1400 551 1407 569 :
1427 541 1490 570 Haec
1515 542 1554 570 ita
1567 550 1638 574 esse,
1660 547 1690 569 ut
1716 545 1746 568 tu
1763 542 1838 573 dicis,

1053 587 1234 615 credentibus
1259 589 1368 623 possint
1392 588 1492 621 videri,
1515 589 1540 616 ei
1563 593 1653 615 autem
1678 588 1727 623 qui
1748 588 1840 615 horum

1052 637 1193 669 exspectat
1207 634 1339 666 rationes,
1354 633 1523 669 impossibile
1536 639 1579 662 est
1593 642 1626 662 ex
1651 634 1712 670 lege
1729 634 1841 669 proferri

1051 685 1079 707 et
1094 681 1230 715 praecipue
1243 679 1276 708 de
1292 680 1476 707 immensitate
1490 680 1571 708 lucis.

1088 725 1180 753 LXIX.
1200 725 1233 753 Et
1248 725 1347 754 Petrus
1363 735 1370 753 :
1385 724 1458 758 Noli,
1473 726 1573 761 inquit,
1588 731 1687 761 putare
1707 734 1760 754 nos
1772 729 1841 762 quod

1052 771 1109 799 haec
1127 771 1179 800 fide
1196 772 1254 799 sola
1272 771 1427 806 recipienda
1442 779 1504 799 esse
1523 772 1658 804 dicamus,
1676 773 1728 800 sed
1751 778 1779 801 et
1801 782 1842 800 ra-

1052 819 1125 846 tione
1139 819 1297 847 asserenda.
1314 818 1407 854 Neque
1422 819 1496 846 enim
1511 823 1600 846 tutum
1621 824 1666 847 est
1683 820 1767 848 nuda:
1788 821 1841 848 hac

1052 865 1115 893 fidei
1130 865 1234 900 absque
1250 865 1358 892 ratione
1375 865 1556 897 committere,
1573 873 1634 893 cum
1657 867 1756 901 utique
1773 867 1844 894 veri-

1052 915 1095 938 tas
1108 911 1214 937 ratione
1227 917 1282 937 non
1301 914 1405 938 careat.
1421 909 1455 937 Et
1472 910 1534 937 ideo
1547 910 1570 926 "
1589 910 1635 945 qui
1652 910 1713 937 haec
1741 911 1844 938 ratione

1051 957 1155 983 munita
1173 957 1336 992 susceperit,
1351 956 1466 991 perdere
1503 963 1536 984 ea
1576 964 1722 992 nunquam
1745 961 1843 993 potest,

1051 1003 1097 1038 qui
1114 1011 1179 1030 vero
1192 1003 1296 1040 absque
1311 1005 1514 1033 assertionibus
1530 1012 1564 1033 ea
1577 1005 1695 1040 euscépit
1713 1006 1844 1041 simplicis

1051 1050 1187 1078 sermonis
1201 1057 1328 1084 assensu,
1339 1059 1429 1086 neque
1443 1059 1554 1079 servare
1564 1059 1596 1078 ea
1608 1055 1670 1079 tuto
1683 1057 1789 1086 potest,
1801 1061 1845 1080 ne-
1871 1047 1872 1050 Ἰ

1050 1105 1104 1132 que
1117 1098 1141 1125 si
1153 1105 1218 1125 vera
1234 1098 1290 1126 sint
1301 1101 1394 1125 certus
1407 1102 1460 1130 est,
1475 1098 1540 1133 quia
1553 1098 1600 1133 qui
1614 1097 1700 1126 facile
1712 1099 1803 1127 credit
1813 1100 1845 1126 {:-

1050 1143 1104 1170 eile
1114 1148 1141 1171 et
1152 1143 1255 1171 recedit
1268 1153 1276 1171 :
1291 1143 1338 1178 qui
1353 1147 1445 1170 autem
1459 1143 1592 1171 rationem
1606 1145 1739 1179 quaesivit
1754 1153 1843 1173 eorum:

1050 1196 1111 1223 qua:
1124 1188 1252 1221 credidit,
1268 1193 1296 1216 et
1310 1189 1427 1225 accepit,
1442 1191 1521 1225 quasi
1537 1190 1656 1218 vinculis
1677 1191 1843 1226 quibusdam

1050 1235 1165 1262 rationis
1186 1235 1272 1269 ipsius
1296 1235 1457 1270 colligatus,
1486 1243 1625 1271 nunquam
1656 1237 1692 1264 ab
1722 1237 1767 1264 his
1788 1245 1844 1272 quae

1049 1281 1176 1312 credidit,
1189 1280 1281 1308 divelli
1296 1285 1343 1308 aut
1360 1282 1481 1316 separari
1496 1286 1597 1317 potest.
1612 1282 1646 1309 Et
1663 1283 1730 1311 ideo
1746 1289 1843 1319 quanto

1050 1327 1112 1362 quis
1130 1327 1291 1362 propensior
1307 1327 1390 1354 fuerit
1405 1328 1432 1354 iu
1454 1329 1605 1362 expetenda
1625 1329 1752 1362 ratione,
1773 1334 1843 1356 tanto
1871 1337 1872 1340 ‘

1050 1373 1102 1400 crit
1115 1373 1218 1400 ﬁrmior
1234 1373 1260 1400 in
1274 1374 1463 1401 conservanda
1481 1374 1544 1402 fide.

1085 1419 1166 1446 LXX.
1188 1419 1228 1446 Ad
1245 1419 1301 1446 hmc
1317 1419 1409 1446 Simon
1424 1429 1429 1447 :
1444 1419 1569 1454 Magnum
1583 1424 1637 1452 est,
1654 1420 1761 1455 inquit,
1776 1422 1843 1456 quoi

1050 1465 1219 1499 repromittis
1243 1469 1273 1491 ut
1298 1465 1437 1491 immensae
1463 1464 1532 1491 lucis
1557 1464 1702 1491 aeternitas
1733 1473 1769 1492 ex
1792 1466 1843 1500 lege

1049 1511 1137 1546 possit
1161 1510 1278 1538 ostendi.
1295 1509 1420 1545 Cumque
1444 1509 1543 1538 Petrus
1566 1510 1686 1538 dixisset
1705 1521 1712 1537 :
1731 1511 1843 1544 Quando

1050 1604 1173 1631 crastino
1184 1603 1283 1630 astanti
1299 1603 1364 1629 mihi
1377 1608 1404 1630 et
1419 1603 1558 1634 renitenti,
1571 1602 1594 1630 si
1611 1603 1738 1637 probare
1751 1608 1843 1638 potue-

1050 1650 1087 1676 ris
1105 1649 1206 1676 factum
1223 1657 1284 1676 esse
1315 1649 1387 1676 lmnc
1401 1648 1530 1675 mundum
1543 1653 1569 1675 et
1586 1649 1695 1676 animas
1719 1657 1785 1676 esse
1799 1652 1844 1675 im—

1050 1695 1190 1727 mortales,
1202 1695 1315 1722 habebis
1328 1703 1370 1722 me
1387 1694 1542 1729 adjutorem
1557 1694 1771 1728 prmdicationis
1786 1699 1842 1721 tua:

1050 1739 1082 1766 Et
1097 1748 1158 1767 cum
1174 1740 1230 1767 haec
1245 1740 1370 1772 dixisset,
1385 1747 1512 1775 egressus
1525 1744 1682 1771 est,secuta
1696 1745 1794 1768 autem
1810 1747 1844 1767 cs:

1049 1793 1110 1812 cum
1128 1794 1162 1813 ex
1184 1787 1258 1814 omni
1284 1787 1382 1821 populo
1403 1787 1450 1821 qui
1474 1794 1536 1813 cum
1554 1787 1615 1821 ipso
1639 1791 1763 1814 venerat
1788 1795 1843 1822 pars

1047 1832 1141 1863 tertia,
1156 1830 1203 1865 qui
1219 1834 1297 1857 erant
1311 1830 1389 1865 quasi
1406 1830 1479 1857 mille
1493 1831 1561 1864 viri;
1578 1832 1672 1858 caeteri
1689 1840 1762 1859 vero
1774 1832 1842 1859 ﬂexis

1048 1877 1163 1912 genibus
1179 1876 1354 1910 prostrabant
1370 1883 1399 1903 se
1413 1874 1504 1908 Petro,
1520 1883 1604 1910 super
1616 1884 1690 1911 quos
1708 1877 1758 1904 ille
1773 1877 1843 1904 invo-

1047 1927 1109 1950 cato
1125 1922 1171 1949 Dei
1189 1921 1310 1952 nomine,
1328 1921 1396 1949 alios
1417 1921 1551 1948 daemonia
1573 1921 1715 1950 habentes
1730 1925 1840 1952 ριιιῖιτῐι.

1047 1967 1115 1993 alios
1132 1967 1212 1994 etiam
1230 1966 1389 2000 languentes
1404 1965 1522 1997 sanavit,
1539 1970 1565 1992 et
1584 1966 1621 1992 ita
1642 1966 1789 1995 its-tantem
1801 1976 1842 2002 prs
1869 1960 1870 1971 ³

1047 2013 1139 2047 pulum
1155 2011 1269 2041 dimisit.
1284 2011 1417 2038 mandans
1432 2011 1482 2042 eis,
1500 2014 1530 2037 ut
1551 2011 1579 2037 in
1595 2012 1761 2039 crastinum
1777 2014 1838 2040 dam

1046 2059 1181 2086 maturius
1196 2058 1385 2085 convenirent.
1409 2055 1507 2084 Petrus
1533 2065 1595 2084 vero
1617 2065 1685 2084 cum
1712 2059 1839 2086 recessis-

1046 2110 1107 2133 sent
1123 2105 1218 2136 turbat,
1236 2105 1321 2131 sterni
1332 2103 1415 2138 jussit
1434 2103 1508 2130 humi
1527 2103 1578 2130 sub
1595 2111 1662 2131 aere
1687 2106 1757 2131 atrii
1776 2104 1838 2131 nuda,

1047 2151 1092 2176 ubi
1115 2149 1201 2177 fuerat
1223 2149 1403 2184 disputatum,
1418 2151 1446 2174 et
1471 2149 1598 2175 recubuit
1617 2156 1675 2175 una
1703 2158 1772 2176 cum
1794 2150 1839 2175 iiiis
1871 2149 1872 2184 ξ

1049 2195 1193 2228 undecim,
1215 2203 1264 2230 ego
1283 2202 1346 2222 vero
1366 2202 1429 2221 cum
1454 2194 1516 2222 aliis
1540 2195 1728 2230 quibusdam,
1752 2197 1798 2231 qui
1818 2200 1839 2221 et

1047 2288 1213 2318 charissimi,
1230 2287 1391 2314 tecumhens
1408 2286 1550 2313 sumebam
1561 2287 1668 2314 cibum.

1083 2333 1175 2361 LXXI.
1197 2333 1249 2360 Sed
1263 2333 1475 2368 benignissimus
1486 2332 1585 2360 Petrus
1600 2333 1801 2361 considerans.
1812 2339 1839 2358 is?

1047 2380 1117 2407 forte
1133 2379 1270 2406 tristitiam
1294 2379 1359 2405 mihi
1384 2378 1498 2405 inferret
1514 2378 1566 2405 ista
1589 2381 1793 2414 sequestratio,
1809 2379 1838 2403 si:

1047 2426 1081 2452 ad
1103 2434 1145 2453 me
1159 2436 1165 2453 :
1182 2425 1240 2452 Non
1262 2433 1311 2459 pro
1334 2425 1473 2459 superbia,
1489 2433 1506 2452 o
1523 2425 1663 2455 Clemens,
1682 2426 1839 2452 convivium

1047 2480 1100 2499 non
1117 2480 1166 2506 ago
1181 2479 1242 2497 cum
1259 2471 1302 2497 his
1321 2471 1367 2505 qui
1388 2470 1512 2497 nondum
1535 2469 1674 2505 purificati
1695 2475 1778 2501 sunt,
1871 2479 1872 2482 η

1047 2526 1142 2546 vereor
1165 2525 1198 2544 ne
1222 2517 1290 2543 forte
1308 2517 1373 2543 mihi
1389 2516 1501 2551 quidem
1523 2525 1650 2549 noceam,
1664 2517 1737 2551 ipsis
1754 2522 1838 2542 autem

246 2630 268 2646 ⁷⁸
289 2628 322 2655 Et
341 2628 398 2655 ideo
413 2644 445 2648 ——
461 2627 580 2662 upurari
601 2634 686 2663 potest
706 2628 898 2656 desiderantur
921 2629 948 2655 in
967 2632 1083 2663 utroque
1098 2628 1159 2656 cod.
1179 2627 1252 2664 Lips.

861 2715 1044 2743 ΩΟΤΕιΕΙὶῖι
1064 2714 1179 2742 NOTAE.

244 2799 298 2832 (79)
319 2798 404 2826 Ctelos
423 2803 510 2825 autem
527 2805 592 2824 esse.
613 2797 650 2824 De
674 2797 790 2832 cmlorct
809 2795 886 2823 cmlis
908 2796 992 2832 multa

211 2834 298 2860 sancti
313 2832 418 2865 Patres,
431 2839 512 2868 atque
528 2833 666 2859 contraria
684 2841 697 2868 :7
708 2831 811 2868 scdreu,
824 2834 852 2857 ut
866 2835 893 2857 et
904 2831 991 2868 majo-

212 2877 266 2896 rem
279 2865 489 2904 Rccoguiliouuut
503 2872 616 2903 partem,
628 2867 698 2902 quod
713 2867 744 2894 ud
761 2867 893 2894 humanas
907 2865 990 2893 disci«

1047 2797 1134 2836 plinas
1151 2797 1241 2830 potius
1261 2799 1396 2836 spectent,
1409 2804 1493 2832 quam
1509 2798 1545 2825 ad
1565 2796 1740 2834 theologiam,
1760 2793 1824 2822 notis

1046 2833 1211 2859 illustratum
1227 2840 1279 2858 non
1294 2833 1376 2858 imus.
