1892 3105
40 103 89 131 1281

38 159 89 187 nihil
101 157 201 193 prosim.
214 156 270 185 Hoc
283 158 354 185 enim
367 165 418 193 pro
427 162 502 186 certo
516 157 588 185 scire
599 163 625 186 te
638 159 710 191 volo.
722 159 787 194 quia
802 163 825 191 Α

37 205 107 233 omnis
117 205 159 240 qui
181 204 249 231 idola
268 204 352 232 coluit
367 204 523 240 aliquando,
541 209 568 232 et
587 213 634 233 eos
655 214 724 241 quos
743 214 790 241 pa-

36 251 83 286 gani
95 250 223 278 nominant
231 250 305 283 deos,
313 250 435 277 adoravit
446 251 487 278 vel
499 251 532 278 de
539 251 686 279 immolatis
695 260 789 279 eorum

36 296 171 331 degustavit,
195 296 291 331 spiritu
314 296 456 324 immundo
484 304 538 324 non
561 303 651 331 caret;
667 298 790 325 eonviva

35 342 91 368 enim
102 340 183 369 factus
197 345 238 370 est
252 341 417 374 daemonum,
431 346 458 370 et
479 343 651 377 participium
673 344 791 379 sumpsit.

35 387 80 420 ejus
92 386 211 414 daemonis
231 386 311 421 cujus
326 386 353 414 in
369 391 461 415 mente
483 395 531 415 sua
553 388 681 422 speciem,
696 389 738 416 vel
756 389 790 415 ti-

35 439 93 459 more
111 432 149 460 vel
171 439 260 460 amore
280 432 408 460 formavit
422 433 455 461 ".
479 433 577 468 Et-per
592 434 649 461 haec
672 435 790 462 mundus

35 485 75 504 non
87 481 123 505 est
146 485 159 504 a
182 478 277 513 spiritu
300 479 451 512 immundo,
475 482 502 507 et
526 480 586 506 ideo
602 479 791 514 puriﬁcatione

34 522 116 557 indiget
129 523 262 558 baptismi,
275 528 305 551 ut
316 529 395 552 exeat
406 525 441 552 ab
451 532 484 552 eo
495 525 609 560 spiritus
622 526 788 557 immundus,

33 569 68 602 qui
85 568 217 597 interiores
234 569 330 598 animae
350 571 437 606 ipsius
459 570 559 598 insedit
583 570 695 598 allectus
707 571 741 603 ‘“.
762 575 790 598 et

33 612 89 646 quod
100 617 138 640 est
152 613 282 646 deterius,
298 623 347 642 nec
359 615 430 650 quod
446 615 613 644 intrinsecus
627 616 709 643 lateat
723 616 792 644 indi-

32 664 102 689 catur.
115 660 151 686 uti
162 668 194 687 ne
208 661 364 695 publicatus
379 661 496 696 fingetur.

58 703 146 731 LXXII.
165 705 262 733 Amant
289 707 362 734 enim
383 707 428 735 isti
455 707 568 743 spiritus
591 708 722 736 immundi
749 709 792 736 in-

32 748 114 777 luerere
127 751 285 785 corporibus
299 751 450 786 hominum,
468 758 496 780 ut
509 753 630 788 ipsorum
640 754 791 781 ministerio

32 795 169 828 cupiditates
179 804 243 824 suas
260 797 397 832 expleant,
409 803 436 826 et
451 798 485 826 ad
500 807 532 826 ea
543 807 603 834 qua:
619 800 670 834 ipsi
683 799 790 827 deside-

31 843 78 866 rant
91 840 246 870 inclinantes
268 844 366 870 animae
386 848 490 877 motus,
505 845 563 873 suis
580 853 628 873 eos
646 853 742 881 parere
757 845 790 872 li-
805 835 826 862 Β

31 886 145 915 bidinibus
158 894 266 924 cogant.
283 893 313 917 ut
326 890 478 918 elliciantur
492 899 525 919 ex
542 893 648 928 integro
659 900 725 921 vasa
738 893 791 920 dae-

30 938 129 960 monum.
145 933 183 960 Ex
207 935 308 969 quibus
329 943 402 964 unus
426 941 468 964 est
490 936 586 965 Simon
601 938 656 971 hic.
672 939 719 974 qui
742 940 790 967 tali

30 976 126 1009 quodam
138 978 230 1006 morbo
248 980 464 1014 comprehensus
480 989 531 1009 nec
553 983 645 1010 sanari
665 982 722 1016 jam
740 990 790 1017 po-

30 1026 78 1054 test,
91 1023 149 1059 quia
164 1025 304 1054 voluntate
317 1031 344 1054 et
362 1027 502 1063 propesito
513 1032 636 1063 aegrotat.
655 1027 710 1056 Nec
722 1035 788 1056 con-

602 100 884 130 RECOGNITlONUM
902 102 966 130 LIB.
987 101 1030 130 Ill.

1556 105 1626 132 1282

840 164 882 186 tra
911 160 1079 188 voluntatem
1103 160 1164 194 ejus
1191 159 1295 187 habitat
1322 161 1350 188 in
1381 168 1416 189 eo
1442 160 1565 192 damon,
1597 165 1625 187 et

840 206 902 234 ideo
914 207 937 222 '“'
957 206 980 234 si
1007 214 1070 234 eum
1095 207 1157 242 quis
1177 207 1270 242 fugare
1291 207 1355 234 velit
1377 211 1404 235 et
1429 207 1563 242 expellere
1590 207 1624 233 ab

840 259 883 284 eo,
899 260 961 279 cum
975 253 1011 280 sit
1029 252 1227 287 inseparabilis,
1250 256 1287 284 et,
1303 256 1333 280 ut
1360 253 1396 279 ita
1416 252 1517 284 dicam,
1534 252 1622 278 anima

837 296 894 331 jam
914 297 973 332 ejus
987 297 1110 328 eﬂ'ectus.
1126 298 1261 325 videbitur
1285 298 1372 332 magis
1397 305 1495 325 necare
1512 305 1574 324 eum
1596 300 1624 323 ct

841 343 981 370 homicidii
1005 344 1109 371 crimen
1133 344 1282 371 incurrere.
1306 343 1392 371 Nemo
1415 351 1479 379 ergo
1501 347 1622 370 vestnim

840 389 1019 416 contristetur
1034 396 1049 415 a
1067 388 1194 416 convivio
1216 391 1312 415 nostro
1330 392 1482 423 separatus,
1502 391 1623 421 tempore

840 435 912 462 enim
944 435 1037 470 aliquo
1062 434 1208 461 observare
1237 434 1318 461 debet
1342 433 1530 468 unusquisque
1557 439 1624 459 sane

840 485 944 516 quanto
958 481 1016 515 ipse
1034 481 1161 508 voluerit.
1180 479 1268 507 Parvo
1293 479 1366 506 enim
1386 483 1505 513 tempore
1527 485 1624 512 seque-

841 530 946 554 stratur
960 526 1006 561 qui
1022 527 1076 554 cito
1089 526 1206 553 voluerit
1220 525 1363 561 baptizari,
1376 524 1461 551 multo
1475 528 1564 550 autem
1577 523 1623 558 qui

840 572 955 600 tardius.
972 571 1165 607 Unusquisque
1179 579 1244 606 ergo
1260 572 1287 598 in
1310 578 1359 598 sua
1383 570 1462 597 habet
1479 574 1623 604 poteSIate,

840 619 924 647 breve
954 623 1001 646 aut
1021 619 1132 654 longqu
1160 617 1327 653 ptenitcntia:
1355 624 1413 644 suae
1437 620 1545 650 tempus
1565 614 1622 642 exi-

840 673 915 701 gere,
929 669 957 693 et
969 664 1029 692 ideo
1042 664 1069 691 in
1085 663 1161 691 vobis
1175 663 1344 698 cst.quando
1355 663 1442 689 velitis
1454 662 1487 688 ad
1500 665 1624 688 nostram

841 711 988 739 convenire
1005 717 1138 742 mensam,
1155 713 1182 737 et
1207 717 1260 736 non
1279 709 1306 736 in
1332 709 1422 740 nobis,
1438 707 1539 742 quibus
1563 714 1624 742 per-

841 756 956 784 missum
983 763 1038 782 non
1062 758 1105 783 est
1132 762 1240 782 sumere
1263 761 1325 781 cum
1346 753 1436 787 aliquo
1452 752 1554 782 cibum.
1572 750 1624 777 nisi

843 801 924 829 fuerit
943 801 1107 836 baptizatus.
1126 799 1180 827 Vos
1198 807 1262 833 ergo
1287 799 1374 834 magis
1396 806 1446 825 nos
1473 796 1624 832 prohibetis

840 854 856 874 a
869 852 962 875 vestro
984 847 1120 879 convivio,
1136 846 1159 873 si
1184 845 1218 873 ad
1243 844 1438 881 puriﬁcandum
1465 850 1555 870 moras
1576 842 1624 868 lia-

841 894 928 922 beatis
944 896 972 920 et
985 893 1090 920 tardius
1105 891 1289 928 baptizemini.
1312 890 1358 918 His
1369 889 1449 917 dictis
1463 896 1525 916 cum
1541 888 1617 915 bene-

840 939 965 971 dixisset,
984 939 1075 966 cibum
1091 938 1217 972 sumpsit.
1236 937 1269 964 Et
1284 941 1346 972 post
1366 937 1422 963 haec
1444 942 1504 962 cum
1523 934 1624 969 gratias

840 986 942 1021 egisset
959 983 1024 1018 Deo,
1037 984 1177 1019 ingressus
1202 983 1316 1018 quievit,
1342 981 1467 1009 similiter
1483 984 1573 1007 autem
1597 983 1623 1006 et

840 1037 892 1058 nos
905 1036 1011 1061 omnes,
1023 1033 1082 1056 erat
1096 1029 1168 1056 enim
1178 1028 1234 1063 jam
1250 1035 1313 1055 nox.

54 1091 91 1133 ’ᾗ
103 1091 162 1133 ρον.
178 1101 206 1125 x,
217 1093 264 1133 20.
303 1095 326 1133 ’(⁸
339 1094 405 1128 Qum
415 1100 567 1133 sequuntur
580 1097 712 1124 vocabula
727 1105 817 1133 usque
829 1097 955 1133 adﬁnem
980 1097 1062 1133 hujus
1087 1104 1150 1133 cap.
1164 1096 1263 1125 desunt
1292 1096 1321 1123 in
1336 1093 1419 1123 codd.
1429 1093 1504 1130 Lips.
1521 1094 1621 1121 omnia.

30 1124 44 1139 ”
60 1125 88 1152 Et
101 1127 290 1157 ideo—crimen
304 1124 437 1158 inciti-rere
452 1124 504 1160 non
517 1132 694 1159 inveniuntur
707 1133 736 1159 in
750 1124 829 1160 codd.

844 1130 920 1166 Lips.

30 1202 1596 1221 —"—__—___—__—________—___‘

565 1267 743 1312 LIBER
779 1266 1059 1311 TERTIUS.

53 1420 70 1447 l.
88 1420 184 1448 Interea
207 1421 306 1449 Petrus
323 1422 453 1457 gallorum
473 1422 600 1458 cantibus
623 1430 738 1458 surgens
761 1425 788 1450 et
800 1425 822 1454 C

28 1467 125 1494 excitare
146 1476 194 1496 nos
211 1468 305 1495 volens
331 1467 434 1495 invenit
456 1468 610 1503 vigilantes,
633 1468 790 1502 vespertino

27 1513 98 1540 adhuc
110 1514 207 1542 lumine
222 1514 397 1549 perdurante,
413 1521 529 1549 cumque
543 1522 575 1541 ex
600 1521 675 1541 more
687 1514 790 1541 saluta-

27 1559 93 1585 visset
104 1564 129 1587 et
146 1560 348 1588 resedissemus
362 1567 467 1591 omnes,
487 1561 524 1587 ita
537 1567 653 1587 exorsus
663 1563 705 1587 est
722 1570 728 1587 :
742 1559 790 1586 Ni-

27 1604 53 1630 hil
71 1609 108 1632 cst
125 1605 279 1638 difﬁcilius,
302 1606 401 1634 fratres
425 1607 490 1637 mei,
511 1614 592 1641 quam
618 1607 652 1634 de
675 1606 790 1634 veritate

27 1650 81 1684 apud
95 1652 212 1686 permisti
230 1651 322 1687 populi
335 1650 537 1678 multitudinem
549 1651 701 1687 disputare.
711 1651 789 1685 Quod

27 1696 82 1723 :nim
99 1699 147 1730 est,
163 1697 293 1724 omnibus
317 1699 347 1723 ut
371 1699 414 1724 est
436 1696 489 1724 dici
513 1704 568 1724 non
590 1697 664 1730 licet.
680 1702 791 1732 propter

27 1749 59 1769 *os
70 1742 111 1776 qui
125 1742 245 1778 maligne
268 1746 294 1770 et
311 1742 442 1770 insidiose
463 1743 592 1776 audiunt;
611 1742 705 1771 fallere
725 1751 790 1771 vero

27 1794 65 1813 mn
71 1788 172 1823 expedit
183 1792 351 1823 proptereos
358 1787 405 1822 qui
416 1787 522 1815 sincere
533 1787 790 1815 audire‘desiderant

27 1833 154 1861 veritatem.
169 1833 243 1867 Quid
274 1840 339 1869 ergo
361 1832 442 1860 faciet
471 1833 515 1860 cui
548 1833 581 1860 ad
612 1833 790 1861 indiscretum

27 1879 132 1912 )opulum
146 1886 240 1907 sermo
253 1883 312 1912 est;
327 1879 443 1906 occultet
467 1879 539 1914 quod
561 1887 656 1906 verum
680 1880 739 1907 est?
757 1879 790 1907 Et

27 1923 140 1956 promodo
152 1925 271 1952 instruet
281 1931 328 1952 eos
341 1923 386 1959 qui
399 1924 473 1959 digni
487 1925 568 1951 sunt?
583 1923 635 1951 Sed
652 1925 674 1952 si
687 1933 789 1952 meram

27 1968 126 1997 iroferat
145 1971 289 1998 veritatem
313 1970 356 1998 bis
370 1970 418 2005 qui
439 1970 562 1998 salutem'
579 1971 708 2005 consequi
734 1979 790 1999 non

27 2013 171 2049 lesillerant,
187 2016 227 2042 illi
242 2023 256 2042 a
271 2023 326 2051 quo
348 2016 450 2044 missus
465 2020 508 2043 est
532 2016 659 2051 injuriam
682 2017 757 2048 facit.
774 2025 789 2044 a

27 2067 64 2093 [uo
88 2065 114 2088 et
134 2062 293 2090 mandatum
322 2063 442 2097 accepit,
470 2071 505 2091 ne
528 2064 618 2090 mittat
644 2063 788 2091 verborum

27 2105 67 2139 jus
80 2102 242 2143 margaritas
257 2112 319 2137 ante
333 2116 432 2143 parcos
448 2112 476 2137 et
487 2117 569 2152 canes
582 2109 615 2140 ⁷⁸,
628 2109 674 2144 qui
694 2110 789 2137 adver-
805 2103 827 2130 Ῑ)

27 2159 69 2178 ηυῐιι
82 2160 127 2180 eas
140 2155 311 2189 argumentis
326 2162 358 2182 ac
367 2155 583 2190 sophismatibus
608 2155 786 2187 reluctantes,

27 2206 80 2232 psas
94 2200 202 2234 quidem
217 2207 297 2227 caeno
310 2200 493 2236 intelligentiae
504 2201 623 2228 carnalis
636 2201 785 2233 involvunt,

27 2245 147 2273 atratibus
169 2249 261 2273 autem
285 2247 342 2274 suis
365 2250 392 2274 et
420 2247 643 2282 responsionibus
667 2247 786 2275 sordidis

839 1425 968 1456 rumpant
982 1424 1009 1448 et
1023 1421 1135 1457 fatigent
1149 1421 1342 1456 praedicatores
1353 1420 1426 1448 verbi
1441 1421 1500 1449 Dei.
1511 1420 1626 1456 Propter

839 1467 913 1503 quod
926 1471 953 1494 et
964 1475 1014 1502 ego
1028 1468 1055 1494 in
1067 1467 1192 1502 plurimis
1203 1467 1317 1494 circuitu
1330 1467 1446 1502 quodam
1459 1467 1532 1494 verbi
1547 1473 1625 1495 utens

839 1517 945 1542 tentare
959 1514 1078 1545 nitebar,
1094 1521 1127 1541 ne
1143 1513 1324 1549 principalem
1340 1513 1374 1540 de
1395 1520 1500 1540 summa
1523 1512 1626 1540 Divini-

838 1563 893 1587 tate
911 1559 1117 1595 intelligentiam
1141 1560 1232 1586 minus
1257 1559 1347 1593 dignis
1367 1559 1479 1586 auribus
1502 1559 1625 1593 publica—

838 1613 909 1636 rem.
925 1604 958 1632 Et
971 1609 1033 1641 post
1047 1605 1105 1633 haec
1121 1605 1254 1640 incipiens
1268 1605 1324 1640 (80)
1339 1605 1372 1632 de
1384 1604 1464 1632 Patre
1477 1608 1504 1632 et
1519 1604 1587 1632 Filio
1598 1609 1625 1632 et

840 1651 944 1687 Spiritu
960 1655 1067 1682 sancto,
1077 1651 1196 1679 breviter
1206 1651 1286 1678 nobis
1300 1655 1326 1678 et
1340 1650 1480 1678 evidenter
1488 1652 1622 1685 exposuit,

839 1701 870 1724 ut
889 1705 983 1725 omnes
1004 1697 1146 1725 audientes
1169 1697 1333 1724 miraremur
1341 1697 1476 1731 quomodo
1488 1697 1623 1730 homines,

839 1742 968 1771 derelicta
982 1743 1106 1774 veritate,
1116 1742 1241 1770 conversi
1251 1745 1315 1770 sunt
1331 1742 1362 1769 ad
1377 1742 1534 1769 vanitatem.

874 1787 906 1816 ll.
929 1787 1003 1824 [Haec
1020 1787 1098 1816 Petro
1122 1787 1228 1815 dicente
1242 1788 1264 1804 ⁷⁷
1278 1788 1335 1823 (81)
1349 1786 1446 1822 Aquila
1468 1787 1526 1814 ait:
1540 1787 1624 1815 Recte

839 1833 943 1866 dixisti,
959 1838 1102 1870 propterea
1126 1833 1205 1861 nobis
1230 1833 1315 1861 dicito
1335 1841 1396 1868 quae
1411 1834 1535 1862 veritatis
1559 1836 1624 1860 sunt

840 1881 960 1917 propria.
981 1880 1015 1907 Et
1039 1879 1136 1907 Petrus
1153 1890 1160 1907 :
1180 1879 1216 1907 De
1238 1880 1339 1915 quibus
1353 1880 1436 1907 vultis
1459 1880 1624 1915 interrogate

840 1935 892 1955 me.
908 1927 941 1954 Et
960 1927 1057 1962 Aquila
1075 1927 1131 1954 ait:
1149 1926 1185 1954 De
1201 1927 1335 1962 principio
1353 1932 1380 1954 el
1401 1927 1542 1961 principiis
1562 1934 1624 1954 vcr-

840 1973 904 2000 bum
926 1973 1048 2008 disputa,
1071 1976 1098 2000 et
1121 1973 1154 2000 de
1178 1979 1211 2000 eo
1235 1972 1305 2007 quod
1332 1972 1505 2007 reprehendit
1530 1972 1624 1998 Simon

840 2019 919 2054 quasi
935 2019 1127 2046 inconveniens
1139 2038 1146 2050 ,
1163 2017 1261 2045 Filium
1278 2017 1324 2046 Dei
1344 2018 1397 2045 dici
1415 2018 1553 2045 Christum
1565 2038 1572 2050 ,
1590 2025 1624 2045 ne

842 2066 942 2093 similia
965 2065 1177 2101 plantationibus
1200 2068 1226 2092 et
1256 2065 1362 2092 caeteris
1385 2064 1542 2091 inanimatis
1568 2065 1623 2099 pati

841 2110 966 2138 videatur
991 2109 1072 2138 Deus.
1092 2109 1190 2137 Petrus
1219 2113 1308 2137 autem
1335 2109 1428 2136 videns
1451 2116 1545 2137 omnes
1571 2109 1623 2136 hoc

841 2157 930 2192 ipsum
947 2157 1068 2185 volentes
1082 2156 1188 2188 audire,
1206 2163 1313 2183 omnem
1335 2155 1467 2183 rationem
1489 2155 1526 2182 ita
1540 2163 1625 2190 expo-

839 2203 894 2230 suit
907 2212 913 2230 τ

876 2249 919 2275 lll.
940 2248 1070 2283 Prinripii
1095 2254 1194 2274 nomen
1217 2245 1273 2281 (82)
1293 2246 1320 2273 in
1344 2245 1438 2273 multis
1457 2249 1483 2273 et
1508 2245 1625 2273 diversis

45 2301 65 2317 "
83 2301 177 2340 Matth.
199 2311 246 2334 vn,
265 2303 291 2330 6.
329 2303 352 2319 '"
367 2303 420 2340 Ista
435 2311 495 2338 quae
510 2308 661 2338 sequuntur
672 2313 760 2340 usque
774 2305 806 2332 ad
821 2305 900 2332 linem
916 2313 975 2340 cap.
991 2305 1035 2336 l2,
1050 2313 1076 2331 In
1103 2304 1165 2330 cod.
1180 2311 1248 2330 mss.
1260 2303 1396 2340 plerisque
1408 2303 1502 2340 iisdem
1514 2303 1624 2340 optimae

27 2340 78 2363 ioue
94 2337 203 2368 desunt.
228 2342 255 2365 et
277 2341 383 2365 tantum
407 2337 506 2366 habent
531 2337 571 2366 vel
588 2337 762 2368 obscuritatis
778 2341 819 2368 vel

27 2373 164 2400 ecentioris
173 2374 261 2401 artatis
277 2374 381 2401 intrusa
395 2381 449 2400 non
464 2373 630 2402 dubitemus.

840 2338 957 2368 erroris'
971 2343 1001 2367 ut
1026 2339 1118 2374 spuria
1132 2346 1164 2366 ea
1179 2346 1241 2366 esse
1255 2343 1282 2366 et
1301 2338 1336 2365 ab
1351 2339 1478 2366 heretico
1504 2339 1623 2372 quodam

653 2431 834 2459 COTELERII
851 2430 966 2459 NOTIE.

44 2485 95 2520 (80)
114 2485 146 2513 Et
167 2491 227 2521 post
249 2487 303 2514 ha’c
318 2488 479 2522 incipiens...
503 2488 537 2514 ad
556 2488 707 2515 vanitatem.
729 2488 791 2516 llmc

27 2521 134 2558 feriodus
143 2526 239 2558 exstat
248 2523 275 2549 in
290 2521 460 2550 libris'editis
473 2528 499 2550 ct
512 2523 541 2550 in
558 2531 609 2550 ms.
624 2523 688 2558 Reg.
698 2528 747 2555 ;.at
762 2524 789 2551 in

101 2561 129 2584 et
142 2556 197 2585 Th.
210 2558 377 2585 transfertur
391 2557 425 2585 ad
439 2558 519 2586 ﬁnem
531 2566 591 2594 cap.
606 2559 651 2591 lt,
664 2555 711 2586 ubi
726 2566 786 2586 eam

47 2625 99 2661 (8|)
116 2626 182 2653 Han:
198 2626 277 2653 Petro
291 2627 401 2655 dicente.
413 2627 504 2655 Codex
515 2627 727 2655 Candelerianus
739 2628 790 2655 hoc

27 2664 89 2701 aput
101 2665 129 2701 et
143 2662 286 2701 sequentia
303 2663 547 2701 novem_conti_nc_t,
559 2663 786 2701 quemadmodum

27 2696 177 2723 'mrhonicus
189 2700 215 2724 et
226 2697 356 2724 Tliuanus
369 2705 375 2722 ε
392 2696 581 2726 Carmeliticus
599 2702 687 2725 autem
703 2703 729 2725 et
744 2698 789 2725 ille

27 2729 178 2767 fetri_Petiti
191 2729 273 2767 Regio
284 2733 388 2760 similes
398 2737 472 2764 sunt,
488 2732 618 2767 librisque
633 2733 784 2767 impressis.

27 2763 64 2802 {cc
78 2765 202 2802 dubium,
220 2763 286 2801 quin
309 2767 343 2794 ad
362 2767 406 2794 illa
427 2763 582 2802 pertineant
595 2775 655 2802 qua:
672 2763 787 2796 Rufinus

27 2798 133 2837 bstulit.
150 2800 189 2837 de_
198 2798 318 2837 ingenito
326 2802 382 2829 Det
398 2798 543 2836 ge'nitoque
556 2798 683 2834 disserta,
699 2803 732 2831 de
743 2802 789 2830 Fi-

27 2835 49 2861 io
57 2840 159 2867 creato.
173 2835 206 2864 de
220 2835 280 2866 aliis
301 2837 438 2866 nonnullis
448 2857 455 2871 ,
475 2835 626 2871 periculosa
640 2858 646 2871 ,
661 2838 789 2870 obscura,

845 2489 951 2516 intrusa
968 2508 975 2520 ,
999 2487 1186 2520 Eunomiana;
1211 2495 1324 2522 qumque
1342 2493 1449 2515 veteres
1471 2487 1622 2516 Ebionitica

843 2527 1021 2558 censuerunt,
1038 2522 1146 2553 Ariaua,
1165 2527 1191 2549 et
1205 2522 1337 2550 addititia.
1355 2522 1452 2550 Nescio
1467 2523 1529 2556 quis
1541 2523 1623 2558 igitur

841 2558 914 2593 quod
932 2565 946 2584 a
969 2557 1067 2584 ΒηΙὶηο
1088 2558 1301 2593 prietermissum
1322 2558 1421 2593 fuerat,
1438 2558 1489 2585 sibi
1505 2557 1623 2592 sumpsit

843 2591 873 2620 ut
890 2595 1124 2628 interpretaretur.
1145 2591 1213 2619 Vide
1224 2591 1483 2628 Clementina,hom.
1502 2593 1545 2625 16,
1559 2591 1611 2628 cap

843 2629 886 2656 l6.
903 2627 955 2655 lsta
967 2636 1029 2654 vero
1042 2635 1127 2661 usque
1142 2628 1174 2654 ad
1189 2635 1249 2662 cap.
1266 2627 1414 2662 {ﬁgdesunt
1426 2627 1452 2662 in
1464 2627 1620 2662 impressis:

840 2663 981 2697 desumpta
995 2660 1088 2689 autem
1096 2666 1158 2689 sunt
1172 2670 1204 2689 ex
1219 2660 1280 2689 eod.
1298 2660 1377 2689 Sorb.
1392 2666 1418 2689 ct
1429 2661 1480 2688 Th.

878 2695 1078 2733 (8‘2)'Prin_cipii
1094 2705 1196 2733 nomen,
1214 2701 1266 2724 etc.
1282 2697 1310 2733 l_n
1325 2704 1421 2733 marg._
1432 2704 1484 2724 ms.
1499 2695 1549 2723 Th.
1563 2696 1620 2733 inec

840 2731 988 2768 leguntur:
1003 2731 1086 2768 Criule
1101 2732 1149 2768 legi
1174 2735 1273 2768 oportet
1287 2731 1354 2757 lianc
1369 2731 1543 2768 scripturam,
1558 2732 1620 2768 quia

839 2766 1010 2795 nescientibus
1026 2767 1102 2800 facile
1125 2766 1203 2794 error
1215 2767 1352 2801 subrepere
1369 2769 1462 2800 potest.
1487 2766 1571 2801 Usque
1585 2766 1620 2793 ad

842 2803 928 2830 simile
938 2799 1042 2837 signum
1061 2802 1143 2838 legere
1155 2802 1220 2830 noli.
1233 2800 1293 2828 Vid.
1309 2799 1379 2827 infra
1391 2804 1483 2828 notam
1498 2799 1620 2836 ejusdem

843 2838 902 2865 cod.
918 2837 950 2865 ad
965 2844 1025 2865 can.
1042 2837 1084 2864 12.

843 2844 902 2866 eoo.
918 2844 950 2865 au
965 2844 1025 2872 cap.
1042 2844 1084 2864 1:.
