1892 3105
257 165 329 193 1279

254 225 355 253 videris
369 227 416 251 tua
431 222 594 258 cogitatione
613 221 768 257 perspicere
780 239 788 251 ,
808 224 835 247 et
852 226 935 254 supra
951 218 1037 245 ctelos

255 271 366 302 intueri,
382 278 436 297 non
452 269 564 296 dubiqu
579 268 645 303 quin
659 275 693 294 ex
707 267 750 294 his
764 274 794 293 ea
812 265 968 292 consideres
980 271 1040 299 quae

255 319 282 346 in
299 317 381 345 terris
394 316 501 351 positus
516 314 601 342 vides.
626 314 680 340 Aut
700 313 722 340 si
738 316 818 348 putas
834 311 939 338 facilem
956 310 1040 337 menti

254 370 309 392 tute
321 370 464 391 accessum
479 369 541 389 esse
561 368 643 395 Super
667 359 762 390 caelos,
780 363 805 385 et
819 357 995 385 considerare
1016 361 1041 383 le

254 420 334 449 posse
359 417 421 445 quae
441 408 497 435 illic
521 410 596 438 sunt,
622 409 704 440 atque
722 405 861 432 immensae
883 402 955 430 illius
971 401 1040 428 lucis

253 458 396 487 scientiam
415 462 513 490 capere
526 473 534 486 ,
557 455 624 488 puto
637 452 662 479 ei
681 450 729 486 qui
746 450 792 478 illa
810 452 899 485 potest
917 454 1041 482 compre-

255 505 393 535 hendere,
419 501 527 528 facilius
548 507 609 526 esse
633 501 661 525 ut
684 503 794 524 sensum
816 502 896 523 suum
913 494 959 529 qui
976 494 1040 520 illuc

254 551 329 580 novit
342 547 498 578 ascendere,
512 546 539 572 in
551 544 667 579 alicujus
679 546 803 570 nostrum
814 541 861 576 qui
874 539 1039 571 assistitnus,

252 606 302 626 eor
313 601 339 624 et
348 599 443 632 pectus
454 592 560 628 injiciat
569 594 596 619 et
607 590 691 621 dicat,
702 595 771 624 quas
781 588 809 614 in
818 594 850 614 eo
862 585 1041 620 cogitationes

253 648 339 682 gerat.
357 642 387 670 Si
407 648 473 676 ergo
487 643 565 674 potes
580 636 696 671 alicujus
710 638 835 662 nostrum
848 653 855 665 ,
878 632 925 667 qui
950 635 1041 658 tamen

253 678 308 719 non
334 691 369 717 sit
390 695 454 722 erga
477 686 598 712 favorem
617 687 694 710 tuum
713 683 877 715 occupatus,
897 678 1042 706 enuntiare

253 736 433 772 cogitationes
449 731 550 762 eordis,
563 730 714 765 poterimus
725 727 774 754 tibi
790 725 908 753 fortasse
918 724 1040 756 credere,

253 770 326 819 quod
342 785 368 809 et
382 788 413 808 ea
429 786 490 814 quae
506 783 589 812 super
603 775 687 802 ctclos
701 775 785 804 sunt,
804 771 876 799 scire
899 770 1021 806 potueris
1033 789 1040 802 ,

255 831 317 857 lit-ct
332 828 377 854 illa
392 825 478 853 multo
492 823 548 851 sint
562 822 686 849 celsiora.

288 873 379 901 LXVI.
400 871 440 898 Ad
458 870 515 897 haec
528 868 622 896 Simon
638 876 645 894 :
664 865 717 899 Qui
735 871 811 897 vero,
825 863 923 899 inquit,
940 862 1041 890 multas

254 920 357 948 ntenias
382 917 507 948 texuisti,
531 914 594 942 audi
615 914 672 948 jam
697 919 780 939 nunc.
806 909 977 945 Impossibile
998 911 1041 935 est

253 974 335 994 omne
351 963 424 1000 quod
439 963 473 990 ad
494 960 685 996 cogitationem
712 956 832 984 hominis
850 956 966 986 venerit,
986 961 1041 981 non

252 1013 334 1040 etiam
349 1019 378 1037 re
392 1010 450 1044 ipsa
462 1015 493 1035 ac
511 1006 627 1034 veritate
641 1003 809 1035 subsistere;
824 1009 885 1036 qua:
902 1001 975 1028 enim
986 1006 1041 1026 non

254 1056 418 1085 subsistunt,
427 1061 477 1081 nec
487 1051 605 1087 speciem
621 1049 732 1080 habent,
745 1055 808 1083 quae
819 1050 908 1074 autem
922 1045 1040 1080 speciem

254 1109 309 1129 non
322 1100 434 1130 habent,
450 1105 502 1124 nec
513 1094 673 1130 cogitationi
698 1095 814 1128 possunt
834 1097 989 1119 occurrere.
1008 1088 1042 1116 Et

253 1149 350 1176 Petrus
368 1156 375 1173 :
392 1145 421 1172 Si
444 1151 536 1174 omne,
564 1141 668 1177 inquit,
695 1140 767 1176 quod
792 1139 826 1167 ad
849 1137 1041 1174 cogitationem

253 1191 347 1219 venire
371 1192 471 1224 potest,
495 1187 630 1219 subsistit,
657 1185 740 1212 istum
763 1191 843 1219 quem
868 1182 937 1210 dicis
964 1185 1042 1209 extra

254 1236 386 1264 mundum
403 1242 465 1262 esse
479 1231 672 1260 inuuensitatis
689 1231 790 1262 locum,
809 1230 833 1257 si
849 1236 911 1256 eum
928 1228 991 1263 quis
1013 1227 1042 1254 in

253 1283 337 1310 corde
353 1289 403 1309 suo
419 1280 509 1307 lumen
525 1285 585 1306 esse
601 1277 712 1312 cogitet,
736 1275 807 1303 alius
821 1282 886 1303 vero
903 1274 1040 1306 tenebras,

253 1326 391 1363 quomodo
404 1324 505 1360 poterit
521 1330 592 1350 unus
607 1325 689 1357 atque
706 1320 777 1348 idem
796 1320 873 1348 locus
890 1318 1042 1346 secundum

253 1382 312 1404 eos,
331 1371 378 1407 qui
394 1371 503 1398 diversa
519 1369 553 1396 de
575 1375 608 1395 eo
629 1367 803 1402 cogitarunt,
820 1369 846 1393 et
868 1365 959 1391 lumen
981 1371 1043 1392 esse

254 1424 281 1448 et
307 1417 442 1446 tenebrat?
469 1415 502 1442 Et
526 1414 620 1441 Simon
645 1423 652 1441 :
676 1412 777 1440 Omitte
806 1419 879 1438 nunc
907 1411 959 1437 ista
981 1417 1043 1445 quae

254 1473 306 1500 ego
322 1463 389 1495 dixi,
406 1466 436 1489 tu
455 1460 520 1496 quid
535 1467 597 1487 esse
612 1462 690 1493 putes
706 1465 788 1493 super
804 1456 889 1484 ctelos
904 1455 1008 1482 dicito?

291 1506 395 1536 LXVII.
423 1507 458 1534 Et
480 1505 578 1533 Petrus
599 1513 606 1531 :
631 1503 659 1530 Si
683 1503 717 1530 dc
735 1510 818 1534 vero,
842 1500 946 1536 inquit,
969 1500 1043 1528 fonte

255 1553 366 1582 luminis
378 1551 516 1582 crederes.
532 1556 639 1584 possem
656 1551 685 1575 te
708 1547 816 1579 docere,
833 1546 898 1581 quid
923 1550 950 1573 et
973 1553 1043 1580 quo-

255 1601 336 1628 modo
352 1602 424 1626 esset
449 1597 522 1633 quod
540 1597 702 1623 immensutn
726 1597 778 1625 est,
795 1597 822 1620 et
844 1601 899 1620 non
927 1593 1043 1627 phanta-

255 1648 325 1674 siam
355 1652 464 1676 vanam,
490 1643 538 1671 sed
566 1644 779 1676 consequentem
805 1644 830 1666 et
858 1638 1042 1666 necessariam

256 1692 391 1720 rationem
409 1690 550 1718 redderem
565 1687 699 1718 veritatis,
715 1693 765 1712 nec
787 1684 984 1713 assertionibus
999 1691 1044 1712 so-

257 1737 394 1774 phisticis,
412 1736 459 1763 sed
476 1735 543 1770 legis
559 1737 587 1761 et
600 1737 706 1760 natura
721 1731 885 1758 testimoniis
900 1734 1001 1762 uterer,
1014 1733 1044 1757 ut

257 1786 344 1813 scires
364 1783 426 1818 quia
448 1780 640 1809 immensitatis
665 1779 744 1806 ﬁdem
764 1778 901 1813 praecipue
923 1777 1044 1804 continet

257 1832 311 1859 lex.
331 1828 410 1864 Quod
425 1828 447 1855 si
473 1826 664 1854 immensitatis
686 1824 756 1851 ratio
779 1831 833 1850 non
858 1824 923 1850 latet
945 1823 1042 1858 legem,

257 1876 324 1904 nihil
340 1874 462 1910 profecto
477 1871 550 1899 aliud
569 1879 628 1898 eam
646 1871 731 1897 latcre
747 1873 848 1905 potest,
870 1872 897 1895 et
914 1868 974 1895 ideo
993 1867 1040 1894 fal-

257 1929 319 1949 sum
336 1923 388 1951 est,
413 1918 486 1954 quod
512 1917 612 1952 putasti
630 1924 690 1943 esse
714 1915 816 1950 aliquid
840 1914 913 1949 quod
939 1914 1044 1949 ignoret

257 1968 310 1994 lex.
328 1965 413 1992 Multo
426 1968 516 1991 autem
532 1963 650 1996 amplius
661 1961 728 1988 nihil
745 1961 838 1988 latebit
855 1969 927 1991 cum,
943 1960 988 1995 qui
1005 1961 1043 1987 le-

256 2021 317 2048 gem
333 2011 417 2039 dedit.
434 2009 490 2036 Nec
507 2013 597 2035 tamen
614 2015 725 2042 possunt
748 2006 796 2033 tibi
816 2006 916 2040 aliquid
939 2005 973 2032 de
992 2005 1043 2032 im-

257 2057 403 2085 mensitate
416 2059 443 2082 et
456 2055 499 2082 his
511 2061 571 2089 qua:
583 2053 642 2080 sine
659 2053 711 2079 fine
726 2055 790 2080 sunt
802 2051 885 2085 loqui,
897 2050 951 2078 nisi
966 2050 1043 2086 prius

256 2104 290 2131 de
307 2103 360 2134 his,
373 2102 420 2137 qui
440 2104 515 2128 certo
533 2101 585 2126 linc
600 2098 783 2126 terminantur
803 2097 890 2130 cwlis,
909 2096 1042 2123 rationem

257 2150 300 2177 vel
328 2148 464 2183 receperis
488 2150 622 2177 nostram,
645 2144 689 2172 vel
714 2144 771 2178 ipse
794 2143 940 2178 protuleris
957 2148 1041 2170 tuam.

257 2195 335 2229 Quod
351 2195 373 2222 si
382 2193 465 2222 dehis
477 2200 537 2228 quae
551 2192 634 2219 certis
645 2190 744 2217 ﬁnibus
756 2189 1044 2216 concludunturintel-

257 2242 341 2276 ligere
361 2247 415 2267 non
431 2243 519 2274 potes,
537 2238 623 2264 multo
639 2237 725 2271 magis
740 2236 774 2263 de
793 2236 836 2263 his
850 2243 909 2270 qua:
917 2235 976 2263 sine
991 2235 1043 2262 ﬁne

259 2290 334 2317 sunt,
351 2293 439 2321 neque
459 2285 529 2312 scire
545 2282 647 2318 aliquid
661 2282 764 2318 poteris
776 2289 864 2316 neque
876 2282 992 2309 discere.

294 2331 455 2360 LXVlll.Ad
468 2332 524 2358 ll‘JJC
538 2330 632 2357 Simon
648 2339 655 2357 ;
671 2327 777 2359 Melius,
792 2328 841 2360 ait,
857 2328 921 2354 inihi
936 2328 1044 2355 videtur

259 2379 418 2414 simpliciter
435 2377 556 2409 credere,
571 2376 634 2410 quia
659 2375 730 2402 Deus
748 2379 799 2405 est,
821 2378 848 2400 et
869 2374 931 2408 quia
955 2374 1044 2401 solum

260 2425 332 2452 istud
348 2424 419 2460 quod
431 2424 564 2454 videmus,
581 2423 616 2449 sit
632 2423 730 2449 cmlutn
747 2421 773 2447 in
790 2421 916 2447 universo
932 2420 1043 2448 mundo.

259 2467 291 2498 Et
302 2471 399 2498 Petrus
408 2469 479 2498 :Nou
488 2470 535 2500 ita,
544 2468 643 2504 inquit,
654 2467 702 2495 sed
710 2475 792 2494 Ilntlllt
801 2467 909 2502 quidem
918 2466 1043 2493 conﬁteri

258 2517 385 2544 convenit
401 2517 484 2544 Deum
496 2515 542 2551 qui
557 2523 619 2542 vere
635 2519 692 2547 est;
709 2514 793 2540 malos
809 2517 901 2540 autctu
915 2521 976 2540 esse
987 2513 1043 2548 (79)

684 160 712 188 S.
732 158 927 188 LLEMENTIS
945 158 956 185 l
974 156 1058 185 ROM.
1078 155 1180 184 PONT.
1201 154 1323 182 OPERA.
1342 154 1456 182 DUBIA.

1792 153 1838 181 1180

1053 219 1076 247 Α
1090 217 1135 251 qui
1156 216 1191 243 ab
1207 223 1239 242 eo
1263 214 1329 241 facti
1346 218 1422 246 sunt,
1451 213 1522 240 sicut
1544 216 1571 240 et
1595 212 1641 240 lex
1664 211 1838 247 dicit,quorum

1092 268 1175 288 unum
1189 261 1290 287 cmlutn
1303 260 1339 287 sit
1353 259 1492 295 superius,
1503 266 1557 294 quo
1570 258 1728 286 continetur
1738 258 1803 285 etiam
1814 260 1840 285 vi~

1091 307 1170 334 sibile
1183 306 1396 337 ﬁrmamentum,
1412 305 1479 332 illud
1493 312 1554 332 esse
1572 307 1732 340 perpetuutn
1745 309 1768 332 et
1786 309 1840 332 etcr-

1091 359 1157 378 num
1174 358 1236 378 cum
1249 351 1290 378 his
1305 351 1352 385 qui
1366 350 1490 377 habitant
1504 350 1558 382 ibi';
1572 349 1648 376 istud
1665 353 1750 376 autem
1765 349 1841 375 visibilc

1091 397 1118 424 in
1129 396 1367 424 consummatione
1375 396 1467 424 saeculi
1478 395 1671 423 resolvendum
1680 402 1737 422 esse
1746 399 1769 422 et
1777 400 1841 422 trans-

1091 443 1141 475 ire,
1166 446 1196 470 ut
1218 442 1285 469 illud
1310 442 1410 469 ccelum
1433 441 1506 476 quod
1527 445 1568 468 est
1583 441 1723 475 antiquius
1743 445 1767 467 et
1778 441 1841 466 excel-

1091 490 1149 517 sius
1165 493 1227 524 post
1248 489 1381 524 judicium
1401 488 1504 516 sanctis
1527 491 1554 515 et
1576 487 1669 522 dignis
1687 490 1804 522 appareat.
1815 487 1841 513 Aul

1091 536 1149 563 haec
1164 535 1260 562 Simon
1281 534 1445 570 respondit:
1465 533 1528 561 Haec
1551 534 1592 561 ita
1606 541 1679 565 esse,
1699 537 1726 559 ut
1748 536 1772 558 tu
1786 531 1841 561 dicis,

1092 581 1272 609 credentibus
1297 582 1405 616 possint
1430 580 1530 612 videri,
1552 579 1577 607 ei
1602 584 1693 606 autem
1716 578 1756 613 qui
1773 577 1842 604 horum

1091 631 1231 663 exspectat
1246 627 1377 658 rationes,
1391 626 1562 661 impossibile
1574 630 1620 653 est
1634 633 1669 653 cx
1691 625 1744 660 lege
1759 623 1843 659 proferri

1090 679 1118 702 et
1133 675 1268 708 praecipue
1282 672 1315 700 de
1331 673 1515 700 immensitate
1529 671 1611 699 lucis.

1127 719 1219 747 LXIX.
1240 719 1272 746 Et
1287 719 1386 747 Petrus
1402 728 1408 745 τ
1424 717 1497 750 Noli,
1512 717 1614 752 inquit,
1629 721 1724 752 putare
1740 723 1782 743 nos
1792 717 1843 750 quod

1092 765 1149 794 haec
1166 766 1219 793 ﬁde
1235 766 1293 793 sola
1311 764 1467 799 recipienda
1481 771 1543 791 esse
1563 763 1698 794 dicamus,
1715 762 1757 790 sed
1775 767 1797 789 et
1813 770 1843 788 n-

1092 814 1165 841 tione
1178 812 1337 841 asserenda.
1353 811 1447 846 Neque
1461 811 1536 838 enim
1550 814 1642 837 tutum
1664 814 1705 837 est
1720 809 1788 836 nuda
1803 809 1842 835 haec

1093 859 1155 887 ﬁdei
1170 859 1274 894 absque
1291 858 1398 886 ratione
1415 857 1597 888 committere,
1614 864 1677 884 cum
1698 856 1779 890 utique
1793 855 1844 882 reri-

1093 910 1135 932 tas
1148 904 1254 931 ratione
1267 911 1322 930 non
1341 906 1445 930 careat.
1462 901 1496 928 Et
1512 901 1574 928 ideo
1587 901 1612 917 "
1631 901 1678 936 qui
1693 900 1745 927 haec
1766 899 1843 926 ratione

1092 950 1195 978 munita
1214 949 1376 985 susceperit,
1392 948 1507 983 perdere
1543 953 1577 975 ea
1619 954 1752 982 nunquam
1770 948 1842 981 potest.

1092 997 1139 1032 qui
1156 1004 1220 1024 vero
1233 997 1337 1033 absque
1352 997 1555 1025 assertionibus
1571 1003 1605 1024 ea
1619 995 1731 1030 suscipit
1745 994 1843 1029 simplicis

1092 1044 1228 1072 sermonis
1242 1050 1369 1076 assensu,
1381 1051 1470 1079 neque
1484 1049 1596 1071 servare
1607 1050 1640 1069 ea
1652 1045 1709 1069 tuto
1721 1045 1803 1076 potest,
1812 1048 1843 1067 DC-

1092 1099 1145 1126 que
1159 1092 1182 1119 si
1195 1099 1261 1118 vera
1275 1091 1332 1119 sint
1343 1093 1435 1118 certus
1448 1094 1501 1122 est,
1516 1089 1582 1124 quia
1596 1088 1644 1124 qui
1660 1088 1735 1115 facile
1744 1086 1843 1115 crediti:-

1092 1137 1145 1164 cile
1156 1141 1183 1165 et
1193 1136 1297 1164 recedit
1310 1145 1318 1164 ς
1333 1136 1380 1171 qui
1395 1140 1486 1163 autem
1500 1135 1637 1162 rationem
1651 1133 1766 1169 quaesivit
1777 1140 1842 1160 earum

1092 1191 1153 1218 qua:
1166 1182 1294 1214 credidit,
1310 1186 1338 1209 et
1352 1182 1469 1217 accepit,
1484 1182 1563 1216 quasi
1579 1181 1697 1208 vinculis
1717 1178 1841 1215 quibusdam

1092 1229 1207 1256 rationis
1229 1228 1314 1263 ipsius
1339 1227 1499 1263 colligatus,
1527 1234 1671 1262 nunquam
1698 1226 1730 1253 ab
1751 1225 1786 1251 his
1801 1230 1842 1257 quat

1092 1275 1219 1306 credidit,
1232 1274 1324 1301 divelli
1339 1278 1386 1300 aut
1403 1273 1524 1308 separari
1539 1277 1642 1308 potest.
1658 1272 1689 1299 Et
1704 1271 1758 1299 ideo
1769 1274 1841 1306 quanto

1093 1321 1155 1356 quis
1173 1320 1334 1355 propensior
1350 1319 1433 1346 fuerit
1448 1319 1475 1346 in
1496 1320 1650 1354 expetenda
1670 1318 1774 1349 ratione,
1791 1320 1841 1342 tanto

1093 1367 1146 1395 crit
1158 1367 1262 1394 lirmior
1277 1366 1304 1392 iu
1318 1365 1507 1393 conservanda
1524 1366 1587 1393 ﬁde.

1129 1413 1210 1440 LXX.
1231 1412 1271 1439 Ad
1289 1412 1345 1439 lucc
1360 1411 1453 1438 Simon
1467 1421 1473 1438 :
1487 1411 1614 1446 Magnum
1628 1414 1681 1442 est,
1696 1406 1841 1444 inquit,un

1093 1458 1263 1493 repromittis
1287 1462 1316 1484 ut
1341 1457 1481 1484 immensae
1507 1456 1576 1483 lucis
1601 1454 1737 1482 aeternitas
1759 1460 1786 1479 ex
1803 1451 1841 1485 lege

1094 1505 1181 1540 possit
1205 1503 1322 1532 ostendi.
1340 1502 1464 1537 Cumque
1488 1501 1587 1529 Petrus
1613 1501 1723 1529 dixisset
1738 1509 1744 1526 :
1758 1496 1841 1531 Quando

1056 1563 1077 1591 ο
1094 1551 1228 1584 volueris,
1246 1550 1340 1577 Simon
1356 1550 1393 1576 ait
1409 1559 1415 1576 :
1433 1548 1565 1582 Quoniam
1583 1548 1650 1575 hora
1663 1547 1715 1582 jam
1728 1545 1798 1572 multa
1806 1547 1840 1572 est.

1095 1597 1217 1624 crastino
1229 1596 1327 1624 astanti
1344 1595 1409 1622 mihi
1422 1599 1449 1622 et
1464 1594 1603 1624 renitenti.
1617 1593 1640 1621 si
1658 1592 1763 1628 probare
1772 1593 1841 1624 potnt“

1095 1644 1132 1671 ris
1151 1643 1251 1670 factum
1268 1650 1328 1669 esse
1359 1641 1432 1668 hunc
1446 1640 1575 1667 mundum
1587 1644 1615 1666 et
1632 1639 1731 1665 animas
1748 1635 1842 1663 esseim-

1095 1689 1235 1720 mortales,
1247 1687 1360 1715 habebis
1373 1695 1415 1714 me
1433 1686 1587 1721 adjutorem
1603 1681 1787 1719 praedicationis
1798 1684 1840 1705 tur.

1095 1733 1127 1760 lit
1142 1742 1203 1760 cum
1219 1734 1276 1760 haec
1291 1733 1416 1765 dixisset,
1431 1739 1557 1768 egressus
1570 1733 1720 1762 est,secuta
1732 1731 1804 1755 autem
1815 1728 1841 1751 est
1870 1728 1871 1763 ξ

1094 1787 1155 1806 eum
1174 1788 1208 1807 ex
1230 1780 1305 1807 omni
1329 1779 1429 1814 popqu
1449 1778 1496 1813 qui
1520 1785 1582 1804 cum
1601 1778 1661 1812 ipso
1683 1777 1781 1803 venerat
1799 1777 1841 1806 pars

1094 1825 1188 1857 tertia,
1203 1823 1249 1859 qui
1265 1826 1343 1850 erant
1357 1822 1435 1857 quasi
1453 1822 1525 1848 inille
1539 1821 1607 1855 viri;
1625 1820 1711 1848 caeteri
1725 1826 1779 1845 vero
1788 1815 1841 1843 ﬁciis
1870 1830 1871 1859 ἢ

1094 1870 1210 1906 genibus
1225 1869 1401 1904 prostrahant
1416 1875 1446 1895 se
1460 1866 1551 1899 Petro,
1567 1874 1651 1901 super
1663 1872 1727 1900 quos
1739 1863 1776 1890 ille
1787 1862 1841 1888 invo-

1093 1920 1156 1943 cato
1172 1915 1218 1942 Dei
1236 1914 1357 1944 nomine.
1375 1914 1443 1940 alios
1464 1913 1598 1940 daemonia
1621 1912 1744 1938 habentes
1755 1906 1839 1936 curarit.

1093 1961 1161 1987 alios
1179 1960 1259 1987 etiam
1277 1959 1436 1993 languentes
1452 1956 1569 1988 sanavit.
1585 1961 1613 1983 ct
1631 1957 1668 1983 ita
1685 1955 1840 1986 ltctanteutpc-

1094 2007 1187 2041 pulum
1203 2004 1316 2034 dimisit,
1331 2003 1464 2030 mandans
1479 2003 1529 2033 eis,
1548 2005 1576 2028 ut
1598 2002 1627 2028 in
1643 2001 1778 2028 crasnnum
1790 1997 1838 2023 dum

1094 2052 1229 2080 maturius
1244 2050 1433 2078 convenirent.
1457 2048 1555 2076 Petrus
1580 2056 1643 2075 vero
1664 2054 1722 2074 cum
1742 2041 1837 2071 recessi-

1093 2104 1155 2127 seut
1171 2098 1266 2129 turbae,
1283 2097 1368 2124 sterni
1380 2095 1463 2130 jussit
1482 2095 1556 2121 humi
1575 2094 1626 2121 sub
1643 2101 1702 2121 aere
1724 2090 1775 2118 atrii
1789 2085 1838 2114 nullo

1095 2145 1140 2170 ubi
1163 2143 1248 2170 fuerat
1270 2142 1451 2176 disputatum,
1467 2144 1494 2166 et
1519 2139 1645 2166 recubuit
1665 2145 1714 2165 una
1735 2142 1785 2162 cum
1802 2131 1837 2158 illis

1097 2189 1241 2221 undecim,
1263 2196 1313 2223 ego
1331 2195 1394 2214 vero
1415 2194 1477 2213 cum
1504 2186 1564 2213 aliis
1589 2183 1753 2221 quibusdam,
1770 2179 1804 2214 qui
1820 2179 1837 2202 et

1061 2234 1081 2261 0
1097 2236 1148 2271 ipsi
1164 2235 1241 2262 initia
1257 2233 1384 2261 audiendi
1409 2232 1485 2259 verbi
1501 2232 1546 2259 Dei
1571 2233 1727 2266 acceperant
1745 2230 1767 2254 ct
1783 2224 1835 2251 enim

1096 2281 1262 2311 charissimi,
1279 2279 1440 2306 Iccumbens
1458 2278 1598 2305 sumebant
1609 2278 1708 2304 cibum.

1132 2327 1224 2354 LXXI.
1246 2326 1298 2353 Sed
1312 2325 1524 2361 benignissimus
1535 2323 1633 2351 Petrus
1647 2319 1805 2349 considerans.
1814 2319 1835 2361 tte

1096 2375 1166 2401 forte
1182 2373 1319 2400 tristitiam
1344 2371 1409 2398 mihi
1434 2370 1546 2397 inferret
1562 2369 1614 2396 ista
1636 2358 1834 2402 sequestratioﬁil

1097 2420 1131 2446 ad
1152 2427 1195 2446 me
1210 2429 1215 2446 :
1231 2418 1289 2445 Non
1312 2425 1361 2452 pro
1385 2417 1523 2451 superbia,
1538 2424 1555 2443 ο
1571 2415 1702 2443 ϐεεηιθης,
1720 2406 1834 2452 convitith

1096 2473 1150 2493 non
1167 2473 1216 2500 ago
1231 2472 1292 2491 cum
1309 2463 1352 2490 his
1371 2462 1418 2497 qui
1439 2461 1560 2489 nondum
1583 2458 1711 2495 puriﬁcati
1730 2457 1788 2483 sunt.
1803 2447 1833 2475 κδ

1097 2519 1192 2539 vcrcot‘
1215 2519 1249 2538 ne
1272 2510 1341 2536 forte
1358 2509 1423 2535 mihi
1440 2508 1549 2543 quidem
1571 2513 1691 2537 noceam,
1703 2504 1759 2537 ipSIS
1771 2500 1833 2524 autem

296 2631 318 2646 ⁷¹
340 2629 373 2656 Et
392 2628 449 2655 ideo
463 2643 496 2646 —-
511 2625 631 2661 separari
652 2630 736 2660 potest
757 2624 949 2652 desiderantur
972 2623 999 2650 in
1018 2626 1133 2657 utroque
1149 2622 1210 2649 cod.
1230 2621 1304 2656 Lips.

913 2709 1096 2738 COTELERlI
1115 2707 1230 2735 NOTAE.

295 2799 350 2833 (79)
368 2797 456 2833 ,Cwlos
474 2801 561 2824 autent
579 2803 644 2822 esse.
665 2794 702 2833 De
726 2793 842 2833 cmlo_ct
861 2791 942 2833 melis
960 2790 1044 2830 Iltltlltl

262 2825 349 2862 sancti
365 2832 471 2864 Patres,
484 2837 564 2866 atque
580 2831 718 2857 contraria
736 2839 750 2866 ελ
760 2827 863 2866 sed-eu,
876 2829 905 2852 ut
918 2830 945 2853 et
956 2825 1043 2866 majo-

263 2860 318 2898 i‘ciu
331 2860 542 2904 fircogititionunt
556 2870 668 2901 partem,
680 2864 751 2900 quod
765 2863 797 2890 ad
814 2863 946 2890 humanas
959 2860 1043 2887 disci-

1099 2790 1187 2825 plinas
1204 2789 1293 2824 potius
1313 2791 1447 2825 spectent,
1460 2795 1542 2824 quam
1558 2788 1591 2815 ad
1612 2782 1765 2820 theologiam,
1780 2772 1829 2803 n0iis

1098 2823 1263 2852 illustratum
1279 2832 1332 2851 non
1346 2823 1428 2850 imus.
