1892 3105
29 102 85 130 1981

28 158 86 187 nihil
99 156 212 193 prosim.
226 156 283 184 Hoc
297 157 369 185 enim
381 165 432 193 pro
442 161 515 185 certo
530 157 602 185 scire
613 163 639 186 te
651 159 724 190 volo,
736 159 800 194 quia
815 163 839 190 Α

27 204 106 232 omnis
119 204 166 239 qui
190 204 262 231 idola
281 203 367 231 coluit
381 204 538 240 aliquando,
554 208 581 232 et
601 213 648 233 eos
669 213 738 240 quos
756 214 804 241 pa-

27 250 81 285 gani
94 250 236 277 nominant
243 250 320 283 deos,
327 250 449 277 adoravit
460 251 501 278 vel
512 251 545 278 de
553 251 700 278 immolatis
709 259 802 279 eorum

28 296 180 331 degustavit,
207 296 305 331 spiritu
329 296 470 324 immundo
498 304 552 324 non
575 303 665 331 caret;
680 298 803 324 .eonviva

27 342 90 368 enim
103 340 193 369 factus
209 345 252 369 est
266 341 431 373 daemonum,
445 345 472 369 et
493 343 665 377 participium
687 343 804 378 sumpsit

27 387 79 421 ejus
93 386 224 414 daemonis
245 386 325 421 cujus
340 386 367 413 in
383 390 474 414 mente
497 395 546 414 sua
566 388 695 422 speciem,
710 389 752 415 vel
769 389 805 414 ti-

28 439 94 459 more
114 432 156 459 vel
181 439 274 460 amore
295 432 421 460 formavit
436 433 470 460 ".
493 433 591 468 Et-per
605 433 663 461 haec
686 435 804 461 mundus

28 485 75 504 non
87 480 168 506 est‘a
193 478 291 513 spiritu
314 479 465 512 immundo,
489 482 517 507 et
540 479 600 506 ideo
617 479 805 514 puriﬁcatione

28 522 121 557 indiget
135 523 277 558 baptismi,
289 528 320 551 ut
330 529 409 552 exeat
420 525 455 552 ab
465 532 498 552 eo
509 525 623 560 spiritus
636 525 803 557 immundus,

27 569 68 603 qui
87 568 231 597 interiores
248 570 345 598 animae
365 571 451 606 ipsius
474 570 573 598 insedit
597 570 710 598 allectus
722 571 755 602 7‘,
775 575 804 598 et

27 612 92 647 quod
105 617 146 640 est
161 613 296 646 deterius,
312 622 362 642 nec
373 616 445 650 quod
461 615 628 644 intrinsecus
641 616 724 643 lateat
738 616 806 643 iudi-

28 664 108 690 catur,
121 660 161 686 uti
172 667 208 687 ne
223 661 378 695 publicatus
393 661 510 696 fugetur.

57 704 155 732 LXXII.
176 705 277 733 Amant
303 706 376 734 enim
397 707 442 734 isti
469 707 583 742 spiritus
606 708 737 735 immundi
763 708 805 736 in-

28 749 121 777 hzerere
135 751 300 785 corporibus
314 751 464 786 hominum,
483 757 511 780 ut
523 753 644 788 ipsorum
654 753 805 780 ministerio

28 795 181 829 cupiditates
192 804 258 824 suas
275 797 411 832 expleant.
424 803 451 826 et
466 798 499 825 ad
514 806 546 826 ea
558 806 617 834 qua:
634 799 684 834 ipsi
697 798 804 826 deside-

28 844 82 866 rant
97 840 261 870 inclinantes
283 844 380 870 animat
401 848 504 877 motus,
519 844 577 872 suis
594 852 642 872 eos
660 852 757 880 parere
772 845 804 871 li-
819 834 840 862 Β

28 887 156 916 hidinibus
171 894 281 923 cogant.
298 893 328 916 ut
341 889 493 918 efﬁciantur
506 899 540 918 ex
556 892 662 927 integro
674 900 739 919 vasa
752 892 805 920 dte-

28 939 139 960 ninnum.
157 933 197 960 Ex
223 934 322 969 quibus
344 943 417 963 unus
441 940 483 964 est
505 936 600 965 Simon
615 938 670 970 hic,
687 939 734 974 qui
756 939 804 966 tali

28 977 135 1010 quodam
149 978 246 1006 morbo
264 979 478 1014 comprehensus
495 988 546 1008 nec
567 982 659 1009 sanari
679 982 736 1016 jam
754 989 804 1017 po-

27 1027 84 1054 test.
97 1024 160 1059 quia
177 1024 318 1054 voluntate
331 1030 358 1053 et
377 1026 517 1062 proposito
528 1031 650 1063 aegrotat.
670 1027 725 1055 Nec
737 1035 803 1055 (ξοη-

616 100 898 129 RECOGNITIONUM
916 101 980 130 LIB.
1001 100 1044 130 lli.

1567 103 1638 130 128?.

854 163 896 186 tra
925 159 1093 187 voluntatem
1117 159 1177 194 ejus
1205 159 1309 187 habitat
1336 159 1364 186 in
1395 166 1429 187 eo
1453 159 1578 191 daemon,
1610 163 1638 185 ct

854 206 916 233 ideo
927 206 951 222 "
970 206 993 233 si
1021 213 1083 234 eum
1109 206 1170 241 quis
1191 206 1284 241 fugare
1305 206 1369 233 velit
1391 210 1418 234 et
1442 206 1576 241 expellere
1603 205 1637 231 ab

854 259 897 283 eo,
912 259 975 278 eum
988 252 1025 279 sit
1042 252 1240 287 inseparabilis.
1264 255 1302 283 et,
1317 255 1347 278 ut
1373 252 1409 278 ita
1429 251 1531 282 dicam.
1547 251 1636 277 anima

851 295 908 330 jam
927 297 987 331 ejus
1001 296 1124 327 effectus.
1140 297 1275 324 videbitur
1299 297 1385 331 magis
1410 304 1508 323 necare
1526 303 1587 323 eum
1609 299 1637 322 et

854 343 994 370 homicidii
1019 343 1122 370 crimen
1147 343 1296 370 incurrere.
1321 342 1405 370 Nemo
1428 349 1492 377 ergo
1514 345 1635 368 vestrum

854 388 1033 415 contristetur
1047 395 1062 414 a
1081 387 1208 415 convivio
1230 390 1325 414 nostro
1343 390 1495 421 separatus,
1515 389 1636 420 tempore

854 434 926 461 enim
958 433 1051 468 aliquo
1076 433 1221 461 observare
1251 433 1331 460 debet
1355 431 1543 466 unusquisque
1570 438 1637 458 sane

854 484 958 515 quanto
971 480 1030 514 ipse
1048 480 1175 506 voluerit.
1193 479 1282 506 Parvo
1306 478 1378 506 enim
1399 481 1519 512 tempore
1541 484 1637 511 seque-

855 529 960 553 stratur
974 526 1020 560 qui
1036 526 1090 552 cito
1103 525 1220 552 voluerit
1234 524 1376 559 baptizari.
1389 523 1474 550 multo
1489 527 1578 549 autem
1590 521 1636 556 qui

854 571 969 600 tardius.
985 570 1179 606 Unusquisque
1193 578 1258 606 ergo
1274 571 1300 597 in
1324 577 1373 597 sua
1396 569 1476 596 habet
1493 573 1636 603 potestate.

854 619 938 646 breve
968 622 1015 645 aut
1036 618 1146 653 longum
1175 616 1340 652 pmnitentite
1369 623 1426 642 suae
1451 619 1558 648 tempus
1578 613 1636 640 exi-

855 672 929 700 gere.
943 668 971 692 et
983 663 1044 691 ideo
1056 663 1084 690 in
1098 663 1175 691 vobis
1190 663 1358 697 est,quando
1369 662 1455 688 velitis
1469 661 1501 687 ad
1514 663 1638 686 nostram

855 710 1003 738 convenire
1019 716 1153 740 mensam,
1169 712 1195 736 et
1220 716 1275 736 non
1293 709 1321 735 in
1347 708 1436 738 nobis,
1452 706 1553 741 quibus
1577 713 1638 740 per-

855 755 970 783 missum
997 762 1052 782 non
1076 757 1119 782 est
1146 760 1254 782 sumere
1278 760 1339 780 cum
1360 752 1451 786 aliquo
1466 750 1568 781 cibum.
1586 749 1638 775 nisi

857 800 939 828 fuerit
957 800 1122 834 baptizatus.
1140 798 1195 826 Vos
1212 806 1276 832 ergo
1301 798 1388 832 magis
1411 805 1461 824 nos
1487 795 1638 831 prohibetis

854 853 870 873 a
883 851 976 874 vestro
998 846 1134 878 convivio,
1150 845 1173 872 si
1198 844 1232 871 ad
1257 843 1453 880 puriﬁcandum
1479 849 1570 869 moras
1590 840 1639 867 ha-

854 893 942 921 beatis
959 895 986 920 et
999 891 1104 919 tardius
1119 890 1304 926 baptizemini.
1327 889 1373 917 llis
1384 888 1464 915 dictis
1477 895 1539 915 cum
1556 887 1631 914 bene-

854 938 980 970 dixisset,
998 937 1089 964 cibum
1105 937 1231 971 sumpsit.
1251 935 1283 963 Et
1299 940 1360 971 post
1380 935 1437 962 haec
1458 941 1519 960 eum
1537 933 1639 968 gratias

854 985 957 1021 egisset
974 983 1038 1017 Deo,
1052 983 1192 1018 ingressus
1216 982 1331 1017 quievit,
1357 980 1482 1008 similiter
1498 983 1587 1005 autem
1611 982 1638 1005 et

855 1037 906 1057 nos
919 1035 1025 1060 omnes,
1038 1032 1097 1055 erat
1111 1028 1182 1055 enim
1192 1027 1249 1062 jam
1264 1034 1328 1054 nox.

27 1125 47 1140 η
57 1091 98 1140 ’ξ-
110 1091 175 1140 ger.
192 1093 303 1140 x1391”
353 1094 728 1140 Qnaesequun'turvocabula
742 1104 832 1140 usque
843 1096 970 1140 adfinem
995 1096 1077 1132 hujus
1102 1103 1164 1132 cap.
1179 1095 1278 1123 desunt
1307 1094 1336 1122 in
1350 1092 1434 1122 codd.
1444 1093 1519 1129 Lips.
1536 1092 1636 1120 omnia.

30 1125 47 1140 ⁷⁸
65 1125 96 1153 Et
109 1128 304 1156 ideo—crimen
319 1125 452 1158 incisum:
466 1125 519 1159 non
532 1131 708 1158 inveniuntur
722 1132 750 1158 in
765 1125 843 1160 codd.
859 1129 935 1166 Lips.

30 1203 1611 1220 __—__—____________

580 1267 758 1311 LIBER
794 1266 1074 1311 TERTIUS.

60 1421 78 1448 l.
98 1420 200 1448 Interea
224 1420 321 1449 Petrus
338 1421 468 1457 gallorum
488 1422 614 1458 cantibus
637 1430 753 1457 surgens
776 1425 802 1449 et
815 1424 837 1454 ο

29 1467 137 1494 excitare
161 1476 211 1495 nos
228 1468 320 1494 volens
345 1467 448 1494 invenit
471 1467 625 1502 vigilantes,
648 1467 805 1501 vespertino

30 1513 109 1540 adhuc
122 1514 225 1541 lumine
239 1514 412 1548 perdurante,
428 1521 544 1548 cumque
558 1521 590 1540 ex
615 1520 690 1540 more
703 1513 805 1540 saluta-

30 1559 105 1586 visset
117 1564 143 1587 et
161 1560 363 1588 resedissemus
377 1567 482 1591 omnes.
503 1560 539 1586 ita
553 1567 668 1587 exorsus
679 1562 720 1587 est
737 1569 743 1586 :
757 1558 805 1585 Ni-

30 1604 63 1631 hil
83 1609 122 1632 est
139 1605 294 1638 difﬁcilius,
317 1605 416 1633 fratres
441 1606 505 1637 mei.
526 1613 607 1641 quam
633 1606 666 1633 de
689 1605 805 1633 veritate

30 1651 93 1685 apud
108 1651 231 1686 permisti
246 1650 337 1686 populi
350 1650 552 1678 multitudinem
564 1651 716 1686 disputare.
727 1650 804 1684 Quod

29 1696 95 1723 enim
113 1700 164 1730 est,
180 1696 309 1724 omnibus
332 1699 362 1723 ut
386 1699 430 1723 est
451 1695 504 1723 dici
528 1703 583 1723 non
606 1696 679 1729 licet.
695 1701 806 1731 propter

29 1749 71 1769 eos
83 1742 127 1777 qui
141 1742 260 1777 maligne
283 1746 310 1770 et
326 1742 457 1770 insidiose
479 1742 607 1776 audiunt;
626 1741 720 1770 fallere
740 1750 805 1770 vero

30 1794 78 1813 non
85 1788 190 1823 expedit
201 1791 313 1822 propter
318 1795 366 1815 eos
374 1787 420 1822 qui
431 1786 537 1814 sincere
549 1786 805 1814 audire‘desiderant

29 1833 171 1861 veritatem.
186 1832 258 1866 Quid
289 1840 354 1868 ergo
376 1832 458 1860 faciet
486 1832 530 1859 cui
563 1832 597 1859 ad
627 1832 805 1860 indiscretum

30 1879 149 1912 populum
163 1886 255 1907 sermo
268 1882 327 1912 est;
343 1879 458 1906 oecultet
482 1878 555 1913 quod
576 1886 672 1906 verum
696 1879 754 1906 est?
772 1878 805 1906 Et

30 1923 156 1956 quomodo
169 1925 286 1952 instruet
296 1931 344 1952 eos
356 1923 401 1958 qui
415 1923 489 1958 digni
502 1924 584 1950 sunt?
598 1922 650 1951 Sed
667 1924 689 1951 si
702 1931 804 1951 meram

31 1968 143 2002 proferat
161 1970 304 1997 veritatem
328 1969 372 1997 his
386 1969 433 2004 qui
454 1969 577 1997 salutem
594 1971 724 2005 consequi
749 1978 805 1998 non

31 2012 188 2048 desiderant,
204 2015 242 2042 illi
257 2022 272 2042 a
287 2023 342 2051 quo
363 2016 465 2043 missus
481 2019 524 2042 est
547 2015 674 2050 injuriam
697 2016 773 2047 facit.
789 2023 805 2043 a

30 2067 79 2093 quo
104 2064 131 2088 et
151 2061 308 2089 mandatum
337 2062 458 2097 accepit,
485 2070 521 2090 ne
544 2063 634 2089 mittat
659 2063 803 2090 verborum

29 2105 84 2140 ejus
96 2100 258 2142 margaritas
272 2112 334 2136 ante
349 2115 447 2143 porcos
463 2111 491 2136 et
502 2116 585 2144 canes
597 2109 631 2140 ⁷⁸,
644 2109 690 2144 qui
709 2109 805 2136 adver-
820 2102 842 2130 Ῑ)

30 2158 85 2178 sum
98 2159 144 2179 eas
157 2154 327 2189 argumentis
341 2161 373 2181 ac
383 2143 599 2189 sophismatibus
623 2154 801 2187 reluctantes.

30 2196 97 2231 ipsas
111 2199 219 2234 quidem
233 2206 313 2227 coeno
325 2200 508 2236 intelligentiae
520 2200 638 2227 carnalis
651 2200 800 2232 involvunt,

32 2243 165 2272 latratibus
187 2249 277 2273 autem
300 2246 358 2274 suis
381 2250 408 2274 et
435 2246 659 2281 responsionihus
683 2246 801 2274 sordidis

853 1423 982 1455 rumpant
996 1423 1023 1447 et
1038 1419 1150 1455 fatigent
1164 1420 1356 1455 praedicatores
1367 1419 1441 1447 verbi
1456 1419 1514 1447 Dei.
1526 1419 1640 1455 Propter

854 1465 928 1502 quod
941 1470 968 1494 et
979 1473 1029 1501 ego
1043 1467 1070 1492 in
1082 1465 1207 1500 plurimis
1218 1466 1332 1493 circuitu
1345 1466 1460 1500 quodam
1473 1466 1547 1493 verbi
1562 1471 1640 1494 utens

854 1516 959 1540 tentare
974 1512 1093 1545 nitebar,
1109 1519 1142 1539 ne
1157 1511 1339 1548 principalem
1355 1511 1389 1539 de
1410 1518 1514 1538 summa
1538 1511 1640 1538 Divini-

852 1562 908 1586 tate
926 1558 1132 1594 intelligentiam
1156 1558 1247 1584 minus
1271 1557 1362 1591 dignis
1382 1557 1494 1584 auribus
1517 1557 1640 1592 publica-

853 1612 924 1634 rem.
940 1603 973 1631 Et
986 1608 1048 1639 post
1062 1604 1120 1631 hmo
1136 1604 1269 1639 incipiens
1283 1603 1339 1639 (80)
1353 1603 1386 1631 de
1398 1603 1478 1631 Patre
1492 1606 1519 1631 et
1534 1603 1602 1631 Filio
1613 1607 1640 1631 et

855 1649 959 1686 Spiritu
975 1654 1082 1681 sancto.
1092 1650 1211 1678 breviter
1221 1649 1301 1677 nobis
1315 1653 1342 1677 et
1355 1649 1494 1677 evidenter
1504 1650 1638 1684 exposuit,

854 1700 885 1724 ut
904 1703 999 1724 omnes
1019 1696 1161 1724 audientes
1185 1696 1348 1722 miraremur
1356 1695 1492 1730 quomodo
1503 1695 1639 1729 homines,

854 1741 984 1770 derelicta
997 1742 1122 1773 veritate.
1132 1741 1256 1769 conversi
1267 1744 1330 1769 sunt
1345 1741 1378 1767 ad
1392 1741 1549 1768 vanitatem.

889 1786 922 1815 Il.
944 1786 1018 1823 [Haec
1035 1787 1114 1814 Petro
1137 1787 1243 1814 dicente
1257 1787 1279 1802 ⁷⁷
1294 1787 1350 1822 (81)
1365 1785 1461 1821 Aquila
1484 1786 1541 1813 ait:
1557 1785 1640 1814 Recte

855 1832 958 1865 dixisti,
974 1837 1117 1869 propterea
1142 1832 1221 1860 nobis
1246 1833 1330 1860 dicito
1351 1840 1411 1868 quae
1426 1833 1550 1860 veritatis
1574 1835 1640 1859 sunt

855 1880 975 1916 propria.
997 1879 1031 1906 Et
1054 1879 1174 1906 Petrus:
1195 1879 1231 1906 De
1254 1879 1354 1914 quibus
1369 1879 1452 1906 vultis
1475 1879 1640 1914 interrogate

855 1935 908 1955 me.
924 1926 956 1953 Et
975 1926 1072 1961 Aquila
1090 1926 1147 1953 ait:
1164 1925 1201 1953 De
1216 1926 1351 1961 principio
1369 1930 1395 1953 et
1416 1925 1558 1960 principiis
1578 1933 1640 1952 ver-

855 1973 919 2000 bum
941 1972 1063 2007 disputa,
1086 1975 1113 1999 et
1136 1971 1170 1999 de
1194 1978 1226 1999 eo
1250 1971 1321 2006 quod
1348 1971 1520 2006 repreln-ndit
1545 1970 1639 1997 Simon

856 2018 934 2053 quasi
950 2018 1143 2045 inconveniens
1154 2037 1161 2049 ,
1178 2016 1276 2044 Filium
1293 2016 1339 2044 Dei
1359 2016 1413 2044 dici
1430 2017 1569 2044 Christum
1581 2037 1588 2049 ,
1605 2024 1640 2044 ne

858 2065 957 2092 similia
980 2063 1193 2100 plantationibus
1215 2067 1242 2090 et
1272 2064 1378 2090 caeteris
1401 2063 1557 2090 inanimatis
1583 2063 1638 2098 pati

856 2109 982 2137 videatur
1006 2109 1087 2137 Deus.
1107 2108 1205 2136 Petrus
1235 2112 1324 2136 autem
1351 2108 1444 2135 videns
1466 2115 1561 2136 omnes
1587 2108 1639 2135 hoc

856 2155 946 2191 ipsum
962 2156 1083 2183 volentes
1097 2155 1203 2187 audire,
1221 2162 1328 2182 omnem
1351 2154 1483 2182 rationem
1505 2153 1542 2181 ita
1556 2161 1640 2189 expo-

855 2202 909 2229 suit
923 2211 929 2228 :

891 2247 934 2274 111.
956 2247 1086 2282 Principii
1111 2253 1209 2273 nomen
1233 2244 1288 2280 (82)
1309 2245 1336 2272 in
1360 2244 1453 2272 multis
1473 2248 1499 2272 et
1523 2244 1640 2272 diversis

61 2300 82 2316 "
100 2301 195 2339 Matth.
216 2311 262 2333 vn,
281 2302 308 2330 6.
346 2303 368 2319 ⁷⁷
383 2302 436 2330 ista
451 2310 511 2337 quae
525 2307 676 2337 sequuntur
688 2312 775 2339 usque
789 2304 822 2331 ad
837 2304 916 2332 finem
932 2312 990 2339 cap.
1007 2304 1050 2335 12,
1066 2311 1092 2330 ιη
1118 2303 1180 2329 cod.
1196 2309 1263 2329 mss.
1276 2302 1412 2339 plerisque
1424 2301 1517 2339 iisdem
1530 2302 1640 2339 optima:

31 2339 96 2362 nota
112 2336 219 2368 desunt.
244 2341 271 2365 et
293 2341 398 2364 tantum
423 2336 522 2365 habent
547 2336 587 2365 vel
604 2336 777 2367 obscuritatis
794 2340 835 2367 vel

32 2373 182 2399 recentioris
190 2374 277 2400 astatis
293 2374 397 2400 intrusa
411 2380 464 2400 non
480 2372 645 2402 dubitemus.

856 2337 972 2367 erroris'
987 2342 1017 2366 ut
1042 2339 1134 2373 spuria
1148 2345 1180 2365 ea
1195 2344 1256 2364 esse
1271 2341 1298 2364 et
1317 2337 1351 2364 ab
1366 2337 1494 2365 interc-lico
1520 2337 1638 2372 quodam

669 2430 849 2458 COTELERII
867 2429 982 2458 NOTIE.

62 2484 164 2524 (801131
185 2491 243 2520 post
265 2487 494 2524 [tngnrcipienmu
519 2487 553 2524 ad
572 2487 723 2524 vanitgtem.
746 2487 807 2515 iitcc

42 2520 152 2559 teriodus
160 2525 254 2559 exstat
264 2522 291 2549 in
306 2520 476 2559 libris'editis
489 2527 515 2549 et
529 2523 557 2549 in
574 2522 704 2559 msrlti-g.
714 2527 763 2559 ;A.at
778 2523 805 2550 in

120 2560 147 2582 et
160 2555 213 2584 Th.
226 2557 393 2584 transfertur
407 2557 440 2584 ad
455 2558 535 2585 ﬁnem
547 2565 606 2593 cap.
622 2557 667 2590 it,
680 2555 727 2585 ubi
742 2565 802 2585 eam

32 2595 96 2616 vute.

65 2623 118 2660 (8i)
135 2625 198 2653 lla’c
214 2625 293 2653 Petro
307 2627 418 2654 dicente.
429 2627 520 2654 Codex
531 2626 744 2654 Candelerianus
755 2627 806 2654 hoc

33 2663 108 2699 gannit
120 2665 147 2699 c_t
161 2661 302 2699 sequentia
319 2662 563 2699 novem_conti_ne_t,
575 2662 802 2699 quemadmodum

35 2690 231 2724 Stirlionicns'et
242 2696 372 2724 Thuanus
385 2705 391 2722 :
408 2690 597 2724 Carmeiiticus
615 2701 703 2723 autem
719 2702 745 2723 et
760 2697 805 2724 ille

35 2725 195 2770 getrhpetiti
207 2729 290 2770 Regio
301 2732 404 2770 similes
414 2735 488 2762 sunt.
504 2732 634 2770 librisque
649 2732 799 2770 impressis.

35 2760 84 2802 Nec
97 2764 218 2802 dubium,
236 2760 303 2802 quin
326 2767 359 2802 ad
378 2767 422 2793 illa
443 2760 598 2802 pertineant
611 2774 671 2801 quae
688 2760 803 2802 Ruﬁnys

36 2796 151 2836 abstulit.
168 2801 201 2828 de
211 2796 334 2836 ingenito
343 2801 399 2829 Det
414 2796 560 2836 genimque
572 2796 700 2833 disserta,
715 2801 748 2829 de
759 2801 805 2828 Fi-

37 2831 69 2859 lio
78 2839 175 2867 creato,
189 2836 222 2864 de
237 2831 297 2864 aliis
318 2831 455 2864 nonnullis
465 2857 472 2870 ,
491 2831 642 2871 periculosa
656 2857 662 2869 ,
678 2831 805 2869 obscura,

861 2489 967 2514 intrusa
983 2507 991 2519 ,
1015 2486 1202 2519 Eunomiana;
1227 2494 1340 2520 qumque
1358 2491 1465 2513 veteres
1486 2486 1638 2514 Ebionitica

859 2526 1037 2557 censuerunt,
1053 2521 1162 2552 Ariana,
1181 2526 1207 2548 et
1221 2521 1353 2548 addititia.
1371 2521 1468 2548 Nescio
1483 2522 1545 2555 quis
1557 2522 1639 2557 igitur

857 2557 930 2592 quod
947 2564 962 2583 a
985 2556 1083 2583 itutino
1104 2557 1317 2592 praetermissum
1338 2556 1437 2592 fuerat,
1454 2557 1505 2584 sibi
1521 2556 1639 2591 sumpsit

858 2590 889 2619 tit
906 2593 1140 2626 interpretaretur.
1162 2590 1229 2617 Vide
1240 2590 1499 2622 Clementina,hom.
1518 2591 1561 2623 16,
1576 2590 1627 2626 cap

859 2628 902 2655 16.
919 2626 971 2654 Ista
979 2625 1046 2653 vero
1058 2634 1143 2660 usque
1158 2626 1190 2652 ad
1205 2633 1265 2660 cap.
1282 2626 1430 2661 t2_desunt
1442 2627 1468 2661 iii
1481 2625 1636 2661 impressis:

856 2662 997 2696 desumpta
1010 2659 1104 2688 autem
1112 2665 1174 2688 sunt
1187 2669 1220 2688 ex
1235 2659 1296 2687 cod.
1313 2659 1393 2687 Sorb.
1408 2665 1435 2687 et
1445 2660 1496 2687 Th.

894 2694 1095 2732 (82)‘Prin5ipii
1110 2704 1212 2732 nomen,
1230 2700 1283 2723 etc.
1298 2696 1326 2732 l_n
1341 2703 1437 2732 marg._
1448 2703 1500 2722 ms.
1515 2694 1566 2722 Th.
1579 2695 1637 2732 haec

856 2730 1004 2767 leguntur:
1019 2730 1102 2767 C(tufe
1117 2731 1165 2766 legi
1190 2735 1289 2767 oportet
1303 2730 1370 2756 hanc
1386 2730 1560 2767 scripturam,
1575 2731 1636 2767 quia

855 2765 1026 2794 incidentibus
1041 2765 1118 2799 facile
1142 2765 1219 2793 Verror
1232 2765 1368 2800 subrepere
1385 2768 1479 2799 potest.
1504 2765 1588 2800 Usque
1602 2765 1637 2792 ad

858 2801 944 2829 simile
955 2801 1058 2835 signant
1077 2801 1159 2836 legere
1171 2800 1235 2828 noli.
1249 2799 1310 2827 Vid.
1326 2799 1395 2826 infra
1407 2802 1500 2826 notam
1515 2800 1637 2836 ejusdem

859 2837 919 2864 cod.
934 2836 967 2864 ad
981 2843 1041 2864 con.
1059 2836 1100 2862 12.

859 2843 919 2865 cod.
934 2843 967 2864 an
981 2843 1041 2871 cap.
1059 2843 1100 2862 τις.
