1892 3105
219 121 290 150 1285

654 119 684 149 S.
704 119 902 148 CLEMENTIS
918 119 929 147 1
947 119 1030 148 ROM.
1051 119 1152 148 PONT.
1171 119 1285 147 OPERA
1301 119 1418 148 DUBlA.

1784 118 1846 147 ηει

217 181 392 214 nuncupatur
406 178 500 212 rebus,
514 177 690 205 sensibilibus
707 178 812 205 scilicet
825 181 853 205 et
874 177 1004 213 intelligi-
1018 179 1041 209 Α
1056 176 1155 211 gnum?
1179 176 1270 204 Audes
1297 181 1387 204 autem
1412 175 1514 203 factum
1540 175 1634 203 dicere
1659 183 1675 202 a
1703 177 1847 212 semetipso

217 224 329 252 bilibus.
347 223 399 251 Sed
416 231 450 251 ne
468 228 531 251 ante
546 223 762 258 experimentum
779 223 949 251 sensibilium
971 224 1005 251 ad

218 269 399 304 intelligibilia
415 269 553 296 declinare
567 269 717 300 videamur,
733 269 810 296 decet
827 269 915 304 primo
935 276 951 296 a
962 269 1005 295 vi-

217 314 346 342 sibilibus
361 315 491 350 incipere,
509 318 539 341 ut
554 314 587 341 de
610 315 735 349 proximo
756 319 895 342 sumentes
914 323 1006 342 exem-

217 359 291 394 plum
308 359 406 386 iterum
430 359 463 386 ad
485 359 694 394 intelligibilium
717 359 858 387 veniamus
882 367 1006 395 compre-

217 404 389 433 hensionem.
405 404 465 437 Quo
480 405 560 432 modo
584 405 624 432 sol
641 405 716 432 verbi
738 406 825 440 gratia
849 406 877 432 in
900 406 1004 441 princi-

217 451 291 485 pium
314 450 356 477 vel
378 450 561 485 principatum
587 450 639 477 diei
664 451 830 478 constitutus
852 454 914 484 est,
940 452 1004 478 luna

216 503 282 524 vero
296 505 312 524 e
325 497 465 523 contrario
482 497 571 524 noctis
585 497 625 530 "';
641 497 697 524 haec
720 502 810 525 autem
823 503 852 525 ut
868 498 1006 534 principa-

216 546 274 569 tum
297 546 391 577 gerant
406 543 555 570 constituta
571 547 645 574 sunt,
665 551 679 570 a
691 551 745 578 quo
768 545 848 571 etiam
868 549 897 572 ut
912 549 1004 573 essent

216 587 245 614 in
260 588 395 622 principio
406 592 579 623 acceperunt.
598 587 648 621 Qui
662 593 752 616 autem
767 589 824 616 haec
839 590 1002 625 composuit,

214 633 315 660 caelum
331 637 358 660 et
373 637 474 660 terram
489 634 565 668 prius
579 634 712 667 condidit,
726 639 823 670 praeter
842 636 899 662 hzec.
912 640 1003 664 autem

215 679 357 706 terrestria
372 683 398 706 et
416 679 548 714 inaq'uosa
565 683 592 706 et
606 681 727 707 volatilia
742 681 871 708 animalia
892 689 1004 717 compo-

215 724 283 757 suit,
297 725 410 752 arbores
423 733 533 760 queque
552 729 579 753 et
595 725 693 754 herbas
713 730 740 754 et
762 731 823 762 post
843 727 900 754 haec
916 727 1004 754 homi-

215 777 289 803 nem,
301 779 355 799 non
367 776 397 799 ut
411 776 504 800 essent
515 773 571 801 haec
582 777 687 800 tantum
700 773 863 808 principium
879 781 1001 804 sumens.

215 818 360 845 sedetiam
385 823 415 845 ut
438 819 560 847 viverent
587 819 736 847 secundum
760 819 917 846 mandatum
942 819 1000 847 Dei.

215 860 254 887 Ita
269 869 335 896 ergo
358 863 441 889 multa
465 863 574 897 quidem
598 867 712 898 possunt
731 871 793 890 esse
817 863 960 899 principia,
976 863 1002 891 ei
1018 852 1038 879 Β

215 912 307 935 autem
322 908 368 942 qui
385 912 437 940 cst,
453 909 587 944 principia
612 917 665 936 non
678 912 751 936 sunt.
769 909 858 936 Unum
874 914 916 938 est
931 910 1003 937 enim

214 952 379 988 principium
395 957 421 980 et
437 961 520 980 unum
536 954 595 981 sine
607 954 739 989 principio
755 955 930 990 principium,
943 962 1005 989 qua:

215 1002 307 1026 autem
321 1003 382 1034 post
397 999 455 1027 haec
476 1003 550 1032 sunt,
566 1000 678 1028 abusive
700 1000 828 1028 dicuntur
843 1001 878 1029 (si
893 1001 1004 1036 quidem

214 1044 364 1081 dicuntur)
388 1045 532 1081 principia.
560 1045 733 1075 Praeveniens
761 1050 851 1074 autem
877 1047 991 1081 exposui

213 1097 325 1118 causam
338 1090 419 1125 hujus
435 1091 562 1126 exempli,
572 1097 587 1118 ι
605 1092 783 1119 sensibilibus
801 1092 905 1119 scilicet
916 1093 950 1119 ad
963 1092 1005 1118 in—

214 1134 377 1169 telligibilia,
385 1138 414 1161 ut
423 1134 473 1162 hac
483 1136 526 1162 via
541 1136 584 1162 usi
596 1135 700 1164 ﬁrmam
712 1140 738 1164 et
749 1141 851 1165 certam
862 1137 896 1165 de
905 1137 1005 1165 intelli-

213 1181 337 1217 gihilium
344 1180 490 1208 traditione
495 1182 684 1216 possideamus
692 1183 845 1211 tuitionem.
855 1183 919 1211 Sine
927 1184 1004 1219 prin-

213 1226 286 1262 cipio
303 1234 368 1262 ergo
381 1227 498 1256 dicimus
513 1227 597 1256 Deum
616 1228 745 1256 ineffabili
767 1230 937 1265 providentia
955 1231 1004 1259 de-

214 1275 395 1304 monstrante,
407 1272 454 1307 qui
465 1279 520 1299 non
536 1280 551 1299 a
560 1280 590 1300 se
599 1273 659 1308 ipso
668 1273 757 1301 factus
764 1278 806 1301 est
817 1282 867 1302 nec
876 1282 891 1300 a
905 1282 934 1302 se
945 1275 1004 1309 ipso

213 1317 323 1353 genitus
330 1327 338 1351 ;
346 1323 388 1345 est
395 1318 468 1345 enim
477 1317 536 1346 sine
551 1319 685 1354 principio
694 1323 721 1346 et
731 1319 878 1354 ingenitus.
890 1319 1003 1355 lngenili

213 1368 304 1392 autem
320 1363 466 1399 appellatio
479 1372 534 1391 non
554 1365 619 1400 quid
632 1366 678 1398 sit,
691 1365 769 1393 nobis
780 1365 932 1400 intelligere
945 1367 1002 1398 dat,

213 1408 262 1437 sed
273 1409 344 1444 quod
356 1417 409 1436 non
419 1413 461 1437 est
473 1409 575 1443 factus;
592 1411 768 1447 αὑτοπάτορα
775 1419 839 1439 vero
849 1417 876 1440 et
890 1413 1003 1447 αὐτογέ-

213 1463 303 1491 νητον,
314 1455 365 1482 hoc
379 1459 422 1483 est
433 1456 521 1490 ipsum
538 1455 590 1483 sibi
605 1455 711 1483 Patrem
728 1457 872 1493 ipsumque
891 1459 943 1486 sibi
957 1458 1004 1486 Fi-

214 1501 282 1529 limn
296 1501 342 1536 qui
358 1506 525 1529 vocaverunt
549 1502 616 1529 illud
637 1502 709 1537 quod
729 1503 889 1537 ingenitum,
904 1509 1001 1532 contu-
1014 1520 1039 1553 ο

213 1547 322 1576 meliam
344 1547 434 1575 facere
449 1548 540 1576 conati
561 1552 626 1576 sunt
647 1548 738 1577 dubiis
755 1549 940 1578 deservientes
955 1559 1001 1579 ra-

212 1593 345 1621 tionibus.
368 1593 492 1629 indigere
509 1593 582 1622 enim
605 1594 747 1622 nativitate
770 1595 835 1622 illud
852 1596 924 1630 quod
945 1602 1004 1625 erat

212 1640 374 1676 priusquam
412 1643 582 1674 nasceretur,
604 1641 779 1675 parvulorum
805 1649 881 1670 more
903 1643 1004 1670 intelli-

212 1689 308 1721 gentes
323 1689 465 1721 putarunt,
482 1689 508 1713 et
526 1686 591 1713 illud
607 1686 680 1721 quod
703 1685 802 1719 fuerat,
819 1695 869 1722 pro
882 1695 915 1716 eo
929 1689 1002 1724 quod

213 1731 296 1760 fuerit
311 1736 453 1768 ponentes,
468 1732 547 1768 quasi
570 1740 617 1768 per
630 1741 660 1760 se
680 1733 769 1768 ipsum
787 1733 888 1761 factum
911 1735 1004 1763 dicere

212 1778 320 1806 insania
345 1779 528 1810 insanierunt,
549 1782 578 1806 ct
602 1779 816 1814 plantationibus
842 1788 1003 1816 comparare

212 1824 280 1852 illud
297 1824 371 1860 quod
390 1828 433 1852 est
453 1825 613 1859 ingenitum,
625 1830 655 1852 ut
673 1825 832 1854 dwmoniosi
844 1827 903 1854 ausi
927 1831 1001 1854 sunt.

212 1870 277 1898 Hac
297 1876 387 1898 autem
411 1871 502 1898 omnia
523 1871 552 1898 in
577 1871 714 1906 impietate
736 1872 885 1900 constituta
905 1880 1003 1900 conse-

211 1920 341 1952 quentem
356 1916 459 1943 habent
476 1916 666 1951 ignorantiam.
689 1916 748 1944 Non
764 1918 836 1945 enim
860 1918 1002 1946 intellexe-

212 1965 278 1990 runt
289 1961 341 1989 hoc
354 1961 443 1996 ipsum
456 1962 577 1990 dicentes
591 1966 618 1990 et
631 1963 642 1989 l'
642 1963 713 1990 uisse
722 1967 811 1990 etnon
821 1963 917 1992 fuisse.
928 1964 1002 1998 Qua-

212 2012 294 2037 tenus
311 2009 383 2036 enim
404 2009 508 2044 genuit,
525 2008 586 2039 fuit,
603 2013 739 2045 quatenus
753 2018 818 2038 vero
839 2015 932 2038 natum
947 2015 1000 2044 est,

213 2063 269 2084 non
286 2056 346 2083 fuit.
367 2055 428 2083 Non
451 2055 536 2083 fuisse
555 2063 620 2091 ergo
644 2065 706 2084 eum
731 2061 838 2085 constat
864 2062 1001 2093 quatenus

213 2106 309 2130 natum
325 2107 377 2134 est,
399 2101 484 2130 fuiSse
495 2106 585 2129 autem
602 2110 663 2130 cum
679 2108 787 2131 constat
806 2109 941 2139 quatenus
955 2113 1002 2140 ge-

213 2147 285 2175 nuit.
307 2146 370 2175 Haec
392 2151 482 2175 autem
509 2151 623 2182 utraque
649 2148 740 2177 dicere
764 2150 845 2177 simul
874 2150 999 2178 eumdem

213 2193 390 2225 sustinuisse,
404 2201 458 2220 non
473 2194 605 2228 permittit
620 2195 729 2229 pietatis
742 2195 886 2230 professio.

249 2236 295 2264 IV.
317 2236 419 2265 Deinde
431 2238 513 2265 etiam
525 2246 683 2267 communes
694 2240 874 2275 cogitationes
885 2241 1002 2270 sollicite

213 2289 230 2310 a
246 2290 277 2310 sc
290 2283 424 2317 repellunt
441 2287 545 2311 tantam
561 2284 771 2320 blasphemiam,
788 2285 899 2322 dignum
916 2287 1002 2314 hono-

214 2336 273 2357 rem
286 2328 407 2363 ingenito
420 2328 585 2358 deferentes.
601 2329 736 2363 Quidnam
753 2331 835 2367 igitur
843 2332 904 2367 quis
917 2333 1002 2360 intcr-

214 2377 327 2408 rogatus
339 2373 413 2400 dicat
423 2382 518 2402 eorum
534 2376 580 2410 qui
603 2376 685 2411 impie
706 2377 927 2412 appellaverunt?
948 2379 1001 2407 nisi

212 2419 278 2453 quia
294 2418 344 2446 fuit
359 2419 516 2455 priusquam
531 2425 614 2455 esset,
629 2422 685 2457 ipse
696 2423 747 2449 sibi
758 2421 848 2455 Pater,
862 2424 909 2459 qui
937 2432 999 2453 esse

213 2463 310 2491 habuit
337 2468 484 2499 antequam
502 2465 553 2493 sibi
577 2471 607 2494 ut
625 2471 698 2495 esset
718 2468 899 2503 przestitisset.
914 2470 999 2496 Αὐτο-

213 2508 309 2544 πάτωρ
326 2513 354 2536 et
365 2510 522 2546 αὐτογενής,
536 2511 588 2539 hoc
603 2516 645 2540 est
661 2513 719 2548 ipse
734 2514 787 2541 sibi
800 2513 880 2542 Pater
899 2519 927 2542 et
942 2515 1000 2550 ipse

213 2554 266 2581 sibi
278 2553 374 2588 Filius,
384 2562 437 2589 qua
450 2556 555 2583 ratione
569 2556 685 2590 dicatur,
699 2561 727 2585 et
745 2565 808 2585 cum
822 2558 931 2593 quidem
945 2566 1000 2585 non

213 2600 313 2628 fuisset
334 2601 407 2636 quod
429 2605 514 2635 esset,
526 2605 590 2630 ante
614 2607 726 2631 exstans
754 2604 940 2639 intelligentiae
960 2604 999 2631 si—

245 2679 270 2696 ⁷⁸
288 2679 355 2708 Gen.
371 2689 392 2713 ι,
408 2680 452 2709 16.

507 2681 531 2697 ⁷⁹
550 2679 645 2708 Matth.
663 2689 691 2713 ι,
711 2680 757 2708 28.
796 2680 819 2697 ⁸ο
838 2679 937 2707 Matth.
952 2688 979 2712 v,
993 2680 1040 2708 ‘27.

1057 222 1123 249 illud
1137 222 1209 258 quod
1225 221 1380 249 inell‘ectum
1393 221 1634 249 est1Putaverunt
1648 225 1746 248 autem
1760 221 1848 256 hujus—

1056 267 1129 295 modi
1143 275 1205 294 cum
1220 267 1365 302 disciplina
1378 275 1406 294 se
1424 267 1475 294 hoc
1487 267 1590 299 dicere,
1608 268 1684 295 sicut
1705 267 1790 298 ebrii.
1804 268 1846 302 qui

1056 313 1167 340 umbras
1189 321 1239 348 pro
1256 312 1342 340 foveis
1359 312 1528 340 existimant.
1544 311 1663 348 Propter
1687 311 1765 347 quod
1790 317 1848 339 ante

1055 360 1146 386 omnia
1165 363 1271 394 oportet
1293 366 1343 386 nos
1366 358 1560 385 immortalium
1585 358 1791 385 scrutationem
1812 357 1847 384 fa-

1056 405 1310 440 cientcsinciperea
1326 403 1475 431 Dominicis
1490 403 1698 435 traditionibus,
1713 402 1762 429 ubi
1779 410 1848 429 mor-

1056 449 1150 477 talium
1166 449 1349 477 conditionem
1365 449 1400 476 ab
1415 448 1616 476 immortalibus
1637 455 1787 483 separans,
1803 447 1849 474 do-

1055 496 1112 523 cuit
1118 504 1167 523 nos
1178 496 1298 531 pericula
1309 499 1337 522 et
1348 494 1513 522 tentationes
1525 502 1612 529 usque
1624 494 1659 521 ad
1674 496 1768 529 ipsam
1779 502 1851 521 mor-

1055 545 1108 568 tem
1121 542 1258 568 sustinerc
1270 543 1380 575 propter
1391 547 1465 574 spem
1481 540 1614 567 bonorum
1626 540 1719 575 regni,
1736 540 1848 568 dicens:

1056 585 1146 613 Nolite
1160 587 1249 613 timere
1264 594 1308 613 eos
1321 586 1366 621 qui
1377 585 1497 612 occidunt
1512 593 1617 620 corpus,
1637 586 1748 612 animos
1762 591 1850 613 auten

1054 641 1105 660 non
1116 639 1224 667 possunt
1245 633 1371 662 occidere.
1389 633 1475 659 timete
1485 637 1573 659 autem
1587 641 1646 659 eum
1662 633 1709 667 qui
1722 638 1814 667 potest
1828 638 1850 659 et

1054 687 1148 713 corpus
1158 684 1182 706 et
1190 679 1305 705 animant
1316 678 1422 713 perdere
1443 679 1469 705 in
1485 679 1628 713 gehennam
1643 679 1679 706 ".
1694 678 1730 704 Et
1744 686 1812 706 vere
1830 679 1850 705 si

1053 732 1108 752 non
1123 725 1302 752 commoritur
1315 725 1422 759 corpori
1435 725 1536 756 anima,
1546 732 1600 752 non
1612 725 1707 759 utique
1716 724 1852 751 dividitur

1053 778 1103 797 nec
1124 770 1197 798 aliud
1209 770 1309 804 aliquid
1325 770 1429 805 patitur
1441 770 1475 798 de
1485 770 1530 797 his
1543 778 1604 805 quae
1614 771 1721 805 patitur
1735 777 1850 805 corpus.

1054 817 1128 845 verbi
1143 818 1226 852 gratia
1235 816 1412 845 influxionem
1423 817 1466 844 vel
1476 816 1673 848 deﬂuxionem,
1686 817 1851 844 tenuitatem

1055 867 1103 891 aut
1115 863 1336 895 crassitudinem,
1344 863 1488 890 sanitatem
1499 862 1542 890 vel
1551 862 1755 893 inﬁmitatem,
1765 863 1852 890 absci-

1055 910 1159 936 sionem
1175 913 1221 936 aut
1236 908 1468 942 conjunctionem.
1485 907 1538 935 Sed
1564 911 1591 935 et
1617 908 1644 935 in
1671 908 1734 943 ipsa
1761 907 1850 935 homi-

1055 962 1120 982 num
1137 954 1327 989 procreatione
1344 953 1412 981 nihil
1427 953 1573 981 committit
1587 955 1679 980 anima
1696 955 1850 982 secundum

1054 999 1246 1032 deﬂuxionem,
1255 999 1302 1027 sed
1313 1000 1341 1027 in
1351 999 1426 1027 omni
1436 999 1545 1034 quidem
1559 1004 1636 1026 motu
1651 1004 1708 1027 stat
1722 1001 1851 1028 videlicet

1055 1045 1208 1073 substantia
1220 1045 1524 1078 immutabilis,diverso
1538 1051 1629 1072 autem
1642 1051 1721 1073 motu
1733 1047 1768 1074 ad
1779 1047 1849 1074 aliud

1054 1095 1081 1120 et
1091 1091 1163 1119 aliud
1175 1099 1276 1126 corpus
1287 1092 1381 1119 incitat
1394 1092 1460 1127 pati.
1470 1090 1542 1119 Fluit
1552 1099 1619 1127 ergo
1628 1095 1655 1120 et
1669 1093 1780 1127 patitur
1788 1093 1849 1120 sub—

1054 1137 1217 1165 stantialiter
1231 1145 1342 1173 corpus,
1357 1138 1437 1165 sicuti
1453 1138 1641 1173 experimento
1655 1139 1846 1174 cognoscitur,

1054 1189 1115 1220 post
1127 1183 1200 1211 illam
1212 1187 1336 1210 natorum
1349 1184 1564 1219 coagulationem
1575 1184 1772 1214 exinanitione
1782 1185 1847 1212 uteri

1055 1230 1125 1257 facta
1139 1250 1146 1261 ,
1172 1233 1282 1265 propter
1301 1235 1469 1257 crementum
1497 1230 1610 1257 infantis
1632 1231 1807 1265 impellentis
1823 1236 1848 1258 et

1054 1274 1163 1310 impulsi
1177 1275 1250 1302 velut
1262 1275 1289 1302 in
1304 1275 1458 1307 luctamine,
1473 1276 1556 1302 verbo
1571 1275 1736 1304 Conditoris
1751 1286 1759 1304 :
1773 1277 1846 1310 Quod

1054 1320 1126 1348 enim
1144 1321 1315 1356 coagulatum
1325 1324 1368 1349 est
1395 1321 1505 1348 festinat
1527 1321 1641 1356 egredi;
1656 1322 1734 1356 quod
1759 1327 1846 1349 autem

1055 1366 1210 1401 roagulavit
1229 1366 1305 1401 cupit
1315 1374 1460 1402 exponere.
1472 1367 1562 1394 Causa
1570 1375 1636 1394 vero
1646 1369 1706 1394 haec
1718 1367 1847 1395 transfert

1055 1412 1129 1448 ipsas
1142 1412 1286 1447 passiones
1309 1412 1343 1439 ad
1356 1413 1559 1440 successionem
1570 1413 1696 1447 ejusdem
1710 1413 1767 1448 rei,
1780 1413 1846 1440 facta

1055 1461 1144 1484 autem
1161 1458 1289 1493 passione
1302 1465 1446 1486 commune
1467 1459 1619 1493 periculum
1642 1460 1750 1494 saepius
1767 1468 1847 1495 quam

1055 1503 1172 1538 speciale
1184 1503 1327 1539 contingit.

1090 1548 1124 1577 Ὺ.
1142 1549 1194 1577 Sed
1209 1553 1236 1577 et
1248 1557 1328 1577 omne
1341 1549 1413 1585 quod
1429 1550 1512 1577 servit
1527 1550 1715 1579 muliebribus
1737 1552 1847 1581 deside—

1054 1595 1119 1629 riis,
1135 1599 1313 1631 promovetur
1334 1600 1361 1623 et
1383 1596 1587 1631 prazmeditatur
1609 1599 1782 1627 naturaliter
1804 1609 1843 1628 se-

1053 1641 1174 1669 cundum
1196 1640 1416 1676 uniuscujusque
1435 1645 1559 1674 aetatem,
1573 1643 1651 1670 verbi
1665 1651 1756 1671 causa
1771 1645 1847 1672 aliter
1891 1664 1892 1667 η

1053 1696 1132 1723 puer,
1145 1687 1224 1715 aliter
1235 1695 1300 1715 vero
1315 1687 1489 1719 adolescens.
1507 1688 1588 1715 aliter
1602 1692 1697 1716 autem
1713 1691 1769 1718 vir.
1781 1690 1847 1718 Nam
1891 1682 1892 1719 l

1053 1734 1144 1761 infans
1159 1734 1269 1770 quidem
1285 1733 1312 1760 in
1326 1733 1428 1761 virtute
1439 1734 1520 1762 habet
1532 1734 1630 1762 borum
1642 1736 1845 1770 operationem.

1052 1779 1175 1807 nondum
1193 1783 1284 1806 autem
1305 1778 1335 1806 in
1350 1779 1452 1806 virtute
1467 1779 1550 1807 habet
1564 1780 1649 1806 etiam
1670 1782 1774 1808 anima
1791 1790 1847 1808 mo-

1053 1830 1116 1859 tus;
1139 1825 1298 1853 adolescens
1320 1832 1386 1852 vero
1399 1828 1511 1860 paratus
1528 1825 1641 1860 quidem
1667 1826 1703 1852 ad
1723 1826 1846 1854 destina-

1051 1875 1127 1903 tum,
1152 1871 1275 1898 nondum
1297 1878 1363 1898 vero
1383 1870 1545 1906 digestionis
1570 1871 1654 1898 habet
1678 1879 1782 1905 usum;
1806 1874 1846 1899 vir

1052 1921 1143 1944 autem
1159 1917 1322 1952 conspirans
1334 1917 1455 1952 possidet
1468 1916 1645 1952 perfectionis
1657 1919 1843 1953 propositum.

1052 1963 1085 1990 Et
1101 1971 1156 1990 non
1177 1971 1210 1991 ex
1236 1964 1292 1991 illis
1318 1964 1385 1992 solis
1409 1963 1556 1991 dicendum
1577 1969 1636 1995 est,
1652 1965 1781 1992 animam
1796 1966 1844 1992 in-

1052 2009 1194 2036 mortalem
1207 2029 1215 2042 ,
1232 2016 1333 2044 corpus
1354 2016 1420 2037 vero
1444 2009 1530 2037 fluens
1542 2029 1550 2042 ,
1574 2010 1620 2037 sed
1637 2010 1728 2038 etiam
1740 2019 1774 2039 ex
1786 2011 1841 2041 his,

1052 2062 1112 2089 quze
1124 2054 1158 2081 ad
1169 2062 1229 2082 eam
1240 2059 1368 2082 constant
1377 2055 1405 2082 in
1419 2063 1590 2083 communem
1603 2063 1758 2090 personam
1773 2064 1842 2083 man-

1052 2100 1135 2132 datis,
1151 2107 1213 2135 qua:
1228 2100 1266 2127 ait
1280 2099 1413 2128 Dominus
1426 2109 1433 2128 :
1449 2099 1554 2127 Dictum
1565 2105 1604 2127 est
1617 2102 1741 2135 antiquis
1758 2108 1769 2129 :
1784 2101 1839 2128 Non

1052 2144 1236 2177 nime/iuberis;
1250 2153 1296 2179 ego
1310 2150 1398 2172 autem
1408 2145 1466 2172 dico
1479 2153 1488 2172 .'
1502 2144 1557 2172 Nec
1567 2146 1594 2172 in
1607 2152 1751 2180 aspectum
1773 2147 1837 2174 dai-

1016 2196 1037 2224 D
1052 2190 1125 2217 deria
1139 2191 1233 2217 servies
1246 2191 1280 2223 ⁸⁸,
1296 2191 1379 2218 nimis
1394 2195 1474 2218 caute
1494 2190 1619 2226 loquens.
1643 2191 1674 2219 Si
1689 2193 1770 2220 enim
1783 2200 1838 2220 cor-

1051 2243 1103 2270 pus
1116 2235 1278 2263 naturaliter
1292 2235 1441 2271 obligatum
1461 2239 1503 2264 est
1522 2235 1650 2264 femineis
1670 2238 1838 2265 commistio-

1051 2281 1144 2312 nibus.
1161 2282 1248 2316 magis
1259 2286 1349 2308 autem
1366 2282 1470 2309 servire
1478 2286 1604 2310 coactum
1620 2282 1665 2309 his
1682 2291 1748 2318 qua
1766 2291 1837 2311 acce-

1052 2330 1107 2364 pit,
1123 2332 1154 2356 ut
1168 2333 1241 2356 esset
1254 2333 1282 2356 et
1296 2329 1324 2356 in
1339 2329 1479 2357 schemate
1488 2329 1544 2364 (85)
1560 2329 1676 2356 haberet
1687 2349 1694 2361 .
1718 2330 1795 2365 quod
1814 2334 1836 2357 et

1051 2375 1201 2411 principale
1223 2379 1266 2403 est
1289 2375 1408 2403 carnalis
1431 2375 1651 2410 procreationis,
1679 2383 1739 2411 quo
1762 2376 1835 2403 modo

1049 2421 1112 2456 quis
1128 2421 1285 2456 suspicetur
1295 2421 1406 2456 corpori
1420 2429 1481 2449 esse
1496 2421 1600 2448 dictum
1617 2431 1624 2448 :
1641 2420 1708 2448 Non
1726 2423 1835 2449 marha-

1050 2468 1130 2498 bert'a,
1149 2475 1196 2502 ego
1219 2473 1307 2494 autem
1323 2467 1383 2495 dico
1398 2476 1443 2495 nec
1461 2467 1592 2495 desiderio
1607 2468 1719 2500 servies,
1737 2473 1765 2496 et
1788 2476 1834 2496 non

1049 2513 1142 2548 potius
1156 2513 1192 2544 ei,
1210 2520 1270 2548 qua:
1283 2513 1368 2540 libera
1382 2517 1424 2541 est
1436 2513 1601 2545 substantia,
1615 2513 1716 2540 talium
1734 2515 1834 2549 passio-

1050 2566 1116 2586 num
1132 2562 1292 2593 potestatem
1307 2558 1411 2586 habens
1424 2559 1519 2586 laxare
1535 2559 1577 2585 vel
1589 2558 1733 2586 refrenare
1745 2566 1833 2587 secun-

1051 2604 1116 2632 dum
1130 2605 1316 2639 operationem
1334 2611 1446 2639 corpus,
1460 2603 1506 2632 hic
1522 2603 1647 2632 melioris
1665 2604 1707 2632 rei
1722 2604 1829 2632 manda-

863 2758 1045 2788 COTELERII
1062 2758 1176 2787 NOT/E.

249 2827 308 2865 (83)
326 2830 357 2856 In
372 2829 510 2858 schemate.
532 2830 560 2858 ld
579 2834 620 2859 cst
649 2830 676 2858 in
695 2837 770 2858 sexu.
791 2828 859 2858 Vide
875 2829 992 2858 Constit.
1009 2829 1187 2862 vt,1l.lnfra
1200 2836 1261 2864 cap.
1272 2828 1299 2856 8.
