1892 3105
24 98 91 126 4385

615 100 896 130 RECOG‘NITIONIIM
917 102 980 130 LIB.
995 102 1038 131 Ill.
1087 121 1092 129 .

1575 103 1645 131 1286

21 160 77 182 tum
91 155 274 183 insinuatur?
288 154 337 183 Sic
350 156 424 183 enim
446 161 473 184 et
494 156 586 184 futura
599 162 743 192 sperantes
757 166 811 185 non
825 160 850 188 Α
862 166 892 186 se
909 158 1035 187 dividens
1045 178 1052 191 ,
1069 167 1124 186 non
1139 159 1278 192 defluens,
1295 167 1349 187 non
1365 159 1516 187 extendens
1531 160 1644 195 aliquid.

22 201 180 234 irascimur,
194 205 223 229 et
237 201 357 229 furorem
372 202 533 230 cohibemus
543 207 569 230 et
580 203 709 232 mulieres
724 204 813 239 despi-

21 247 107 274 cimus
123 255 176 281 spe
194 247 347 274 futurorum
362 256 472 276 sensum
488 248 672 282 sublevantes,
691 253 722 276 ut
742 249 810 281 dixi,

20 299 72 318 non
91 299 178 320 omne
201 293 273 327 quod
295 301 392 322 sumus
413 295 512 322 servile
534 295 666 323 habentes
687 295 811 323 femineis

19 338 246 372 operationibus,
267 339 315 367 sed
339 339 411 367 aliud
429 340 538 374 quidem
561 342 683 369 serviens
707 344 812 368 natura:

19 383 89 417 quod
116 387 161 410 est
194 391 312 418 corpus,
339 385 411 412 sicut
431 386 619 418 ostendimus,
645 386 718 413 aliud
745 393 811 413 vero

18 428 133 455 liberum
144 449 152 461 ,
170 433 311 462 mentem,
327 429 401 465 quod
417 434 459 458 est
474 434 564 458 motus
587 431 684 458 anima:
699 433 811 458 immor-

18 472 88 499 talis.

50 516 94 544 Vl.
114 516 167 544 His
184 517 269 552 igitur
283 518 320 545 ita
337 526 366 546 se
377 518 553 553 habentibus,
565 520 713 556 vestigium
732 521 808 556 opti-

18 570 89 589 mum
101 563 137 590 ad
150 563 366 598 intelligibilium
375 565 644 599 comprehensionem
655 567 809 595 invenimus

17 615 76 634 cum
100 607 161 635 Deo
182 608 303 637 dicente.
325 608 486 637 Incedamus
502 618 568 645 ergo
592 619 641 645 per
666 620 729 639 eum
751 614 810 639 sine

18 654 156 687 periculo,
186 658 295 682 utentes
319 655 418 682 animat
441 655 589 683 immortali
610 658 808 692 gubernaculo.

20 700 86 726 ultra
101 707 161 727 non
179 700 305 728 sinentes
322 700 429 728 irruere
446 702 603 736 passionem
619 704 758 731 carnalem
770 705 808 732 illi

21 745 168 772 immortali
184 749 212 773 et
227 746 393 780 intelligibili
408 747 585 781 substantiae,
601 748 732 777 honorem
747 754 809 777 tan—

18 793 72 816 tum
87 790 243 825 unicuique
261 791 474 826 intelligihilium
489 797 705 828 sequestrantes,
722 803 809 831 quan-

862 204 1025 234 Mementote
1044 207 1117 234 enim
1135 208 1198 242 quia
1217 207 1274 234 haec
1296 214 1442 242 corporum
1463 211 1526 234 sunt
1541 207 1644 242 passio-

861 259 911 279 nes
924 270 932 284 ,
955 260 1023 287 quas
1046 252 1127 279 etiam
1146 254 1243 280 anima:
1265 253 1385 280 tribuere
1408 252 1623 287 subterfugimus
1636 272 1644 285 .

861 296 958 323 timore
973 304 1007 324 ne
1028 296 1097 324 forte
1110 297 1301 325 immortalitas
1314 298 1338 325 ei
1358 298 1399 325 his
1415 298 1554 325 attributis
1570 297 1645 324 aufe-

861 345 949 368 ratur.
966 341 1066 369 Genuit
1079 350 1145 377 ergo
1162 341 1251 373 Deus,
1267 342 1338 377 quod
1351 346 1377 369 et
1393 341 1527 369 facturam
1546 350 1647 369 vocare

860 385 1008 414 didicimus
1030 387 1102 423 (84),
1119 387 1170 414 hoc
1193 387 1283 422 ipsum
1306 395 1371 422 ergo
1385 395 1484 414 vocare
1499 391 1525 414 et
1540 387 1645 421 genitu-

860 437 919 456 ram
938 434 965 458 et
981 431 1113 458 facturam
1139 436 1166 459 et
1185 433 1292 468 reliqua
1309 432 1407 459 horum
1427 433 1644 466 vocabulorum,

860 475 928 503 illud
945 477 1018 511 quod
1041 478 1101 505 sine
1124 478 1262 505 schemate
1280 482 1390 505 constat
1405 479 1538 513 genitoris
1557 479 1646 514 speci-

861 529 933 554 men,
952 530 1054 558 ponere
1070 524 1214 558 permittit.
1231 524 1336 557 Quibus
1352 525 1425 552 enim
1439 529 1481 552 est
1493 524 1645 553 differentia

860 567 1048 601 schematum,
1065 570 1092 596 in
1110 570 1177 605 ipsis
1193 578 1304 598 necesse
1324 575 1366 598 est
1386 570 1556 598 observanda
1570 572 1647 607 geni-

859 616 920 640 tura
942 618 970 641 et
994 613 1111 642 factura.
1135 614 1268 642 Manendo
1292 623 1357 651 ergo
1380 616 1474 650 genuit
1489 615 1571 649 Deus,
1590 624 1645 643 non

859 666 957 693 passus
969 659 1132 687 divisionem
1143 659 1274 695 aliquam.
1293 660 1352 688 Non
1369 661 1442 688 enim
1456 661 1646 689 honorabilius

857 707 900 731 est
911 704 965 732 Deo
976 709 1003 733 et
1018 705 1070 733 hoc
1084 705 1206 742 lngenito
1220 706 1286 734 illud
1301 707 1374 742 quod
1386 711 1440 739 est,
1457 715 1490 735 eo
1504 707 1577 742 quod
1590 715 1645 735 non

857 754 900 777 est
914 751 988 778 velut
1003 752 1135 787 genitum.
1154 751 1256 780 Volens
1271 753 1345 780 enim
1361 761 1414 780 non
1427 753 1535 781 tardam
1550 754 1646 781 habuit

858 796 988 824 virtutem
1005 797 1039 824 ad
1052 797 1125 834 quod
1136 799 1233 831 voluit,
1249 807 1300 826 nec
1314 799 1432 827 excessit
1445 800 1534 828 virtus
1549 801 1646 828 volun-

18 838 72 860 tum
86 834 111 861 ei
126 835 151 862 is
167 843 252 870 quem
268 843 329 863 esse
342 837 385 863 vel
402 844 519 871 praeesse
541 843 650 867 constat
671 840 726 868 Deo
746 850 809 877 per—
824 837 845 866 Β
859 844 961 876 tatem;
985 842 1031 870 sed
1058 843 1211 871 secundum
1233 852 1401 877 mensuram,
1423 846 1532 880 qualem
1550 846 1644 879 voluit,

18 879 107 907 mittit.
126 880 178 908 Est
201 882 274 909 enim
294 883 423 917 primum,
439 883 511 918 quod
526 888 568 912 est
583 885 746 921 ingenitum,
762 888 807 914 cui

18 929 42 951 et
70 927 215 962 prophetae
240 928 428 955 testimonium
453 930 598 964 perhibent
619 940 626 958 :
651 931 707 967 Ego
736 932 806 960 Deus

17 971 127 1004 primus,
151 979 178 1000 et
203 981 250 1008 ego
273 978 331 1008 post
352 973 417 1004 lucc,
430 979 454 1000 et
476 979 572 1009 praeter
596 984 637 1003 me
660 977 731 1004 Deus
755 986 807 1005 non

18 1017 98 1050 est“;
114 1017 171 1045 hoc
196 1027 262 1046 vero
280 1020 445 1048 subauditur
464 1029 525 1050 esse
548 1023 609 1052 sine
629 1024 709 1051 initio
722 1029 750 1053 et
761 1026 805 1052 in-

17 1061 149 1095 genitum.

49 1106 105 1136 Ἧι.
119 1107 250 1137 Clemens
263 1118 328 1137 vero
339 1115 366 1138 et
377 1112 467 1139 caeteri
480 1113 728 1149 interrogaverunt,
740 1115 805 1151 quid

17 1157 56 1182 est
79 1155 132 1183 hoc
157 1155 334 1192 lngenitnm,
363 1159 460 1188 audire
483 1161 617 1190 volentes.
646 1162 679 1190 Et
708 1162 805 1191 Petrus

16 1202 237 1230 animadvertens
261 1204 299 1230 ait
316 1211 324 1230 :
340 1203 399 1232 Non
423 1205 562 1234 modicum
586 1208 737 1242 periculum
762 1213 805 1237 est

16 1246 46 1273 de
57 1254 99 1280 eo,
116 1249 194 1283 quod
208 1249 267 1276 sine
281 1249 418 1285 principio
431 1255 474 1278 est
491 1251 564 1287 loqui
577 1253 620 1280 vel
638 1254 742 1286 audire,
755 1262 804 1282 vos

17 1300 76 1320 vero
88 1301 139 1328 pro
154 1294 295 1323 desiderio
309 1303 405 1323 eorum
419 1304 481 1332 qua:
502 1297 575 1326 dicta
592 1303 673 1333 sunt,
688 1301 803 1328 immen-

17 1339 121 1366 sitatem
146 1339 255 1368 irruere
279 1341 488 1376 periclitamini;
510 1347 537 1370 et
555 1352 598 1372 me
621 1345 673 1372 hoc
696 1347 751 1381 pati
774 1352 803 1374 ut

18 1384 91 1411 video
104 1386 246 1420 captatis,
262 1387 309 1422 qui
322 1388 426 1422 putatis
441 1397 523 1424 posse
538 1390 604 1417 mihi
621 1391 654 1418 de
667 1391 714 1418 illo
728 1394 801 1428 quod

18 1429 150 1460 ineffabile
163 1436 208 1460 est
223 1433 376 1468 subripere.
400 1434 497 1463 Moneo
517 1442 608 1465 autem
628 1446 677 1466 vos
701 1438 801 1468 fratres

19 1479 43 1501 et
56 1478 200 1510 conservi,
216 1485 271 1506 non
296 1479 361 1513 quid
385 1480 421 1507 sit
439 1489 578 1516 quaerere,
596 1483 644 1511 sed
672 1485 735 1519 quia
757 1490 800 1513 est

19 1523 208 1551 tantummodo
222 1524 317 1552 audire
332 1524 501 1555 desiderare.
515 1525 548 1555 Et
559 1528 593 1556 de
608 1529 661 1557 hoc
676 1531 737 1565 plus
751 1533 800 1559 ali-
812 1519 836 1550 δ

20 1566 79 1599 quid
102 1568 196 1596 dicere
215 1577 271 1596 non
289 1574 407 1605 oportet.
424 1571 473 1599 Est
494 1572 645 1608 ingenitum
666 1584 721 1607 non
741 1578 800 1605 sola

20 1612 197 1645 appellatione
216 1615 418 1649 honorandum,
434 1621 477 1645 est
491 1619 563 1646 enim
586 1623 613 1647 et
632 1620 692 1649 sine
706 1622 798 1656 initio;

21 1656 67 1684 hoc
79 1663 172 1687 autem
189 1660 248 1688 sine
262 1662 343 1690 initio
359 1666 386 1690 et
399 1662 552 1698 Ingenitum
567 1671 609 1694 est
627 1666 710 1700 Deus,
726 1669 800 1703 quod

20 1708 34 1727 a
47 1703 100 1730 sola
113 1706 242 1740 Opinione
255 1714 350 1735 eorum
365 1716 425 1743 qua:
439 1709 512 1737 facta
531 1716 595 1739 sunt
607 1715 798 1748 annuntiatur,

20 1753 33 1772 a
54 1755 82 1775 se
102 1749 162 1785 ipso
183 1755 275 1779 autem
298 1754 545 1789 comprehenditur.
563 1757 622 1785 Non
638 1759 709 1787 enim
724 1760 799 1789 inve—

20 1793 71 1842 niet
92 1796 195 1832 aliquid
220 1798 263 1825 sui
286 1799 373 1834 primo
399 1800 502 1835 fuisse,
523 1806 551 1830 et
574 1804 677 1840 aliquid
704 1812 799 1842 postea

20 1837 116 1868 factum
130 1843 291 1878 conspicere
306 1845 360 1876 sui,
377 1853 410 1874 eo
423 1847 496 1882 quod
510 1848 570 1877 sine
581 1837 719 1887 principio
736 1861 798 1881 eum

20 1889 77 1911 esse
90 1892 214 1921 constet;
232 1888 290 1915 haec
304 1893 395 1918 autem
411 1899 505 1920 eorum
521 1902 582 1929 quae
597 1895 668 1923 facta
681 1902 745 1925 sunt
758 1899 800 1926 vi-

21 1929 117 1977 sitatio,
134 1937 246 1969 propter
261 1935 334 1969 quod
353 1936 419 1964 illud
435 1938 507 1973 quod
533 1944 576 1968 est
599 1941 749 1976 ineffabile,
763 1945 799 1973 ad

22 1976 216 2024 inquisitionem
228 1979 282 2012 sui,
296 1980 369 2015 quod
382 1981 464 2009 fuerit
478 1989 540 2012 ante
550 1987 699 2020 praevidere
715 1997 798 2024 quam

21 2018 110 2053 fuerit,
130 2024 250 2059 spatium
267 2033 322 2053 non
344 2027 441 2062 habet;
461 2037 514 2057 non
536 2018 609 2059 enim
632 2018 799 2064 secundatur

22 2063 52 2091 ab
63 2073 94 2094 eo
106 2069 151 2103 qui
164 2073 206 2097 est
218 2070 305 2105 ipsius
318 2074 444 2101 essentia:
454 2077 610 2106 curiositas.
622 2078 703 2107 Novit
715 2063 799 2118 igitur

21 2117 47 2162 se
59 2112 161 2148 ipsum,
178 2118 226 2152 qui
240 2125 296 2145 non
314 2119 464 2156 interrogat
488 2130 517 2150 se
535 2123 569 2152 de
594 2133 623 2153 se
649 2112 798 2162 ipsoiSed

22 2155 73 2207 btet:
83 2160 192 2194 quidem
205 2163 286 2191 etiam
298 2165 359 2199 plus
372 2155 453 2201 quam
465 2172 572 2203 oportet
582 2155 798 2207 dixiin-usam;

21 2203 86 2231 enim
108 2206 175 2235 illud
197 2209 271 2244 quod
293 2215 336 2238 est
358 2211 529 2248 Ingenitum,
543 2216 652 2245 silentio
669 2203 796 2250 honorari

21 2251 211 2296 tantummodo.
238 2254 305 2282 Sine
326 2257 462 2293 principio
485 2268 551 2296 ergo
575 2262 645 2291 hanc
668 2265 798 2294 substan-

23 2294 90 2343 liam,
104 2298 251 2326 secundum
267 2301 340 2336 quod
355 2303 457 2330 sentire
466 2294 618 2339 potuimus,
633 2307 737 2344 absque
749 2317 797 2345 pe-

22 2339 101 2369 riculo
115 2346 288 2381 suscepistis.
297 2370 304 2374 _

53 2385 116 2416 Vlll.
130 2391 183 2424 Qui
193 2400 259 2428 ergo
269 2401 330 2422 esse
340 2402 395 2422 non
407 2395 546 2425 inchoavit
552 2400 699 2434 praedictus
711 2401 792 2437 Deus,

22 2434 105 2478 genuit
119 2438 331 2474 primogenitum
345 2441 434 2469 omnis
449 2446 592 2478 creaturae,
612 2446 692 2474 sicuti
707 2434 792 2476 Deum

23 2477 118 2515 decuit;
132 2491 187 2511 non
205 2493 236 2512 se
256 2486 415 2521 immutans,
430 2496 486 2516 non
501 2498 531 2518 se
546 2497 721 2526 convertens,
737 2503 792 2523 non

53 2556 72 2572 “
89 2558 139 2589 lsa.
154 2570 228 2596 xuv,
242 2563 268 2591 6.

860 888 940 916 talem
958 893 985 916 et
1000 891 1104 925 genuit.
1129 890 1158 918 Si
1181 891 1253 918 enim
1269 891 1421 925 manendo,
1435 899 1490 919 non
1506 893 1643 927 patiendo,

859 934 1016 962 necessitati
1029 935 1224 964 crassitudinis
1243 944 1358 971 corpora
1373 937 1519 964 servientia
1534 938 1646 966 umbras

857 984 967 1008 exstare
980 980 1094 1013 faciunt,
1110 986 1213 1017 quanto
1228 983 1317 1018 magis
1329 983 1455 1019 ingenitae
1470 984 1564 1011 virtuti
1579 984 1645 1012 sub-

858 1031 1016 1063 sequentem
1031 1027 1127 1056 demus
1144 1028 1320 1065 Unigenitum
1340 1030 1479 1057 voluntate
1493 1031 1646 1065 proceden-

858 1076 924 1100 tem.
941 1072 1029 1100 Sicuti
1045 1078 1137 1101 autem
1156 1083 1254 1103 rursus
1271 1076 1521 1111 przeintelliguntur
1539 1077 1646 1104 umbris

856 1125 982 1153 corpora,
994 1120 1030 1146 ita
1045 1124 1072 1146 et
1089 1121 1151 1155 plus
1166 1121 1387 1158 praeintelligitur
1402 1126 1428 1149 et
1443 1123 1563 1158 ingenita
1578 1123 1645 1150 ειὼ-

856 1166 956 1193 stantia
972 1166 1088 1201 genitae,
1102 1168 1185 1194 etiam
1199 1167 1222 1195 si
1238 1176 1271 1195 ex
1293 1175 1326 1195 eo
1349 1169 1423 1204 quod
1436 1173 1509 1201 erat,
1526 1173 1555 1196 ut
1571 1175 1645 1198 esset

855 1211 970 1245 accepit.
991 1211 1095 1238 Idcirco
1109 1212 1194 1247 igitur
1215 1220 1278 1240 vere
1302 1216 1329 1241 et
1352 1214 1476 1248 genitura
1490 1218 1518 1241 et
1538 1214 1643 1243 factura

854 1259 882 1282 et
902 1260 1027 1283 creatura
1051 1261 1238 1292 competenter
1252 1259 1416 1293 appellatur,
1436 1259 1499 1294 quia
1513 1260 1643 1288 substan-

854 1302 891 1328 tia
907 1309 963 1328 non
978 1307 1021 1329 est
1035 1301 1200 1338 lngenitum.
1217 1303 1320 1331 Memor
1336 1311 1397 1332 sum
1414 1312 1480 1332 sane
1503 1305 1641 1333 Simonem

854 1355 1001 1376 accusasse
1021 1356 1074 1376 nos
1093 1349 1283 1385 blasphemiae,
1296 1357 1329 1378 eo
1345 1351 1417 1386 quod
1431 1350 1584 1380 diceremus
1598 1351 1643 1378 Fi-

853 1394 920 1421 lium
935 1394 983 1422 Dei
1003 1393 1157 1428 Christum,
1171 1399 1304 1432 tanquam
1319 1397 1477 1425 hominibus
1492 1401 1519 1425 et
1535 1398 1643 1433 planta-

854 1440 974 1468 tionibus
999 1440 1084 1469 Deum
1107 1447 1265 1477 aequantes;
1286 1449 1335 1470 vos
1357 1450 1423 1470 vero
1448 1451 1482 1471 ex
1506 1443 1643 1472 desiderio

852 1487 958 1514 discere
970 1486 1108 1515 festinate.

887 1531 932 1560 IX.
948 1531 1082 1560 Omnibus
1098 1536 1191 1560 autem
1206 1533 1322 1561 libenter
1337 1534 1522 1562 annuentibus
1538 1535 1577 1561 ait
1590 1534 1642 1562 Pe--

851 1580 911 1605 trus
928 1587 934 1604 :
952 1577 1096 1606 Manifesta
1121 1583 1164 1606 est
1192 1579 1275 1614 hujus
1304 1579 1506 1608 incredulitatis
1532 1581 1596 1612 via,
1624 1589 1641 1608 ο

851 1622 950 1658 Aquila
974 1627 1002 1651 et
1026 1625 1128 1652 caeteri.
1157 1623 1211 1657 Qui
1231 1625 1304 1652 enim
1328 1632 1379 1660 pro
1400 1629 1476 1653 certo
1498 1626 1640 1659 nescierit,

850 1668 1009 1703 opinionem
1035 1673 1126 1697 autem
1154 1677 1242 1705 usque
1264 1669 1297 1697 ad
1322 1671 1447 1698 auditum
1470 1672 1639 1707 susceperit,

850 1714 962 1743 credere
976 1716 1063 1747 timet,
1074 1723 1135 1742 cum
1147 1715 1228 1743 facile
1241 1717 1327 1750 possit
1336 1717 1542 1745 excusationem
1553 1718 1640 1754 ipsius

851 1759 1052 1788 incredulitatis
1069 1768 1084 1787 a
1100 1769 1130 1788 se
1148 1761 1268 1795 abjicere
1288 1769 1344 1797 prae
1359 1763 1461 1797 gaudio
1484 1763 1544 1798 ejus
1565 1764 1639 1800 quod

850 1807 1030 1842 promittitur,
1046 1810 1206 1842 assumptus
1224 1807 1366 1842 publicare
1387 1809 1461 1836 illam
1484 1817 1566 1845 quam
1587 1810 1639 1837 ha-

849 1854 908 1881 buit
921 1853 956 1881 de
970 1862 1003 1882 eo
1012 1854 1086 1890 quod
1100 1854 1234 1889 quaeritur
1245 1854 1476 1888 incredulitatem,
1489 1856 1639 1892 cupiditate

849 1899 971 1927 discendi
989 1907 1044 1927 non
1065 1899 1183 1927 dubitat.
1211 1899 1265 1927 Sed
1288 1900 1317 1927 in
1342 1901 1464 1928 secundo
1478 1901 1511 1929 de
1534 1902 1586 1930 hac
1608 1910 1638 1931 re

849 1953 950 1979 sermo,
965 1953 999 1972 ne
1011 1945 1121 1980 quando
1135 1945 1300 1973 abstrahens
1315 1954 1364 1974 vos
1379 1946 1483 1974 incerta
1498 1947 1560 1975 ﬁdei
1575 1956 1638 1983 spes

848 1991 1002 2026 excipiatur
1016 1999 1066 2026 pro
1081 1991 1133 2019 fide
1149 1992 1177 2018 in
1193 1991 1411 2026 inquisitionem.
1428 1992 1535 2029 Ubique
1546 1999 1636 2022 autem

849 2037 1010 2072 praeferatur
1031 2037 1112 2064 nobis
1131 2036 1204 2064 Deus
1219 2038 1294 2064 etde
1317 2037 1376 2072 ipso
1395 2037 1540 2073 cogitatus.
1559 2038 1637 2067 Ultro

849 2083 1015 2110 inviolabilis
1033 2085 1146 2110 exstans
1167 2081 1241 2110 Deus
1264 2082 1418 2118 ingenitus,
1435 2084 1636 2118 operationem-

848 2137 902 2165 que
926 2129 1067 2157 voluntate
1090 2129 1262 2164 virginalitcr
1275 2129 1433 2156 eustodivit.
1451 2129 1529 2162 Quod
1544 2134 1635 2159 autem

811 2193 835 2222 Β
848 2184 905 2203 non
930 2180 972 2203 est
996 2175 1160 2211 lngenitum,
1178 2176 1253 2203 ultro
1273 2176 1350 2211 virgo
1373 2183 1434 2203 esse
1456 2184 1512 2204 non
1533 2180 1632 2212 potest.

847 2221 961 2249 Factum
978 2225 1021 2248 est
1034 2222 1118 2254 enim,
1135 2225 1265 2256 tanquam
1281 2222 1332 2250 sub
1348 2225 1449 2248 tactum
1462 2223 1592 2257 genitoris
1608 2228 1635 2252 et

847 2267 960 2294 factoris
969 2267 1128 2294 adductum.
1139 2267 1310 2302 intelligatur
1321 2270 1411 2294 autem
1422 2268 1538 2302 qualiter
1549 2268 1633 2296 Deum

846 2313 939 2341 decuit
948 2312 1124 2348 Unigenitum
1134 2319 1268 2348 generare
1278 2315 1306 2339 et
1318 2312 1529 2348 primogenitum
1544 2313 1634 2341 omnis

846 2363 988 2390 creatura,
998 2359 1045 2386 sed
1064 2366 1120 2385 non
1134 2358 1214 2393 quasi
1234 2365 1268 2385 ex
1284 2358 1392 2393 aliquo;
1412 2358 1469 2385 hate
1484 2359 1557 2386 enim
1574 2360 1634 2386 ani-

845 2404 978 2431 mantium
993 2407 1022 2430 et
1036 2403 1248 2430 inanimantium
1262 2406 1305 2430 est
1321 2403 1451 2431 servitus.
1470 2402 1522 2430 Sed
1538 2411 1589 2431 nec
1604 2403 1633 2431 in

845 2449 1035 2485 operationem
1049 2449 1163 2477 veniens
1185 2448 1246 2484 ipse
1261 2449 1304 2476 sui
1325 2447 1428 2483 aliquid
1450 2448 1558 2484 genuit;
1576 2456 1632 2476 non

845 2496 918 2523 enim
935 2498 1058 2523 maneret
1072 2494 1241 2523 inviolabilis
1254 2499 1282 2522 et
1297 2493 1486 2529 impassibilis,
1502 2497 1632 2529 operatus

660 2644 843 2673 COTELERII
862 2645 977 2675 ΝΟΤΑΞ.

40 2702 103 2747 ε
119 2707 210 2736 Genui:
220 2717 282 2747 ergo
290 2709 378 2747 βενε,
386 2711 454 2747 quod
465 2717 490 2739 et
501 2713 634 2747 facturam
647 2723 740 2742 vocare
747 2715 790 2742 di-

23 2735 131 2774 ιιίοίηιίιι,
142 2748 196 2772 etc.
218 2735 378 2773 sanari
387 2735 634 2787 ῖίέξῶηἰὶέξῖτῖέίῆω
649 2735 789 2786 vf";ch

23 2773 220 2811 “anndebant,
236 2787 322 2811 eaque
331 2788 442 2808 nomina
452 2758 696 2811 tribuebantlﬁlio.
707 2793 788 2811 auem

23 2773 220 2820 ffngpdebant,
236 2787 322 2820 eaque
331 2773 442 2820 nomina
448 2773 788 2820 t'riibdebanti‘iliorquénm

23 2809 47 2831 τί
64 2809 234 2842 substantiam
254 2809 373 2850 genitam
389 2809 789 2857 solebaiii’ibiéitiFéI’KfqﬁE

843 2716 1016 2752 observatum
1033 2716 1085 2743 fuit
1097 2724 1111 2744 a
1128 2717 1195 2746 viris
1208 2718 1307 2752 doctis,
1319 2727 1373 2747 non
1388 2719 1553 2747 abstinuisse
1563 2724 1628 2749 ante

842 2750 937 2789 {trium
953 2752 1087 2789 quosdam
1108 2753 1239 2789 antiquos
1257 2750 1354 2783 Patres
1373 2754 1461 2782 tribus
1481 2756 1627 2789 postremis

842 2786 1039 2825 locutionibus,
1050 2791 1077 2825 et
1086 2786 1277 2825 consimilibus
1286 2789 1358 2818 aliis.
1372 2786 1571 2818 Desubs'tantia
1580 2799 1614 2825 ge

842 2822 899 2849 nita
909 2821 1029 2851 diximus
1043 2821 1078 2849 ad
1095 2822 1238 2858 lgnatium.
