1892 3105
239 121 311 150 ηδτ

683 124 711 150 S.
733 123 929 150 CLEMENTIS
949 123 958 150 ι
976 123 1058 151 ROM.
1076 122 1178 150 PONT.
1199 121 1313 150 OPERA
1334 121 1446 149 DUBIA.

1803 120 1858 147 ΗΕΒ

239 178 268 206 In
284 178 391 214 seipso;
407 178 553 213 impietatis
573 181 664 205 autem
686 178 766 213 plena
782 182 846 205 sunt
861 179 918 206 haec
933 179 967 206 de
983 180 1024 206 in-
1038 182 1061 210 Α
1074 178 1275 206 dissensionem
1297 177 1416 205 surrexit
1435 180 1462 204 et
1481 175 1535 203 hoc
1552 183 1673 203 numero
1689 175 1807 206 distans,
1821 184 1858 202 nee

240 225 332 260 genito
347 224 498 259 suspicari,
517 224 708 259 periclitantur
723 224 795 252 enim
811 224 859 251 ﬁlii
877 225 1024 259 impiorum

239 271 284 305 pie
300 277 329 297 se
343 273 471 305 putantes
495 269 664 304 intelligere,
680 277 805 304 magnam
826 269 1025 304 blasphemiam

239 315 362 350 lngenito
388 314 549 350 ingerendo,
576 315 828 342 masculol‘eminam
854 322 916 342 eum
931 314 1025 341 existi-

239 365 357 389 mantes.
372 361 473 388 Memor
489 368 550 388 smn
566 368 632 388 sane
643 361 704 396 ejus
717 361 763 396 qui
779 360 947 388 commonuit
961 367 1023 393 nos,

240 407 350 434 fratres.

275 452 309 480 Χ.
331 452 466 480 Manendo
487 460 552 487 ergo
572 452 665 487 genuit
679 451 750 480 Deus
766 452 905 479 voluntate
924 459 1025 486 praece-

239 499 321 526 dente
334 499 400 534 (85),
422 499 493 526 sicut
516 498 675 533 praedictum
692 501 745 525 est.
761 497 907 532 Propterea
922 497 1024 532 Unige-

240 545 315 572 nitus
329 552 392 571 vere
409 544 575 579 appellatur;
592 552 625 572 ex
641 544 762 578 ingenito
772 544 844 571 enim
858 543 939 570 habet
951 543 1024 578 quod

237 595 282 618 est
293 594 319 618 et
335 589 421 617 Filius
437 598 499 617 vere
514 590 675 624 appellatur,
694 589 728 616 ab
747 589 840 616 innato
855 589 926 616 enim
943 593 1024 616 natus

239 639 291 664 est.
317 635 370 663 Sed
395 639 485 662 tamen
508 635 648 662 voluntate
673 634 890 662 controversiam
914 636 1024 661 noxiam

239 685 382 709 mansuete
396 681 525 716 paulatim
549 680 706 707 relaxantes
727 687 820 707 eorum
832 699 838 711 ,
855 679 901 714 qui
923 680 1024 707 audent

237 727 331 755 dicere
341 727 473 754 infectum
486 734 500 754 a
518 726 590 754 facto
605 726 786 762 appellatione
799 727 856 754 sola
870 726 981 758 distare.
997 731 1025 754 et

238 773 305 800 illud
320 773 392 808 quod
404 774 494 809 genite
508 773 670 800 distinctum
686 777 738 804 est,
752 772 884 800 adversus
899 773 1023 800 innatum

237 827 300 847 esse
315 820 497 847 substantiam
521 819 673 854 ingenitum
696 819 840 847 allii-mare.
854 818 931 851 Quod
947 819 969 846 si
987 820 1024 846 ita

238 865 349 897 dicitur,
359 865 431 900 quod
443 865 553 900 quidem
563 865 663 892 dicitur
674 872 727 892 non
737 869 788 895 est,
798 865 870 900 quod
879 869 968 891 autem
982 870 1024 892 est

237 919 293 938 non
306 911 415 938 dicitur.
431 911 478 939 Est
488 911 559 938 enim
576 911 704 939 infeCtum
721 911 884 942 substantia,
896 911 918 938 si
933 915 1023 938 autem

237 956 340 983 dicitur
352 957 465 988 factum,
474 956 625 984 detestatur
635 956 708 992 quod
717 964 772 983 non
789 960 832 984 est
848 956 1022 990 appellatum,

237 1002 356 1029 maxime
380 1005 470 1028 autem
496 1001 569 1029 ultro
591 1001 750 1028 rationabili
775 1004 901 1028 exstante
923 1001 979 1028 Deo
996 1005 1023 1029 et

237 1046 311 1073 ultro
328 1046 388 1073 sine
405 1046 557 1081 principio,
573 1046 647 1081 quod
671 1046 752 1073 modo
775 1053 830 1072 non
846 1045 881 1073 sit
896 1045 1023 1080 impossi-

235 1092 305 1126 bile;
320 1093 408 1128 magis
422 1097 512 1120 autem
528 1092 641 1127 impium
654 1096 706 1124 est,
723 1095 749 1119 et
764 1091 791 1118 id
805 1091 878 1126 quod
891 1092 964 1119 ultro
980 1096 1022 1119 est

235 1139 397 1166 rationabile
421 1139 549 1174 ultroque
567 1138 734 1174 ingenitum,
750 1146 806 1165 non
826 1139 878 1166 sibi
895 1138 946 1173 ipsi
964 1145 1022 1164 ina-

235 1185 277 1220 gis
290 1185 372 1212 vellet
384 1193 446 1213 esse
460 1185 638 1218 coniunctum
649 1205 656 1217 ,
674 1192 757 1220 quam
772 1185 914 1212 dualitatis
929 1184 1022 1212 subire

233 1230 380 1263 ordinem,
405 1230 638 1258 honorabiliorem
665 1231 826 1258 existimans
851 1231 1020 1258 nativitatem

238 1275 341 1302 innatae
355 1275 575 1310 perseverantiae.
592 1275 683 1303 Unum
698 1276 770 1303 enim
789 1283 844 1303 non
859 1279 911 1308 est,
933 1282 1021 1311 neque

234 1321 325 1356 ipsum
345 1321 397 1348 sibi
419 1321 544 1356 praecipit
560 1321 657 1349 dicens
672 1331 679 1348 :
693 1320 759 1348 Sede
782 1329 798 1348 a
817 1320 918 1348 dextris
940 1321 1019 1353 meis,

234 1367 315 1394 donec
329 1375 424 1400 ponam
448 1367 569 1394 inimicas
596 1372 654 1393 tuos
678 1366 821 1394 scabeltum
844 1366 938 1402 pedum
963 1372 1021 1393 tuo-

235 1422 294 1440 rum
305 1413 338 1440 “.
355 1413 409 1440 Sed
424 1421 514 1448 neque
527 1413 669 1441 contendit
684 1415 815 1440 adversus
831 1421 860 1441 se
876 1414 976 1448 ipsum,
992 1417 1021 1439 ut

234 1459 337 1494 aliquid
352 1459 479 1487 videlicet
490 1459 550 1494 ejus
560 1463 730 1494 permaneret
745 1459 905 1494 ingenitum,
919 1458 1019 1495 aliquid

235 1513 301 1533 vero
322 1505 456 1532 nativitati
480 1505 664 1540 subjiceretur
684 1514 691 1532 :
712 1505 784 1532 scire
809 1511 918 1540 quoque
939 1511 1020 1540 atque

237 1551 365 1586 prrescire
381 1550 502 1586 ingenite
524 1550 628 1585 aliquid
649 1550 691 1578 sui
715 1550 902 1583 nasciturum,
917 1551 1018 1586 aliquid

234 1603 300 1624 vero
324 1600 534 1632 generaturum;
555 1596 666 1624 omnino
683 1595 810 1623 videlicet
833 1596 1019 1623 honorabilio-

235 1650 294 1670 rem
308 1650 337 1669 se
350 1642 513 1677 sibimetipsi
531 1649 585 1669 non
601 1642 729 1676 ignorans
740 1649 802 1669 esse
817 1641 952 1673 futurum,
969 1642 1019 1668 ali-

233 1689 299 1724 quid
310 1689 420 1724 quidem
431 1689 645 1723 prazcipientem,
659 1688 762 1723 aliquid
779 1695 842 1715 vero
854 1691 1017 1723 praeceptum

233 1735 432 1770 accipientem,
450 1734 517 1761 illud
534 1733 610 1761 verbi
632 1733 721 1770 gratia
736 1734 808 1769 quod
829 1734 932 1761 dictum
955 1738 1016 1761 cst:

234 1781 301 1809 Sede
312 1789 328 1807 ιι
339 1780 440 1807 dextris
452 1780 526 1811 meis.
540 1780 583 1807 vel
598 1781 680 1807 etiam
697 1779 763 1807 illud
777 1780 848 1814 quod
863 1779 896 1806 ad
912 1779 1020 1806 missio-

233 1835 296 1855 nem
318 1825 435 1862 pertinet
451 1831 497 1853 ant
519 1826 592 1861 quod
608 1826 666 1862 ipse
680 1825 855 1860 semetipsum
870 1824 1018 1860 praeferens

233 1871 537 1905 collaudaverit,dicens
547 1880 553 1896 ι
562 1871 596 1898 Et
605 1871 668 1898 uidit
678 1871 756 1902 Deus,
763 1872 825 1906 quia
833 1872 899 1900 bona
905 1871 937 1902 ⁸³,
947 1876 1019 1906 post-

232 1927 315 1954 quam
328 1919 363 1946 ab
375 1917 519 1953 Unigenito
534 1925 579 1945 sex
593 1917 688 1944 diebus
696 1916 791 1944 effecta
801 1919 865 1944 sunt
873 1924 932 1951 quae
945 1916 1017 1943 facta

231 1972 294 1992 esse
309 1967 428 1994 constat,
444 1962 639 1990 immutabilem
649 1962 744 1989 videns
756 1969 833 1989 suam
852 1962 1016 1988 voluntatem

232 2011 261 2038 in
276 2009 561 2038 consummationibus
576 2008 713 2044 Unigeniti
729 2008 827 2035 divinae
838 2009 1015 2043 operationis.

267 2054 314 2083 XI.
339 2055 369 2082 Si
385 2058 476 2082 autem
492 2054 628 2088 ingenitus
643 2061 698 2081 non
713 2058 756 2081 est
773 2053 862 2081 factus
877 2053 956 2081 Pater
970 2057 1016 2081 aut

231 2102 276 2131 sui
292 2101 380 2137 ipsius
400 2101 498 2132 factor,
517 2101 589 2128 sicut
602 2100 789 2134 ostendimus;
809 2101 947 2135 quomodo
961 2101 1016 2127 uti-

231 2156 287 2185 que
301 2148 406 2176 faceret
419 2151 467 2175 aut
483 2151 626 2183 generaret
641 2154 673 2174 ex
690 2154 720 2174 se
737 2147 797 2182 ipso
812 2147 925 2182 aliquid.
942 2147 1015 2182 quod

1041 850 1060 876 Β

1075 225 1147 252 enim
1171 228 1214 252 est
1235 224 1398 259 Autopator,
1415 223 1467 250 hoc
1478 227 1523 250 est
1536 223 1592 250 sibi
1614 223 1669 257 ipsi
1684 227 1779 257 pater_
1802 231 1859 257 quo-

1075 271 1156 297 modo
1180 278 1236 297 non
1263 270 1350 304 magis
1370 268 1527 296 innascibili
1552 276 1694 295 consensu
1712 275 1859 302 permanere

1075 316 1218 351 diligeret,
1236 315 1308 350 quod
1330 314 1479 349 ingenitum
1495 314 1607 348 quidem
1626 318 1688 340 erat
1703 313 1859 343 substantia,

1075 363 1199 397 genitura
1213 369 1276 388 vero
1291 361 1317 388 in
1328 360 1486 388 dualitatem
1495 359 1682 386 dinumerata.
1693 358 1784 393 Hujus
1795 367 1860 386 nam-

1075 415 1128 442 que
1143 407 1370 435 inconvenientia!
1381 410 1468 433 mater
1476 406 1588 441 quidem
1604 409 1648 432 est
1665 405 1823 440 ignorantia
1834 406 1861 431 de

1076 452 1146 486 Deo,
1162 453 1335 488 cooperatrix
1347 460 1412 479 vero
1426 456 1452 478 et
1469 458 1549 479 soror
1563 451 1737 486 negligentia
1754 451 1789 478 de
1811 450 1863 486 Spi-

1076 500 1131 527 ritu
1145 504 1251 527 sancto.
1269 499 1389 534 Spiritus
1410 502 1499 526 autem
1515 502 1629 526 sanctus
1640 499 1745 533 pignus
1759 499 1794 526 ad
1806 507 1862 526 con-

1075 545 1260 573 servationem
1273 553 1368 572 eorum
1382 552 1443 579 quae
1461 552 1476 571 a
1491 544 1607 571 Domino
1622 545 1687 571 data
1707 549 1776 571 sunt
1793 546 1863 572 nobis
1876 544 1884 565 Ἣ

1076 591 1167 627 (quem
1182 600 1236 618 non
1252 595 1314 626 post
1328 591 1428 618 multos
1450 591 1509 618 dies
1530 590 1735 625 assumptionis
1750 590 1811 625 ejus
1825 598 1863 616 ac-

1075 636 1219 671 cepimus),
1236 636 1317 663 habet
1335 636 1407 671 quod
1420 639 1462 663 est
1477 636 1511 662 ab
1533 635 1692 670 Unigenito,
1709 636 1863 670 plenissima

1074 681 1223 708 declaratio
1238 681 1345 708 virtutis
1357 681 1430 716 ejus;
1447 682 1518 709 sicut
1530 682 1690 716 unigenitus
1704 689 1734 708 ει
1748 683 1863 708 omnium

1075 728 1274 764 primogenitus
1287 729 1376 764 imago
1391 734 1433 756 est
1447 729 1627 756 immutabilis
1639 729 1775 764 ingenitas
1789 730 1865 755 virtu-

1075 775 1126 807 tis,
1143 775 1232 810 imago
1246 775 1352 802 scilicet
1369 775 1464 807 unica,
1481 775 1659 801 immaculata
1683 783 1814 806 manens,
1831 776 1865 801 ri-

1075 821 1181 848 sionem
1199 821 1311 855 ingeniti
1328 828 1390 848 cmn
1407 820 1442 848 sit
1459 821 1587 852 visibilis,
1608 825 1725 855 przestat
1743 821 1866 856 intelligi-

1075 866 1177 894 bilibus
1192 866 1428 899 etsensibilibus;
1457 873 1512 900 quo
1538 865 1620 892 modo
1645 866 1670 893 si
1696 866 1765 901 quis
1786 867 1864 893 solem

1074 911 1149 938 verbi
1162 912 1247 946 gratia
1264 912 1410 939 ostendere
1420 911 1515 939 volens
1530 915 1577 938 aut
1588 911 1664 938 aliud
1681 912 1790 947 aliquid
1802 932 1809 943 .
1827 913 1864 939 his

1073 958 1119 992 qui
1136 966 1190 984 non
1203 961 1318 992 possunt
1333 965 1381 992 per
1392 965 1421 985 se
1432 958 1507 992 ipsos
1522 965 1584 984 eum
1600 958 1707 989 videre,
1727 959 1765 985 sit
1779 964 1864 986 autem

1075 1006 1129 1032 illis
1144 1007 1296 1033 necessitas
1311 1005 1404 1033 videre
1423 1005 1524 1037 solem,
1541 1009 1700 1041 temperans
1727 1007 1865 1034 obtutibus

1074 1051 1160 1086 ipsam
1177 1051 1371 1078 necessitatem
1383 1072 1390 1083 ,
1412 1059 1461 1086 per
1481 1051 1623 1086 speculum
1647 1052 1767 1086 quidem
1786 1054 1863 1080 solem

1073 1097 1217 1125 ostendere
1242 1097 1369 1128 festinat,
1392 1101 1418 1124 et
1443 1105 1497 1124 non
1522 1097 1607 1124 solem
1629 1097 1755 1126 aﬁ‘erens
1782 1099 1864 1132 injiczt

1073 1144 1203 1178 speculo;
1219 1143 1257 1169 ita
1279 1147 1306 1170 et
1323 1143 1485 1178 Unigcnitus
1511 1144 1569 1178 ipse
1592 1144 1705 1178 quidem
1729 1146 1863 1180 ingenitus

1073 1195 1127 1214 non
1139 1191 1192 1220 est,
1204 1187 1355 1223 ingenitum
1369 1196 1432 1216 vero
1444 1192 1529 1215 totam
1544 1189 1572 1215 in
1586 1196 1616 1215 se
1627 1189 1806 1217 demonstrat
1819 1192 1864 1217 vir-

1072 1236 1158 1260 tutem
1178 1240 1241 1260 cum
1259 1233 1295 1260 sit
1310 1233 1373 1261 talis
1395 1239 1427 1260 ac
1443 1237 1536 1260 tantus
1550 1233 1670 1266 deitatc;
1688 1235 1726 1261 ab
1747 1235 1791 1262 bis
1806 1244 1864 1261 vero

1071 1278 1120 1314 qui
1138 1286 1192 1306 non
1214 1278 1357 1314 diligenter
1377 1279 1564 1314 inquisierunt
1580 1279 1726 1315 ingenitus
1743 1281 1860 1316 suspica-

1071 1324 1163 1356 batur,
1180 1325 1252 1360 apud
1267 1332 1336 1360 quos
1351 1333 1415 1352 vero
1431 1325 1561 1360 praecedit
1583 1326 1643 1361 ipsa
1668 1327 1819 1361 inquisitio
1833 1328 1863 1353 ti-

1071 1374 1177 1395 morem
1192 1367 1238 1395 Dei
1249 1368 1321 1405 (86),
1340 1377 1395 1396 non
1411 1369 1499 1396 solum
1519 1370 1612 1397 dicere
1629 1371 1738 1405 aliquid
1756 1372 1810 1399 tale
1824 1381 1862 1399 re-

1071 1418 1180 1444 cusant.
1199 1414 1246 1441 sed
1262 1414 1344 1441 etiam
1357 1415 1477 1450 Cogitare
1489 1419 1598 1443 cavent.
1614 1416 1684 1444 Cum
1707 1425 1778 1453 ergo
1798 1427 1863 1445 unus

1071 1457 1108 1485 sit
1131 1458 1271 1494 ingenitus
1291 1463 1318 1486 et
1349 1467 1420 1487 unus
1447 1460 1575 1496 genitus,
1603 1461 1729 1496 Spiritus
1754 1468 1862 1490 sanctus

1071 1501 1157 1530 Filius
1182 1503 1236 1531 dici
1258 1512 1313 1531 non
1337 1509 1437 1540 potest,
1454 1514 1504 1534 nec
1523 1507 1751 1541 primogenitus;
1777 1509 1862 1535 factus

1070 1554 1113 1578 est
1129 1550 1200 1577 enim
1220 1558 1267 1585 per
1281 1550 1381 1578 factum
1393 1552 1462 1587 (87),
1477 1553 1757 1581 subconnumeratur
1774 1560 1861 1582 autem

1069 1594 1143 1623 Patri
1162 1599 1190 1623 et
1208 1596 1288 1629 Filio,
1305 1601 1435 1632 tanquam
1458 1598 1578 1633 primum
1604 1599 1723 1626 secundi
1751 1608 1802 1635 per
1824 1600 1862 1627 fa-

1069 1647 1144 1671 ctum
1160 1644 1273 1672 virtutis
1284 1645 1468 1677 signaculum.
1477 1644 1584 1673 Etenim
1597 1646 1658 1681 ipse
1670 1645 1766 1674 Patris
1776 1648 1863 1675 ferens

1068 1689 1262 1724 sequipondera
1280 1690 1433 1723 voluntate,
1462 1690 1564 1718 innatae
1590 1693 1813 1726 perseverantia
1839 1694 1863 1720 in

1069 1735 1187 1770 imagine
1203 1736 1402 1771 operationem,
1414 1741 1478 1772 post
1488 1737 1641 1773 ingenitum
1657 1746 1862 1774 consequenter

1069 1780 1139 1809 bene
1163 1786 1378 1809 connumeratus
1399 1786 1450 1810 est.
1481 1783 1564 1810 Multa
1589 1788 1684 1811 autem
1714 1788 1745 1812 et
1761 1785 1817 1812 alia
1833 1785 1862 1813 de

1068 1826 1160 1859 Patre,
1180 1831 1207 1855 et
1230 1827 1310 1859 Filio,
1323 1831 1352 1855 ct
1373 1828 1476 1863 Spiritu
1492 1833 1589 1856 sancto
1601 1829 1726 1856 breviter
1745 1831 1828 1857 nobis
1838 1836 1861 1857 ct

1068 1871 1208 1899 evidenter
1230 1873 1368 1907 exposuit,
1392 1876 1422 1899 ut
1443 1880 1539 1899 omnes
1568 1873 1718 1901 audientes
1748 1875 1859 1901 mirare-

1069 1924 1141 1948 mur,
1158 1910 1295 1952 quomodo
1308 1917 1434 1945 homines
1448 1917 1580 1945 derelicta
1595 1919 1717 1947 veritate
1733 1920 1859 1947 conversi

1068 1966 1131 1990 sunt
1138 1963 1179 1990 'ad
1195 1962 1364 1999 vanitatem]

1103 2007 1160 2036 xtl.
1181 2007 1234 2035 Sed
1257 2015 1320 2035 cum
1345 2008 1483 2035 illuxisset
1498 2007 1558 2035 dies
1571 2008 1643 2044 (88),
1658 2009 1807 2044 ingressus
1822 2017 1858 2037 est

1067 2053 1178 2088 quidam
1202 2053 1320 2081 dicens:
1336 2054 1482 2081 Multitudo
1509 2055 1631 2089 plurima
1661 2061 1810 2085 exspectat
1834 2057 1857 2082 in

1067 2100 1147 2132 atrio,
1164 2100 1191 2126 in
1201 2108 1318 2135 quorum
1340 2100 1430 2127 medio
1442 2104 1496 2128 stat
1508 2100 1616 2132 Simon.
1631 2103 1857 2136 persuasionibus

1068 2145 1194 2180 pessimis
1219 2146 1369 2180 praevenire
1384 2154 1465 2173 aures
1488 2146 1583 2181 populi
1603 2147 1739 2182 cupiens.
1760 2148 1795 2174 Et
1811 2147 1856 2174 Pe-

232 2194 402 2222 nativitatem
429 2199 456 2221 et
482 2193 615 2220 facturam
637 2200 725 2227 usque
749 2192 784 2219 ad
805 2193 1014 2228 appellationem
1031 2201 1052 2228 ο
1066 2195 1126 2218 trus
1140 2192 1231 2219 statim
1243 2199 1372 2226 egressus
1381 2192 1455 2219 stetit
1471 2192 1498 2219 in
1513 2192 1574 2219 loco
1586 2200 1644 2227 quo
1658 2192 1752 2227 pridie
1767 2193 1855 2227 dispu-

231 2247 287 2267 non
308 2240 429 2274 recepit?
442 2239 502 2266 Non
519 2239 592 2267 enim
615 2239 687 2274 quod
704 2242 746 2266 est
765 2246 814 2273 per
838 2238 894 2265 lucc
915 2238 1013 2272 habet;

230 2286 284 2313 ista
298 2289 388 2312 autem
411 2285 445 2312 de
463 2284 519 2312 Deo
543 2285 634 2312 dicere
658 2285 770 2319 impium
791 2289 842 2312 est.
865 2285 1011 2313 Manifesta

228 2330 302 2359 enim
316 2336 359 2359 est
371 2331 414 2359 his
425 2331 472 2366 qui
485 2331 526 2358 vel
542 2330 677 2358 modicum
693 2331 832 2366 quidpiam
848 2331 941 2358 videre
955 2339 1015 2366 pos-

229 2381 306 2409 sunt,
319 2377 365 2404 illa
385 2377 508 2412 ingeniti,
528 2377 721 2412 impassibilis,
737 2376 828 2404 innata
846 2378 1012 2405 substantia.

230 2421 261 2450 Si
275 2431 340 2451 vero
353 2427 381 2451 et
397 2428 458 2459 post
471 2423 640 2451 nativitatem
655 2423 807 2451 substantia
821 2431 960 2458 nunquam
978 2423 1013 2450 ad

264 2501 289 2517 ⁸¹
307 2499 380 2529 Psal.
395 2509 450 2532 crx,
465 2501 490 2528 Ι.
529 2500 552 2516 ⁸³
570 2499 636 2527 Gen.
653 2509 672 2533 ι,
690 2500 735 2527 51.

1065 2242 1180 2270 laverat,
1190 2239 1334 2272 omnisque
1349 2238 1382 2265 ad
1399 2238 1486 2273 ipsum
1502 2238 1620 2272 populus
1632 2245 1792 2267 conversus
1800 2246 1854 2265 cum

1063 2283 1164 2319 gaudio
1178 2283 1337 2310 intendebat
1353 2283 1381 2310 in
1395 2291 1468 2310 eum.
1486 2283 1581 2309 Simon
1604 2291 1674 2309 vero
1699 2284 1747 2310 ubi
1776 2285 1854 2311 sensit

1063 2331 1187 2366 gavisum
1207 2338 1268 2358 esse
1284 2330 1414 2366 populum
1429 2330 1462 2358 de
1478 2334 1631 2365 conspectu
1651 2331 1739 2361 Petri,
1758 2337 1786 2359 et
1797 2339 1853 2365 erga

1065 2377 1190 2404 affectum
1204 2377 1264 2411 ejtls
1280 2377 1394 2408 moveri,
1407 2377 1616 2411 obstupefactus
1634 2379 1674 2404 ait
1690 2388 1697 2405 :
1709 2378 1796 2405 Miror
1810 2379 1853 2404 h0-

1064 2424 1167 2450 ntinum
1184 2423 1339 2456 stultitiam,
1352 2423 1399 2459 qui
1410 2431 1453 2451 me
1467 2431 1577 2458 magum
1588 2423 1692 2451 dicunt
1703 2429 1730 2452 et
1748 2425 1852 2453 Petrum

873 2568 1054 2596 COTELERII
1072 2568 1187 2596 ΝΟΤΕ.

262 2639 318 2676 (85)
335 2637 427 2676 Genuit
441 2637 507 2665 Deus
521 2639 652 2676 voluntate
665 2637 833 2672 prmcedentc.
850 2637 945 2676 Dicere
959 2638 1003 2665 de-

228 2673 462 2707 nuit,’voluntate
484 2674 648 2705 comitante,
672 2678 720 2700 ant
739 2673 950 2704 concomitante,
979 2677 1008 2699 ut

229 2711 377 2745 loquuntur
397 2708 525 2745 thepiogi.
546 2708 608 2735 Pari
627 2708 705 2735 modo
729 2709 1009 2745 paulo_post,__recte

228 2743 402 2780 scripsisset:
427 2743 498 2770 Unus
509 2745 578 2770 enim
590 2752 642 2770 non
653 2748 702 2775 est,
715 2752 794 2780 neque
813 2743 867 2777 ipse
881 2743 931 2780 sibi
944 2751 1010 2777 prte-

227 2779 302 2815 cipii,
315 2788 374 2815 pro,
388 2787 470 2806 unum
483 2780 615 2806 enimnon
625 2784 674 2811 est,
687 2787 765 2814 neque
780 2779 863 2812 ipsum
875 2779 924 2805 sibi
940 2786 1009 2812 prte—

224 2814 300 2841 cibit.

315 2849 378 2884 Ipsa
387 2850 715 2886 inquisitiofortcﬁpsam
722 2849 918 2884 inquisitionem
928 2850 1007 2877 timor

1061 2638 1118 2665 Dei.
1132 2636 1177 2664 Sic
1190 2645 1241 2664 ms.
1257 2636 1341 2663 Cand.

1097 2673 1150 2707 (87)
1170 2671 1267 2698 Factus
1279 2678 1317 2698 est
1327 2672 1395 2698 enim
1405 2679 1451 2706 per
1458 2672 1567 2706 factum.
1579 2671 1688 2700 Forsan
1699 2672 1794 2701 Grau-e
1806 2675 1847 2700 ha»

1060 2707 1176 2749 bebratur
1188 2706 1289 2749 ’γέγονε
1305 2707 1358 2749 Tale
1376 2707 1481 2749 δῇ..γοῦ
1499 2707 1614 2747 γενητοῦ
1625 2728 1633 2737 ,
1657 2708 1732 2742 quod
1745 2710 1845 2749 .Ineiius

1060 2743 1129 2770 verti
1150 2743 1302 2777 potuisset:
1328 2741 1441 2768 Emittit
1466 2742 1536 2769 enim
1556 2749 1602 2775 per
1622 2741 1683 2769 eum
1705 2744 1751 2778 qui
1774 2749 1842 2770 orm

1059 2782 1108 2805 est.

1096 2812 1151 2847 (88)
1175 2811 1225 2839 Sed
1238 2820 1310 2848 rum,
1335 2815 1388 2837 etc.
1414 2812 1445 2839 In
1466 2820 1550 2848 marg.
1572 2821 1623 2840 ms.
1643 2812 1719 2840 Th.:
1741 2815 1783 2843 Αὸ
1799 2814 1842 2840 ista

1060 2846 1117 2875 loco
1133 2856 1221 2874 secure
1233 2846 1315 2882 legere
1328 2851 1409 2881 potes.
