1892 3105
48 152 57 178 Ι
61 151 107 178 289

646 147 929 175 BECOGNITIONUM
950 147 1011 174 LIB.
1032 146 1074 174 Ill.

1592 147 1662 174 i290

45 209 165 244 diligunt,
181 215 243 234 cum
267 207 361 242 utique
377 207 443 235 olim
466 206 599 234 habentes
614 207 739 233 notitiam
757 207 821 234 mei.
837 212 860 236 Α
876 205 972 233 Petrus
986 216 992 233 :
1015 206 1098 233 Video
1111 210 1136 233 te
1152 205 1253 232 sentire
1264 204 1335 238 quod
1348 203 1503 238 arguendos
1517 203 1567 235 sis,
1582 207 1608 230 et
1620 205 1662 232 vis

45 264 83 282 me
102 255 188 289 magis
208 255 321 289 diligere
340 254 483 282 deberent.
501 254 534 281 Et
558 253 619 281 ideo
633 262 667 281 ex
683 254 734 281 hoc
749 254 822 281 indi-

44 301 92 330 cio.
121 300 167 335 qui
185 300 285 327 habent
303 307 415 327 sensum
438 303 556 334 possunt
579 299 742 335 intelligere,
757 299 823 335 quia

44 347 123 381 magis
146 346 244 373 Petrus
273 354 369 381 magus
382 346 469 373 videri
485 350 585 381 potest,
598 354 661 373 cum
682 346 759 378 mihi,
777 346 821 372 cui

42 401 72 420 ex
90 394 290 421 consuetudine
303 394 413 421 debitus
429 394 625 428 propemodum
640 398 694 425 est,
706 401 762 421 non
774 394 823 421 de-

43 437 122 466 fertur
137 439 264 472 allectus,
287 440 326 466 illi
347 444 448 472 autem,
465 441 510 467 cui
526 440 602 467 nullo
622 449 674 468 usu
695 441 821 475 debetur,

41 485 209 511 abundanter
221 485 397 520 expenditur.

72 529 139 557 Xlll.
158 530 193 556 Et
208 537 272 557 cum
287 530 374 557 multa
387 530 577 565 hujuscemodi
594 529 688 557 Simon
704 530 818 561 diceret.

40 574 130 602 Petrus
145 575 264 601 salutato
279 582 311 602 ex
327 583 403 603 more
415 576 516 611 populo
530 576 566 602 ita
579 576 720 610 respondit
736 585 742 602 :
757 575 822 602 Suf-

40 620 89 647 ﬁcit
113 621 273 656 unicuique,
300 631 317 648 o
343 620 448 654 Simoin,
477 622 511 649 ad
538 621 735 648 confutandum
754 629 821 648 con--

39 666 147 692 scientia
170 674 238 700 sua;
261 667 334 702 quod
354 668 377 694 si
396 667 445 694 hoc
462 668 582 698 miraris,
598 667 672 703 quod
690 667 747 694 noti
766 674 820 694 non

40 711 123 737 solum
146 715 172 738 te
200 716 254 738 non
277 712 392 747 diligunt
408 713 454 739 sed
475 716 502 739 et
518 712 633 740 oderunt
644 712 694 745 tui,
708 719 820 740 causam

38 756 108 784 disce
121 765 137 784 a
152 766 207 785 me.
225 758 293 785 Cum
310 759 348 785 sis
368 758 506 790 seductor,
524 759 665 786 veritatem
679 762 706 786 te
719 759 819 794 praedi-

38 810 96 830 care
110 804 260 838 profiteris,
277 804 312 831 ob
333 805 384 831 hoc
406 805 497 839 plures
514 805 680 832 desiderium
695 811 820 840 gerentes

38 849 169 876 discenda
180 850 304 877 veritatis
319 850 423 877 amicos
438 849 569 877 habuisti.
584 849 636 877 Sed
646 850 673 877 hi
686 850 731 877 ubi
749 858 817 877 con-

876 252 980 278 urbane.
998 252 1188 286 subterfugere
1212 254 1371 282 certamen;
1395 257 1458 276 nam
1481 249 1548 284 quid
1569 250 1663 277 vidisti

875 305 918 325 me
932 297 1031 324 iratum
1055 297 1151 324 fecisse
1166 297 1194 324 in
1210 300 1237 323 te
1253 296 1392 322 hominem
1410 298 1515 321 tanttnn
1531 295 1661 330 populum

874 343 999 377 decipere
1013 343 1180 377 cupientem,
1195 345 1222 369 et
1238 349 1300 368 cum
1319 341 1387 367 nihil
1410 340 1512 368 habeas
1531 340 1605 375 quod
1620 341 1662 368 di-

873 394 931 418 cas,
949 387 1110 414 modestiam
1127 387 1322 414 simulantem?
1335 386 1381 421 qui
1397 389 1423 413 ct
1439 386 1601 413 auctoritate
1615 389 1662 412 tua

870 432 962 467 jubes,
980 437 1009 459 ut
1026 431 1164 467 quomodo
1183 432 1241 467 ipsc
1258 433 1300 459 vis
1320 435 1346 459 et
1362 440 1417 458 non
1439 431 1578 466 quomodo
1593 432 1663 458 ordo

873 479 1002 514 postulat,
1021 479 1209 506 controversia
1227 482 1378 505 moveatur.
1391 478 1423 504 Et
1443 477 1536 504 Simon
1551 487 1557 504 :
1574 478 1663 512 Impe-

872 525 940 552 rabo
955 525 1022 551 mihi
1036 525 1086 559 ipsi
1099 524 1232 559 patientia
1249 525 1287 550 uti
1304 525 1336 550 ad
1351 524 1515 558 imperitiam
1532 528 1618 554 tuam,
1632 527 1662 550 ut

872 572 1015 599 ostendam
1031 577 1057 599 te
1077 573 1186 608 quidem
1207 573 1276 600 velle
1299 572 1429 607 populum
1454 571 1601 603 seducere,
1618 579 1662 598 una

872 622 962 645 autent
978 618 1077 645 docere
1091 627 1151 653 quae
1167 626 1230 645 vera
1254 622 1328 645 sunt.
1353 617 1405 644 Sed
1427 625 1500 644 nunc
1513 618 1613 644 omitto
1627 618 1662 645 de

872 663 1007 692 immensa
1028 665 1090 692 luce
1106 665 1261 697 disoutere,
1278 665 1350 700 quod
1375 664 1514 699 interrogo
1539 668 1566 692 te
1578 685 1586 697 ,
1609 665 1662 691 hoc

871 711 938 738 mihi
952 712 1087 746 responde
1101 721 1108 738 :
1132 711 1199 738 Cum
1216 711 1288 738 Deus
1310 711 1405 738 fecerit
1421 712 1549 739 universa
1559 731 1567 743 ,
1585 716 1615 738 ut
1629 715 1660 739 tu

872 757 953 789 dicis,
971 757 1041 784 unde
1056 761 1098 784 est
1113 757 1237 784 malum?
1258 757 1291 783 Et
1305 757 1420 784 Petrus:
1439 757 1495 784 [loc
1517 758 1599 784 modo
1616 758 1660 784 in-

872 807 1011 839 terrogare
1024 812 1078 831 non
1090 807 1132 831 est
1142 803 1323 835 adversantis,
1338 803 1384 830 sed
1398 803 1541 831 discentis.
1555 803 1583 830 Si
1594 811 1661 839 ergo

874 850 915 877 vis
937 849 1054 881 discere.
1069 849 1210 881 conﬁtere,
1220 854 1246 876 et
1261 849 1337 884 prius
1352 853 1378 876 te
1398 849 1510 876 doceam
1523 849 1661 883 quomodo

37 896 115 922 traria
129 896 158 922 in
176 899 202 923 te
220 904 302 930 quam
319 896 491 930 proﬁtebaris
504 897 642 929 viderunt,
658 897 722 932 quia
742 906 819 924 aiua-
834 883 855 910 Β
872 895 973 923 debeas
985 895 1101 928 discere,
1114 901 1214 922 etcum
1237 895 1366 922 didiceris
1384 894 1493 926 audire,
1515 898 1583 921 tunc
1601 895 1659 929 jam

38 946 105 968 tores
119 945 209 972 erant,
229 946 257 968 ut
271 942 338 973 dixi,
354 942 490 973 veritatis,
508 950 562 969 non
581 944 670 970 solum
689 951 743 970 non
755 944 818 970 dili-

36 995 93 1020 gere
108 991 144 1021 te,
163 988 212 1015 sed
228 993 254 1015 et
271 987 362 1016 odisse
373 992 526 1023 coeperunt.
544 988 603 1015 Non
619 993 710 1016 autem
726 990 818 1016 statim

37 1032 68 1059 ab
82 1034 121 1060 eis
148 1034 276 1061 desertus
295 1043 335 1064 es.
352 1035 416 1070 quia
431 1036 472 1062 vel
490 1035 664 1070 pollicebaris
685 1035 773 1062 adhuc
793 1039 819 1062 te

36 1079 72 1106 eis
88 1079 234 1106 ostendere
253 1088 344 1114 posse.
361 1080 434 1116 quod
450 1089 543 1107 verum
570 1084 622 1108 est.
647 1080 738 1108 Donec
754 1090 819 1116 ergo

35 1126 150 1153 nondum
156 1126 250 1153 aderat
262 1127 307 1161 qui
316 1131 409 1161 posset
420 1128 579 1160 ostendere,
597 1128 770 1162 patiebantur
780 1132 817 1160 te,

36 1171 76 1197 ubi
94 1179 156 1199 vero
174 1180 238 1206 spes
249 1173 289 1199 eis
302 1173 432 1200 doctrinae
443 1174 565 1201 melioris
583 1175 686 1207 arrisit,
699 1178 726 1202 te
750 1182 818 1201 con-

35 1221 184 1245 tcmneotes
205 1219 277 1253 quod
301 1219 399 1247 melius
424 1220 578 1255 intelligunt
598 1227 682 1247 nosse
706 1220 817 1248 deside—

35 1267 101 1289 Iant.
111 1263 143 1290 Et
159 1267 191 1290 tu
205 1265 313 1299 quidem
330 1265 443 1293 nefariis
458 1266 564 1292 artibus
579 1273 672 1300 agens.
689 1265 725 1293 ab
737 1274 819 1294 exor-

35 1309 76 1335 dio
90 1309 175 1337 latere
192 1315 218 1337 te
237 1319 317 1345 posse
333 1311 487 1343 credidisti,
501 1311 549 1338 sed
564 1318 617 1338 non
635 1312 721 1345 lates;
738 1320 818 1347 urge-

35 1358 68 1385 ris
84 1359 155 1385 enim
170 1363 200 1386 et
214 1364 309 1386 contra
321 1368 395 1394 spem
409 1360 571 1395 publicaris,
587 1361 650 1395 quia
660 1368 714 1387 non
729 1361 816 1388 solum

36 1404 163 1437 ignorasti
183 1405 336 1436 veritatem,
355 1405 402 1432 sed
423 1411 474 1432 nec
489 1405 584 1432 audire
599 1405 709 1432 voluisti
726 1405 764 1432 ab-
775 1405 817 1433 his

35 1450 76 1483 qui
99 1457 159 1476 eam
185 1450 317 1478 sciebant.
335 1450 362 1477 Si
379 1451 451 1478 enim
467 1452 562 1479 audire
577 1452 722 1483 voluisses,
739 1451 818 1478 inno-

35 1495 127 1522 tuissct
142 1496 239 1530 utique
258 1496 305 1523 tibi
321 1497 366 1524 ille
382 1505 473 1524 sermo
488 1497 548 1532 ejus
565 1498 612 1532 qui
628 1498 677 1531 ait,
693 1499 760 1534 quia
775 1498 817 1524 ni—

870 946 897 969 te
915 942 1044 976 incipiam
1064 945 1264 977 consequenter
1287 941 1395 969 docere.
1420 941 1448 968 Si
1463 949 1528 969 vero
1542 941 1596 968 non
1617 941 1659 968 vis

872 988 978 1017 discere
995 993 1126 1024 tanquam
1150 989 1242 1016 sciens
1261 996 1364 1021 omnia,
1380 995 1432 1024 ego
1454 989 1531 1023 prius
1550 995 1658 1023 expono

871 1036 950 1063 fidem
965 1043 1046 1071 quam
1063 1035 1192 1070 pratdico,
1203 1042 1308 1069 expone
1323 1038 1350 1062 ct
1365 1038 1393 1061 tu
1409 1034 1481 1069 quod
1498 1034 1548 1061 tibi
1563 1041 1658 1061 verum

869 1082 989 1114 videtur,
1005 1085 1032 1110 et
1046 1089 1109 1108 cum
1122 1080 1268 1108 manifesta
1293 1081 1375 1108 fuerit
1397 1081 1540 1115 utriusque
1554 1080 1659 1115 profes-

870 1130 922 1162 sio,
942 1130 1080 1164 judicetur
1093 1130 1127 1156 ab
1141 1129 1315 1156 auditoribus
1326 1128 1408 1160 cujus
1431 1131 1555 1155 nostrum
1568 1135 1659 1155 sermo

870 1177 906 1203 sit
920 1176 1036 1203 veritate
1051 1175 1197 1203 subnixus.
1213 1175 1246 1201 Et
1262 1174 1357 1202 Simon
1372 1173 1407 1200 ad
1422 1174 1480 1201 haec
1496 1174 1656 1208 respondit:

870 1221 955 1250 Risus
967 1222 1033 1249 mihi
1043 1227 1096 1254 est,
1113 1230 1177 1250 ecce
1194 1221 1240 1256 qui
1257 1221 1391 1256 promittit
1407 1221 1478 1255 quod
1492 1228 1535 1248 me
1550 1221 1657 1248 deceat.

870 1268 1064 1296 Verumtamen
1089 1268 1177 1303 patiar
1201 1271 1227 1295 te
1248 1272 1275 1294 et
1296 1267 1459 1302 imperitiam
1481 1272 1555 1293 tuam
1578 1270 1660 1301 atque

869 1314 1054 1348 arrogantiam
1071 1313 1167 1340 feram.
1183 1313 1333 1344 Confiteor,
1353 1313 1459 1340 discere
1474 1312 1548 1345 volo,
1566 1312 1659 1339 vidca-

869 1367 930 1387 mus
944 1359 1082 1394 quomodo
1098 1367 1140 1387 me
1155 1359 1259 1394 poteris
1273 1359 1382 1386 docere.

904 1415 976 1444 XVI.
989 1415 1022 1442 Et
1033 1415 1131 1443 Petrus
1143 1426 1148 1442 :
1163 1415 1204 1448 Si,
1216 1416 1316 1450 inquit.
1329 1423 1393 1444 vere
1403 1414 1445 1442 vis
1456 1415 1572 1446 discere,
1583 1415 1659 1441 disce

869 1463 921 1490 hoc
945 1463 1083 1498 primum.
1109 1470 1191 1497 quam
1217 1462 1343 1497 imperite
1370 1461 1598 1496 interrogaveris;
1616 1460 1659 1487 ais

868 1509 954 1542 enim,
971 1517 1033 1536 cum
1050 1509 1122 1536 Deus
1139 1509 1267 1535 universa
1281 1509 1433 1539 creaverit,
1446 1507 1519 1534 unde
1536 1510 1579 1534 est
1600 1514 1658 1533 ma-

34 1541 67 1567 liil
81 1546 118 1589 est
133 1538 265 1568 occuflum
282 1542 350 1577 quod
361 1550 412 1569 non
425 1549 590 1577 agnoscatur,
604 1552 686 1579 neque
698 1549 816 1579 opertum
830 1558 851 1585 α
869 1556 924 1582 lum
933 1538 952 1582 αρ’
973 1555 1043 1582 ΑΜΒ
1066 1555 1140 1581 enim
1156 1562 1237 1589 quam
1259 1554 1311 1581 hoc
1335 1538 1458 1586 ,τιμῶς’
1484 1556 1541 1580 "es
1570 1553 1657 1580 ίηιετ,

34 1587 98 1620 quod
110 1596 162 1614 non
179 1588 305 1614 reveletur
313 1588 346 1615 ⁸⁵.

66 1633 132 1661 XIV.
153 1633 218 1661 Haec
239 1637 266 1661 et
289 1634 332 1662 his
356 1634 458 1662 similia
476 1635 584 1663 dicente
607 1635 700 1667 Petro,
718 1636 813 1662 Simon

34 1680 191 1714 respondit:
206 1679 274 1706 Nolo
289 1687 332 1707 me
350 1681 441 1707 verbis
464 1688 593 1716 occupes,
612 1681 702 1714 Petre,
718 1687 814 1716 repeto

34 1725 78 1753 abs
95 1729 119 1753 te
133 1734 196 1761 qua:
210 1726 338 1753 hesterno
354 1727 521 1762 promiseras
534 1737 541 1760 ;
554 1727 666 1755 dicebas
682 1728 754 1755 enim
767 1736 811 1755 os-

34 1772 140 1799 tendere
155 1776 183 1799 te
202 1780 294 1807 posse,
311 1773 374 1807 quia
401 1773 445 1800 lex
469 1773 565 1801 doceat
581 1774 615 1801 de
631 1774 814 1801 immensitate

35 1817 98 1844 lucis
109 1821 230 1851 internae,
243 1821 269 1844 et
287 1817 360 1853 quod
373 1818 428 1845 duo
442 1822 549 1845 tantum
563 1819 619 1846 sint
635 1820 696 1847 coeli
716 1825 742 1848 et
762 1820 813 1854 ipsi

33 1865 122 1896 creati,
136 1865 184 1892 sed
201 1865 329 1899 superius
342 1873 404 1893 esse
419 1866 489 1893 lucis
502 1866 576 1893 illius
595 1867 698 1900 sedem,
712 1867 740 1894 in
759 1876 812 1902 qua

33 1911 102 1937 solus
114 1910 141 1937 in
156 1914 290 1937 aeternum
307 1911 408 1938 residet
423 1911 568 1939 ineifabilis
582 1911 679 1946 Pater;
692 1913 726 1940 ad
740 1914 813 1942 illius

31 1962 92 1982 vero
121 1956 184 1983 coeli
204 1956 411 1984 similitudinem
439 1956 541 1984 factum
561 1965 622 1985 esse
641 1958 722 1985 etiam
739 1959 812 1986 istud

32 2001 133 2028 visibile
155 2002 266 2035 cmlum,
280 2003 353 2036 quod
369 2006 396 2029 et
415 2003 595 2030 transiturum
620 2003 812 2034 conﬁriiiabas.

32 2045 117 2074 Unum
133 2056 198 2082 ergo
213 2048 307 2075 dixisti
321 2056 382 2076 esse
404 2048 513 2076 Patrem
527 2051 659 2083 omnium,
676 2052 739 2086 quia
758 2060 814 2080 non

33 2097 143 2127 possunt
157 2094 212 2121 duo
238 2094 450 2127 esseimmensi,
476 2095 578 2130 alioqui
599 2101 696 2124 neuter
718 2105 814 2125 eorum

33 2139 177 2168 immensus
191 2141 253 2172 erit,
267 2141 332 2176 quia
349 2142 376 2168 in
391 2149 424 2168 eo
434 2149 488 2176 quo
499 2143 568 2170 alter
580 2143 718 2176 subsistit,
733 2145 813 2172 alteri

32 2187 107 2213 linem
121 2187 289 2215 subsistendi
314 2187 386 2214 facit.
408 2186 435 2214 Si
461 2195 525 2223 ergo
549 2189 607 2216 haec
628 2198 682 2216 non
705 2195 812 2218 tantum

31 2233 177 2266 polliceris,
199 2233 246 2261 sed
261 2238 288 2261 et
302 2234 448 2261 ostendere
459 2238 536 2269 potes
548 2243 581 2262 ex
598 2236 665 2271 lege,
682 2238 812 2264 omitteus
828 2225 850 2253 θ

31 2281 105 2314 plura
128 2281 204 2316 loqui
226 2281 289 2307 hinc
305 2281 403 2315 incipe.
421 2280 451 2307 Et
463 2281 561 2309 Petrus
579 2292 585 2309 :
604 2282 632 2309 Si
649 2287 758 2318 propter
775 2288 810 2316 te,

31 2326 124 2360 inquit,
141 2327 187 2361 qui
204 2326 236 2353 ad
252 2327 496 2354 contradicendum
513 2330 703 2356 tantummodo
722 2330 810 2361 venis,

30 2378 136 2405 rogarer
151 2372 184 2399 de
197 2372 238 2400 his
250 2373 352 2403 dicere,
369 2380 509 2407 nunquam
526 2381 541 2400 a
557 2381 600 2401 me
615 2380 698 2401 unum
714 2375 810 2402 saltem

31 2425 120 2451 posses
137 2418 232 2445 audire
244 2426 409 2451 sermonem,
424 2419 471 2446 sed
488 2421 617 2454 queniam
632 2429 746 2448 necesse
769 2426 811 2449 est

30 2463 181 2496 agricolam,
194 2464 241 2498 qui
257 2464 315 2491 vult
339 2464 438 2491 bonam
453 2470 553 2492 terram
570 2466 714 2497 seminare,
737 2475 806 2493 nou-

29 2507 98 2533 nuila
117 2508 222 2535 semina
243 2508 356 2543 perdere
372 2513 418 2536 aut
441 2511 469 2537 in
484 2511 613 2545 petrosis.
635 2516 682 2538 aut
706 2512 732 2539 in
765 2513 806 2540 his

28 2561 85 2587 quae
99 2555 133 2581 ab
148 2554 303 2583 hominibus
319 2556 506 2584 conculcanda
522 2562 595 2589 sunt,
611 2558 651 2585 vel
671 2558 697 2585 in
710 2558 808 2586 dumo-

29 2600 66 2628 sis
75 2602 234 2636 acxepletis
242 2603 369 2630 sentibus
383 2602 461 2638 locis,
474 2604 546 2630 sicut
559 2607 587 2631 et
604 2604 733 2640 Magister
756 2614 807 2632 no-

29 2652 81 2675 ster
95 2651 221 2684 exposuit
232 2650 418 2677 diversitatem
429 2651 561 2685 propositi
590 2651 806 2688 uniuscujusque

30 2693 122 2720 animi?
134 2703 181 2729 per
195 2695 252 2722 haec
268 2695 396 2722 indicans
403 2696 437 2729 ",
453 2703 508 2723 non
525 2697 662 2724 morabor.

62 2740 120 2769 XV.
140 2741 207 2768 Tum
221 2741 336 2769 Simon:
351 2742 460 2771 Videris
478 2745 560 2777 mihi,
583 2745 689 2780 inquit,
705 2744 808 2780 irasci;

33 2787 98 2820 quod
117 2787 141 2815 si
160 2792 213 2820 est,
236 2795 292 2815 non
310 2795 421 2815 necesse
441 2794 483 2816 est
505 2791 574 2818 inire
592 2791 759 2820 conﬂictum.
776 2793 810 2820 Et

81 2878 103 2894 "
115 2872 208 2906 Matth.
222 2881 305 2911 $.26.
334 2880 357 2896 "
375 2879 444 2908 Luc.
463 2888 521 2915 vin,
537 2883 562 2910 5.

183 2927 318 2958 Pu‘n0L.
340 2927 402 2957 Gn.
423 2927 448 2958 ι.

867 1600 980 1635 rogandi
1016 1599 1122 1634 species
1159 1599 1360 1634 praecedebant.
1398 1597 1515 1629 Primo.
1555 1598 1579 1626 si
1615 1602 1659 1626 est

865 1645 988 1677 malum;
1016 1643 1153 1676 secundo,
1180 1643 1246 1678 quid
1270 1644 1306 1671 sit
1333 1643 1455 1676 malum;
1484 1643 1583 1674 tertio,
1613 1643 1658 1670 cui

866 1691 912 1722 sit,
937 1695 964 1717 et
990 1690 1073 1717 unde.
1099 1689 1138 1716 Ad
1168 1689 1224 1717 hmo
1253 1688 1366 1716 Simon:
1393 1686 1415 1716 Ο
1433 1689 1657 1724 imperitissime,

866 1737 975 1772 inquit,
1006 1740 1033 1763 et
1057 1735 1280 1767 ineruditissime,
1310 1739 1388 1762 estne
1414 1735 1556 1762 hominum
1581 1735 1659 1769 quis-

864 1789 945 1816 quam
972 1781 1018 1815 qui
1043 1788 1096 1807 non
1115 1780 1294 1811 confiteatur,
1315 1780 1379 1814 quia
1413 1779 1449 1807 sit
1476 1780 1504 1806 in
1521 1779 1574 1806 hac
1601 1780 1658 1807 vita

866 1827 991 1854 malum?
1016 1821 1093 1854 Unde
1118 1831 1145 1854 et
1167 1833 1218 1860 ego
1240 1829 1340 1861 putans
1365 1830 1391 1853 te
1415 1826 1458 1853 vel
1482 1833 1656 1854 communem

865 1873 988 1899 omnium
1002 1872 1103 1899 habere
1118 1879 1230 1899 sensum
1241 1890 1248 1903 ,
1263 1871 1432 1906 interrogavi
1447 1871 1521 1898 unde
1540 1871 1576 1898 sit
1597 1879 1657 1898 ma-

865 1919 931 1950 lum,
951 1926 1008 1945 non
1025 1921 1055 1945 ut
1069 1918 1177 1945 discere
1186 1917 1291 1947 volens.
1310 1917 1356 1952 qni
1380 1917 1473 1944 omnia
1492 1917 1589 1947 sciam.
1606 1917 1656 1944 abs

865 1967 891 1990 te
907 1963 1043 1998 pmcipue
1057 1962 1103 1997 qui
1124 1962 1192 1989 nihil
1207 1962 1332 1994 noveris,
1347 1962 1395 1989 sed
1412 1965 1441 1988 ut
1463 1966 1489 1988 te
1512 1962 1656 1989 ostendam

865 2009 990 2044 ignarum
1004 2017 1064 2036 esse
1073 2009 1204 2036 omnium.
1218 2008 1250 2034 Et
1267 2016 1300 2036 ne
1316 2011 1394 2043 putes
1408 2008 1472 2044 quia
1490 2008 1576 2035 iratus
1593 2016 1655 2035 sum

864 2055 938 2090 quod
957 2056 994 2082 ita
1018 2060 1108 2083 tecum
1133 2057 1269 2082 austerius
1301 2056 1414 2090 loquor,
1443 2054 1583 2082 miseratio
1610 2062 1654 2081 me

865 2101 948 2128 habet
959 2101 1056 2128 horum
1068 2101 1114 2136 qui
1133 2100 1244 2133 adsunt,
1258 2108 1328 2135 quos
1339 2104 1369 2128 tu
1391 2100 1517 2135 decipere
1532 2100 1652 2126 conaris.

865 2146 898 2173 Et
913 2146 1011 2174 Petrus
1026 2147 1063 2173 ait
1078 2156 1084 2173 :
1103 2146 1217 2173 Multum
1230 2147 1319 2173 malus
1338 2153 1378 2177 es,
1396 2146 1419 2174 si
1433 2149 1524 2172 tantas
1537 2145 1654 2180 injurias

864 2200 919 2220 non
953 2192 1039 2219 iratus
1068 2192 1159 2224 facis;
1186 2192 1233 2219 sed
1273 2191 1441 2226 impossibile
1476 2195 1519 2218 est
1547 2191 1652 2217 fumum

865 2246 921 2265 non
934 2246 1111 2273 consurgere,
1128 2238 1173 2264 ubi
1189 2238 1261 2273 ignis
1272 2241 1325 2265 est.
1340 2237 1536 2264 Verumtamen
1551 2236 1651 2266 dicam,

865 2293 899 2312 ne
915 2288 941 2312 te
955 2285 1047 2312 verbis
1062 2283 1155 2311 videar
1170 2291 1317 2319 occupare,
1333 2284 1480 2318 quominus
1497 2283 1531 2310 ad
1545 2290 1578 2309 ea
1592 2290 1653 2317 qua:

864 2331 913 2359 abs
925 2335 951 2358 te
968 2331 1192 2358 inconvenienter
1208 2334 1273 2358 sunt
1295 2331 1378 2363 dicta,
1398 2329 1589 2365 respondeam.
1605 2329 1652 2356 Ais

864 2385 960 2405 omnes
975 2377 1056 2404 fateri
1076 2378 1140 2412 quia
1155 2378 1191 2405 sit
1213 2378 1330 2408 malum,
1352 2377 1425 2412 quod
1441 2377 1534 2411 utique
1550 2375 1650 2402 falsum

864 2428 923 2456 est;
945 2431 1008 2450 nam
1032 2424 1121 2458 primo
1145 2424 1268 2450 omnium
1293 2425 1357 2458 quia
1375 2424 1507 2450 subsistat
1527 2422 1649 2451 malum.

863 2470 989 2496 universa
1006 2469 1181 2496 Hebraeorum
1198 2474 1278 2504 negat
1291 2477 1366 2504 gens.

899 2514 979 2542 XVII.
990 2514 1021 2540 Et
1034 2514 1139 2546 Simon,
1153 2514 1306 2549 interrupto
1321 2514 1381 2548 ejus
1394 2521 1520 2541 sermone
1533 2522 1540 2540 :
1554 2512 1649 2543 Recte,

862 2562 962 2595 inquit,
981 2561 1085 2587 faciunt
1100 2561 1146 2595 qui
1162 2561 1257 2587 dicunt
1273 2568 1326 2587 non
1344 2567 1406 2587 esse
1425 2560 1539 2586 malum.
1555 2558 1588 2585 Et
1599 2558 1650 2584 Pc-

861 2613 921 2635 trus
935 2617 942 2635 :
958 2606 1016 2635 Non
1032 2607 1066 2634 de
1087 2609 1139 2634 hoc
1166 2615 1239 2634 nunc
1264 2608 1457 2643 proposuimus
1473 2602 1564 2634 dicere
1575 2626 1582 2638 ,
1601 2605 1649 2631 sed

860 2655 925 2689 quia
941 2662 996 2681 non
1018 2661 1114 2681 omnes
1130 2653 1227 2680 dicunt
1254 2661 1315 2681 esse
1345 2654 1459 2680 malum.
1491 2650 1648 2678 Secundum

862 2703 952 2727 autem
968 2703 1026 2727 erat
1049 2700 1219 2734 interrogare
1237 2703 1273 2731 te,
1301 2699 1366 2734 quid
1383 2703 1425 2726 est
1447 2698 1546 2725 malum
1558 2716 1566 2730 ,
1583 2695 1648 2723 sub-

863 2747 973 2778 stantia,
989 2754 1023 2773 an
1041 2746 1187 2779 accidens,
1203 2754 1237 2772 an
1254 2745 1353 2772 actus?
1368 2744 1415 2771 sed
1439 2748 1466 2771 et
1487 2743 1539 2770 alia
1562 2741 1647 2768 multa

864 2793 1030 2828 hujusmodi.
1049 2792 1081 2819 Et
1098 2796 1160 2828 post
1184 2793 1258 2824 haec,
1279 2799 1342 2827 erga
1363 2790 1428 2825 quid
1443 2790 1485 2816 vel
1501 2786 1648 2824 .qnomodo

1470 2927 1507 2955 I’tl
