1892 3105
212 148 278 178 €9.91

632 148 660 176 S.
682 147 877 176 CLEMENTIS
897 147 906 175 Ι
924 147 1005 175 ιιολι.
1027 146 1127 175 PONT.
1148 147 1261 175 OPERA
1281 146 1394 175 DUBIA.

1775 143 1832 172 I292

211 207 259 238 sit,
277 211 325 234 aut
346 207 391 234 cui
412 206 449 234 sit
466 205 584 236 malum,
595 209 686 232 utrum
700 205 756 232 Deo
771 212 806 232 an
824 205 927 240 angelis
939 224 946 235 ,
963 212 997 231 an
1012 206 1033 234 Α
1049 204 1078 231 Si
1092 204 1201 240 quidem
1213 208 1243 231 ut
1257 203 1323 231 mihi
1334 203 1443 230 videtur
1457 201 1546 230 facere
1556 202 1612 234 vis,
1625 208 1682 237 ego
1694 201 1832 229 secundum

211 253 386 284 hominibus,
403 252 457 288 piis
471 260 507 280 an
522 251 630 287 impiis,
645 251 772 279 omnibus
787 259 820 278 an
840 251 977 286 aliquibus
988 270 996 282 .

212 305 246 325 an
258 299 311 326 sibi
329 299 392 333 ipsi,
407 306 441 325 an
456 298 533 325 nulli.
545 297 578 324 Et
592 302 658 324 tunc
671 297 854 331 interrogares
870 296 940 323 unde
950 297 996 330 sit,

212 348 370 370 utrumnam
387 351 401 370 a
419 342 484 376 Deo,
504 350 540 370 an
561 350 594 370 ex
613 342 717 375 nihilo,
739 349 883 377 semperne
904 341 996 375 fuerit,

211 395 247 415 an
262 396 297 415 ex
312 391 435 422 tempore
451 388 564 423 ceperit
575 408 582 420 ,
598 388 666 415 utile
685 388 721 415 sit
735 395 769 414 an
783 387 888 420 inutile,
904 393 930 414 et
944 388 998 414 alia

210 434 296 460 multa
310 440 370 468 quae
389 433 579 468 hujuscemodi
596 433 748 468 propositio
769 432 862 467 exigit.
878 432 919 459 Ad
939 432 997 460 haec

211 478 306 506 Simon
331 478 493 513 respondit:
521 478 633 514 Ignosce
659 478 737 511 mihi,
750 478 840 506 erravi
857 479 892 506 de
910 478 997 512 prima

210 524 434 559 interrogatione,
451 525 498 552 sed
512 529 576 559 puta
593 531 637 551 me
652 531 725 552 nunc
740 524 858 559 primum
877 524 997 552 interro-

209 576 285 604 gare,
297 573 340 597 est
356 569 457 596 malum
473 576 508 596 an
525 576 579 596 non
591 568 604 595 ?

244 624 338 652 XVIII.
359 625 392 652 Et
403 624 500 654 Petrus
514 625 552 651 ait
565 634 572 652 :
585 623 728 657 Quomodo
743 624 906 660 interrogas,
917 624 997 659 quasi

209 671 316 699 discere
330 673 426 700 volens
442 680 476 699 an
498 671 606 704 docere,
625 679 660 698 an
675 671 836 706 quaestionis
857 672 998 699 movenda:

209 719 316 753 gratia?
330 717 358 745 Si
375 718 484 753 quidem
498 718 576 752 quasi
589 718 695 745 discere
709 717 813 750 volens,
826 717 914 745 habeo
924 717 997 752 quod

207 769 235 792 te
248 765 326 799 prius
340 765 464 796 doceam,
482 768 512 791 ut
527 772 574 799 per
588 763 812 798 consequentiam
828 767 855 790 et
872 763 996 791 ordinem

205 812 340 839 doctrina:
365 812 497 843 veniens,
517 819 551 838 ex
569 815 596 838 te
623 811 682 844 ipso
704 810 841 845 intelligas
869 810 935 845 quid
960 810 998 838 sit

207 858 320 884 malum.
344 856 372 884 Si
390 864 456 884 vero
479 861 509 884 ut
530 857 632 884 docens
648 856 789 891 proponis,
813 864 867 883 non
887 856 996 892 indigeo

207 903 256 930 abs
272 907 297 930 te
316 903 421 934 doceri,
439 902 527 930 habeo
541 903 613 929 enim
630 902 788 936 magistrum
804 909 820 928 a
834 910 888 937 quo
902 903 995 930 omnia

207 947 304 975 didici.
328 947 408 980 Quod
424 949 447 975 si
468 948 630 982 qua‘stionis
643 946 785 974 movendae
798 950 825 974 et
837 946 995 982 disputandi

206 992 304 1028 gratia,
324 997 442 1028 uterque
466 998 591 1020 nostrum
618 993 695 1027 prius
718 993 790 1028 quod
806 993 858 1021 sibi
876 993 994 1028 videtur,

205 1044 325 1075 exponat
337 1044 364 1068 et
383 1040 420 1067 ita
436 1044 577 1068 certamen
594 1040 737 1067 habeatur.
752 1039 845 1075 Neque
859 1041 932 1068 enim
948 1049 995 1068 ve-

205 1093 266 1114 rum
279 1090 322 1114 est
337 1086 394 1121 (89)
411 1090 441 1114 ut
457 1087 610 1121 interroges
624 1086 702 1120 quasi
717 1085 824 1113 discere
838 1086 950 1119 volens,
967 1090 995 1114 et

205 1132 380 1159 eontradieas
394 1135 424 1158 ut
437 1131 551 1164 docens,
567 1135 597 1158 ut
611 1135 673 1166 post
681 1131 890 1166 responsionem
905 1140 994 1159 meam

205 1179 234 1206 in
250 1182 296 1205 tuo
312 1178 419 1213 judicio
433 1179 470 1206 sit
485 1178 589 1210 dicere,
606 1179 629 1205 si
645 1178 714 1205 bene
724 1185 759 1205 an
777 1178 848 1205 male
863 1178 992 1205 dixerim.

204 1225 321 1260 Propter
343 1225 416 1260 quod
448 1233 503 1253 non
531 1230 609 1260 potes
638 1225 665 1252 in
687 1224 748 1252 loco
780 1224 994 1253 contradicentis

204 1271 375 1306 stansjudex
398 1279 459 1299 esse
475 1279 570 1299 eorum
582 1279 644 1306 quae
662 1271 800 1304 dicimus;
820 1275 848 1299 et
870 1271 942 1303 ideo,
965 1275 995 1298 ut

204 1316 272 1349 dixi,
286 1317 310 1344 si
325 1320 464 1343 certamen
483 1316 639 1344 habendum
661 1321 716 1349 est,
734 1322 849 1350 uterque
868 1321 994 1344 nostrum

204 1364 276 1398 quod
292 1364 375 1390 sentit
393 1366 522 1398 exponat,
549 1366 576 1390 et
594 1364 674 1391 nobis
691 1364 718 1390 in
740 1363 870 1390 conﬂictu
895 1364 994 1398 positis

204 1409 326 1444 religiosi
341 1409 482 1436 auditores
501 1409 530 1436 hi
542 1408 610 1443 justi
622 1408 731 1443 judices
745 1412 837 1436 erunt.

239 1477 310 1506 XIX.
333 1477 366 1504 Et
382 1477 477 1505 Simon
502 1487 509 1505 :
525 1477 583 1505 Non
600 1477 648 1505 tibi
668 1477 774 1505 videtur
792 1477 941 1505 absurdum
963 1481 992 1505 ut

205 1525 349 1560 imperitus
372 1524 489 1559 populus
514 1523 549 1551 de
566 1524 669 1552 nostris
685 1524 768 1552 dictis
794 1524 892 1552 habeat
917 1525 992 1560 judi-

203 1571 302 1598 cium?
317 1571 348 1597 Et
361 1570 478 1597 Petrus:
497 1569 555 1598 Non
574 1571 610 1598 ita
628 1575 679 1604 est,
697 1569 770 1606 quod
787 1571 859 1597 enim
873 1571 919 1597 uni
939 1570 993 1598 for-
1006 1564 1027 1593 C

203 1621 278 1644 tasse
295 1616 387 1643 minus
415 1616 510 1651 liquet,
530 1616 689 1652 investigari
707 1625 722 1644 a
740 1616 867 1652 plurimis
883 1618 992 1652 poterit,

203 1670 267 1690 nam
284 1670 356 1697 smpe
385 1662 466 1690 etiam
493 1661 564 1689 fama
593 1663 666 1698 vulgi
693 1663 844 1699 prophetiae
873 1664 992 1699 speciem

203 1712 287 1735 tenet.
304 1708 393 1742 Super
409 1707 467 1734 lizec
483 1711 574 1735 autem
591 1709 693 1741 omnia,
709 1716 828 1744 przcsens
842 1708 887 1736 hic
903 1709 995 1736 omnis

204 1754 320 1789 populus
344 1761 437 1781 amore
459 1753 507 1780 Dei
525 1754 693 1782 constrictus
710 1755 754 1781 hic
771 1757 862 1786 astat,
881 1754 992 1789 verique

203 1799 387 1835 cognosoendi
409 1800 509 1835 gratia,
525 1803 551 1827 et
568 1799 630 1827 ideo
648 1807 744 1827 omnes
762 1799 807 1827 isti
824 1800 902 1834 quasi
920 1807 992 1827 unus

204 1846 345 1873 habendus
361 1849 481 1881 est,.pro
497 1854 552 1873 uno
569 1845 718 1880 eodemque
731 1852 796 1880 erga
809 1853 931 1873 amorem
946 1853 992 1873 ve-

204 1892 295 1918 ritatis
312 1891 428 1923 affectu,
459 1892 530 1918 sicut
550 1899 564 1918 e
589 1891 730 1918 contrario
746 1890 800 1918 duo
823 1890 894 1917 inter
910 1899 940 1918 se
968 1890 991 1918 si

203 1936 387 1969 dissentiant,
412 1937 490 1963 multi
507 1940 572 1964 sunt
587 1941 615 1964 et
635 1936 748 1964 diversi.
782 1935 811 1964 Si
837 1940 927 1964 autem
949 1937 991 1965 vis

204 1981 333 2008 indicium
350 1990 466 2018 capere,
482 1983 619 2018 quomodo
636 1984 726 2011 omnis
744 1982 790 2010 hic
810 1983 927 2019 populus
943 1984 990 2019 qui

202 2031 274 2054 astat
289 2028 369 2063 quasi
390 2036 462 2056 unus
477 2030 513 2055 sit
530 2029 623 2062 homo,
638 2038 670 2057 ex
688 2030 797 2057 silentio
813 2030 873 2065 ejus
890 2030 951 2065 ipso
963 2034 990 2058 et

201 2073 294 2107 quiete
311 2074 468 2106 considera,
485 2076 624 2109 quomodo
641 2083 702 2102 cutn
720 2075 794 2102 omni
813 2076 943 2110 patientia
961 2080 990 2103 ut

201 2118 288 2151 vides,
303 2119 384 2146 etiam
402 2124 549 2154 antequam
566 2120 685 2152 discant,
702 2120 810 2147 veritati
834 2120 881 2148 Dei
903 2121 989 2148 hono-

202 2171 260 2191 rem
286 2164 423 2192 deferuuit.
452 2165 578 2193 Nondum
603 2166 677 2193 enim
707 2166 838 2202 majorem
863 2167 988 2199 cultum,

1049 249 1172 285 magistri
1189 249 1242 277 mei
1258 253 1422 284 praeceptum
1438 247 1497 275 fieri
1510 248 1588 280 volo,
1606 248 1657 283 qui
1673 247 1765 282 primo
1782 254 1832 274 oni-

1048 296 1124 324 nium
1142 295 1262 323 Hebraeae
1282 295 1368 331 genti,
1393 303 1475 330 quam
1491 294 1598 322 sciebat
1621 293 1731 321 babeee
1753 294 1834 328 cogni-

1048 339 1150 367 tionem
1168 339 1216 367 Dei
1230 344 1258 367 et
1271 340 1344 375 quod
1360 340 1419 375 ipse
1433 344 1506 367 esset
1517 340 1563 375 qui
1579 339 1682 367 fecerit
1698 339 1832 369 mundum,

1048 386 1188 421 prmcepit,
1205 394 1259 413 non
1275 390 1305 413 ut
1321 394 1383 414 eum
1395 390 1529 421 quaereret
1543 393 1626 421 quem
1652 385 1780 417 sciebat,
1796 385 1835 412 sed

1046 432 1214 459 voluntatem
1230 432 1291 467 ejus
1303 431 1496 466 iustitiamque
1515 431 1696 466 perquireret
1710 430 1800 458 sciens
1807 430 1835 462 “¹,

1047 479 1111 514 quia
1125 479 1153 506 in
1168 479 1308 507 hominum
1322 479 1439 506 arbitrio
1449 478 1567 514 positum
1581 481 1636 511 est,
1654 481 1687 504 ut
1704 477 1761 505 hoc
1774 486 1837 513 qua:-

1047 529 1140 553 rentes
1155 526 1295 553 inveniant
1318 530 1345 553 et
1367 524 1467 552 faciant
1490 529 1573 560 atque
1588 524 1748 551 observent
1768 532 1797 551 ea
1809 525 1837 552 de

1047 572 1148 607 quibus
1161 571 1303 607 judicandi
1320 575 1394 599 sunt.
1410 571 1443 597 Et
1456 570 1517 598 ideo
1530 570 1616 605 jussit
1637 578 1696 597 nos
1710 578 1837 605 quaerere,

1047 625 1101 645 non
1117 617 1189 645 unde
1203 618 1239 645 sit
1258 617 1373 649 malum,
1387 621 1417 644 ut
1431 620 1461 644 tu
1477 617 1560 651 paulo
1582 620 1650 643 ante
1669 616 1837 651 requirebas,

1047 663 1094 692 sed
1109 663 1244 698 justitiam
1265 663 1330 691 boni
1351 663 1399 690 Dei
1416 671 1573 698 regnumque
1587 662 1665 697 ejus,
1684 667 1712 689 et
1738 663 1838 694 omnia,

1046 710 1150 745 inquit,
1174 709 1228 736 Ita'c
1248 708 1408 743 adﬁcientur
1424 708 1497 735 vobis
1506 707 1539 734 ⁸⁷.
1566 706 1600 733 Et
1621 706 1725 733 Simon
1742 716 1749 733 ε
1772 707 1840 740 Quo-

1047 756 1132 788 niam,
1148 755 1247 790 inqu'tt,
1269 754 1392 782 Hebraeis
1409 754 1462 782 ista
1483 752 1655 780 mandantur
1677 753 1758 780 velut
1774 759 1840 780 recte

1048 801 1200 830 scientibus
1214 800 1299 827 Deum
1314 804 1341 827 et
1355 799 1544 836 opinantibus.
1557 799 1631 834 quod
1648 799 1841 835 unusquisque

1048 847 1075 874 in
1093 854 1144 875 suo
1169 846 1282 874 arbitrio
1299 846 1397 873 habeat
1421 853 1502 880 agere
1524 853 1566 876 ea,
1586 845 1620 872 de
1648 845 1757 880 quibus
1771 846 1840 880 judi-

1011 884 1032 913 Β
1046 893 1150 920 candus
1162 896 1215 925 est,
1234 892 1301 918 mihi
1315 895 1406 918 autem
1418 890 1452 918 ab
1465 890 1521 917 illis
1534 890 1678 926 discrepat
1693 890 1840 921 sententia,

1045 938 1119 966 unde
1133 938 1176 966 vis
1191 941 1222 965 ut
1232 938 1361 972 incipiam
1373 937 1386 964 ’ἓ

1079 983 1150 1012 XXI.
1172 983 1241 1011 Tum
1258 982 1377 1011 Petrus:
1395 982 1468 1018 Ego,
1494 981 1601 1018 inquit,
1625 981 1737 1009 suadeo
1754 981 1843 1016 primo

1044 1029 1222 1065 quaerendum
1239 1036 1317 1059 esse.
1332 1029 1356 1056 si
1382 1028 1409 1054 in
1437 1031 1571 1063 potestate
1588 1031 1687 1054 nostra
1711 1030 1757 1053 est
1772 1027 1843 1053 scire

1045 1074 1117 1102 unde
1130 1073 1274 1110 judicandi
1294 1074 1392 1101 simus.
1410 1073 1443 1100 Et
1459 1072 1554 1100 Simon
1568 1081 1575 1099 :
1592 1071 1653 1098 Non
1670 1071 1722 1102 ita,
1742 1072 1841 1106 inquit,

1044 1121 1091 1150 sed
1111 1121 1145 1148 de
1157 1120 1222 1153 Deo,
1237 1120 1310 1147 unde
1325 1123 1353 1147 et
1367 1127 1464 1147 omnes
1481 1119 1528 1154 qui
1544 1122 1646 1154 praesto
1661 1122 1732 1146 sunt
1748 1119 1842 1146 audire

1044 1167 1170 1202 cupiunt.
1187 1166 1220 1193 Et
1236 1165 1353 1193 Petrus:
1370 1165 1485 1192 Constat
1500 1171 1565 1199 ergo
1580 1163 1653 1199 apud
1670 1167 1711 1196 te,
1725 1165 1793 1199 quia
1803 1168 1843 1191 est

1045 1212 1147 1249 aliquid
1166 1213 1194 1240 in
1214 1212 1319 1239 arbitrii
1337 1215 1494 1248 potestate;
1512 1210 1598 1238 fatere
1615 1210 1669 1236 hoc
1685 1213 1800 1237 tantum
1820 1211 1841 1237 si

1044 1264 1097 1293 est,
1109 1263 1136 1287 et
1147 1259 1323 1294 requiramus
1334 1263 1363 1285 ut
1379 1258 1459 1287 dicis,
1476 1256 1509 1284 de
1532 1255 1598 1283 Deo.
1615 1255 1717 1283 Simon
1734 1256 1770 1283 ad
1787 1257 1842 1284 hac

1045 1305 1207 1341 respondit:
1225 1303 1413 1339 Nequaquam.
1433 1303 1467 1330 Et
1486 1302 1607 1330 Petrus:
1627 1300 1658 1329 Si
1678 1309 1752 1337 ergo
1775 1302 1842 1329 nihil

1044 1351 1124 1378 estin
1137 1354 1231 1377 nostra
1245 1352 1392 1384 potestate,
1408 1347 1575 1383 superfluum
1588 1351 1631 1375 est
1644 1355 1698 1375 nos
1717 1355 1843 1383 querere

1044 1395 1149 1432 aliquid
1163 1395 1197 1423 de
1211 1394 1278 1427 Deo,
1295 1402 1358 1421 cum
1375 1395 1403 1422 in
1420 1398 1557 1430 potestate
1579 1401 1635 1420 non
1654 1393 1692 1420 sit
1713 1402 1843 1429 quaren-

1044 1443 1118 1470 tibus
1132 1442 1265 1470 invenire.
1284 1440 1360 1469 Unde
1370 1440 1440 1468 bene
1455 1440 1577 1467 dixeram
1594 1439 1646 1467 hoc
1659 1439 1757 1474 primo
1768 1448 1844 1475 qua-

1044 1488 1159 1515 rendum
1173 1495 1246 1519 esse,
1273 1487 1295 1515 si
1319 1490 1363 1514 est
1379 1486 1483 1521 aliquid
1501 1486 1528 1512 in
1553 1485 1661 1512 arbitrii
1686 1490 1842 1521 potestate.

1044 1533 1113 1560 Tum
1128 1532 1223 1561 Simon
1238 1542 1245 1561 :
1261 1532 1320 1560 Non
1333 1540 1492 1568 possumus,
1508 1531 1607 1566 inquit,
1625 1539 1661 1559 ne
1676 1532 1735 1559 hoc
1751 1532 1843 1568 ipsum
1880 1523 1881 1533 ‘

1044 1580 1153 1614 quidem
1171 1579 1323 1614 intelligere
1337 1578 1410 1615 quod
1425 1579 1507 1610 dicis,
1526 1578 1548 1605 si
1566 1581 1610 1606 est
1623 1578 1734 1613 aliquid
1755 1579 1785 1606 iu
1800 1587 1844 1606 ar-

1044 1626 1118 1653 bitrii
1135 1629 1280 1661 potestate.
1298 1624 1333 1652 At
1349 1624 1448 1652 Petrus
1460 1624 1557 1652 videns
1578 1624 1652 1659 quod
1676 1624 1713 1651 ad
1732 1629 1844 1660 partem

1044 1680 1073 1701 se
1088 1673 1328 1700 contentiosiorem
1347 1672 1478 1703 declinat,
1498 1671 1623 1707 superari
1642 1677 1797 1702 metuens.
1816 1675 1845 1698 ut

1043 1718 1122 1754 quasi
1143 1719 1275 1745 incertum
1293 1717 1445 1744 confundat
1463 1718 1567 1749 omnia,
1583 1717 1734 1752 respondit
1745 1724 1754 1742 :
1767 1717 1846 1750 Quo-

1043 1764 1124 1792 modo
1139 1772 1204 1799 ergo
1222 1764 1288 1795 scis,
1303 1763 1368 1798 quia
1389 1771 1444 1790 non
1460 1767 1502 1791 est
1516 1763 1545 1790 in
1562 1762 1682 1790 hominis
1698 1767 1845 1799 potestate

1043 1811 1113 1838 scire
1130 1810 1243 1845 aliquid,
1260 1817 1321 1836 cum
1338 1809 1390 1836 hoc
1407 1809 1495 1844 ipsum
1513 1809 1608 1837 scias?

1077 1854 1160 1883 XXII.
1183 1855 1216 1882 Et
1241 1854 1358 1882 Simon:
1384 1853 1501 1886 Nescio,
1518 1854 1627 1889 inquit,
1659 1853 1684 1882 si
1714 1855 1762 1882 vel
1790 1855 1842 1883 hoc

1042 1902 1132 1938 ipsum
1147 1901 1253 1933 sciam;
1271 1900 1459 1935 unusquisque
1473 1900 1547 1927 enim
1572 1900 1646 1928 sicut
1663 1900 1689 1927 ei
1709 1900 1771 1928 fato
1794 1901 1843 1930 de-

1042 1947 1182 1979 cernitur,
1198 1946 1240 1974 vel
1257 1945 1312 1980 agit
1327 1945 1431 1981 aliquid
1447 1945 1488 1972 vel
1506 1945 1634 1980 intelligit
1657 1945 1701 1973 vel
1722 1946 1839 1981 patitur.

1042 1993 1111 2020 Tum
1125 1992 1243 2020 Petrus:
1270 1990 1377 2024 Videte,
1396 1991 1504 2026 inquit,
1522 1989 1622 2017 fratres
1635 2011 1643 2022 ,
1662 1991 1690 2017 in
1705 1999 1771 2026 quat
1792 1991 1837 2018 ab-

1041 2036 1124 2064 surda
1140 2035 1272 2063 deciderit
1295 2034 1399 2068 Simon,
1423 2034 1468 2070 qui
1487 2039 1550 2062 ante
1575 2042 1666 2061 meum
1683 2035 1839 2063 adventum
1880 2034 1881 2063 ἲ

1040 2082 1173 2115 docebat,
1188 2081 1260 2116 quod
1288 2080 1415 2108 homines
1441 2079 1468 2106 in
1487 2083 1624 2115 potestate
1653 2080 1794 2108 haberent
1812 2087 1838 2108 es

1040 2135 1137 2163 sapere
1158 2131 1186 2155 et
1205 2126 1294 2154 facere
1318 2134 1378 2161 qua
1398 2126 1515 2159 vellent,
1530 2133 1604 2153 nunc
1628 2125 1658 2152 in
1683 2131 1835 2162 angustum

1040 2175 1168 2203 redactus
1195 2173 1361 2201 necessitate
1377 2173 1535 2204 verborum,
1550 2175 1632 2207 negat
1649 2180 1715 2200 esse
1734 2174 1763 2200 in
1787 2173 1836 2200 bo-

201 2218 282 2245 quem
296 2212 320 2260 ei
343 2212 449 2260 deferre
462 2212 589 2260 debeant,
604 2213 767 2241 didicerunt.
783 2214 898 2250 Propter
914 2215 989 2250 quod
1004 2232 1025 2260 Β
1040 2220 1122 2248 minis
1136 2223 1272 2255 potestate
1288 2221 1336 2246 aut
1352 2217 1487 2246 sentiendi
1503 2217 1605 2253 aliquid
1622 2222 1671 2245 aut
1683 2219 1798 2255 agendi,
1810 2226 1836 2247 et

202 2264 283 2291 spero
304 2257 338 2284 de
360 2258 504 2286 clementia
520 2258 578 2291 Dei,
597 2260 669 2295 quod
693 2260 849 2295 religiosum
865 2262 989 2296 proposi—

202 2308 260 2330 tum
277 2304 375 2331 mentis
388 2311 483 2332 eorum
494 2305 670 2340 amplectetur
679 2313 743 2341 erga
757 2314 796 2339 se,
807 2311 833 2334 et
847 2309 987 2334 veritatem

201 2348 358 2383 praedicanti
378 2349 499 2378 victoria:
520 2351 637 2386 palmam
655 2351 745 2384 dabit,
761 2356 791 2379 ut
811 2351 987 2379 manifestum

200 2394 240 2420 eis
258 2393 338 2422 faciat
354 2396 475 2423 veritatis
489 2404 654 2431 praeconem.

236 2445 295 2474 XX.
316 2445 384 2473 Tum
406 2446 523 2475 Simon:
542 2447 580 2476 De
605 2456 679 2484 quo.
693 2449 800 2485 inquit,
825 2449 867 2477 vis
891 2449 986 2478 haberi

200 2493 357 2519 certamen?
371 2493 427 2526 die,
441 2498 471 2523 ut
487 2499 514 2522 et
528 2502 578 2530 ego
594 2495 721 2522 definiam
737 2496 810 2531 quod
830 2496 897 2523 mihi
911 2496 986 2523 vide-

200 2542 257 2570 tur,
275 2543 302 2566 et
318 2539 354 2566 ita
380 2541 496 2575 quaestio
521 2541 645 2575 incipiat.
664 2541 696 2568 Et
711 2541 809 2569 Petrus
826 2542 984 2577 respondit:

1040 2271 1130 2293 tamen
1145 2265 1225 2292 audet
1242 2272 1271 2292 se
1287 2265 1426 2291 doctorem
1445 2262 1577 2299 proﬁteri.
1597 2263 1653 2291 Sed
1679 2264 1747 2298 dic,
1768 2273 1837 2301 quo-

1038 2312 1120 2340 modo
1131 2319 1195 2347 ergo
1206 2311 1277 2339 Deus
1286 2310 1392 2346 judicat
1405 2310 1557 2338 secundum
1569 2310 1721 2338 veritatem
1734 2319 1837 2339 unum-

1038 2366 1174 2394 quemque
1199 2366 1249 2393 pro
1265 2357 1374 2385 actibus
1390 2357 1460 2391 suis,
1477 2357 1501 2385 si
1516 2365 1598 2392 agere
1613 2357 1724 2393 aliquid
1744 2359 1772 2385 in
1787 2366 1835 2393 po-

1039 2408 1139 2432 testate
1156 2411 1211 2431 non
1229 2402 1413 2431 babuit?ﬂoc
1428 2403 1451 2431 si
1468 2407 1606 2437 teneatur,
1618 2404 1757 2432 convulsa
1772 2410 1834 2432 sunt

1038 2450 1142 2481 omnia,
1156 2449 1258 2477 frustra
1281 2450 1333 2477 erit
1347 2449 1469 2477 studium
1486 2448 1611 2477 sectandi
1632 2449 1772 2483 meliora,
1787 2450 1834 2477 sed

1038 2501 1066 2525 et
1076 2496 1184 2532 judices
1195 2497 1287 2524 saeculi
1305 2496 1409 2524 frustra
1422 2496 1529 2531 legibus
1539 2499 1665 2532 praesunt
1675 2499 1702 2523 et
1714 2496 1834 2532 puniunt

1038 2550 1086 2570 eos
1108 2542 1155 2577 qui
1181 2542 1252 2569 male
1268 2547 1371 2577 agunt;
1395 2549 1450 2569 non
1471 2542 1544 2569 enim
1561 2541 1591 2568 in
1617 2549 1670 2570 sua
1694 2544 1834 2577 potestate

255 2616 278 2632 '“
297 2615 436 2655 voeabula
452 2618 586 2655 sciens_—-_-
596 2617 813 2655 judicandisunt
831 2623 857 2645 et
877 2626 938 2655 qua:
968 2618 1048 2653 paulo
1064 2623 1126 2655 post
1153 2624 1306 2655 sequuntur
1326 2625 1352 2647 at
1370 2617 1765 2654 opinantibus—judicatus
1788 2624 1833 2647 est

200 2653 303 2680 desunt
319 2653 347 2679 in
363 2657 480 2688 utroque
495 2653 558 2680 cod.
574 2652 650 2687 Lips.
688 2654 710 2670 ⁸⁷
732 2653 827 2681 Matth.
845 2652 943 2686 “,755.

849 2729 1032 2758 COTELERII
1054 2730 1169 2760 ΝΟΤᾹΞ.

237 2800 292 2834 (89)
311 2799 399 2834 Neque
418 2797 486 2826 enim
500 2804 650 2835 verumiest.
677 2798 787 2835 Ἀληθές
808 2800 865 2825 ἐστι
883 2808 932 2835 pro
946 2800 986 2827 δι-

203 2835 280 2860 κιιὸν
295 2835 362 2864 ἐστι,
375 2836 462 2861 oratio
474 2836 574 2861 Attica.
592 2834 686 2860 Verum
702 2834 740 2861 est
755 2842 802 2868 pro
816 2834 919 2868 justum
933 2840 984 2867 est,

207 2876 308 2902 aequum
328 2873 381 2899 est,
401 2871 488 2897 oratio
511 2869 643 2897 Romana.
661 2869 760 2896 Doccnt
775 2892 781 2901 ,
804 2869 984 2903 adductisque

1039 2799 1171 2834 exemplis
1194 2798 1303 2826 ﬁrmant
1311 2797 1517 2834 jrammatici,
1532 2801 1646 2834 veteres
1668 2805 1702 2826 ac
1727 2805 1823 2828 recen-

1037 2831 1132 2867 tiores.
1151 2831 1289 2866 Horatius,
1306 2831 1392 2867 Epist.
1410 2834 1432 2866 I,
1446 2841 1494 2866 vn,
1508 2833 1542 2861 98
1559 2841 1566 2860 :

1055 2866 1147 2896 Metiri
1163 2876 1189 2896 se
1206 2866 1390 2903 quematte'suo
1404 2869 1507 2896 modulo
1523 2877 1554 2896 ac
1568 2868 1633 2903 pede
1650 2877 1746 2897 ιιεγιυιι
1763 2872 1814 2896 ιιι.
