1892 3105
49 168 106 195 1295

653 159 935 191 BECOGNITIO‘NUM
957 161 1019 190 LIB.
1042 160 1086 189 III.

1588 161 1654 188 I234

46 227 201 256 habuerunt,
220 227 251 251 ut
268 231 321 250 non
339 226 495 257 peccarent.
514 221 590 248 Vana
610 226 691 248 erunt
708 223 736 247 et
754 219 816 253 jura
831 219 855 248 Δ
869 219 931 246 coeli
956 223 984 247 et
1009 220 1161 247 ministeria
1178 217 1344 246 necessariis
1371 216 1491 244 molibus
1515 221 1651 244 constant.

45 272 212 307 populorum,
228 277 290 305 quae
314 269 394 297 malis
417 267 524 296 actibus
549 274 645 302 pmnas
673 268 816 297 statuunt;

44 317 126 344 mis'eri
142 319 223 343 erunt
252 319 277 342 et
293 315 320 342 hi
340 315 386 346 qui
404 318 516 342 servant
531 321 594 340 cum
620 313 712 340 labore
735 311 818 346 justi-

42 364 109 394 tiam,
137 361 206 389 beati
229 361 295 388 vero
317 361 355 387 illi
377 360 424 395 qui
448 360 475 386 in
501 359 607 386 deliciis
625 358 725 393 positi.
753 364 816 384 cum

42 409 138 436 luxuria
153 412 179 434 et
197 408 302 435 scelere
315 407 437 434 viventes
453 405 625 442 tyrannidem
640 407 745 431 tenent.
767 401 816 429 Sc-

40 455 148 482 cundum
160 453 219 480 haec
230 460 297 488 ergo
312 460 363 480 nec
374 451 482 487 justitia
494 451 556 482 erit,
568 457 618 476 nec
632 449 750 481 bonitas,
765 455 815 475 nec

40 500 86 526 ulla
99 498 196 531 virtus,
207 502 248 531 et,
263 501 293 524 ut
310 498 364 529 visI
376 504 427 524 nec
443 496 523 523 Deus.
532 494 585 522 Sed
598 494 666 527 hate,
677 501 694 520 ο
709 493 814 525 Simon,

38 554 82 573 cur
99 545 200 573 dixeris
228 545 302 578 seio;
329 544 423 571 volens
453 541 574 577 profecto
600 540 718 575 eii’ugere
740 547 814 574 (μιαι-

38 592 147 623 sliones,
171 599 205 617 ne
227 591 317 625 possis
345 587 518 616 manifestius
535 586 684 619 confutari,
705 590 732 612 et
752 585 813 612 ideo

37 636 72 661 ais
87 643 137 662 non
159 643 222 662 esse
246 635 273 661 in
289 638 424 669 potestate
447 633 565 660 hominis
589 631 690 658 sentire
711 631 812 665 aliquid

36 685 77 707 aut
88 681 220 708 invenire.
238 680 266 707 Si
282 681 354 707 enim
368 687 430 707 vere
445 679 497 706 hoc
518 679 556 705 ita
580 677 734 708 sensisses,
757 684 812 703 non

36 727 121 761 utique
136 726 218 753 etiam
235 729 299 752 ante
320 725 465 752 adventum
481 731 571 750 meum
596 723 667 757 apud
683 722 811 757 populqu

36 775 58 798 te
79 770 246 805 proﬁtereris
269 771 420 797 doctorem.
436 769 493 804 Ego
508 769 591 804 igitur
605 769 677 796 dicor.
688 768 731 795 sui
751 774 812 794 esse

35 816 129 842 arbitrii
143 816 294 843 hominem.
307 815 340 842 Ει
356 815 450 842 Simon
464 825 469 842 :
486 814 555 847 Quid
568 819 609 842 est
625 814 666 841 sui
684 813 812 840 arbitrii?

35 861 73 888 dic
86 862 172 889 nobis.
187 861 285 888 Petrus
302 861 334 887 ad
349 861 406 888 haec
420 871 427 888 :
442 860 470 887 Si
486 860 553 887 nihil
567 863 654 895 potest
665 859 746 890 disci,
761 865 811 885 cur

34 910 56 933 et
70 906 161 934 audire
175 907 237 934 vis?
248 906 282 934 Et
298 906 392 934 Simon
409 916 416 934 ε
432 906 504 933 Nihil
518 906 605 934 habes
620 905 654 932 ad
669 906 720 932 hoc
735 904 808 940 quod
824 896 846 924 Β

35 953 191 986 respondeas
202 953 214 980 ?

62 1006 149 1034 XXIII.
166 1007 236 1034 Tum
262 1007 362 1035 Petrus
380 1017 387 1035 :
414 1007 517 1039 Dicam,
536 1015 592 1034 non
610 1015 626 1034 a
644 1011 670 1035 te
685 1007 809 1042 compul—

33 1061 84 1085 sus,
108 1054 154 1082 sed
171 1054 206 1081 ab
221 1054 394 1081 auditoribus
415 1057 537 1088 rogatus.
553 1053 666 1080 Arbitrii
687 1057 808 1088 potestas

31 1105 67 1127 est
89 1109 184 1128 sensus
204 1101 312 1131 animae,
326 1101 430 1128 habens
452 1101 592 1131 virtutem,
603 1092 656 1134 qua
671 1099 757 1134 possit
770 1099 804 1126 ad

31 1154 92 1180 quos
105 1147 167 1174 velit
185 1151 266 1174 actus
276 1146 401 1174 inclinari
417 1145 484 1181 (90).
501 1144 569 1172 Tum
595 1144 689 1172 Simon
704 1145 808 1172 collau-

32 1193 91 1220 dans
101 1192 210 1220 Petrum
233 1201 315 1227 super
334 1192 377 1219 his
390 1200 450 1226 qua:
465 1192 570 1218 dixerat
586 1200 593 1219 :
610 1190 688 1223 Vere,
706 1191 806 1226 inquit.

33 1237 164 1271 magniﬁce
175 1241 201 1264 et
213 1237 468 1273 incomparabiliter
477 1237 639 1271 exposuisti,
650 1237 719 1264 bene
733 1238 806 1264 enim

31 1281 121 1308 dicenti
145 1282 193 1309 tibi
219 1282 305 1309 debeo
330 1281 518 1309 testimonium
537 1282 601 1309 dare
618 1291 624 1309 :
640 1282 692 1309 hoc
715 1285 806 1310 tamen

31 1326 94 1359 quod
110 1332 133 1354 te
150 1328 289 1362 interrogo
305 1335 378 1354 nunc
392 1327 416 1354 si
430 1328 592 1362 exposueris
608 1328 684 1359 mihi,
701 1328 728 1355 in
753 1336 806 1356 cte-

32 1373 88 1400 teris
112 1374 239 1401 omnibus
267 1374 462 1409 obtemperabo
484 1374 552 1407 tibi;
567 1374 639 1409 quod
663 1382 729 1409 ergo
745 1376 806 1402 volo

31 1417 125 1445 discere
139 1418 190 1446 hoc
204 1422 247 1446 est
262 1427 269 1446 :
288 1418 316 1445 Si
331 1419 402 1454 quod
421 1419 492 1446 Deus
508 1419 565 1446 vult
579 1427 649 1453 esse,
665 1424 722 1453 est;
739 1423 766 1447 et
781 1420 806 1448 si

31 1462 93 1494 quod
108 1471 160 1491 non
175 1464 233 1491 vult
247 1471 317 1494 esse.
330 1472 383 1491 non
395 1464 454 1491 est?
467 1464 500 1491 de
515 1464 566 1491 hoc
582 1465 716 1500 responde
727 1465 805 1492 mihi.

32 1507 59 1534 Et
81 1508 172 1537 Petrus
189 1520 198 1537 τ
216 1509 244 1536 Si
271 1511 380 1545 ignoras
395 1510 468 1545 quod
494 1510 612 1538 absurde
626 1514 652 1537 et
667 1511 806 1546 incompe-

32 1555 109 1578 tenter
123 1553 285 1589 interroges,
306 1554 450 1589 ignescens
466 1554 514 1581 tibi
530 1555 589 1590 ipse
611 1563 763 1590 exponam;
781 1556 802 1583 si
817 1570 842 1603 α

31 1600 110 1624 autem
137 1599 192 1627 scis
219 1600 290 1634 quod
314 1600 542 1635 inconsequenter
561 1601 731 1636 interrogas,
749 1610 803 1629 non

31 1648 95 1670 recte
107 1643 183 1672 lacis.
205 1645 274 1672 Tum
290 1645 383 1673 Simon
401 1656 406 1673 ι
422 1646 498 1678 Juro,
515 1647 614 1682 inquit,
631 1647 717 1682 ipsam
730 1656 804 1684 qua:-

31 1695 127 1737 euuque
141 1691 186 1718 illa.
198 1695 241 1719 est
255 1699 389 1719 summam
403 1691 587 1725 Divinitatem,
597 1701 657 1728 qua:
671 1694 751 1721 habet
763 1696 805 1730 ju-

31 1733 119 1761 (licium
134 1740 161 1763 et
174 1737 323 1763 vindictam
334 1737 360 1764 in
371 1745 419 1764 eos
430 1737 476 1773 qui
493 1744 616 1772 peccant,
632 1739 695 1774 quia
709 1740 804 1775 ignoro

30 1779 86 1812 quid
99 1782 312 1817 incompetenter
327 1783 442 1810 dixerim
456 1787 483 1810 et
497 1784 562 1819 quid
578 1784 605 1811 in
626 1785 716 1813 verbis
735 1786 804 1814 meis

30 1823 152 1853 habeatur
178 1828 340 1861 absurdum,
368 1829 396 1856 in
416 1829 459 1857 his
480 1829 614 1857 duntaxat
628 1838 688 1866 qua:
704 1839 804 1867 propo-

31 1876 77 1897 5111.

60 1915 147 1946 XXIV.
159 1919 200 1946 Ad
215 1919 272 1947 haec
284 1919 382 1947 Petrus
396 1919 558 1954 :Quoniam,
574 1922 672 1958 inquit,
686 1927 711 1951 te
726 1924 803 1959 igno—

29 1968 82 1988 rare
107 1964 250 1993 confessus
274 1973 314 1997 es,
330 1966 416 1993 disce.
434 1965 613 2003 Interrogatio
628 1972 674 1995 tua
697 1969 804 1998 duobus

28 2006 73 2033 sibi
87 2008 199 2037 invicem
215 2011 359 2038 contrariis
373 2019 455 2038 unam
468 2013 630 2040 sententiam
644 2015 803 2049 postulavit.

27 2050 123 2082 Etenim
145 2057 236 2084 omnis
261 2061 352 2084 motus
377 2057 404 2084 in
419 2057 489 2085 duas
510 2063 602 2093 partes
617 2059 758 2092 dividitur,
773 2065 804 2088 ut

27 2099 139 2131 quaedam
170 2102 345 2135 necessitate,
365 2104 488 2138 qumdam
515 2105 654 2133 voluntate
675 2114 804 2134 movean-

27 2147 74 2175 tur.
90 2151 115 2174 et
130 2156 160 2175 ea
174 2149 283 2184 quidem
299 2157 359 2184 qua:
372 2151 524 2178 necessitas
539 2156 628 2179 movet
643 2160 752 2188 semper
776 2154 802 2181 in

26 2196 93 2219 motu
117 2201 188 2228 sunt,
215 2204 275 2231 qua:
305 2205 369 2224 vero
395 2197 520 2225 voluntas
544 2207 598 2226 non
634 2207 750 2235 semper.
768 2200 803 2228 Ut

868 265 955 293 Homo
966 274 1030 294 vero
1043 269 1152 292 actuum
1168 272 1279 292 suorum
1291 268 1380 291 motus
1394 263 1562 290 voluntarios
1572 264 1652 297 gerit.

867 310 900 337 Et
924 310 985 338 ideo
1009 311 1063 338 alia
1087 314 1162 342 sunt,
1175 318 1236 345 quae
1259 310 1294 337 ob
1310 310 1362 336 hoc
1376 313 1467 336 creata
1487 311 1561 340 sunt,
1580 312 1610 335 ut
1625 309 1653 335 in

865 357 1028 385 ministeriis
1051 357 1109 384 suis
1135 356 1299 384 necessitate
1311 354 1477 387 deserviant,
1496 362 1548 382 nec
1565 354 1653 383 facere

866 402 940 430 aliud
957 403 1097 438 quidpiam
1122 403 1230 437 possint
1243 401 1296 429 nisi
1311 401 1383 436 quod
1397 401 1437 429 eis
1452 404 1583 428 statutum
1599 404 1652 432 est,

865 455 927 474 eum
956 453 1046 475 autem
1063 448 1086 464 ⁸⁸
1108 448 1276 483 expleverint
1304 447 1488 474 ministerium
1503 466 1511 479 ,
1538 446 1652 474 Creator

864 493 985 520 omnium
998 494 1046 529 qui
1059 494 1094 521 ita
1107 494 1252 521 constituit
1262 501 1294 521 ea
1309 497 1389 529 prout
1400 493 1525 524 voluerit,
1539 499 1653 519 conser-

864 544 909 566 vat
926 546 967 566 ea.
984 540 1043 566 Alia
1061 547 1125 567 vero
1141 544 1215 571 sunt,
1232 540 1278 567 ubi
1296 543 1418 574 potestas
1432 542 1474 566 est
1488 538 1651 568 voluntatis.

863 589 890 613 et
917 587 945 613 in
967 587 1068 621 quibus
1095 586 1194 621 agendi
1221 593 1282 621 quae
1300 586 1385 614 velint
1405 585 1521 613 liberum
1536 584 1652 611 habetur

864 631 1016 658 arbitrium.
1037 631 1111 663 Haec,
1129 635 1158 658 ut
1181 631 1249 663 dixi,
1266 639 1320 658 non
1343 638 1451 666 semper
1465 629 1492 656 in
1507 636 1540 656 eo
1554 628 1652 655 ordine

862 685 918 711 quo
947 682 1040 705 creata
1063 682 1127 706 sunt
1152 681 1321 712 permanent,
1347 677 1394 704 sed
1419 680 1500 712 prout
1523 676 1651 702 voluntas

862 724 973 751 duxerit
994 727 1021 751 et
1041 724 1125 751 animi
1143 723 1278 758 judicium
1296 723 1485 755 declinaverit,
1500 723 1557 750 sive
1571 722 1650 750 bouis

862 771 920 798 sive
938 769 1017 798 malis
1032 770 1198 803 studebunt;
1218 773 1246 798 et
1265 769 1327 797 ideo
1343 769 1411 796 bene
1425 769 1570 804 agentibus
1587 776 1649 795 uiu-

862 824 928 845 nera
943 817 1044 851 posuit,
1062 816 1132 844 male
1152 815 1296 851 agentibus
1309 822 1417 850 poenas.

897 862 980 890 XXV.
992 862 1039 890 Ais
1052 870 1117 898 ergo
1129 866 1168 894 tu,
1181 862 1205 890 si
1218 861 1290 890 Deus
1301 861 1359 888 vult
1368 860 1471 895 aliquid
1484 868 1545 888 esse
1556 865 1583 888 et
1594 864 1646 890 cst.

861 913 888 936 et
906 910 930 936 si
947 917 1002 936 non
1020 909 1078 936 vult
1108 916 1163 936 non
1177 913 1235 941 est;
1253 907 1358 935 scilicet
1373 912 1403 934 ut
1415 907 1438 934 si
1453 906 1647 941 responderem

861 953 925 988 quia
939 953 1012 988 quod
1024 953 1081 980 vult
1091 956 1119 980 et
1133 956 1186 985 est,
1201 952 1273 987 quod
1286 957 1375 980 autem
1389 959 1444 979 non
1458 952 1516 978 vult
1527 959 1581 978 non
1594 955 1647 981 est,

859 1001 964 1028 diceres
980 1010 987 1028 :
1000 999 1071 1036 Ergo
1079 1000 1138 1035 ipse
1147 999 1206 1027 vult
1212 1007 1274 1027 esse
1287 999 1357 1026 mala
1367 1005 1428 1033 qua!
1442 998 1470 1025 in
1481 997 1533 1024 hoc
1545 997 1648 1024 mundo

860 1051 1002 1082 geruntur,
1018 1047 1083 1082 quia
1112 1054 1194 1074 omne
1214 1045 1286 1080 quod
1312 1045 1370 1072 vult
1384 1045 1436 1072 hoc
1460 1049 1552 1076 etest,
1573 1043 1646 1078 quod

859 1097 950 1120 autem
964 1101 1018 1120 non
1034 1093 1092 1120 vult
1104 1100 1160 1119 non
1177 1095 1231 1120 est.
1249 1091 1278 1118 Si
1293 1098 1358 1118 vero
1371 1090 1575 1125 respondissem
1592 1097 1646 1116 non

858 1147 920 1168 esse
935 1139 997 1170 hoc,
1018 1143 1047 1166 ut
1068 1138 1141 1173 quod
1164 1138 1223 1165 vult
1240 1137 1313 1164 Deus
1330 1137 1376 1169 sit,
1392 1141 1419 1163 et
1436 1130 1509 1170 q'uod
1520 1142 1575 1162 non
1588 1134 1647 1161 vult

858 1194 912 1213 non
928 1188 974 1218 sit,
988 1189 1046 1212 tum
1065 1188 1169 1211 retorto
1185 1190 1311 1212 sermone
1326 1180 1530 1216 dicereszErgo
1544 1181 1646 1215 impos—

857 1232 945 1259 sibilis
956 1235 998 1258 est
1013 1230 1096 1262 Deus,
1107 1230 1130 1258 si
1143 1229 1216 1265 quod
1230 1229 1288 1255 vult
1299 1235 1353 1255 non
1369 1230 1468 1262 potest,
1477 1230 1504 1254 et
1515 1226 1646 1254 existeres

858 1277 1036 1314 petulantior,
1054 1280 1084 1303 ut
1105 1276 1152 1311 qui
1168 1275 1237 1302 nihil
1252 1279 1358 1302 rectum
1377 1273 1491 1304 dixeris,
1502 1272 1602 1299 vicisse
1620 1276 1646 1298 te

857 1323 994 1352 crederes.
1008 1322 1041 1349 Et
1052 1322 1113 1349 ideo
1124 1322 1245 1356 ignoras,
1257 1328 1273 1347 ο
1286 1319 1392 1351 Simon,
1402 1317 1515 1346 etvalde
1523 1318 1645 1352 ignoras,

856 1369 992 1404 quomodo
1016 1368 1044 1394 in
1068 1367 1182 1402 singulis
1207 1366 1362 1401 quibusque
1383 1365 1511 1392 voluntas
1533 1363 1570 1391 sit
1585 1362 1643 1389 Dei.

856 1414 1012 1448 Quaedam”
1024 1414 1096 1442 enim
1111 1413 1206 1445 voluit,
1218 1416 1248 1440 ut
1257 1411 1432 1443 diximus,ita
1446 1417 1518 1442 esse,
1529 1414 1559 1436 ut
1571 1408 1644 1436 aliud

855 1469 918 1489 esse
933 1469 988 1488 non
1013 1462 1126 1495 possent
1144 1466 1225 1493 quam
1246 1458 1273 1485 id
1285 1457 1358 1493 quod
1379 1456 1413 1483 ab
1444 1456 1504 1491 ipso
1520 1454 1645 1482 iustitula

856 1511 931 1539 sent,
946 1511 973 1534 et
987 1506 1030 1534 his
1047 1513 1135 1540 neque
1151 1504 1261 1540 prtemia
1276 1510 1364 1538 neque
1380 1502 1513 1537 supplicia
1529 1500 1643 1533 statuit;

856 1562 888 1581 ea
914 1561 978 1580 vero
1001 1560 1062 1587 quae
1084 1552 1121 1579 ita
1144 1558 1205 1579 esse
1233 1550 1330 1581 voluit,
1344 1553 1374 1576 ut
1395 1549 1422 1575 in
1444 1555 1494 1575 sua
1510 1550 1644 1582 potestate

857 1600 976 1627 habeant
1001 1605 1082 1633 agere
1104 1597 1177 1632 quod
1193 1596 1287 1628 velint,
1302 1595 1345 1623 his
1357 1602 1408 1630 pro
1423 1594 1533 1628 actibus
1548 1599 1581 1619 ac
1595 1599 1644 1618 vo-

855 1645 1006 1673 luntatibus
1023 1643 1081 1671 suis
1098 1643 1206 1672 statuit.
1221 1646 1251 1669 ut
1268 1645 1314 1668 aut
1329 1638 1568 1668 remunerationes
1583 1644 1644 1663 me-

855 1694 967 1718 rcantur
988 1693 1036 1717 aut
1063 1696 1168 1724 pmnas.
1195 1687 1263 1715 Cum
1285 1693 1350 1721 ergo
1366 1686 1394 1713 in
1417 1685 1487 1712 duas
1501 1687 1531 1710 ut
1544 1681 1642 1710 edocui

855 1741 947 1774 partes
961 1736 1120 1764 dividantur
1132 1738 1231 1763 cuneta
1244 1741 1305 1768 qua!
1321 1735 1474 1762 moventur,
1491 1728 1642 1758 secundum

854 1773 914 1813 eam
926 1791 1007 1820 quam
1024 1789 1108 1817 supra
1119 1781 1238 1808 diximus
1249 1778 1464 1809 distinctionem,
1476 1782 1557 1803 omne
1569 1773 1643 1809 quod

856 1833 912 1860 vult
928 1831 999 1858 Deus
1017 1833 1069 1861 est,
1081 1829 1155 1864 quod
1170 1831 1261 1855 autem
1277 1833 1332 1853 non
1350 1824 1408 1851 vult
1419 1830 1473 1850 non
1490 1824 1541 1849 est.

889 1876 986 1904 XXVI.
1002 1876 1035 1902 Et
1064 1875 1158 1902 Simon
1185 1873 1218 1900 ad
1244 1872 1324 1898 haec:
1343 1869 1439 1897 Nonne
1459 1870 1567 1904 poterat
1590 1873 1642 1892 nos

854 1931 949 1951 omnes
969 1923 1058 1949 facere
1072 1920 1141 1947 tales
1159 1921 1189 1945 ut
1205 1924 1329 1945 essemus
1341 1915 1417 1945 boni.
1439 1918 1467 1941 et
1481 1912 1556 1939 aliud
1580 1919 1642 1938 esse

854 1978 908 1997 non
924 1966 1087 2004 possemus?
1101 1965 1199 1992 Petrus
1212 1962 1361 1997 respondet
1379 1971 1385 1988 :
1402 1960 1436 1987 Et
1453 1960 1505 1986 hoc
1522 1956 1642 1985 absurde

854 2002 1018 2049 interrogas.
1036 2012 1064 2039 Si
1081 2011 1153 2038 enim
1169 2016 1220 2037 nos
1237 2005 1452 2035 inconvertibilis
1474 2007 1581 2032 natura}
1599 2002 1642 2029 fe-

854 2063 938 2091 cisset
957 2064 984 2088 et
997 2058 1150 2086 immobiles
1165 2064 1180 2083 a
1195 2055 1342 2086 bono,non
1355 2059 1478 2081 essemus
1491 2057 1553 2077 vere
1564 2048 1639 2081 boni,

853 2109 918 2144 quia
942 2105 1015 2134 aliud
1039 2113 1099 2133 esse
1114 2110 1172 2131 non
1189 2107 1350 2137 possemus;
1366 2101 1394 2126 et
1411 2105 1466 2125 non
1479 2099 1538 2123 erat
1553 2094 1640 2122 nostri

854 2153 986 2190 propositi
1008 2150 1081 2186 quod
1113 2155 1223 2176 eramus
1256 2145 1329 2176 boni,
1346 2150 1398 2171 nec
1428 2145 1554 2169 nostrum
1580 2144 1641 2167 erat

854 2185 927 2237 quod
949 2185 1097 2234 agebamus
1114 2195 1161 2222 sed
1175 2191 1350 2221 necessitatis
1366 2193 1481 2237 naturae.
1497 2185 1640 2220 Quomodo

26 2238 92 2265 verbi
103 2242 188 2274 gratia
203 2242 306 2275 dicam,
317 2244 386 2270 solis
397 2247 488 2270 motus
507 2245 671 2272 necessitate
688 2232 798 2274 ducitur
820 2240 842 2268 ῧ
856 2232 921 2282 ergo
948 2232 1000 2272 hoc
1024 2245 1126 2271 bonum
1151 2241 1269 2271 dicetur,
1288 2237 1359 2273 (μιοά
1380 2232 1413 2263 ἐκ
1432 2233 1572 2270 βτθνοδίίθ
1584 2239 1638 2259 "°“

26 2284 51 2308 ut
75 2289 205 2314 statutum
233 2289 368 2324 compleat
401 2297 525 2322 cursum,
542 2291 687 2327 omnisque
710 2296 797 2321 status

852 2276 961 2329 agitur?
977 2290 1018 2318 0b
1034 2289 1085 2316 hoc
1097 2291 1187 2315 autem
1199 2284 1256 2321 (9i)
1271 2286 1298 2311 ct
1312 2279 1507 2318 prolixioribus
1522 2276 1640 2312 indiguit

57 2387 78 2402 ⁸⁸
96 2387 232 2416 Vocabula
248 2389 313 2417 Cum
328 2395 585 2417 autem—conservat
596 2400 627 2419 ea
639 2396 666 2420 et
687 2392 743 2420 Ιιωε
763 2398 791 2420 κι
806 2392 1039 2420 dixi—studebant
1066 2395 1121 2415 non
1136 2387 1264 2422 leguntur
1279 2384 1307 2411 in
1322 2381 1402 2410 codd.
1411 2380 1484 2417 Lips.
1518 2380 1541 2395 “⁹
1561 2378 1641 2411 ρίαν-

25 2421 160 2452 άαηι--ιιυι
173 2433 260 2459 plenas
277 2425 376 2453 desunt
390 2426 416 2452 in
432 2425 492 2452 eod.
511 2425 584 2460 Lips.

659 2501 842 2530 COT‘ELERII
861 2500 975 2529 NOTAE.

57 2602 108 2639 (90)
117 2603 224 2643 Arbitrii
229 2608 344 2643 potestas
350 2607 421 2643 est?
430 2601 564 2643 indignari.
572 2601 719 2643 Gregorius
726 2601 796 2636 Nys-

28 2636 115 2665 Renus':
132 2636 340 2673 Αὐτεξόυσιὸτης
359 2638 418 2664 ἐστὶ
436 2637 472 2672 duo
492 2637 524 2668 ”ς
544 2637 656 2672 λθγικῆς
677 2636 796 2670 θέλησις,

28 2672 130 2707 ἑτοίμως
143 2675 288 2707 κινουμένη
298 2675 336 2705 εἰς
346 2673 414 2707 ὅπερ
426 2672 459 2699 ἂν
543 2681 549 2703 ;
561 2676 642 2706 atque
658 2679 691 2698 el
703 2670 801 2698 Graeco

28 2672 130 2713 ὲῖοξμως
143 2675 288 2713 κινοιέμὲνη
298 2672 336 2713 si;
346 2673 414 2713 ᾇπερ
426 2672 459 2713 ἂγ

29 2706 181 2740 Diadoehus,
203 2706 238 2736 De
248 2706 405 2743 perfectione
416 2706 561 2744 spiritui“.
700 2739 716 2744 η
748 2739 767 2744 _
831 2731 841 2744 ,

60 2743 108 2778 (91)
126 2744 163 2772 Ob
171 2744 218 2772 hoc
234 2739 333 2775 a'ute'm,
348 2746 401 2769 etc.
415 2739 587 2778 Collectanea
605 2747 683 2778 sacra
699 2739 728 2767 S.
748 2739 802 2766 Da-

29 2775 149 2817 masceni,
165 2787 225 2815 quae
242 2780 270 2806 in
287 2778 381 2817 multis
395 2778 503 2817 diversa
517 2777 551 2817 ab
568 2775 687 2817 escusis,
703 2779 731 2802 et
751 2782 800 2815 au-

30 2812 105 2848 c_tiora
119 2810 262 2842 servantur
275 2812 347 2848 apud
358 2811 454 2848 Patres
465 2811 611 2848 Societatis
622 2810 697 2848 Iesu,
710 2811 800 2844 rapite

30 2846 87 2891 'I'Ispi
96 2849 264 2891 ᾲιξοιῦῆὲξιειὶ
270 2846 472 2891 ἀῦταπρδέᾲξοξς
482 2848 509 2873 ἒν
615 2846 814 2891 κρίῖεωςρῐοῖε

29 2879 76 2908 Teii
94 2879 166 2918 ἀελίου
186 2879 348 2920 ’Κλήμεντος
364 2881 512 2908 ἐπισκόπου
527 2879 646 2916 ’Ῥώμηζ
665 2881 697 2906 ὲκ
713 2879 760 2905 τοῦ
778 2883 802 2905 α’

849 2601 928 2634 λόγου
948 2599 1008 2627 τῶνι
1026 2596 1219 2634 Περιόδωνψ..
1245 2592 1525 2634 ῥιὰεοῇτοήμεκροῦ
1547 2591 1640 2634 easy:

850 2625 946 2676 ipovou
968 2625 1123 2676 éjdcqiog:
1145 2629 1316 2676 μέχθιιςὶᾶνιὸ
1331 2625 1454 2676 τίίζιςέιῖι

851 2643 946 2676 χρονου
969 2643 1053 2674 οηκοσ
1075 2643 1123 2673 οςὶ
1145 2643 1239 2666 μεχρις
1254 2643 1287 2656 αν
1301 2643 1316 2655 υ
1331 2643 1371 2664 up
1395 2643 1454 2663 υεψ
1471 2643 1490 2654 τι.
1516 2662 1521 2669 ,
1537 2643 1639 2668 pum“,

851 2679 905 2697 των
917 2669 1026 2704 ἀγαθων
1048 2643 1141 2704 dimov
1158 2665 1273 2704 apices;
1287 2643 1570 2704 ᾲναπῖλήρῳσινιῖἔέῃ.
1586 2661 1639 2704 ξίσλ

850 2695 956 2732 Et
971 2703 1025 2730 τῶν
1041 2695 1149 2737 ἅγοῖθῶν
1165 2695 1317 2737 ᾧυχὰὶ,⁷-ῲς
1329 2695 1438 2737 (abeant
1457 2695 1570 2737 σῴμαξᾲ
1585 2695 1639 2730 ἁμ-

851 2731 999 2776 ῲίὲσρὺται·
1027 2731 1110 2776 αι’ξὲ
1131 2731 1188 2776 tibi).
1204 2731 1389 2776 ’ἆσεϐῷνίδιὰ
1405 2732 1458 2776 τῶγ
1477 2731 1640 2776 exultem—tim

1123 2770 1258 2811 πνεύμεατξ
1281 2767 1524 2811 ἀνεδεεχραμέναιὶι
1539 2764 1578 2796 εἰς
1593 2764 1639 2811 δὴ»

853 2783 977 2811 πραςεων
1000 2783 1105 2834 πυὲινῳ
1123 2783 1258 2806 πνευματι
1281 2783 1499 2802 ιιναιιιλμυιμιγυιι
1511 2785 1524 2806 :-
1539 2783 1576 2796 εδ,
1593 2783 1638 2807 ι..η

853 2810 934 2872 ἓυοὸν
945 2809 991 2836 τοῦ
1004 2810 1038 2835 ἀσ
1056 2807 1135 2849 esteo
1148 2806 1235 2842 πυρὺς
1246 2804 1407 2866 ῥνεῆβεῖσαι,
1423 2803 1463 2832 εις
1478 2802 1564 2828 αἰωνα
1576 2807 1640 2827 κλυ-

868 2845 1070 2872 ωνισοήσοντςι.
1081 2842 1148 2870 Vide
1162 2847 1291 2872 IIIDCI‘IIIS
1311 2839 1350 2866 ib.
1368 2845 1388 2871 ι,
1403 2844 1465 2872 cap.
1477 2836 1523 2864 24.

868 2845 1070 2880 ωνισοήσοντςι.
1081 2842 1148 2870 Vide
1162 2836 1350 2876 superilis'lib.
1368 2845 1388 2871 ι,
1403 2844 1465 2872 cap.
1477 2836 1523 2864 24.
