1892 3105
204 136 220 163 μί
223 135 277 163 *Ξθὸ

630 132 658 159 S.
679 129 875 159 CLEMENTIS
893 129 902 156 l
922 127 1006 155 R0“.
1027 126 1128 154 ΡΟΝΤ.
1148 125 1260 154 ΟῘἚΙὶΑ
1281 124 1395 154 DUBlA.

1772 120 1834 149 1296

207 191 326 219 mundus
348 191 400 218 iste
429 189 610 225 temporibus,
641 188 728 216 donec
753 189 908 216 animarum
932 186 1031 222 quaaA
1047 192 1095 219 per
1129 183 1367 218 incorruptibilia,
1395 181 1442 209 sed
1469 183 1552 216 prout
1582 178 1708 225 voluerit
1734 181 1836 225 creator

206 237 405 272 praedestinata:
427 240 502 267 sunt,
518 235 551 263 ad
576 235 756 270 expletionem
779 234 839 268 ejus
864 240 994 260 numerus

208 283 377 318 impleretur,
391 287 417 308 et
443 285 509 308 tunc
535 281 608 308 istud
637 280 746 315 quidem
763 279 869 307 visibile
893 279 994 305 coelum

208 329 394 356 revolveretur
409 332 439 354 ut
455 327 534 359 liber,
551 326 617 353 illud
635 334 699 353 vero
715 325 787 362 quod
808 329 850 352 est
867 324 994 359 superius

207 377 399 409 appareret,et
411 373 509 400 animat
524 372 665 399 beatorum
682 371 844 406 corporibus
860 371 918 398 suis
933 371 996 397 red-

208 420 272 447 dita:
287 419 482 447 inducerentur
500 418 528 445 in
543 418 642 449 lucem,
661 417 805 452 impiorum
822 424 886 444 vero
898 417 996 444 anime

209 474 259 501 pro
279 464 427 492 immundis
441 464 547 491 actibus
563 464 622 491 suis
632 463 729 498 spiritu
740 463 865 490 ﬂammeo
879 463 997 489 circum-

209 512 289 544 data),
314 511 342 538 in
363 510 526 546 profundum
545 510 615 544 ignis
637 508 866 544 inexstinguibilis
892 516 997 542 merge-

211 561 317 589 rentur,
347 564 396 591 per
421 556 550 584 smculum
579 562 738 590 expensum
759 554 904 589 supplicia.
934 553 998 581 "me

210 606 301 629 autem
330 602 367 629 ita
390 609 450 629 esse
477 609 557 628 verus
572 601 651 628 nobis
666 600 797 636 propheta
812 604 928 628 testatus
944 604 996 632 est,

210 647 244 673 de
252 655 306 682 quo
316 647 339 674 si
353 647 394 674 vis
407 654 554 682 agnoscere
568 646 630 681 quia
644 646 776 681 propheta
791 646 836 678 sit,
847 646 998 672 innumeris

211 693 410 721 assertionibus
437 693 566 720 edouebo.
592 692 632 719 Ex
660 692 703 719 his
729 693 802 720 enim
828 700 889 727 qua;
907 693 942 719 ab
966 700 999 719 eo

211 739 284 766 dicta
309 743 383 772 sunt,
397 744 425 766 et
448 746 523 766 nunc
540 739 647 774 singula
661 746 722 773 quae
737 739 806 766 dixit
834 738 998 773 implentur;

211 785 293 812 etiam
319 793 351 812 ea
375 792 435 821 qua).
459 784 550 811 futura
576 785 655 817 dixit,
673 785 823 812 creduntur
851 784 998 819 implenda,

214 831 281 858 fides
293 831 365 858 enim
378 831 478 858 futuris
489 839 523 858 ex
538 831 581 858 lu's
597 839 658 866 quae
669 831 725 866 jam
741 835 816 866 gesta
828 835 892 858 sunt
907 830 997 858 datur.
1015 851 1036 879 Β

249 875 356 903 XXVII.
366 875 400 903 At
411 875 505 903 Simon
519 877 563 903 cui
579 880 748 911 compertum
758 880 827 907 erat,
845 875 954 903 Petrum
965 876 1000 903 de

214 921 362 956 prophetia:
391 921 471 949 titulo
499 922 618 950 dilucide
645 923 786 957 assignare
811 923 954 953 rationem,
966 930 999 950 ex

214 974 269 1001 quo
297 967 413 1001 quaestio
434 967 524 994 omnis
553 968 713 997 absolvitur.
727 975 881 995 sermonem
901 968 934 995 de
949 968 1001 996 hoc

215 1012 273 1039 fieri
289 1011 448 1044 declinavit,
461 1015 488 1039 et
501 1012 671 1047 respondens
690 1013 728 1040 ait
741 1022 748 1039 ε
762 1012 802 1039 Ad
817 1020 848 1040 ea
865 1021 926 1048 qua:
940 1013 1001 1040 volo

215 1057 350 1092 responde
361 1058 426 1085 mihi
441 1058 556 1091 etdic,si
567 1059 674 1086 visibile
690 1059 775 1092 istud,
789 1064 819 1087 ut
833 1061 886 1093 ais,
900 1060 1000 1086 ctelum

215 1102 379 1133 resolvetur,
397 1110 447 1130 cur
476 1111 510 1130 ex
536 1103 614 1130 initio
640 1103 742 1130 factum
772 1105 833 1132 est?
851 1104 1003 1139 Respondit

216 1147 315 1176 Petrus
334 1158 339 1175 :
357 1148 470 1183 Propter
482 1149 622 1176 hominum
641 1153 803 1184 praesentem
819 1150 890 1177 hanc
901 1151 1002 1178 factum

216 1199 258 1222 est
280 1196 373 1226 vitam,
397 1199 426 1222 ut
448 1200 521 1223 esset
544 1196 696 1230 interjectio
711 1196 835 1232 quaedam
850 1200 877 1224 et
890 1197 1001 1228 divisio,

216 1248 252 1266 ne
269 1243 330 1275 quis
350 1240 418 1268 forte
443 1241 572 1277 indignus
588 1242 785 1270 habitationem
800 1243 952 1270 ctelestium
976 1246 1003 1270 et

216 1285 264 1313 Dei
277 1286 363 1320 ipsius
378 1287 470 1314 sedem
488 1288 602 1320 videret,
624 1296 684 1323 quae
700 1289 742 1316 his
757 1289 824 1316 solis
835 1289 882 1324 qui
901 1289 1003 1316 mundo

217 1332 301 1359 corde
314 1337 376 1359 sunt
387 1333 409 1348 '°
423 1332 537 1360 videnda
548 1338 746 1368 praeparantur.
763 1333 841 1361 Nunc
855 1338 957 1367 autem,
975 1334 1003 1361 id

219 1382 263 1405 est
289 1378 384 1413 agonis
411 1383 550 1414 tempore,
578 1379 724 1407 invisibilia
749 1387 811 1407 esse
834 1380 936 1415 placuit
960 1387 1002 1412 ea,

217 1431 279 1458 qua:
303 1423 477 1451 vincentibus
495 1425 528 1451 ad
555 1425 696 1460 prannium
726 1426 862 1453 destinata
887 1430 961 1453 sunt.
973 1425 1005 1452 Et

219 1470 315 1497 Simon
328 1470 381 1497 ait:
395 1469 424 1496 Si
440 1470 566 1498 conditor
580 1472 668 1499 bonus
678 1475 720 1499 est
731 1475 758 1499 et
771 1471 889 1499 mundus
904 1471 1003 1505 bonus,

218 1515 356 1550 quomodo
370 1515 458 1542 bonus
469 1515 540 1542 bona
554 1516 684 1544 dissolvet
697 1516 863 1552 aliquando?
876 1516 904 1543 Si
915 1522 1004 1544 autem
1018 1525 1040 1554 ρ

219 1561 350 1587 dissolvet
372 1561 445 1595 quod
465 1562 566 1588 bonum
596 1567 649 1595 est,
676 1563 813 1598 quomodo
837 1564 896 1598 ipse
916 1563 1006 1591 bonus

219 1605 371 1632 videbitur?
395 1604 425 1632 Si
448 1611 540 1633 autem
564 1607 642 1642 quasi
670 1608 772 1634 malum
786 1607 903 1635 resolvet
916 1612 942 1635 et
959 1607 1008 1635 de-

220 1653 318 1682 struet,
334 1650 470 1685 quomodo
493 1659 548 1679 non
570 1652 706 1680 videbitur
733 1652 822 1680 malus
842 1651 888 1687 qui
904 1652 1006 1679 malum

221 1696 287 1723 fecit
296 1697 308 1724 ?

255 1743 480 1773 XXVIII.Petrus
488 1743 519 1772 ad
532 1744 588 1772 hate
601 1754 607 1772 :
621 1744 766 1777 Quoniam,
775 1744 874 1779 inquit,
887 1751 1009 1781 spopon-

221 1787 313 1816 diuius
328 1789 387 1821 tibi,
410 1798 444 1817 ne
467 1789 700 1825 blasphemantem
725 1793 752 1816 te
776 1789 927 1824 fugiamus,
951 1790 1010 1825 ipse

221 1834 295 1861 enim
319 1835 416 1863 reddes
439 1843 489 1870 pro
513 1836 557 1863 his
576 1843 636 1870 quae
654 1836 775 1870 loqueris
795 1836 940 1870 rationem,
960 1844 1009 1872 pa-

222 1881 322 1908 tienter
351 1881 474 1909 ferimus.
502 1882 573 1908 Audi
605 1888 669 1917 ergo
695 1889 792 1908 nunc:
810 1880 915 1909 leum
935 1882 1009 1913 istud

223 1927 297 1961 quod
315 1927 421 1954 visibile
437 1931 479 1955 est
494 1931 521 1954 et
542 1928 703 1962 pertransit,
722 1927 746 1954 si
765 1927 875 1962 quidem
899 1931 1010 1963 propter

224 1973 400 2007 semetipsum
429 1972 530 2000 factum
553 1977 638 2005 esset,
653 1973 765 2000 haberet
795 1972 912 2001 fortasse
937 1975 1010 2009 quod

224 2018 294 2046 dicis
310 2019 413 2054 aliquid
430 2019 555 2051 rationis,
567 2019 630 2054 quia
646 2019 744 2046 resolvi
762 2019 874 2047 minime
889 2020 1008 2048 deberet.

226 2064 256 2091 Si
269 2072 333 2092 vero
342 2069 452 2100 propter
466 2065 540 2092 aliud
551 2065 615 2100 quid
631 2065 731 2092 factum
744 2069 820 2093 estet
832 2074 885 2093 non
900 2070 1011 2101 propter

225 2118 265 2142 se,
281 2112 439 2138 necessario
465 2111 596 2143 solvetur,
620 2115 650 2138 ut
670 2111 737 2138 illud
761 2119 809 2146 pro
827 2120 882 2147 quo
909 2112 1009 2140 factum

226 2156 334 2183 videtur
348 2161 487 2191 appareat.
503 2156 581 2184 Sicut
597 2157 670 2185 verbi
686 2158 774 2192 gratia
797 2158 923 2190 dixerim,
939 2161 1010 2186 testa

227 2209 340 2228 ovorutn
349 2202 473 2237 quamvis
484 2202 598 2237 pulchre
613 2202 684 2229 facta
697 2208 724 2230 et
737 2203 881 2238 diligenter
893 2203 1009 2231 formata
1026 2197 1047 2223 Ῑ)

227 2247 362 2280 videatur,
375 2255 487 2275 necesse
500 2253 542 2275 est
557 2252 647 2275 tamen
663 2256 723 2276 eam
739 2248 828 2285 frangi
847 2253 875 2277 et
899 2251 1011 2283 resolvi,

230 2297 258 2320 ut
271 2293 334 2320 inde
347 2293 438 2328 pullus
452 2294 581 2328 procedat
596 2299 623 2321 et
643 2295 721 2327 illud,
738 2303 788 2330 pro
800 2297 950 2331 quo-totius
968 2297 1013 2324 ovi

230 2338 316 2365 forma
332 2346 462 2373 expressa
476 2339 592 2371 videtur,
610 2345 747 2375 appareat.
760 2339 799 2368 Ita
811 2348 876 2376 ergo
889 2345 917 2368 et
930 2342 1013 2376 hujus

229 2385 324 2412 mundi
339 2393 451 2414 necesse
470 2391 512 2414 est
535 2387 655 2414 transire
677 2391 790 2420 statum,
809 2391 838 2414 ut
859 2392 947 2416 status
967 2389 1013 2416 ille

230 2431 372 2458 sublimior
386 2432 461 2468 regni
477 2433 598 2460 celestis
612 2432 750 2468 ell‘ulgeat.

266 2476 361 2504 XXIX.
385 2477 417 2505 Et
432 2477 526 2506 Simon
539 2487 545 2504 :
560 2478 619 2506 Non
630 2479 697 2506 mihi
711 2479 819 2506 videtur
830 2479 895 2514 quia
910 2481 1012 2508 resolvi

230 2524 318 2559 possit
337 2524 447 2556 coelum,
461 2525 533 2559 quod
559 2532 574 2551 a
599 2524 654 2552 Deo
671 2524 772 2552 factum
788 2529 838 2552 est.
854 2525 896 2552 Ab
910 2529 1014 2554 :eterno

229 2570 303 2599 enim
317 2572 418 2597 eterna
433 2570 511 2602 fiunt,
528 2578 542 2597 a
558 2570 731 2605 corruptibili
742 2571 903 2605 temporalia
921 2575 949 2598 et
965 2579 1013 2599 ca-

229 2616 310 2644 duca.
327 2615 359 2643 Et
374 2616 469 2644 Petrus
482 2626 488 2643 ς
500 2615 559 2643 Νοη
572 2617 610 2643 ita
627 2620 680 2648 est,
695 2616 742 2643 sed
754 2623 769 2643 a
781 2617 942 2645 mortalibus
953 2619 1014 2653 qui-

229 2663 291 2691 dem
303 2663 470 2690 omnimodis
484 2662 671 2698 corruptibilia
690 2662 758 2689 ﬁunt
783 2667 810 2690 et
835 2664 1014 2698 temporalia;

232 2709 266 2735 ab
278 2712 379 2736 aeterno
387 2716 452 2736 vero
460 2717 515 2736 non
526 2716 634 2743 semper
646 2708 833 2743 corruptibilia
844 2716 933 2744 neque
943 2718 1015 2738 sem-

286 2807 309 2825 “
329 2809 421 2844 Matth.
438 2817 466 2840 v,
481 2809 508 2836 8.
546 2809 568 2824 ’ί
589 2807 655 2835 ibid.
694 2808 716 2823 ⁹²
737 2807 994 2844 Esod._xxxtn,20.
1030 2810 1053 2827 ⁹³
1074 2809 1170 2838 Matth.
1188 2816 1255 2841 xxn,
1268 2807 1312 2834 '50.

241 2844 309 2870 Ιιυιιι.
323 2843 408 2879 angeli
420 2844 481 2878 ﬁent
499 2845 542 2878 qui
558 2844 656 2871 desunt
669 2844 694 2870 in
708 2842 786 2870 codd.
805 2841 880 2876 Lips.

1047 229 1130 261 Deus,
1145 229 1182 256 ita
1196 232 1223 256 et
1237 233 1317 256 crum
1331 228 1377 254 illa
1397 234 1456 262 quae
1479 229 1567 253 creat.
1584 224 1683 259 Neque
1700 223 1777 250 enim
1791 222 1835 250 sub

1046 276 1105 309 lege
1119 278 1162 302 est
1179 275 1266 301 virtus
1287 273 1346 306 Dei,
1360 273 1408 300 sed
1419 273 1461 299 lex
1481 271 1621 299 creaturis
1637 270 1699 297 suis
1715 269 1836 296 voluntas

1046 321 1106 355 ejus
1125 324 1177 348 est.
1189 319 1350 355 _Respondit
1365 322 1393 346 et
1408 317 1526 353 Simon:
1545 317 1658 344 Revoco
1683 319 1724 348 te,
1741 315 1834 350 inquit,

1047 367 1080 393 ad
1091 366 1206 401 primam
1221 365 1411 400 qurestionem,
1428 363 1522 391 dixisti
1533 363 1620 390 Deum
1637 369 1716 389 nunc
1731 361 1836 396 quidem

1046 412 1114 439 nulli
1130 419 1192 439 esse
1202 411 1350 442 visibilem,
1361 417 1424 437 cum
1434 417 1500 437 vero
1513 409 1669 436 resolutum
1685 407 1772 434 fuerit
1786 413 1837 433 cte-

1048 459 1104 485 lum
1130 458 1204 485 istud
1230 462 1257 485 et
1277 464 1414 492 supernus
1436 456 1482 483 ille
1498 459 1588 482 status
1613 453 1694 489 regni
1719 452 1837 480 caelestis

1048 503 1203 539 obfulserit,
1220 506 1286 529 tunc
1300 510 1348 530 eos
1363 501 1410 537 qui
1424 500 1519 528 mundi
1529 504 1595 527 sunt
1610 499 1748 529 corde“,
1758 498 1837 525 etiam

1049 547 1133 574 Deum
1150 547 1277 579 visuros;
1300 553 1361 581 qua:
1389 546 1524 573 sententia
1547 544 1688 571 contraria
1713 548 1758 571 est
1778 543 1836 578 legi.

1049 593 1086 620 ibi
1107 593 1181 620 enim
1196 593 1329 628 scriptum
1339 596 1382 619 est
1397 591 1481 619 Deum
1496 590 1601 618 dixisse
1621 600 1627 617 :
1641 589 1734 617 Nemo
1745 590 1837 616 ridebit

1049 638 1144 673 faciem
1157 646 1241 665 meam
1254 642 1278 664 et
1291 637 1358 664 vivet
1368 637 1402 664 ".

1086 683 1169 710 XXX.
1193 682 1225 710 Et
1247 681 1345 709 Petrus
1370 680 1591 716 responditzliis
1605 680 1651 715 qui
1671 680 1763 715 legem
1786 687 1839 706 non

1050 737 1083 757 ex
1099 729 1246 756 traditione
1261 729 1346 764 Moysi
1362 728 1466 762 legunt,
1484 727 1639 754 contrarius
1656 726 1769 753 videtur
1786 734 1840 753 ser-

1051 784 1096 803 mo
1112 784 1199 806 meus.
1216 776 1264 803 sed
1286 775 1350 802 audi
1368 774 1505 809 quomodo
1525 781 1581 801 non
1608 774 1645 800 sit
1670 772 1839 800 contrarius.

1052 821 1123 848 Deus
1136 821 1242 848 videtur
1259 825 1349 847 mente
1362 827 1416 846 non
1432 826 1558 854 corpore,
1568 818 1669 853 spiritu
1680 825 1739 844 non
1747 825 1839 845 came.

1052 865 1131 893 Unde
1147 870 1174 893 et
1191 866 1280 900 angeli
1295 865 1341 900 qui
1357 870 1422 892 sunt
1446 864 1570 899 spiritus,
1586 864 1682 891 vident
1697 862 1798 893 Deum.
1816 866 1841 889 et

1051 912 1177 939 homines
1202 919 1267 947 ergo
1292 911 1379 938 donec
1403 910 1528 938 homines
1544 915 1620 942 sunt,
1644 909 1734 936 Deum
1750 909 1842 936 videre

1051 966 1107 985 non
1127 961 1252 993 possunt.
1271 957 1309 984 Ex
1328 958 1527 985 resurrectione
1548 960 1638 983 autem
1655 960 1841 985 mortuorum,

1052 1013 1114 1032 cum
1142 1004 1206 1030 facti
1233 1003 1334 1030 fuerint
1365 1003 1438 1030 sicut
1467 1003 1565 1038 angeli,
1583 1002 1678 1030 videre
1710 1007 1843 1038 poterunt

1052 1050 1136 1078 Deum
1149 1050 1182 1077 ".
1199 1050 1232 1076 Et
1255 1050 1305 1076 hoc
1333 1049 1413 1076 modo
1433 1057 1487 1075 non
1509 1052 1552 1076 est
1571 1056 1664 1076 sermo
1684 1041 1780 1076 meus.
1793 1047 1844 1084 legi

1053 1097 1219 1128 contrarius,
1235 1105 1324 1132 neque
1345 1096 1413 1123 illud
1431 1096 1503 1131 quod
1517 1095 1647 1131 magister
1658 1103 1742 1122 meus
1754 1096 1823 1124 dixit
1836 1107 1842 1123 :

1053 1143 1130 1170 Beati
1145 1143 1242 1170 mundo
1264 1142 1351 1174 corde,
1364 1143 1489 1176 quoniam
1507 1142 1557 1176 ipsi
1569 1141 1652 1168 Deum
1669 1141 1798 1168 videbunt
1812 1142 1841 1169 ".

1053 1188 1186 1215 Futurum
1206 1188 1279 1214 enim
1297 1191 1405 1225 tempus
1425 1187 1554 1218 ostendit,
1566 1187 1593 1213 in
1606 1195 1662 1222 quo
1675 1195 1709 1214 ex
1725 1187 1844 1214 homini-

1054 1233 1106 1261 bus
1134 1233 1223 1269 angeli
1248 1233 1324 1263 fient,
1351 1233 1399 1267 qui
1411 1232 1435 1247 "
1452 1232 1478 1258 in
1507 1232 1606 1267 spiritu
1637 1232 1745 1259 mentis
1764 1231 1844 1259 Deum

1054 1279 1195 1308 videbunt.
1206 1278 1271 1306 Post
1284 1278 1341 1305 haec
1354 1282 1444 1305 autem
1459 1278 1540 1305 verba
1557 1277 1699 1312 multaque
1733 1278 1789 1304 alia
1804 1278 1844 1304 his

1055 1325 1166 1356 similia,
1180 1332 1243 1351 cum
1255 1324 1420 1359 juralncntis
1438 1323 1564 1358 pluribus
1585 1322 1727 1349 allirmare
1752 1323 1846 1349 Simon

1056 1372 1138 1406 cmpit
1152 1371 1247 1398 dicens
1263 1370 1321 1397 :De
1336 1369 1388 1396 hoc
1415 1369 1481 1396 milii
1509 1369 1568 1396 solo
1594 1369 1733 1395 rationem
1752 1369 1844 1401 redde,

1056 1419 1078 1446 si
1093 1417 1257 1444 immortalis
1272 1420 1314 1444 est
1328 1416 1430 1447 anima,
1452 1418 1480 1442 et
1501 1415 1640 1450 obsequar
1662 1416 1689 1441 in
1716 1415 1846 1442 omnibus

1056 1463 1189 1491 voluntati
1204 1466 1266 1494 tuas,
1284 1462 1330 1490 sed
1347 1461 1479 1492 crastino,
1492 1461 1592 1496 inquit,
1609 1469 1673 1487 nam
1692 1461 1779 1488 hodie
1793 1461 1847 1496 jam

1057 1510 1164 1538 tardum
1180 1513 1232 1537 est.
1255 1509 1305 1536 Ubi
1325 1515 1390 1543 ergo
1405 1507 1489 1542 cmpit
1508 1507 1600 1534 dicere
1620 1506 1735 1539 Petrus,
1754 1506 1848 1533 Simoa

1058 1563 1186 1592 egressus
1211 1559 1252 1583 est
1277 1557 1304 1582 et
1331 1561 1393 1581 cum
1415 1554 1475 1588 ipso
1495 1552 1626 1587 perpauci
1649 1560 1684 1579 ex
1704 1553 1849 1579 sodalibus

1058 1603 1128 1637 ejus,
1155 1605 1182 1628 et
1202 1601 1254 1628 hoc
1275 1607 1330 1635 prae
1354 1598 1528 1626 verecundia.
1546 1597 1643 1624 Caeteri
1658 1605 1726 1624 vero
1754 1605 1850 1624 omnes

1058 1650 1092 1676 ad
1102 1649 1212 1676 Petrum
1222 1646 1358 1676 conversi.
1375 1645 1490 1680 genibus
1506 1644 1615 1679 positis,
1633 1643 1851 1678 prosternebant

1059 1703 1089 1723 se
1103 1700 1166 1722 ante
1180 1702 1254 1725 eum,
1270 1701 1302 1720 ex
1317 1692 1418 1727 quibus
1441 1691 1573 1725 aliquanti
1592 1689 1714 1716 diversis
1741 1690 1851 1725 langue

1059 1743 1136 1769 ribus
1161 1740 1266 1768 astricti
1281 1743 1329 1766 aut
1352 1737 1523 1766 dannonibus
1549 1736 1697 1767 incursati,
1724 1737 1851 1763 oratione

1059 1786 1134 1815 Petri
1158 1786 1328 1814 sanabantur
1347 1787 1375 1812 et
1389 1781 1566 1810 discedebant
1582 1781 1752 1816 gaudentes,
1773 1782 1850 1816 quasi

1059 1833 1117 1862 veri
1132 1832 1178 1860 Dei
1195 1831 1360 1862 doctrinam,
1375 1829 1457 1856 simul
1471 1833 1499 1856 et
1512 1827 1737 1855 misericordiam
1754 1836 1849 1855 conse

1059 1880 1126 1907 cuti.
1143 1878 1211 1906 Cum
1227 1884 1292 1913 ergo
1307 1875 1508 1903 abscessissent
1527 1874 1625 1907 turbae,
1640 1877 1667 1901 et
1695 1874 1751 1901 soli
1777 1873 1849 1901 fami-

1059 1927 1142 1953 liares
1156 1925 1216 1960 ejus
1233 1923 1461 1951 remansissenuts
1489 1928 1551 1948 cum
1578 1927 1622 1951 eo,
1649 1920 1752 1948 stratis
1779 1920 1850 1946 humi

1059 1973 1175 2002 redditis
1189 1970 1368 1998 aecubuimus
1381 1968 1491 1995 solitum
1508 1965 1704 2000 unusquisque
1718 1973 1848 2001 recogno-

1061 2027 1140 2047 scens
1165 2018 1267 2048 locum,
1283 2018 1448 2049 sumptoque
1471 2012 1533 2039 cibo
1547 2019 1611 2039 cum
1628 2011 1738 2046 gratias
1751 2011 1849 2047 egisse-

1060 2075 1121 2093 mus
1132 2065 1198 2096 Doo,
1216 2062 1379 2098 quievimus.

1099 2111 1196 2140 XXXI.
1218 2109 1350 2146 Sequenti
1375 2115 1440 2136 vero
1456 2107 1500 2134 die
1515 2105 1613 2134 Petrus
1638 2113 1675 2132 ex
1693 2113 1775 2133 more
1792 2110 1846 2132 ante

1061 2160 1148 2186 lucem
1169 2154 1360 2191 surgens,jam
1375 2160 1426 2180 nos
1442 2151 1544 2179 invenit
1560 2150 1710 2185 vigilantes
1725 2156 1754 2177 et
1776 2158 1847 2185 para-

1061 2210 1104 2234 tos
1119 2204 1153 2232 ad
1168 2202 1343 2232 audiendum,
1359 2205 1440 2234 atque
1454 2199 1492 2226 ita
1508 2205 1623 2225 exorsus
1636 2201 1681 2224 est
1695 2207 1703 2224 :
1718 2197 1847 2232 Deprecor

1065 2260 1123 2284 vos,
1151 2250 1250 2277 fratres
1265 2252 1292 2276 et
1312 2246 1438 2274 conservi
1461 2244 1526 2276 mei,
1544 2248 1575 2271 ut
1592 2244 1615 2271 si
1632 2244 1700 2279 quis
1723 2244 1794 2271 forte
1808 2250 1846 2269 re-

1063 2303 1151 2326 strum
1168 2304 1223 2323 non
1235 2298 1325 2330 potest
1340 2293 1462 2327 vigilare,
1474 2299 1528 2318 non
1545 2290 1597 2318 sibi
1609 2294 1778 2324 extorqueat
1791 2296 1847 2316 ern-

1063 2344 1179 2371 bescens
1191 2340 1362 2376 prazscntiam
1378 2345 1476 2370 meam,
1488 2337 1553 2372 quia
1567 2335 1690 2362 difficilis
1705 2340 1750 2362 est
1766 2334 1846 2362 subita

1065 2388 1238 2424 permutatio,
1266 2387 1347 2420 longo
1369 2389 1460 2411 autem
1476 2387 1599 2417 tempore
1615 2381 1640 2408 si
1662 2381 1846 2415 paulatimas-

1065 2434 1172 2464 sueﬁat.
1189 2434 1264 2460 labor
1275 2440 1332 2458 non
1344 2432 1397 2458 erit
1407 2429 1480 2465 quod
1494 2437 1526 2456 ex
1538 2435 1590 2455 usu
1601 2428 1690 2454 venit.
1712 2426 1772 2453 Non
1782 2426 1846 2454 enim

1066 2486 1161 2506 omnes
1176 2478 1299 2512 ejusdem
1315 2474 1498 2504 institutionis
1510 2473 1625 2503 fuimus,
1644 2472 1714 2499 licet
1726 2478 1845 2507 processu

1066 2525 1198 2560 temporis
1211 2524 1239 2550 in
1255 2530 1336 2550 unam
1348 2520 1492 2556 temperari
1503 2518 1740 2546 consuetudinem
1757 2517 1846 2552 poteri-

1066 2579 1143 2604 mus;
1159 2570 1236 2597 aiunt
1258 2569 1341 2601 enim,
1359 2567 1432 2603 quod
1451 2564 1605 2593 secundum
1626 2567 1738 2590 natura:
1766 2563 1846 2589 locum

1066 2617 1190 2644 obtineat
1206 2614 1386 2643 consuetudo.
1403 2611 1511 2640 Testem
1529 2615 1621 2638 autem
1637 2609 1726 2636 Deum
1747 2608 1845 2636 invom.

1068 2663 1140 2698 quod
1159 2670 1214 2689 non
1241 2661 1377 2696 indignor,
1397 2660 1421 2687 si
1437 2659 1500 2694 quis
1522 2657 1592 2685 forte
1606 2664 1662 2684 non
1677 2659 1769 2691 potest
1784 2654 1847 2688 vigi-

1067 2711 1134 2742 lare,
1147 2708 1196 2737 sed
1206 2709 1258 2735 hoc
1271 2707 1368 2742 magis,
1384 2706 1408 2734 si
1418 2713 1481 2733 cum
1493 2708 1580 2732 totam
1594 2702 1659 2738 quis
1669 2707 1778 2729 noctem
1790 2699 1845 2726 dor-

1368 2805 1390 2821 ”
1411 2804 1507 2833 Matth.
1521 2812 1548 2837 v,
1565 2803 1583 2829 8
1644 2804 1655 2818 '
1687 2799 1842 2829 VocabbJ:
