1892 3105
63 132 120 160 1297

61 192 126 223 miat,
138 198 183 226 per
198 189 270 217 diem
282 197 337 217 non
347 189 434 225 replet
450 189 477 217 id
499 188 573 224 quod
587 189 682 216 oruisit
693 190 720 215 in
737 193 827 216 nocte.
845 192 866 219 Α

60 237 236 265 Necessarium
255 244 373 271 namque
397 240 440 264 est
461 235 594 264 doctrina:
613 235 712 264 studiis
730 235 832 263 intente

58 287 82 312 et
96 283 273 310 indesinenter
287 289 396 318 operam
412 282 488 314 dare,
523 286 554 309 ut
573 290 650 310 mens
666 286 761 309 nostra
780 282 827 309 Dei

59 330 135 358 solius
155 329 287 356 memoria
303 329 450 363 repleatur,
468 328 533 363 quia
557 332 675 355 mentem
691 335 773 363 quam
788 335 832 355 re-

57 375 160 410 pleverit
174 375 305 402 memoria
320 374 378 407 Dei,
396 374 517 410 maligno
539 374 567 401 in
591 382 623 401 ea
645 381 699 401 non
721 373 831 401 dabitur

58 421 134 447 locus.

87 463 187 492 XXXII.
208 463 280 491 Cum
301 464 358 491 haec
373 464 477 491 diceret
501 465 534 491 ad
553 472 605 492 nos
621 463 728 496 Petrus,
745 472 830 492 unus-

53 509 160 544 quisque
174 514 300 536 nostrum
308 509 424 536 sollicite
435 509 620 536 satisfaciebat
630 510 666 541 ei,
678 510 750 544 quod
764 509 829 536 olim

55 555 121 582 brevi
142 562 240 581 somno
267 555 359 581 satiati
383 554 570 589 vigilaremus,
599 554 647 582 sed
675 561 830 582 vereremur

53 601 163 627 excitare
179 608 254 633 eum,
269 600 333 634 quia
347 607 398 627 nec
414 600 523 627 deceret
536 599 686 635 discipulos
698 600 830 635 magistro

54 646 192 680 imperare;
205 646 279 681 quod
291 649 380 672 tamen
392 653 474 681 pene,
487 653 503 672 ο
514 645 602 678 Petre,
616 646 675 673 ausi
690 645 830 672 fueramus

54 699 220 727 prresumere,
232 691 297 719 dum
311 699 360 718 cor
373 695 499 718 nostrum
511 690 595 718 nimio
610 691 755 718 verborum
766 694 830 717 tuo-

54 745 106 763 rum
121 737 257 764 desiderio
273 737 437 772 tripudians,
450 744 577 763 somnum
600 737 707 771 penitus
725 736 831 771 fugaret

53 785 82 811 ab
97 785 189 812 oculis.
205 784 261 812 Sed
276 785 374 812 iterum
391 784 504 811 affectus
517 792 580 819 erga
595 788 622 812 te
637 788 730 810 noster
743 783 830 810 obsti-

54 831 91 861 tit,
106 835 130 858 et
145 831 281 858 violenter
294 836 322 859 te
335 839 349 857 a
366 831 446 859 nobis
469 838 522 858 non
540 831 602 858 tulit
616 831 742 858 excitari.
759 830 828 856 Tum

52 876 140 905 Petrus
154 887 160 904 :
177 876 315 911 Quoniam
331 876 414 912 igitur
425 876 563 908 audiendi,
580 876 678 911 inquit,
693 875 829 903 desiderio

51 923 157 950 libenter
169 930 218 951 vos
236 923 359 950 asseritis
373 922 494 958 vigilare,
508 922 568 949 volo
584 922 661 949 vobis
673 928 704 949 ea
722 926 827 948 tantum

51 979 104 1005 quae
119 971 246 999 hesterno
263 971 380 1006 sparsim
396 971 469 998 dicta
483 976 557 1003 sunt,
575 974 699 1005 repetere
712 970 828 1005 diligen-

51 1017 99 1045 tius
109 1021 135 1044 et
148 1024 209 1044 cum
225 1025 278 1045 suo
290 1017 387 1044 ordine
401 1017 548 1051 explicare.
564 1016 642 1049 Quod
661 1020 688 1044 et
705 1023 754 1051 per
769 1016 826 1043 sin-

50 1064 120 1097 gulas
134 1071 258 1099 quasque
274 1063 474 1098 disputationes
492 1063 606 1090 diurnas
622 1062 712 1090 facere
734 1063 828 1097 dispo-

51 1116 91 1139 no,
107 1112 135 1134 ut
154 1116 202 1142 per
224 1111 334 1134 noctem
356 1107 401 1134 ubi
426 1111 562 1135 secretum
585 1108 638 1135 loci
656 1111 682 1135 et
695 1108 827 1142 temporis

50 1153 133 1184 datur,
160 1154 183 1181 si
208 1153 276 1188 quid
303 1152 373 1180 forte
392 1157 486 1188 utpote
512 1154 539 1180 in
561 1153 712 1180 certamine
736 1153 827 1180 minus

48 1198 121 1234 plene
134 1199 236 1226 dictum
254 1203 307 1232 est,
329 1199 354 1227 id
371 1199 476 1234 integro
486 1199 582 1227 ordine
596 1203 623 1227 et
638 1199 710 1226 linea
721 1199 826 1226 directa

50 1245 241 1278 explanationis
267 1244 399 1279 aperiam.
428 1245 460 1271 Et
481 1249 542 1279 post
565 1245 623 1272 haec
639 1245 721 1280 erepit
747 1245 826 1273 nobis

50 1290 183 1318 ostendere
212 1291 351 1326 quomodo
376 1291 504 1317 hesterno
522 1291 615 1318 haberi
630 1291 754 1318 debuerit
767 1291 825 1319 dis-

49 1337 158 1371 putatio,
188 1340 215 1364 et
232 1340 344 1372 propter
365 1336 568 1363 contentionem
593 1335 635 1363 vel
661 1336 825 1371 imperitiam

48 1382 254 1409 contradicentis
268 1382 362 1409 haberi
379 1390 433 1409 non
442 1382 675 1416 potuerit,etideo
690 1382 749 1410 sola
765 1389 825 1417 pro-

51 1427 159 1455 fessione
175 1435 242 1455 usus
259 1427 306 1460 sit,
323 1431 405 1462 atque
420 1435 452 1454 ea
468 1435 528 1462 qua:
536 1428 571 1454 ab
580 1427 737 1455 adversario
750 1427 825 1455 dice-

50 1472 149 1505 bantur,
166 1477 272 1500 tantum
295 1473 474 1505 destruxerit,
492 1481 540 1500 sua
553 1481 618 1500 vero
629 1482 717 1508 neque
731 1474 824 1501 omnia

50 1526 128 1552 neque
142 1520 287 1546 manifeste
300 1519 472 1554 exposuerit;
487 1523 513 1546 et
529 1519 636 1554 singula
652 1519 732 1547 nobis
746 1527 823 1555 repe-

49 1566 101 1590 tens
114 1564 217 1600 integro
231 1564 327 1592 ordine
342 1569 370 1591 et
384 1565 464 1599 plena
480 1565 586 1591 ratione
601 1565 741 1592 disseruit.

80 1609 192 1638 XXXIII.
212 1610 281 1639 Cum
298 1619 363 1638 vero
377 1611 432 1645 jam
446 1610 597 1637 albesceret
608 1611 678 1643 dies,
694 1619 823 1647 egressus

49 1654 77 1681 ad
91 1657 180 1684 turbas
203 1660 267 1692 post
291 1657 442 1684 orationem
469 1657 550 1684 solito
572 1657 606 1684 ad
627 1657 822 1692 disputandum

48 1702 160 1729 constitit
173 1703 245 1735 loco,
257 1707 284 1730 et
299 1702 396 1729 videns
413 1701 552 1730 Simonem
567 1703 595 1732 in
616 1703 715 1730 mediis
734 1703 822 1731 turbis

48 1750 154 1774 stantem
168 1757 202 1776 ex
218 1756 295 1776 more
308 1749 385 1783 prius
403 1748 521 1775 salutato
535 1749 637 1785 populo
653 1749 690 1775 ait
706 1759 712 1776 :
730 1749 821 1777 Dolori

48 1793 105 1819 mihi
118 1801 177 1821 esse
193 1794 282 1821 fateor
295 1794 328 1821 de
343 1794 484 1821 nonnullis
511 1794 678 1825 hominibus.
693 1795 738 1829 qui
758 1803 820 1822 eum

46 1838 80 1864 ita
96 1839 126 1866 ad
140 1849 188 1868 nos
203 1841 315 1868 veniant
329 1845 358 1867 ut
369 1841 476 1867 discant
492 1841 606 1876 aliquid,
622 1842 666 1868 ubi
678 1849 725 1869 eos
739 1841 821 1870 doce-

46 1891 72 1909 re
87 1887 258 1920 cmperimus,
275 1886 325 1921 ipsi
339 1893 436 1913 rursus
456 1886 603 1921 magistros
617 1894 646 1914 se
660 1894 722 1914 esse
737 1886 819 1921 proﬁ-

44 1932 138 1963 tentur,
149 1935 175 1958 et
189 1932 358 1967 interrogant
370 1932 478 1966 quidem
488 1936 517 1958 ut
531 1932 697 1966 ignorantes,
709 1926 823 1959 contra:

46 1974 131 2003 dicunt
149 1983 240 2005 autem
258 1986 288 2005 ut
311 1978 440 2005 scientes.
457 1976 511 2004 Sed
539 1977 656 2005 fortasse
679 1976 753 2004 dicat
768 1978 819 2005 ali-

44 2022 109 2054 quis,
123 2025 185 2058 quia
208 2024 255 2059 qui
271 2024 432 2058 interrogat,
445 2023 480 2050 ob
498 2024 549 2050 hoc
564 2023 672 2058 quidem
690 2027 719 2051 ut
732 2024 820 2051 discat

44 2066 193 2105 interrogat,
216 2071 263 2097 ubi
278 2078 342 2098 vero
366 2070 392 2096 id
412 2069 484 2104 quod
500 2069 618 2096 audierit
631 2077 686 2096 non
706 2069 730 2097 ei
746 2073 820 2097 recte

43 2112 136 2141 dictum
152 2116 272 2147 videtur,
289 2123 402 2143 necesse
419 2119 460 2142 est
477 2119 506 2142 ut
530 2114 705 2150 respondeat,
719 2119 747 2141 et
762 2115 819 2143 haec

42 2160 141 2188 videtur
155 2170 217 2189 esse
232 2161 423 2194 contradictio,
434 2169 494 2199 qua:
506 2169 560 2188 non
573 2165 615 2189 est
626 2161 816 2194 contradictio,

42 2206 84 2231 sed
99 2207 314 2242 reinterrogatio.

74 2251 187 2280 XXXIV.
209 2254 308 2280 Audiat
323 2261 389 2288 ergo
408 2253 465 2280 htec
483 2263 488 2279 :
505 2252 603 2280 Totius
627 2253 760 2280 doctrinae
778 2253 819 2281 di-

42 2297 148 2331 sciplina
173 2305 277 2327 eertum
309 2299 389 2326 habet
415 2298 590 2328 ordinem.et
607 2303 671 2326 sunt
693 2299 817 2334 quaedam

42 2349 95 2375 qua:
117 2345 202 2378 prima
227 2345 360 2372 tradenda
376 2349 450 2376 sunt,
467 2345 518 2371 alia
542 2352 606 2371 vero
621 2352 682 2380 quae
696 2345 817 2372 secundo

42 2386 65 2412 in
86 2389 151 2422 loco,
166 2394 194 2418 et
209 2391 261 2417 alia
277 2391 370 2423 tertio,
383 2395 409 2419 et
429 2390 469 2418 sic
495 2389 602 2425 singula
626 2398 741 2425 quaeque
769 2399 816 2426 per

40 2434 165 2468 Ordinem,
182 2444 244 2471 qua).
258 2437 352 2472 utique
367 2437 390 2463 si
403 2444 453 2472 per
467 2437 690 2471 consequentiam
705 2437 817 2464 tradan-

42 2481 235 2510 tur,manifesta
245 2482 326 2517 fiunt;
337 2486 415 2509 extra
427 2482 552 2509 ordinem
564 2489 627 2509 vero
638 2483 661 2509 si
672 2482 815 2517 proferan-

41 2528 90 2557 tur,
101 2527 180 2555 etiam
205 2532 301 2555 coutra
328 2528 461 2555 rationem
488 2527 562 2554 dicta
584 2528 759 2557 videbuntur.
783 2528 815 2556 Et

41 2570 94 2598 ideo
103 2573 127 2600 in
138 2575 233 2609 primis
245 2574 312 2601 ordo
322 2574 472 2602 servandus
483 2578 535 2605 est,
548 2573 571 2601 si
584 2577 676 2600 tamen
688 2574 739 2601 hoc
751 2581 814 2609 pro-

41 2618 120 2651 posito
134 2628 297 2654 qureramus,
309 2624 338 2647 ut
352 2621 490 2655 possimus
511 2620 583 2654 quod
598 2620 746 2655 quaerimus
772 2620 815 2647 in-

42 2663 133 2692 renire.
149 2665 254 2693 Etenim
276 2666 323 2701 qui
350 2669 454 2693 rectum
471 2666 580 2692 initium
598 2666 648 2692 viae
664 2667 811 2700 acceperit,

41 2709 112 2735 ﬁliam
136 2712 286 2739 secundum
308 2712 398 2740 locum
417 2716 618 2747 consequenter
631 2712 765 2744 advertet,
786 2716 814 2740 et

41 2759 68 2778 ex
89 2758 203 2784 secundo
229 2758 339 2785 tertium
366 2758 474 2786 facilius
501 2757 636 2790 inveniet;
660 2761 687 2785 et
709 2762 813 2792 quanto

42 2798 103 2826 eltra
133 2804 308 2837 processerit,
330 2807 408 2831 tanto
431 2803 519 2839 magis
545 2804 568 2831 ei
593 2805 636 2835 via
665 2804 811 2839 agnitionis

41 2846 149 2876 apertior
167 2849 220 2882 ﬁet,
239 2858 382 2886 usquequo
398 2850 430 2876 ad
452 2850 536 2886 ipsam
554 2858 609 2885 quo
623 2850 709 2878 tendit
722 2854 748 2878 et
764 2851 810 2879 de-

837 1543 858 1571 C

673 130 957 159 RECOGNITIONUM
975 130 1039 159 LIB.
1061 130 1106 159 III.

1605 135 1674 164 1998

883 187 987 215 siderat
1001 188 1096 215 urbem
1113 189 1254 224 perveniat
1269 189 1404 218 veritatis.
1431 190 1485 224 Qui
1507 192 1573 220 ver‘o
1590 193 1674 228 impe-

884 232 954 259 ritus
969 235 1011 259 est
1026 236 1051 259 et
1066 232 1206 267 quaerendi
1224 233 1296 260 viam
1310 235 1408 265 nescit,
1425 235 1496 262 sicut
1510 237 1674 271 peregrinus

884 278 981 308 viator,
995 278 1127 313 ignorans
1143 283 1170 306 et
1181 286 1289 311 errans,
1307 280 1329 307 si
1348 280 1408 306 cive
1419 283 1446 306 et
1462 280 1589 316 indigena
1605 282 1674 309 nolit

883 324 921 350 uti
934 324 1014 355 duce,
1031 325 1091 351 sine
1115 324 1199 352 dubio
1218 331 1282 352 cum
1300 325 1469 353 aberraverit
1486 333 1500 352 a
1518 326 1560 353 via
1573 328 1673 354 verita-

882 368 1015 399 tis,extra
1031 369 1095 396 vita:
1105 369 1206 403 januas
1226 370 1388 402 remanebit,
1405 374 1432 397 et
1446 371 1484 398 ita
1500 371 1592 399 noctis
1604 376 1671 399 atra:

883 413 1004 440 tenebris
1020 414 1165 442 involutus
1179 422 1228 450 per
1241 415 1353 443 semitas
1378 415 1538 450 perditionis
1554 417 1670 445 incedet.

882 458 952 491 Quia
970 467 1036 494 ergo
1059 460 1084 486 si
1100 467 1148 494 per
1173 460 1296 488 ordinem
1312 469 1372 496 quae
1387 461 1533 496 quaerenda
1550 466 1616 489 sunt
1629 463 1672 490 in-

882 505 1039 539 quirantur,
1050 505 1168 532 inveniri
1183 505 1311 533 facillime
1326 511 1452 541 possunt,
1470 508 1593 534 ordinem
1608 515 1674 535 vem

882 550 1038 585 requirendi
1057 551 1201 586 imperitus
1217 552 1334 586 ignorat,
1349 558 1455 579 rectum
1470 557 1512 580 est
1529 557 1559 580 ut
1574 554 1673 581 scienti

882 596 962 623 cedat
980 596 1093 631 ignarus
1118 600 1145 624 et
1175 597 1264 632 primo
1280 599 1417 632 quaerendi
1430 599 1555 626 ordinem
1571 600 1673 633 discat,

882 644 912 666 ut
931 641 968 667 ita
983 640 1094 668 demum
1107 641 1294 677 interrogandi
1311 646 1338 670 et
1352 643 1534 678 respondendi
1550 644 1674 672 inveniat

880 687 1065 721 disciplinam.

917 732 1025 761 XXXV.
1047 734 1081 761 Et
1104 734 1198 762 Simon
1222 735 1256 763 ad
1279 735 1336 763 haec
1355 746 1361 763 :
1382 736 1441 764 Non
1467 744 1534 772 ergo
1548 738 1671 765 omnium

880 782 922 805 est
937 779 1048 810 veritas.
1064 780 1110 807 sed
1134 788 1230 808 eorum
1246 782 1438 809 tantummodo
1451 783 1496 817 qui
1514 786 1601 811 artem
1620 791 1671 810 no-

881 825 970 851 verint
983 825 1153 860 disputandi,
1169 826 1242 861 quod
1256 827 1351 862 utique
1372 827 1521 855 absurdum
1537 833 1591 861 est,
1607 837 1670 856 cum

847 877 866 903 [ι
880 871 1022 906 aequaliter
1045 873 1081 900 sit
1107 872 1179 901 Deus
1193 874 1327 904 omnium,
1344 882 1398 901 non
1413 882 1510 902 omnes
1529 877 1672 910 azqualiter

878 925 962 952 posse
976 917 1143 946 voluntatem
1152 919 1213 953 ejus
1226 927 1384 954 agnoscere.
1398 920 1431 947 Et
1440 920 1536 949 Petrus
1548 931 1555 948 ε
1565 921 1670 957 Equa-

879 963 929 994 Ies,
947 963 1046 998 inquit.
1063 971 1160 992 omnes
1176 964 1212 992 ab
1232 973 1265 992 eo
1294 965 1358 992 facti
1381 971 1455 998 sunt,
1474 971 1501 994 et
1524 969 1668 1002 requaliter

877 1007 985 1035 cunctis
999 1008 1075 1035 dedit
1103 1017 1219 1044 capaces
1231 1017 1292 1037 esse
1315 1011 1448 1038 veritatis.
1466 1010 1567 1038 Verum
1595 1013 1668 1047 quod

879 1054 970 1081 nullus
982 1062 1076 1081 eorum
1090 1055 1136 1089 qui
1152 1056 1209 1082 nati
1223 1059 1297 1086 sunt.
1316 1056 1441 1084 eruditus
1456 1061 1537 1085 natus
1552 1058 1599 1092 sit,
1619 1059 1667 1086 sed

880 1099 1018 1133 posterior
1035 1099 1071 1126 sit
1088 1100 1230 1127 nativitate
1242 1100 1372 1133 eruditio,
1395 1101 1462 1128 nulli
1479 1101 1592 1128 dubium
1614 1108 1666 1132 est.

878 1143 946 1171 Cum
964 1144 1047 1179 igitur
1062 1145 1191 1172 nativitas
1208 1145 1349 1172 hominum
1375 1146 1402 1172 in
1428 1153 1462 1174 eo
1477 1150 1568 1174 teneat
1583 1149 1668 1182 aequi.

876 1193 974 1221 tatem,
992 1193 1022 1217 ut
1037 1197 1133 1217 omnes
1155 1191 1284 1218 similiter
1309 1192 1499 1227 percipienda”:-
1515 1193 1668 1228 disciplinae

878 1243 994 1271 capaces
1010 1236 1075 1268 sint,
1092 1244 1146 1263 non
1167 1241 1209 1264 est
1236 1237 1264 1264 in
1278 1237 1449 1271 natura,-sed
1467 1238 1494 1264 in
1508 1239 1666 1267 eruditione

876 1282 1032 1310 diversitas.
1062 1282 1116 1310 Aut
1143 1283 1206 1317 quis
1227 1283 1326 1313 nescit.
1351 1283 1426 1317 quod
1452 1291 1484 1310 ea
1503 1291 1564 1318 qua:
1580 1292 1666 1311 υηιιεν

876 1327 994 1362 quisque
1009 1327 1116 1359 didicit,
1133 1327 1295 1362 priusquam
1309 1327 1439 1359 disceret.
1458 1328 1620 1363 ignorabat?
1634 1329 1668 1356 Et

877 1369 972 1398 Simon
990 1371 1090 1404 :Vere,
1105 1371 1204 1406 inquit,
1220 1372 1301 1399 dicis.
1321 1371 1391 1399 Tum
1415 1372 1532 1400 Petrus:
1550 1372 1579 1400 Si
1601 1382 1668 1409 ergo

877 1417 903 1444 in
919 1417 963 1445 his
978 1418 1085 1446 artibus
1112 1426 1181 1453 quas
1201 1426 1269 1445 usus
1293 1419 1447 1446 communis
1472 1419 1564 1450 habet,
1579 1420 1668 1454 primo

875 1462 1002 1493 discitur,
1013 1464 1112 1491 deinde
1127 1464 1254 1495 docetur,
1268 1469 1372 1498 quanto
1395 1465 1481 1499 magis
1500 1470 1605 1499 oportet
1619 1473 1667 1494 eos

875 1509 922 1543 qui
937 1509 1094 1537 errrditores
1107 1517 1137 1536 se
1159 1509 1321 1544 profitentur
1342 1509 1507 1541 animarum,
1523 1511 1612 1544 primo
1625 1511 1666 1538 di-

874 1562 963 1587 scere,
978 1558 1005 1582 et
1020 1555 1057 1582 ita
1075 1555 1185 1586 decere.
1202 1563 1248 1586 ne.
1266 1564 1328 1582 cum
1347 1556 1400 1583 sint
1414 1555 1464 1590 ipsi
1482 1555 1612 1590 imperiti,
1629 1557 1667 1583 ri-

874 1599 995 1626 diculum
1011 1599 1146 1631 videatur,
1163 1600 1186 1627 si
1201 1600 1262 1628 aliis
1276 1608 1305 1627 se
1326 1601 1496 1634 prarstituros
1521 1601 1665 1628 scientiam

873 1645 1075 1680 repromittant.
1094 1644 1162 1672 Tum
1183 1645 1276 1672 Simon
1295 1645 1343 1672 :In
1368 1646 1486 1678 artibus,
1501 1647 1600 1681 inquit,
1618 1647 1662 1675 his

873 1699 933 1726 quae
944 1699 1010 1718 usus
1025 1691 1181 1718 communis
1196 1691 1290 1723 habet,
1306 1699 1400 1718 verum
1416 1695 1468 1724 est,
1484 1692 1556 1727 quod
1574 1701 1663 1720 unus-

872 1737 990 1772 quisque
1017 1737 1070 1763 nisi
1099 1736 1237 1768 didicerit,
1265 1737 1391 1769 nesciat,
1418 1737 1445 1763 in
1477 1737 1559 1765 verbo
1597 1747 1664 1767 vero

872 1783 993 1810 scientia:
1006 1782 1098 1810 statim
1111 1786 1142 1813 ut
1155 1782 1273 1810 audierit
1287 1782 1362 1817 quis,
1377 1782 1483 1810 didicit.

908 1836 1029 1865 XXXVI.
1046 1836 1079 1864 Et
1098 1836 1195 1865 Petrus
1211 1844 1218 1864 :
1237 1837 1265 1864 Si
1290 1837 1400 1872 quidem
1425 1846 1472 1872 per
1489 1838 1614 1866 ordinem
1636 1845 1663 1867 et

871 1887 1072 1918 consequenter
1086 1882 1191 1915 audiat,
1210 1887 1300 1918 potest
1314 1884 1386 1912 seire
1407 1884 1480 1919 quod
1494 1892 1587 1912 verum
1607 1891 1660 1917 est.

871 1929 918 1960 sed
935 1929 982 1964 qui
999 1929 1193 1956 emendatioris
1208 1930 1270 1956 vita:
1286 1930 1407 1964 regulam
1430 1931 1661 1959 conversationis-

871 1984 924 2011 que
944 1975 1072 2004 eastioris
1087 1975 1228 2011 suscipere
1238 1980 1356 2007 recusat,
1369 1984 1429 2011 quae
1442 1977 1536 2011 utique
1550 1978 1660 2012 sequela

871 2027 911 2050 est
926 2022 1048 2050 scientiae
1060 2022 1195 2054 veritatis,
1215 2022 1287 2049 scire
1304 2030 1335 2049 se
1355 2023 1428 2057 quod
1450 2024 1513 2055 scit,
1527 2031 1581 2051 non
1600 2025 1661 2052 vult

870 2068 957 2095 fateri.
976 2068 1054 2095 Sicut
1068 2067 1150 2095 etiam
1168 2068 1315 2095 nonnullos
1334 2068 1470 2100 videmus,
1491 2070 1537 2104 qui
1553 2070 1659 2097 artibus

869 2122 937 2150 quas
950 2122 965 2141 a
976 2122 1061 2150 puero
1075 2114 1226 2141 didicerant
1241 2114 1389 2147 derelictis,
1402 2115 1436 2141 ad
1449 2115 1518 2143 alios
1533 2123 1562 2143 se
1578 2121 1658 2143 actus

870 2160 1023 2192 conferunt,
1038 2163 1065 2187 et
1079 2164 1109 2187 ut
1122 2161 1266 2188 excusatio
1280 2160 1317 2188 sit
1332 2161 1372 2189 eis
1387 2161 1499 2188 desidia:
1514 2169 1581 2194 suae,
1598 2163 1657 2189 cul-

835 2217 857 2245 π)
871 2215 935 2241 pare
948 2207 1082 2242 incipiunt
1093 2211 1177 2234 artem
1190 2207 1264 2234 velut
1275 2207 1483 2235 infructuosam.
1498 2208 1530 2235 Et
1541 2208 1634 2236 Simon
1649 2219 1656 2236 :

872 2253 1006 2280 Deberent
1028 2260 1124 2280 omnes
1149 2252 1291 2280 arrdientes
1316 2253 1428 2290 credere
1451 2262 1544 2281 verum
1572 2262 1652 2287 esse,

869 2299 943 2334 quod
959 2299 1092 2326 audiunt?
1103 2299 1172 2326 Tum
1188 2298 1287 2326 Petrus
1305 2308 1311 2325 :
1328 2298 1379 2332 Qui
1395 2300 1531 2327 audierint
1550 2308 1598 2334 per
1611 2309 1657 2327 ονε

868 2346 958 2373 dinem
985 2353 1139 2373 sermonem
1164 2345 1308 2377 veritatis.
1333 2346 1522 2373 contradicere
1544 2347 1656 2374 omnino

867 2399 922 2419 non
939 2395 1065 2427 possunt,
1091 2391 1139 2418 sed
1155 2391 1247 2418 sciunt
1262 2399 1356 2418 verum
1374 2399 1436 2419 esse
1453 2392 1526 2426 quod
1541 2393 1654 2425 dicitur,

867 2438 891 2464 si
907 2440 996 2465 tamen
1012 2437 1128 2464 libenter
1147 2438 1229 2463 etiam
1251 2438 1314 2464 vita:
1340 2438 1465 2464 instituta
1491 2438 1652 2473 suscipiant.

867 2482 923 2510 Hos
940 2490 1004 2510 vero
1028 2490 1098 2517 quos
1121 2482 1264 2510 audientes
1278 2483 1311 2510 ad
1338 2483 1408 2510 bona
1427 2491 1509 2517 opera
1527 2483 1655 2511 conferre

867 2537 896 2556 se
910 2529 993 2563 piget,
1013 2529 1083 2556 male
1105 2529 1200 2563 agendi
1223 2528 1308 2556 libido
1334 2530 1511 2564 acquiescere
1532 2529 1574 2556 his
1593 2537 1654 2564 qua:

866 2574 1083 2609 rectajudicant,
1097 2582 1152 2601 non
1168 2575 1244 2602 sinit.
1270 2573 1348 2602 Unde
1363 2575 1516 2602 ostenditur
1532 2575 1651 2609 positum

865 2629 927 2648 esse
941 2621 968 2648 in
985 2621 1138 2648 auditorum
1156 2624 1300 2655 potestate,
1325 2621 1424 2656 eligere
1438 2625 1527 2647 utrrrm
1544 2621 1649 2648 malint.

865 2667 942 2700 Quod
967 2667 989 2694 si
1016 2675 1111 2694 omnes
1136 2667 1183 2702 qui
1207 2667 1332 2697 audiunt,
1359 2666 1519 2697 obedirent,
1545 2669 1650 2693 natura:

864 2713 950 2747 magis
965 2717 1038 2741 esset
1052 2713 1214 2745 necessitas,
1230 2720 1291 2747 qum
1305 2720 1358 2739 una
1375 2719 1471 2739 omnes
1489 2714 1580 2745 ageret
1594 2711 1647 2738 via.

865 2758 940 2786 Sicut
955 2759 1026 2786 enim
1042 2759 1149 2787 suaderi
1169 2759 1230 2793 quis
1246 2766 1300 2785 non
1315 2761 1414 2792 potest,
1434 2761 1463 2784 ut
1478 2757 1524 2783 fvat
1540 2756 1649 2786 brevior

863 2809 909 2832 aut
922 2805 1037 2840 longior,
1053 2805 1116 2840 quia
1140 2813 1194 2832 non
1212 2804 1278 2832 sinit
1301 2804 1342 2831 vis
1359 2806 1480 2835 naturai;
1508 2802 1544 2829 ita
1566 2807 1593 2830 et
1614 2803 1647 2828 ad

862 2851 1015 2882 veritatem,
1032 2852 1054 2879 si
1070 2859 1164 2880 omnes
1181 2850 1264 2879 verbo
1279 2853 1505 2887 converterentur
1526 2854 1571 2878 aut
1590 2857 1647 2878 orn.—
