1892 3105
220 142 292 170 1999

643 141 675 170 S.
694 142 891 171 CLEMENTIS
911 143 919 170 l
938 143 1021 171 R0“.
1041 142 1143 172 PONT.
1159 144 1272 173 OPERA
1293 143 1407 172 DUBIA.

1791 146 1853 174 £300

216 208 269 228 nes
295 207 351 227 non
378 203 615 232 convertcrcntur,
639 204 743 229 naturaa
768 205 841 229 esset
869 201 926 234 vis,
954 208 1014 235 quae
1029 203 1048 230 Α
1065 209 1149 236 quum
1169 202 1320 235 videretur,
1337 207 1366 229 ut
1378 202 1446 237 justi
1460 207 1488 230 et
1503 202 1600 238 injust:
1624 210 1684 231 uno
1708 207 1783 239 apud
1795 214 1852 233 eum

214 245 335 281 cogebat
350 246 433 274 verbo
447 253 544 274 omnes
566 248 692 274 converti
719 251 766 275 aut
779 247 885 275 nullum
899 248 1012 275 omnino

216 292 353 320 converti.

253 336 388 366 XXXVII.
404 337 437 364 Et
452 337 547 366 Simon
565 348 572 366 :
590 338 661 366 Doce
675 346 741 374 ergo
758 346 820 371 nos,
836 338 901 374 quid
924 339 1012 374 primo

216 388 326 419 oportet
339 384 446 412 discere
464 392 527 412 eum
545 385 592 420 qui
612 386 752 412 veritatem
768 385 840 413 scire
859 384 1012 412 desiderat?

216 430 250 457 Et
272 430 370 459 Petrus
393 439 400 456 :
420 430 491 458 Ante
513 431 624 463 omnia,
650 432 752 466 inquit,
778 431 864 466 quaeri
891 435 1009 466 oportet,

215 475 283 511 quid
298 477 334 505 sit
346 476 450 504 homini
461 478 594 512 quaerenti
608 477 730 504 invenire
741 477 881 512 possibile.
894 476 1010 505 Necesse

212 526 259 550 est
272 522 345 549 enim
357 523 492 557 judicium
508 522 556 551 Dei
570 523 599 550 in
622 523 673 550 hoc
689 527 772 555 stare,
787 523 812 551 si
826 523 915 558 potuit
928 523 1010 551 homo

215 567 317 595 bonum
333 567 434 600 facere,
450 573 478 596 et
492 577 547 596 non
565 568 644 602 fecit;
658 573 686 596 et
702 568 762 596 ideo
776 569 952 604 quaerendum
968 574 1010 596 est

214 613 385 647 hominibus,
402 615 426 642 si
441 615 560 642 habeant
581 615 609 642 in
631 619 765 650 potestate
791 623 839 642 sua
855 620 1008 650 quaerentes

214 659 339 688 invenire
353 661 421 696 quid
433 666 477 688 est
487 662 600 694 bonum,
616 666 642 689 et
657 670 720 689 cum
738 662 892 689 invenerint
903 662 1006 694 facere;

214 705 268 733 hoc
295 706 367 733 enim
390 711 433 734 est
456 714 506 741 pro
530 714 585 742 quo
607 707 750 742 judicandi
775 711 851 735 sunt.
882 708 1007 742 Amplius

212 756 306 779 autem
323 752 366 780 his
385 753 473 780 solum
493 753 566 781 scire
590 753 630 780 fas
644 757 687 781 est
712 753 889 788 prophetam,
906 757 933 780 et
948 761 1006 781 me-

214 797 285 830 rito;
297 797 362 832 quid
377 798 449 825 enim
461 806 530 833 opus
544 803 586 826 est
599 799 759 826 hominibus
774 799 856 831 scire,
868 798 1007 834 quomodo

213 845 304 872 factus
320 846 355 872 sit
371 844 508 873 mundu52
526 845 589 872 llaec
602 846 675 874 enim
697 845 828 873 discenda
848 844 1005 872 necessario

1062 245 1229 274 haberentur
1243 248 1340 276 ordine
1355 249 1526 276 meritorum.

1097 292 1218 322 XXXIX.
1234 293 1267 321 Et
1280 293 1376 321 Simon
1389 302 1396 320 :
1412 293 1500 321 Unum
1513 298 1557 321 est
1570 294 1606 322 de
1620 302 1679 330 quo
1694 295 1766 322 mihi
1780 296 1853 324 velim

1061 339 1202 372 satisfieri,
1216 340 1240 367 si
1257 340 1420 368 immortalis
1435 345 1477 368 est
1491 341 1602 374 anima;
1621 349 1679 368 non
1701 342 1780 368 enim
1798 351 1853 378 pes-

1061 392 1124 412 sum
1141 393 1212 414 ouus
1236 387 1330 414 subire
1347 386 1474 422 justitia,
1491 387 1544 414 nisi
1560 387 1640 422 prius
1656 387 1692 415 de
1716 388 1853 415 immorta-

1060 431 1137 459 litate
1160 432 1258 459 animae
1273 433 1371 465 sciam,
1388 440 1449 467 quae
1464 433 1558 468 utique
1575 433 1600 461 si
1617 434 1791 462 immortalis
1805 443 1853 462 non

1060 480 1117 510 est,
1134 485 1184 505 nec
1199 477 1402 512 pradicationis
1419 483 1471 506 tua:
1489 479 1590 513 poterit
1612 483 1690 507 stare
1706 480 1851 514 professio.

1060 521 1129 550 Tum
1144 522 1447 557 Petruszouazramus,
1470 524 1569 559 inquit,
1593 525 1686 559 prius,
1714 525 1740 553 si
1766 526 1853 561 justus

1059 573 1101 596 est
1116 568 1204 603 Deus;
1221 569 1294 604 quod
1313 569 1337 597 si
1354 570 1496 601 claruerit.
1518 570 1625 605 integer
1643 572 1777 606 proiecto
1793 574 1852 600 reli-

1059 615 1148 650 gionis
1166 616 1235 644 ordo
1253 616 1402 644 constabit.
1424 616 1457 644 Et
1475 616 1591 644 Simon:
1605 617 1721 645 Videris
1743 619 1809 645 mihi
1829 626 1852 646 tu

1058 660 1105 695 qui
1127 664 1154 688 te
1176 661 1265 695 jactas
1287 661 1446 696 disputandi
1481 662 1607 689 ordinem
1643 671 1750 696 nosse,
1783 673 1852 691 nunc

1057 709 1154 731 contra
1174 706 1299 733 ordinem
1322 706 1514 741 respondisse;
1541 715 1585 734 me
1599 708 1675 735 enim
1692 714 1812 744 rogante
1827 716 1853 737 ut

1057 750 1205 783 ostendas,
1223 751 1247 777 si
1273 751 1435 779 immortalis
1450 757 1491 780 est
1509 754 1615 786 anima,
1635 759 1667 781 tu
1689 756 1747 786 ais,
1767 758 1853 791 primo

1056 802 1107 822 nos
1125 803 1248 830 quaerere
1262 801 1370 832 oportet
1389 798 1413 825 si
1430 799 1520 833 justus
1541 805 1583 826 est
1598 800 1682 828 Deus.
1707 802 1742 828 Et
1756 802 1853 832 Petrus

1056 841 1094 868 ait
1108 851 1114 868 :
1130 841 1215 869 Valde
1229 849 1430 878 consequenter
1443 849 1470 872 et
1482 849 1556 872 recte
1576 854 1607 874 se
1618 846 1718 875 habet.
1737 848 1850 877 Simon:

211 892 380 923 viderentur,
397 893 419 920 si
434 892 524 919 simile
545 891 694 919 ineundum
713 891 795 919 nobis
820 894 893 918 esset
917 890 1004 917 artiii-
1019 877 1041 905 Β
1057 887 1144 915 Velim
1159 889 1277 917 discere.

211 938 297 965 cium.
313 937 390 965 Nunc
413 941 505 965 autem
522 937 622 965 suﬁicit
636 938 717 965 nobis
737 938 772 965 ad
796 937 899 965 cultum
912 937 959 964 Dei
975 941 1004 964 ut

211 983 344 1015 sciamus,
357 984 420 1018 quia
437 984 494 1018 ipse
515 983 580 1011 fecit
595 983 745 1015 mundum;
762 983 899 1018 quomodo
913 987 1002 1010 autem

211 1029 308 1057 fecerit
321 1029 497 1066 quaerendum
513 1037 567 1057 non
580 1033 634 1061 est,
647 1030 722 1064 quia,
737 1033 768 1056 ut
778 1029 845 1061 dixi,
858 1037 912 1056 non
923 1029 1003 1057 nobis

211 1075 348 1108 imminet,
387 1081 517 1111 tanquam
543 1075 632 1103 simile
657 1075 761 1110 aliquid
786 1075 911 1108 factoris,
935 1076 1002 1103 artis

209 1121 299 1156 ipsius
316 1121 460 1149 scientiam
477 1121 594 1149 discere.
624 1121 678 1148 Sed
694 1129 783 1156 neque
798 1129 847 1157 pro
861 1122 913 1149 hoc
928 1123 1002 1157 judi—

208 1167 291 1195 candi
309 1175 415 1200 sumus,
432 1175 482 1195 cur
497 1175 553 1195 non
571 1167 752 1196 didicerimus
763 1168 900 1202 quomodo
914 1168 1001 1196 Iactus

210 1213 248 1240 sit
261 1214 388 1244 mundus.
402 1213 450 1241 sed
467 1221 516 1248 pro
529 1221 562 1241 eo
575 1217 691 1246 tantum,
708 1214 730 1241 si
757 1213 914 1248 ignoremus
928 1214 1002 1241 Con-

207 1259 326 1286 ditorem
351 1260 421 1294 ejus.
444 1259 572 1288 Suiemus
595 1264 688 1287 autem
711 1259 882 1288 conditorem
907 1261 1001 1288 mundi

205 1305 314 1340 justum
330 1310 357 1332 et
379 1307 479 1334 bonum
503 1306 600 1338 Deum,
626 1307 649 1334 si
673 1314 735 1333 eum
761 1306 867 1334 semitis
887 1306 1002 1341 justitia:

210 1352 398 1386 requiramus.
428 1351 496 1379 Nam
524 1352 547 1379 si
571 1352 625 1379 hoc
646 1356 751 1379 tantum
771 1351 891 1380 sciamus
911 1352 945 1379 de
967 1360 1001 1380 eo

207 1397 283 1432 quod
308 1398 396 1425 bonus
421 1401 480 1430 est,
499 1397 657 1432 hujusmodi
682 1398 798 1424 scientia
819 1406 874 1425 non
903 1397 1001 1426 sufﬁcit

208 1443 244 1470 ad
264 1444 389 1471 salutent.
415 1443 444 1470 In
470 1443 597 1479 praesenti
620 1443 692 1470 enim
716 1447 849 1478 tempore,
878 1443 1000 1471 bonitate

206 1492 270 1525 ejus
281 1495 308 1517 et
322 1490 462 1518 beneficiis
476 1489 656 1525 perfruuntur
671 1497 726 1516 non
746 1490 834 1516 solum
845 1489 932 1524 digiti,
951 1490 999 1517 sed

1091 933 1146 961 XL.
1167 933 1264 962 Petrus
1287 935 1395 968 :Audi,
1423 936 1523 971 inquit,
1549 939 1676 965 nonnulli
1703 939 1850 969 hominum

1054 980 1276 1015 blasphemantes
1287 980 1372 1008 Deum
1384 986 1410 1009 et
1423 990 1532 1010 omnem
1548 984 1632 1011 vitam
1655 993 1740 1012 suam
1762 988 1791 1014 in
1811 989 1850 1014 in-

1051 1026 1160 1060 justitia
1179 1031 1205 1054 et
1219 1026 1359 1061 voluptate
1379 1027 1520 1060 ducentes,
1538 1029 1566 1056 in
1588 1029 1698 1058 lectulis
1727 1032 1788 1059 suis
1803 1033 1850 1059 de-
1891 1022 1892 1025 Ἰ

1054 1071 1140 1098 functi
1164 1077 1246 1104 sunt,
1273 1073 1415 1100 consecuti
1441 1075 1521 1101 linem
1549 1074 1613 1102 vitae
1635 1076 1710 1103 inter
1733 1085 1803 1104 suos
1824 1082 1849 1105 et

1053 1116 1241 1145 honorabilem
1262 1119 1453 1152 sepulturam;
1473 1119 1518 1146 alii
1537 1127 1603 1147 vero
1616 1119 1702 1148 Deum
1727 1122 1848 1150 colentes
1891 1141 1892 1148 η

1053 1167 1156 1190 etcum
1175 1165 1250 1191 omni
1268 1164 1378 1199 justitia
1399 1169 1425 1192 et
1446 1165 1596 1194 sobrietate
1610 1167 1695 1194 vitam
1718 1176 1802 1196 suam
1823 1172 1847 1196 in

1052 1209 1222 1243 parcimonia
1245 1215 1456 1250 conservantes.
1474 1220 1524 1246 pro
1536 1212 1655 1247 justitia:
1669 1214 1846 1242 observantia

1052 1257 1080 1283 in
1096 1257 1214 1284 desertis
1236 1257 1376 1289 interiere,
1400 1259 1436 1284 ita
1459 1262 1489 1285 ut
1512 1267 1547 1286 ne
1569 1260 1713 1294 sepultura
1736 1262 1847 1296 quidem

1052 1302 1219 1330 haberentur
1251 1303 1338 1338 digni.
1367 1303 1417 1330 Ubi
1442 1309 1484 1331 est
1513 1313 1579 1340 ergo
1602 1306 1713 1340 justitia
1745 1307 1805 1338 Dei.
1825 1310 1846 1336 si

1051 1349 1143 1375 anima
1167 1349 1331 1377 immortalis
1345 1357 1400 1377 non
1413 1355 1465 1382 est,
1481 1359 1542 1386 qua:
1562 1351 1605 1378 vel
1620 1351 1643 1378 si
1661 1352 1749 1387 impie
1764 1356 1846 1388 egerit

1051 1403 1147 1430 parias
1162 1395 1190 1422 in
1205 1396 1308 1428 futuro,
1324 1397 1366 1423 vel
1382 1397 1405 1424 si
1422 1397 1464 1431 pie
1479 1400 1505 1424 et
1518 1397 1592 1431 juste
1607 1399 1723 1432 praemia
1750 1408 1847 1427 conse-

1051 1442 1172 1476 quatur?
1193 1440 1224 1468 Et
1242 1441 1338 1469 Simon
1358 1442 1396 1468 ait
1416 1451 1423 1468 :
1443 1442 1501 1470 lIoc
1523 1443 1619 1478 utique
1641 1449 1686 1471 est
1698 1445 1777 1479 quod
1798 1454 1846 1473 nos

1051 1489 1210 1518 incredulos
1238 1489 1323 1522 facit,
1345 1492 1410 1526 quia
1433 1492 1511 1518 multi
1535 1492 1604 1520 bene
1633 1498 1754 1528 agentes
1778 1498 1847 1522 mai-3

206 1536 291 1562 etiam
317 1536 431 1571 indigni.
458 1536 488 1562 Si
511 1542 577 1562 vero
600 1543 655 1562 non
680 1539 786 1561 tantum
812 1535 925 1568 bonum,
950 1535 998 1563 sed
1012 1547 1034 1577 ε
1051 1540 1179 1570 pereunt,
1205 1539 1232 1563 et
1255 1544 1364 1563 rursum
1403 1537 1480 1563 inulti
1511 1537 1594 1572 impie
1626 1544 1746 1573 agentes
1774 1541 1846 1576 lUU'éI

206 1582 291 1608 etiam
305 1582 409 1616 justum
425 1590 487 1610 eum
499 1581 656 1611 credamus.
666 1584 694 1608 et
704 1581 854 1608 secundum
866 1582 918 1608 hoc
928 1581 1000 1616 quod

205 1627 242 1655 de
258 1627 313 1654 Deo
331 1627 488 1659 credimus,
512 1627 542 1654 in
564 1627 639 1654 omni
662 1627 719 1653 vita
753 1633 846 1654 nostra
867 1628 1001 1662 justitiam

205 1677 361 1706 teneamus,
376 1674 460 1701 etiam
472 1674 594 1701 bonitate
605 1674 666 1709 ejus
679 1673 706 1700 in
722 1676 854 1700 autemqu
867 1674 999 1702 fruemur.

206 1718 330 1754 Denique
359 1719 481 1747 Hebraeis
508 1720 555 1755 qui
587 1720 622 1747 de
645 1720 700 1747 Deo
735 1721 774 1747 ita
798 1720 999 1754 opinabantur,

202 1765 280 1799 quod
297 1765 385 1793 solum
401 1766 489 1794 bonus
512 1770 602 1798 esset,
619 1766 726 1794 dicebat
742 1766 870 1801 Magister
895 1769 1000 1800 noster,

206 1816 237 1838 ut
248 1815 275 1838 et
297 1811 432 1846 justitiam
448 1812 509 1846 ejus
531 1817 685 1847 quaererent
706 1813 739 1844 ",
765 1813 817 1840 hoc
829 1817 882 1844 est,
899 1817 929 1839 ut
945 1812 1000 1839 sci-

206 1860 269 1884 rent
288 1864 351 1884 eum
370 1858 498 1892 praesenti
521 1858 630 1893 quidem
651 1863 772 1893 tempore
798 1858 900 1886 bonum
923 1865 996 1889 esse.

205 1908 238 1929 ut
251 1910 346 1931 omnes
361 1903 389 1930 in
403 1904 525 1931 bonitate
543 1904 604 1939 ejus
617 1904 720 1935 vivant,
734 1904 841 1939 justum
855 1911 920 1931 vero
935 1911 997 1931 eum

207 1951 331 1976 luturum
353 1949 381 1976 in
398 1949 444 1977 die
463 1950 574 1984 judicii,
597 1955 627 1977 ut
647 1950 738 1985 dignis
763 1950 874 1985 praemia
897 1953 997 1977 aterna

206 1996 346 2027 restituat,
362 2003 377 2023 a
391 1996 492 2031 quibus
506 1997 633 2025 excludet
652 1998 791 2032 indignos.

243 2041 388 2069 XXXVIII.
409 2042 442 2069 Et
457 2042 571 2070 Simon:
587 2043 730 2076 Quomodo
746 2047 835 2078 potest
855 2051 939 2070 unum
956 2048 997 2070 at-

204 2096 260 2122 que
285 2087 369 2121 idem,
385 2093 413 2116 et
428 2088 529 2116 bonum
553 2096 614 2116 esse
637 2093 664 2116 et
683 2089 807 2123 justum?
820 2089 918 2117 Petrus
939 2090 994 2118 ait:

203 2134 278 2167 Quia
300 2134 361 2162 sine
380 2134 499 2169 justitia,
517 2135 620 2162 bonum
643 2135 777 2170 injustum
796 2136 996 2171 quodammodo

205 2179 363 2214 videbitur;
382 2179 448 2207 boni
462 2184 505 2208 est
522 2180 608 2212 enim,
626 2181 713 2208 solem
735 2187 815 2208 suum
835 2185 862 2208 et
877 2181 994 2215 pluviam

1054 1581 1184 1615 temporis
1199 1581 1282 1608 vitam
1301 1589 1364 1608 cum
1379 1582 1548 1610 beatitudine
1564 1583 1677 1613 finiunt.

1090 1627 1158 1655 XLI.
1178 1627 1211 1654 Et
1231 1627 1329 1655 Petrus
1347 1639 1353 1656 :
1376 1628 1433 1656 Iloc
1457 1630 1565 1664 ipsum,
1586 1631 1695 1666 inquit,
1719 1635 1798 1668 quod
1822 1640 1848 1661 te

1052 1672 1085 1698 ad
1102 1673 1320 1700 incredulitatem
1341 1673 1434 1705 trahit,
1449 1675 1528 1702 nobis
1544 1680 1647 1703 certam
1666 1677 1750 1705 fidem
1769 1678 1846 1711 facit,

1051 1718 1114 1752 quia
1133 1717 1267 1751 judicium
1285 1718 1346 1745 erit.
1370 1718 1476 1745 Etenim
1501 1728 1564 1746 eum
1582 1726 1689 1748 certum
1705 1724 1746 1750 sit
1761 1723 1846 1751 Deum

1049 1765 1153 1799 justum
1169 1771 1240 1795 esse.
1259 1765 1444 1792 necessarium
1464 1770 1490 1793 et
1505 1774 1679 1802 consequens
1707 1774 1754 1796 est
1771 1771 1845 1797 aliud

1049 1819 1111 1838 esse
1125 1811 1266 1841 satculum,
1283 1811 1311 1837 in
1323 1818 1377 1845 quo
1396 1813 1585 1847 unusquisque
1601 1822 1649 1848 pro
1671 1816 1785 1843 meritis
1803 1825 1844 1844 τί-

1049 1857 1153 1892 cipieus
1173 1857 1308 1892 justitiam
1322 1857 1368 1884 Dei
1386 1859 1490 1892 probet.
1517 1858 1596 1891 Quod
1611 1860 1634 1886 si
1651 1868 1730 1888 nunc
1747 1870 1845 1890 omnes

1050 1903 1174 1931 homines
1190 1911 1240 1939 pro
1257 1904 1362 1931 meritis
1379 1904 1439 1930 suis
1455 1904 1617 1938 reciperent,
1630 1914 1697 1934 vere
1719 1916 1776 1935 nos
1791 1910 1843 1935 fui-

1049 1949 1105 1976 lere
1119 1949 1279 1977 videbamur
1300 1949 1425 1977 dicentes
1452 1949 1575 1976 futurum
1599 1959 1661 1978 esse
1689 1952 1841 1987 judicium,

1047 2000 1075 2023 et
1089 1995 1149 2023 ideo
1164 1995 1216 2022 hoc
1230 1995 1319 2030 ipsum
1339 1994 1412 2031 quod
1434 1995 1461 2022 in
1476 1996 1602 2030 pratsenti
1624 1997 1681 2023 vita
1703 2006 1762 2025 non
1782 2001 1842 2027 red.

1047 2042 1120 2069 ditur
1135 2041 1286 2076 unicuique
1301 2049 1351 2076 pro
1365 2041 1472 2069 actibus
1487 2042 1556 2073 suis,
1573 2042 1651 2070 Iidem
1668 2043 1840 2071 indubitabi-

1047 2088 1100 2115 lem
1122 2087 1186 2114 facit
1206 2087 1358 2114 scientibus
1373 2087 1458 2114 Deum
1473 2095 1533 2114 esse
1544 2088 1662 2122 justum,
1676 2090 1745 2124 quia
1766 2091 1839 2125 judi-

1046 2134 1118 2161 cium
1135 2133 1198 2160 erit.
1221 2132 1252 2159 Et
1269 2132 1364 2160 Simon
1379 2142 1386 2160 :
1405 2132 1461 2160 Cur
1475 2141 1538 2168 ergo
1561 2133 1628 2160 mihi
1644 2143 1702 2161 non
1723 2145 1838 2171 persua-

1046 2179 1145 2207 detur?
1158 2178 1275 2206 Pctrus:
1291 2178 1360 2212 Quia
1374 2186 1468 2206 verum
1484 2179 1644 2214 prophetam
1663 2188 1721 2208 non
1740 2183 1837 2209 audisti

203 2233 241 2252 ex
256 2232 334 2260 aequo
345 2224 429 2260 justis
443 2230 471 2254 et
486 2225 598 2260 injustis
613 2226 735 2261 praebere
745 2226 780 2258 ³⁷,
793 2225 841 2254 sed
855 2226 907 2253 hoc
919 2227 994 2254 vide~
1011 2219 1032 2246 ί)
1049 2226 1184 2252 dicentem
1202 2233 1209 2250 :
1234 2224 1351 2257 Quwrite
1378 2225 1463 2259 primo
1482 2224 1618 2259 justitiam
1647 2226 1719 2259 ejus,
1743 2233 1770 2254 ει
1788 2228 1838 2253 lure

205 2275 285 2299 retur
303 2271 448 2306 iniustum,
464 2272 489 2299 si
501 2272 590 2299 bonos
613 2272 755 2307 malosque
774 2273 872 2307 aequali
887 2280 995 2307 semper

203 2323 282 2346 sorte
301 2323 437 2350 censeret,
462 2323 489 2345 et
510 2318 564 2345 nisi
584 2317 692 2353 frugum
711 2325 795 2345 causa
810 2317 863 2345 hoc
879 2317 993 2350 faceret,

203 2364 310 2399 quibus
323 2363 428 2400 perfrui
442 2364 585 2399 aequaliter
598 2372 694 2392 omnes
716 2364 763 2399 qui
780 2364 807 2391 in
824 2364 874 2392 hoc
892 2364 994 2392 mundo

206 2411 263 2438 nati
280 2415 358 2443 sunt,
374 2410 543 2438 conveniret.
571 2409 625 2438 Sed
640 2410 712 2437 sicut
726 2410 789 2437 data
807 2417 822 2437 a
835 2409 890 2437 Deo
904 2410 995 2444 pluvia

203 2463 239 2484 ex
259 2463 337 2491 aequo
356 2461 383 2484 et
401 2456 495 2491 fruges
517 2456 604 2483 nutrit
619 2459 646 2483 et
661 2456 766 2487 lolium,
789 2456 887 2483 messis
902 2460 993 2483 autem

205 2506 329 2537 tempore
351 2501 487 2529 frumenta
512 2503 621 2537 quidem
650 2506 852 2537 congregantur
877 2502 905 2529 in
930 2502 995 2530 hor-

205 2555 295 2580 reum,
310 2548 396 2583 paleaa
409 2555 476 2575 vero
486 2549 529 2576 vel
551 2548 644 2576 lolium
668 2548 725 2583 igni
745 2548 992 2576 consumuntur”:

205 2595 244 2622 ita
264 2595 292 2622 in
309 2595 354 2623 die
371 2595 471 2630 jndicii
497 2603 561 2622 cum
585 2595 652 2630 justi
672 2595 884 2622 introduceutur
905 2594 931 2621 in
952 2601 994 2621 re-

205 2650 289 2678 gnum
307 2642 366 2674 Dei,
393 2643 488 2677 injusti
511 2646 602 2670 autem
626 2641 791 2677 abjieientur
815 2641 906 2672 foras,
929 2645 995 2667 tunc

202 2689 288 2715 etiam
301 2687 409 2722 justitia
422 2686 470 2714 Dei
485 2687 656 2715 ostendetur.
682 2686 750 2714 Nam
766 2687 789 2714 si
806 2687 918 2721 aequalis
933 2694 996 2721 per-

203 2736 328 2760 maneret
349 2734 481 2768 perpetuo
495 2732 574 2759 malis
589 2736 617 2759 et
631 2731 726 2762 bonis.
740 2731 797 2766 jam
812 2731 864 2759 hoc
879 2739 933 2758 non
947 2738 994 2758 so-

202 2779 261 2807 lum
278 2779 380 2807 bonum
396 2783 452 2806 non
471 2783 559 2812 esset,
573 2778 622 2806 sed
635 2783 664 2806 et
678 2778 811 2813 injustum
836 2782 919 2812 atque
939 2777 993 2805 ini-

255 2872 280 2888 "
301 2871 395 2899 Matth.
412 2880 448 2904 εἰ,
463 2871 508 2899 35.
547 2871 568 2886 '7
582 2869 678 2898 Matth.
694 2877 721 2903 ν,
739 2869 782 2896 45.

1048 2272 1139 2298 οηιιιὶα
1159 2276 1322 2306 opponentur
1343 2270 1415 2298 nobis
1426 2271 1458 2297 ”.
1475 2270 1508 2297 Et
1524 2270 1638 2298 Simon:
1656 2272 1785 2308 Indulge,
1800 2274 1838 2300 iu-

1046 2317 1115 2350 quit,
1137 2316 1203 2342 mihi
1224 2315 1325 2343 nolenti
1346 2316 1435 2350 primo
1453 2316 1588 2350 justitiam
1609 2325 1749 2351 quaerere,
1765 2324 1837 2345 ante

1046 2370 1128 2396 quam
1147 2362 1233 2390 sciam
1254 2362 1277 2389 si
1297 2362 1461 2389 immortalis
1483 2361 1518 2388 sit
1542 2362 1644 2389 anima.
1676 2362 1712 2390 Et
1725 2363 1835 2392 Petrus:

1046 2407 1078 2434 Et
1091 2412 1119 2435 tu
1135 2408 1201 2435 mihi
1218 2408 1270 2435 hoc
1284 2416 1367 2435 unum
1385 2407 1505 2442 indulge,
1519 2408 1583 2442 quia
1598 2416 1653 2435 non
1666 2417 1785 2444 possum
1802 2412 1837 2437 fa-

1046 2460 1109 2480 cere
1133 2453 1213 2480 aliter
1231 2461 1313 2488 quam
1338 2460 1382 2479 me
1407 2453 1539 2487 propheta
1566 2453 1692 2480 veritatis
1716 2455 1834 2482 edocuiL

1046 2499 1116 2527 Tum
1130 2499 1228 2526 Simon
1239 2507 1248 2524 :
1267 2498 1379 2526 Certum
1395 2503 1447 2530 est,
1464 2499 1564 2533 inquit,
1581 2506 1636 2525 non
1652 2507 1737 2534 posse
1752 2505 1780 2528 te
1794 2509 1835 2527 as—

1047 2553 1139 2573 Serere
1153 2544 1226 2580 quod
1241 2545 1402 2572 iuuuortalis
1421 2544 1455 2571 sit
1470 2544 1571 2575 anima,
1588 2548 1615 2571 et
1632 2545 1668 2571 ob
1686 2545 1740 2572 hoc
1756 2547 1836 2573 cavil-

1047 2592 1125 2624 laris,
1148 2592 1240 2620 sciens
1262 2590 1325 2626 quia
1341 2591 1364 2618 si
1381 2590 1506 2617 mortalis
1535 2591 1679 2625 probetur,
1702 2590 1835 2617 radicitus

1045 2638 1216 2666 convellatur
1235 2637 1376 2672 religionis
1392 2636 1472 2664 istius
1486 2644 1568 2671 Quam
1584 2636 1698 2663 conaris
1713 2642 1835 2664 asserere

1045 2688 1102 2711 tota
1122 2683 1276 2719 professio;
1301 2687 1329 2710 et
1352 2682 1413 2709 ideo
1437 2682 1519 2709 laudo
1534 2682 1644 2716 quidem
1660 2683 1832 2716 prudentiain

1046 2734 1131 2761 tuam,
1160 2736 1213 2756 non
1241 2732 1333 2754 tamen
1361 2727 1447 2762 probo
1477 2727 1707 2762 persuasionem;
1741 2728 1831 2753 multis

1046 2776 1119 2803 enim
1140 2773 1290 2810 persuades
1311 2773 1454 2809 suscipere
1477 2772 1641 2808 religionem
1662 2775 1691 2799 et
1711 2771 1830 2800 libidinis

823 2869 844 2884 ³³
859 2867 953 2895 Matth.
974 2874 1013 2900 ιιι⁹
1029 2866 1070 2893 I2.
1110 2866 1131 2881 θ’
1144 2864 1240 2893 Matth.
1257 2873 1293 2896 v1,
1306 2864 1350 2892 35.
