1892 3105
67 137 123 166 1501

64 241 150 276 quibus
168 238 266 270 evenit,
287 243 316 265 ut
335 245 424 273 neque
446 236 626 272 praesentibus
652 235 831 271 perfruantur

61 291 85 314 et
98 285 260 320 decipiantur
277 283 386 312 futuris.
407 282 494 311 Simul
514 284 587 311 enim
603 287 633 311 ut
647 283 747 311 mortui
770 282 830 311 fue-

62 332 120 361 rint,
136 331 212 357 etiam
229 330 319 356 anima
334 329 436 364 pariter
450 329 651 364 exstinguetur.

91 375 162 403 XLII.
184 375 282 404 Petrus
302 383 368 403 vero
390 375 447 403 haec
468 375 592 408 audiens,
607 375 736 403 dentibus
756 375 830 402 fren-

59 422 118 450 dens
128 420 296 456 frontemque
309 424 430 448 atterens
444 427 538 452 manu,
553 424 579 447 et
591 420 726 456 profundo
737 421 830 448 doIore

60 467 187 503 suspirans
208 467 246 493 ait
264 476 271 494 :
288 466 394 493 Astutia
421 466 554 501 serpentis
569 467 673 501 antiqui
691 467 725 494 ad
741 465 830 493 homi-

60 521 115 540 num
128 512 299 548 decipiendas
320 511 425 540 animas
448 515 570 539 armatus
592 512 711 544 assistis,
726 517 753 539 et
768 511 829 538 ideo

60 563 84 585 ut
104 565 212 593 serpens
242 556 393 592 sapientior
418 557 525 584 caeteris
553 557 659 589 bestiis,
688 557 722 584 ab
751 557 829 584 initio

58 605 183 632 doctorem
201 608 228 631 te
244 612 305 631 esse
323 603 465 639 professus
479 611 520 631 es.
546 603 579 630 Et
599 611 707 637 rursus,
727 607 757 630 ut
770 611 830 630 ser-

57 657 116 684 pens
134 649 231 677 multos
253 649 428 677 introducere
448 649 515 676 deos
534 649 656 681 volebas,
674 656 757 684 super
775 656 829 684 quo

56 695 201 723 confutatus
213 696 319 723 nullum
333 696 446 722 omnino
458 703 530 722 nunc
543 703 605 723 esse
620 696 720 723 asseris
734 695 828 722 Deum.

57 739 114 767 Nam
133 748 179 775 per
191 741 364 768 occasionem
379 741 473 768 nescio
485 740 566 774 cujus
587 740 670 775 ignoti
687 739 744 772 Dei,
761 747 829 767 con-

55 784 159 812 ditorem
179 785 275 812 mundi
291 785 374 812 Deum
391 786 506 821 negasti,
524 786 572 813 sed
589 794 651 813 eum
667 786 709 812 vel
727 786 827 812 malum

57 839 120 862 esse,
134 831 174 858 vel
193 831 294 858 multos
310 831 410 858 habere
429 831 480 859 sibi
500 831 628 866 aequales,
643 831 685 859 vel
704 831 827 862 omnino,

57 882 81 903 ut
91 876 213 909 diximus,
232 885 288 904 non
304 885 366 905 esse
381 876 464 904 Deum
479 877 672 904 eonfirmabas.
691 875 756 903 Post
770 876 827 903 haec
844 883 863 910 Β

55 929 109 948 cum
121 922 198 949 etiam
214 922 242 949 in
259 922 311 949 hoc
329 927 474 957 superatus
496 922 606 954 fuisses,
622 922 741 948 animam
755 930 828 948 nunc

55 975 184 995 assevrras
206 975 269 995 esse
293 968 449 1001 mortalem,
473 968 512 995 uti
536 975 571 995 ne
595 967 752 994 futurorum
780 975 828 1002 spe

55 1018 119 1040 recte
132 1013 260 1048 justeque
275 1014 391 1040 vivatur.
408 1013 475 1040 Nam
493 1014 588 1048 utique
608 1014 630 1042 si
647 1014 828 1049 desperamur

56 1059 150 1091 futura,
164 1059 259 1094 quidni
274 1059 296 1086 si
313 1059 470 1087 abscidatur
491 1059 690 1091 misericordia,
714 1060 828 1087 luxuria:

56 1104 216 1139 indulgeatur
240 1108 269 1132 et
294 1105 501 1140 voluptatibus,
532 1113 565 1132 ex
594 1105 693 1140 quibus
719 1113 827 1133 omnem

52 1157 205 1185 consurgere
226 1150 390 1185 injustitiam
402 1151 532 1178 constat?
544 1150 576 1177 Et
594 1158 657 1177 cum
674 1154 757 1177 tanta?
777 1151 828 1177 im-

55 1197 151 1230 pietatis
163 1197 315 1225 doctrinam
333 1197 440 1225 misera:
457 1198 521 1225 huic
545 1197 703 1225 introducas
724 1204 827 1225 morta-

53 1242 111 1268 lium
127 1243 195 1273 vitae,
210 1247 237 1270 te
256 1244 344 1278 ipsum
359 1243 444 1278 pium,
458 1251 500 1270 me
516 1243 628 1277 impium
642 1251 733 1274 vocas,
747 1244 827 1278 quasi

52 1287 94 1321 qui
107 1287 225 1315 homines
243 1296 298 1315 non
315 1288 403 1315 sinam
421 1288 472 1314 sub
489 1295 536 1322 spe
554 1287 707 1314 futurorum
740 1288 827 1314 hono-

55 1342 106 1361 rum
120 1342 191 1361 arma
204 1335 344 1370 corripere
357 1337 384 1361 et
399 1335 559 1369 impugnare
571 1342 601 1361 se
616 1334 743 1365 invicem,
760 1333 827 1360 diri-

54 1387 110 1414 pere
127 1388 157 1407 ac
173 1381 332 1408 subvertere
353 1380 480 1407 universa
499 1384 526 1407 et
544 1380 634 1407 moliri
656 1381 746 1406 omnia
766 1387 827 1415 quae

54 1425 128 1453 libido
141 1426 293 1454 dictaverit.
320 1425 353 1453 Et
364 1425 426 1460 quis
441 1425 494 1453 erit
510 1425 569 1453 ista:
588 1425 651 1452 vitm
665 1429 762 1457 status,
778 1425 826 1460 qui

54 1475 107 1499 ate
130 1472 322 1505 introducitur,
346 1475 376 1499 ut
399 1475 518 1506 pugnent
543 1471 668 1498 homines
687 1476 713 1498 et
739 1471 826 1505 impu-

54 1521 167 1552 gnantur,
181 1522 209 1546 ut
225 1519 380 1546 irascantur
392 1521 418 1545 et
431 1519 622 1552 perturbentur
636 1521 663 1544 et
677 1524 784 1550 semper
798 1517 825 1543 in

54 1568 117 1590 metu
130 1564 239 1591 vivant?
254 1563 371 1591 Necesse
389 1568 431 1591 est
450 1564 523 1590 enim
539 1570 587 1590 eos
601 1563 648 1597 qui
672 1562 734 1589 aliis
756 1561 826 1589 infe-
838 1551 860 1580 (ἶ

54 1613 109 1635 runt
126 1610 192 1637 mala
208 1610 291 1637 etiam
313 1610 388 1644 ipsos
403 1616 514 1644 sperare
530 1609 641 1636 similia.
663 1607 784 1634 Videsne
799 1612 826 1634 te

53 1653 139 1682 ducem
162 1655 376 1690 perturbationis
399 1659 425 1683 et
447 1663 501 1682 non
522 1655 608 1690 pacis,
627 1655 779 1689 iniquitatis
799 1657 825 1680 et

54 1709 100 1728 non
117 1704 251 1738 aequitatis
268 1702 405 1730 existere?
419 1701 519 1729 Verum
532 1709 592 1736 ego,
610 1708 663 1728 non
683 1701 762 1735 quasi
777 1700 824 1735 qui

54 1749 185 1777 ostendere
207 1757 262 1777 non
283 1749 386 1784 possim
412 1748 592 1775 immortalem
611 1755 673 1775 esse
694 1747 823 1779 animam,

54 1795 166 1822 simulavi
189 1795 372 1828 iracundiam,
396 1795 443 1822 sed
465 1794 595 1822 misereor
619 1794 762 1821 animabus
776 1794 826 1820 ho—

53 1841 155 1871 minum.
170 1850 239 1876 quas
255 1845 283 1868 tu
297 1840 422 1875 decipere
437 1840 557 1867 conaris.
575 1839 668 1867 Dicam
686 1847 761 1875 ergo,
777 1840 824 1867 sed

53 1895 99 1914 non
117 1890 189 1922 quasi
210 1892 237 1914 te
257 1891 385 1922 cogente;
404 1886 462 1914 scio
483 1886 555 1913 enim
572 1886 708 1921 quomodo
721 1885 824 1917 dicam,

50 1935 74 1957 et
87 1933 156 1960 solus
169 1934 224 1960 eris
239 1933 284 1967 qui
304 1932 338 1959 de
353 1932 404 1958 hoc
418 1938 473 1958 non
489 1934 544 1958 tam
562 1932 739 1966 persuasione
754 1931 825 1958 indi—

53 1986 118 2012 geas,
137 1987 215 2014 quam
248 1977 478 2010 commonitione;
505 1984 553 2005 eos
577 1982 666 2004 autem
689 1977 741 2004 hoc
778 1977 825 2012 qui

52 2031 106 2052 vere
120 2025 254 2060 ignorant,
270 2023 373 2051 docebo
387 2027 415 2050 ut
426 2023 561 2050 convenit.

82 2069 165 2098 XLIII.
185 2070 256 2098 Tum
273 2069 367 2097 Simon
381 2079 387 2096 :
401 2068 428 2096 Si
445 2069 583 2101 irasceris,
598 2069 696 2104 inquit,
711 2077 765 2096 non
781 2068 825 2095 in-

51 2119 183 2153 terrogabo
197 2125 250 2146 nec
265 2117 360 2144 audire
373 2117 445 2144 volo.
461 2115 494 2142 Et
505 2115 601 2144 Petrus
614 2124 621 2142 :
633 2115 674 2142 Tu
691 2115 825 2150 siquidem

52 2171 116 2191 nunc
136 2165 308 2192 occasionem
324 2164 424 2199 quaeris
438 2162 674 2197 subterfugiendi;
692 2163 776 2190 habes
794 2162 825 2188 li-

51 2211 166 2243 centiam.
198 2216 226 2240 et
255 2211 315 2239 sine
337 2210 483 2239 occasione
514 2208 686 2245 cujusquam.
721 2207 860 2249 Omnes!)

50 2257 115 2284 enim
137 2259 283 2286 audierunt
307 2261 334 2285 te
358 2256 427 2284 nihil
449 2260 522 2284 recte
541 2255 688 2286 dicentem,
708 2262 759 2282 nec
774 2262 823 2289 po-

51 2304 126 2331 tuisse
140 2305 240 2340 aliquid
257 2303 430 2336 confirmare,
445 2301 492 2330 sed
505 2301 540 2328 ob
555 2301 605 2328 hoc
617 2304 721 2328 tantum
739 2301 822 2329 inter-

49 2357 150 2382 rogasse
163 2355 191 2378 ut
204 2349 417 2380 contradiceres,
431 2347 502 2383 quod
514 2347 603 2382 quivis
619 2347 707 2374 facere
723 2350 822 2382 potest.

48 2395 112 2428 Quid
130 2397 201 2424 enim
233 2395 340 2423 diﬁicile
358 2398 401 2422 est
422 2397 484 2429 post
500 2393 639 2420 evidentes
658 2393 823 2420 assertiones

50 2443 214 2476 respondere,
232 2441 300 2468 nihil
313 2440 415 2468 dixisti.
432 2439 467 2466 Ut
483 2443 573 2466 autem
591 2438 663 2465 scias
679 2438 743 2473 quia
756 2445 824 2472 pos-

49 2494 103 2514 sum
117 2488 162 2515 tibi
177 2495 230 2516 uno
246 2494 372 2516 sermone
394 2485 548 2516 ostendere,
564 2484 635 2519 quod
660 2483 823 2511 immortalis

48 2536 86 2559 est
100 2534 195 2566 anima,
211 2532 386 2568 interrogabo
401 2535 432 2559 te
444 2531 554 2558 verbum
571 2530 642 2565 quod
662 2537 757 2556 omnes
771 2536 822 2555 no-

49 2583 117 2611 runt,
140 2579 276 2615 responde
290 2578 367 2608 mihi,
382 2581 408 2605 et
423 2585 478 2604 uno
493 2583 619 2605 sermone
642 2575 821 2602 immortalem

47 2630 103 2652 esse
113 2625 303 2661 comprobabo.
317 2623 386 2651 Tum
399 2623 505 2653 Simon,
519 2623 565 2657 qui
578 2622 634 2656 jam
649 2621 822 2648 occasionem

50 2669 96 2697 sibi
117 2671 189 2700 visus
212 2671 302 2699 fuerat
332 2670 469 2698 invenisse
495 2677 527 2696 ex
550 2667 691 2695 iracundia
707 2665 778 2693 Petri
795 2669 823 2692 ut

49 2715 198 2750 discederet,
220 2717 321 2746 restitit
341 2724 390 2752 pro
412 2724 445 2743 eo
464 2714 536 2750 quod
557 2713 656 2740 mirum
675 2712 699 2739 ei
720 2711 823 2746 aliquid

50 2761 256 2795 promittebatur,
270 2766 298 2790 et
313 2762 369 2789 ait:
385 2760 523 2796 Interroga
538 2767 591 2790 me,
607 2763 636 2785 ut
647 2757 695 2784 tibi
711 2764 823 2792 respon-

49 2806 118 2833 deam
129 2809 198 2843 quod
217 2815 312 2836 omnes
331 2809 443 2838 norunt,
458 2810 485 2833 et
499 2804 606 2832 audiam
624 2811 679 2830 uno
698 2808 726 2829 ut
742 2803 821 2837 polli-

49 2851 112 2878 Cilus
126 2862 153 2882 es
167 2861 301 2886 sermone,
322 2852 464 2889 quomodo.
478 2850 567 2878 anima
591 2849 753 2877 immortalis
768 2847 821 2875 sit?

640 130 922 160 RECOGNITIONUM
941 131 1007 159 LIB.
1027 130 1068 159 IlI.

65 194 145 222 subire
159 190 365 223 continentiam,
380 190 433 219 sub
446 197 494 226 spe
510 190 664 218 futurorum
685 190 829 220 bonorum.
845 198 869 226 Α
918 188 1011 216 XLIV.
1037 189 1071 216 Et
1093 188 1190 217 Petrus
1214 197 1220 215 :

1605 131 1674 160 1302

1246 189 1339 216 Dicam
1363 190 1401 216 ita
1431 193 1461 216 ut
1488 196 1544 224 pne
1566 191 1674 219 caeteris

882 235 1010 263 omnibus
1024 235 1072 262 tibi
1088 235 1175 270 magis
1189 235 1329 270 probetur.
1349 233 1495 269 Responde
1513 243 1578 270 ergo
1593 236 1673 270 mihi,

880 281 946 316 quid
965 285 1008 309 est
1028 280 1101 316 quod
1125 280 1297 308 incredulum
1320 280 1406 315 magis
1433 281 1549 308 suadere
1573 286 1672 316 potest,

879 327 955 354 visus
979 334 1014 354 an
1035 327 1165 354 auditus?
1183 325 1216 353 Et
1231 325 1345 354 Simon:
1363 325 1455 354 Visus.
1471 326 1540 353 Tum
1554 325 1671 355 Petrus.

879 371 1023 406 Quomodo
1042 379 1108 407 ergo
1131 379 1147 399 a
1169 379 1213 399 me
1232 372 1276 399 vis
1288 371 1396 399 discere
1417 372 1512 404 verbo,
1528 373 1602 407 quod
1623 373 1672 400 tibi

879 426 909 446 re
922 419 980 453 ipsa
994 418 1127 453 probatur
1141 422 1168 446 et
1179 419 1260 446 visu?
1273 417 1306 444 Et
1320 418 1414 445 Simon
1427 428 1434 446 :
1448 417 1557 451 Nescio,
1573 418 1671 454 inquit,

880 463 1020 499 quomodo
1034 464 1122 492 dicas.
1147 463 1180 490 Et
1196 463 1293 491 Petrus
1308 470 1316 489 :
1332 463 1360 490 Si
1377 464 1478 496 nescis,
1495 471 1576 499 perge
1598 473 1673 492 nunc

880 509 908 536 in
923 510 1034 537 domum
1059 513 1150 542 tuam,
1171 513 1198 538 et
1214 511 1354 545 ingressus
1376 510 1491 537 interius
1514 510 1671 538 cubiculum

879 556 985 584 videbis
1009 556 1155 592 imaginem
1173 556 1302 591 positam,
1319 558 1504 584 continentem
1521 558 1598 592 pueri
1614 558 1672 585 vio-

879 603 967 631 lenter
987 603 1077 631 necati
1101 602 1216 638 efﬁgiem
1239 610 1360 638 purpura
1386 607 1555 638 coopertam,
1581 604 1671 639 ipsum

879 648 1034 684 interroga,
1056 653 1084 676 et
1104 649 1214 676 docebit
1235 654 1261 676 te
1279 649 1321 676 vel
1342 649 1522 684 responsione
1543 650 1584 677 vel
1599 650 1669 678 visu.

878 693 950 727 Quid
968 695 1041 721 enim
1062 702 1132 729 opus
1150 698 1193 722 est
1214 693 1311 721 audire
1328 694 1362 721 ab
1374 702 1407 721 eo
1422 695 1445 722 si
1461 695 1622 723 immortalis
1636 696 1672 723 sit

879 740 978 772 anima,
991 748 1053 767 cum
1068 745 1159 767 astare
1173 747 1233 768 eam
1247 739 1340 767 videas
1352 740 1534 774 praesentem?
1554 740 1583 768 Si
1597 742 1670 768 enim

879 792 934 812 non
956 789 1039 818 esset,
1060 793 1112 813 nec
1129 785 1216 812 videri
1237 786 1330 820 utique
1345 789 1462 819 poterat.
1485 785 1563 818 Quod
1583 787 1606 814 si
1622 794 1671 812 ne.

879 832 934 858 scis
947 838 1028 866 quam
1041 831 1104 858 dico
1119 831 1276 866 imaginem,
1294 831 1357 858 hinc
1374 839 1390 858 e
1404 831 1519 866 vestigio
1531 839 1593 858 cum
1608 832 1670 859 aliis

878 878 971 904 decem
992 877 1068 908 viris.
1085 884 1119 904 ex
1140 876 1183 904 his
1198 876 1245 911 qui
1264 881 1412 912 praesentes
1432 882 1506 909 sunt,
1522 885 1617 904 eamus
1635 878 1669 905 ad

880 923 992 950 domum
1010 927 1096 950 tuam.

915 968 995 997 XLV.
1016 969 1051 996 At
1065 969 1159 996 Simon
1175 969 1233 996 haec
1246 969 1360 996 audiens
1374 974 1401 996 et
1417 969 1586 996 conscientia
1603 977 1668 1005 per-

879 1023 989 1047 cussus,
1012 1015 1104 1042 colore
1126 1019 1232 1042 mutato
1249 1015 1397 1050 exsanguis
1415 1016 1529 1043 effectus
1545 1019 1603 1048 est;
1620 1024 1668 1043 ex-

879 1060 970 1087 timuit
1001 1060 1075 1087 enim
1110 1067 1144 1087 ne
1168 1059 1239 1086 forte
1264 1059 1287 1086 si
1312 1063 1425 1094 negaret
1449 1064 1668 1094 perscrutaretur

878 1107 976 1133 domus
999 1106 1070 1140 ejus,
1094 1111 1140 1133 aut
1161 1113 1195 1133 ne
1217 1106 1363 1141 indignans
1373 1105 1473 1134 Petrus
1493 1106 1668 1135 manifestius

878 1159 940 1180 eum
956 1151 1098 1187 proderet,
1112 1155 1139 1179 et
1153 1152 1283 1179 omnibus
1297 1152 1360 1187 quis
1381 1157 1455 1180 esset
1470 1152 1665 1184 innotesceret.

879 1199 915 1225 ita
931 1198 1072 1233 respondit
1088 1208 1096 1226 :
1112 1197 1233 1226 Obsecro
1250 1202 1290 1231 te,
1302 1198 1393 1231 Petre,
1410 1206 1458 1234 per
1471 1199 1548 1226 illum
1565 1199 1666 1226 bonum

878 1242 962 1270 Deum
977 1243 1024 1277 qui
1040 1243 1066 1270 in
1081 1246 1108 1270 te
1122 1247 1176 1275 est,
1193 1247 1224 1270 ut
1240 1243 1338 1271 vincas
1357 1243 1487 1270 malitiam
1503 1251 1564 1278 quae
1581 1243 1610 1270 in
1624 1251 1668 1272 me

877 1292 930 1320 est,
947 1289 1059 1324 suscipe
1078 1296 1121 1316 me
1135 1289 1168 1316 ad
1184 1289 1375 1323 paenitentiam
1390 1294 1417 1317 et
1432 1289 1546 1317 habebis
1560 1297 1603 1317 me
1618 1290 1668 1317 ad—

877 1333 997 1368 jutorem
1012 1333 1217 1370 praedicationis
1237 1339 1300 1362 tuae.
1327 1334 1407 1362 Nunc
1420 1335 1493 1363 enim
1508 1343 1571 1362 vere
1584 1335 1668 1364 rebus

878 1381 947 1416 ipsis
963 1381 1057 1413 didici,
1071 1381 1136 1416 quia
1152 1380 1201 1409 Dei
1218 1382 1275 1409 veri
1290 1381 1423 1417 propheta
1437 1390 1485 1414 es,
1500 1386 1528 1409 et
1548 1382 1609 1410 ideo
1624 1391 1669 1411 se-

877 1429 953 1453 creta
975 1425 1116 1453 hominum
1134 1426 1211 1453 solus
1231 1429 1312 1461 atque
1334 1434 1435 1453 arcana
1454 1427 1610 1461 cognoscis.
1635 1427 1668 1453 Et

877 1470 975 1499 Petrus
990 1472 1028 1499 ait
1047 1480 1053 1497 :
1073 1471 1311 1504 Videtis,fratres,
1327 1471 1465 1500 Simonem
1480 1472 1666 1507 paenitentiam

878 1521 1054 1551 quaerentem,
1072 1518 1156 1552 paulo
1169 1522 1231 1553 post
1246 1517 1373 1545 videbitis
1386 1526 1448 1546 eum
1460 1525 1558 1546 rursus
1573 1518 1606 1545 ad
1623 1519 1668 1545 in-

877 1562 1033 1590 fidelitatem
1053 1570 1131 1590 suam
1151 1565 1261 1591 reverti.
1278 1563 1382 1592 Putans
1400 1564 1473 1591 enim
1489 1571 1532 1591 me
1546 1564 1667 1599 prophe-

875 1613 932 1636 tam
948 1617 1021 1641 esse,
1035 1617 1085 1644 pro
1098 1617 1131 1637 eo
1147 1610 1220 1645 quod
1236 1610 1371 1646 publicari
1386 1611 1457 1637 mala
1473 1609 1544 1644 ejus,
1563 1618 1624 1645 quae.
1639 1611 1666 1637 in
1702 1599 1706 1609 ’

875 1655 991 1682 secretis
1016 1655 1132 1683 habebat
1156 1661 1183 1684 et
1207 1656 1235 1683 in
1257 1655 1391 1688 occultis,
1422 1656 1611 1691 paenitentiam
1637 1664 1668 1684 se

875 1704 1001 1727 acturum
1025 1701 1169 1736 promisit;
1187 1708 1231 1728 me
1246 1705 1336 1728 autem
1361 1702 1470 1729 mentiri
1487 1701 1529 1729 fas
1543 1710 1596 1728 non
1611 1706 1664 1733 est,

875 1754 964 1781 neque
986 1752 1017 1773 ut
1041 1746 1160 1774 infidelis
1181 1747 1226 1774 hic
1243 1747 1365 1775 salvetur
1386 1750 1433 1774 aut
1454 1755 1509 1774 non
1530 1748 1664 1780 salvetur,

875 1799 925 1826 ego
947 1791 1041 1819 fallere
1064 1791 1161 1819 debeo.
1183 1783 1286 1820 Testor.
1301 1792 1374 1820 enim
1394 1792 1495 1819 cadum
1508 1797 1535 1820 et
1549 1797 1664 1825 terram,

875 1837 939 1872 quia
956 1845 1010 1865 non
1022 1837 1179 1873 prephetice
1193 1838 1265 1870 dixi,
1279 1845 1341 1873 quae
1356 1838 1412 1866 dixi
1429 1838 1472 1865 vel
1492 1845 1562 1872 quae,
1576 1845 1664 1873 quan-

874 1887 932 1912 tum
946 1884 1076 1919 possibile
1092 1888 1161 1916 erat,
1177 1884 1266 1912 turbis
1281 1884 1455 1912 audientibus
1470 1884 1599 1916 indicavi,
1615 1885 1663 1912 sed

876 1938 891 1958 a
905 1930 1070 1966 quibusdam
1086 1931 1132 1966 qui
1152 1934 1219 1958 tunc
1234 1931 1258 1958 ei
1274 1931 1342 1959 socii
1362 1930 1471 1958 fuerant
1491 1931 1518 1958 in
1533 1931 1665 1966 operibus

876 1978 945 2010 suis,
961 1985 1035 2005 nunc
1050 1981 1141 2006 autem
1160 1978 1286 2006 conversi
1301 1982 1366 2006 sunt
1381 1978 1414 2005 ad
1432 1978 1512 2005 ﬁdem
1529 1982 1662 2011 nostram,

875 2024 939 2059 quid
953 2024 977 2051 ei
992 2024 1020 2051 in
1034 2028 1139 2052 secreto
1159 2028 1264 2060 gestum
1279 2024 1324 2057 sit,
1339 2024 1440 2058 didici;
1464 2024 1573 2060 cognita
1596 2032 1662 2059 ergo

876 2077 931 2097 non
947 2071 1112 2105 praecognita
1129 2070 1239 2097 locutus
1255 2077 1327 2097 sum.

911 2114 1004 2142 XLVI.
1027 2115 1122 2143 Simon
1137 2123 1202 2143 vero
1218 2120 1247 2143 ut
1262 2116 1318 2143 haec
1331 2116 1435 2144 audivit
1453 2116 1605 2143 maledictis
1619 2115 1663 2144 his

875 2165 903 2188 et
924 2161 1058 2189 conviciis
1082 2160 1238 2196 aggreditur
1250 2161 1372 2195 Petrum,
1394 2161 1509 2189 dicens:
1529 2161 1552 2189 Ο
1567 2162 1662 2189 nefan-

875 2206 990 2234 dissime
1005 2207 1128 2234 omnium
1144 2210 1171 2234 et
1185 2206 1373 2240 dolosissime,
1387 2206 1431 2233 cui
1445 2207 1588 2233 victoriam
1607 2206 1663 2233 for—

875 2256 952 2284 tuna,
966 2260 1022 2279 non
1037 2253 1138 2280 veritas
1152 2252 1237 2280 dedit.
1253 2251 1354 2280 Verum
1368 2260 1419 2287 ego
1439 2260 1494 2279 non
1510 2259 1559 2287 pro
1575 2260 1662 2287 penn-

875 2299 915 2325 ria
934 2298 1056 2326 scientiae
1076 2299 1265 2333 paenitentiam
1286 2298 1363 2334 petii,
1388 2299 1434 2326 sed
1451 2302 1482 2326 ut
1504 2303 1547 2331 tu,
1565 2303 1663 2333 putans

874 2351 918 2371 ne
929 2350 977 2378 per
996 2343 1184 2378 paenitentiam
1206 2344 1370 2379 discipulum
1391 2347 1469 2370 tuum
1489 2342 1557 2373 fore.
1571 2344 1661 2370 omnia

873 2394 979 2415 secreta
1000 2388 1184 2422 professionis
1205 2393 1259 2416 tute
1276 2388 1457 2416 concrederes
1482 2388 1559 2417 mihi.
1576 2392 1606 2415 ut
1625 2389 1662 2415 ita

872 2434 981 2461 demum
996 2438 1024 2461 te
1037 2434 1144 2461 cunctis
1159 2434 1260 2469 agnitis
1274 2434 1457 2462 confutarem.
1474 2433 1526 2461 Sed
1543 2439 1571 2461 ut
1586 2434 1663 2461 calli-

873 2480 925 2507 dus
943 2480 1100 2508 intellexisti
1116 2488 1198 2515 quam
1215 2481 1251 2508 ob
1271 2488 1384 2509 causam
1405 2480 1602 2516 paenitudinem
1623 2481 1662 2508 si-

874 2527 1067 2558 mulassem,et
1077 2526 1239 2561 acquievisti
1250 2530 1379 2562 tanquam
1393 2534 1482 2554 meum
1497 2534 1552 2553 non
1564 2526 1662 2554 intelli-

872 2580 941 2608 gens
956 2572 1062 2604 dolum,
1078 2577 1107 2599 ut
1122 2571 1199 2607 prius
1210 2580 1254 2600 me
1268 2572 1340 2608 apud
1356 2572 1486 2607 populum
1498 2580 1659 2607 exponeres,

874 2617 952 2652 quasi
973 2617 1139 2652 imperitum,
1156 2623 1212 2644 tum
1228 2618 1327 2645 deinde
1345 2617 1508 2653 praevidens,
1521 2617 1595 2651 quod
1611 2624 1662 2651 ego

874 2665 913 2691 ita
932 2665 1032 2699 populo
1055 2663 1198 2699 expositus
1220 2671 1334 2691 necesse
1361 2664 1450 2691 habeo
1472 2662 1608 2698 indignari
1633 2667 1661 2690 et

874 2710 997 2738 confiteri
1011 2717 1054 2737 me
1074 2717 1129 2737 non
1143 2717 1207 2737 vere
1221 2709 1420 2745 paenitudinem
1435 2716 1541 2744 gerere,
1558 2716 1660 2743 pracve-

873 2755 950 2786 nisti,
977 2761 1005 2782 ut
1027 2755 1134 2782 diceres
1159 2761 1203 2781 me
1223 2754 1258 2781 ad
1282 2754 1470 2781 infidelitatem
1494 2760 1582 2779 nteant
1599 2756 1660 2787 post

874 2799 1060 2835 pwnitentiam
1075 2806 1274 2834 regressurum,
1289 2803 1317 2825 ιιι
1330 2798 1403 2825 omni
1418 2805 1451 2824 ex
1468 2800 1546 2832 parte
1560 2797 1659 2824 vicisse

874 2844 1017 2877 videreris,
1039 2850 1066 2872 et
1088 2845 1111 2872 si
1132 2851 1320 2880 permanerem
1345 2844 1373 2871 in
1399 2843 1560 2879 poenitentia
1575 2851 1657 2880 quam
