1892 3105
214 119 284 147 1385

659 118 689 147 S.
709 117 905 146 CLEMENTIS
925 117 933 143 I
955 115 1040 144 ROM.
1060 114 1162 143 ΡΟΝΤ.
1183 114 1298 142 ΟΡΕΒΛ
1317 114 1430 143 DL'BIA.

1780 117 1843 145 4505

205 176 348 211 professus
374 177 478 204 fueram
490 197 497 207 ,
520 179 547 203 et.
570 177 592 204 si
616 184 671 203 non
696 183 895 211 permanerem,
914 179 944 202 ut
966 178 994 201 tu
1009 177 1033 204 Λ
1047 173 1133 207 magis
1144 171 1283 200 deﬂendus
1294 176 1336 200 est
1351 171 1459 205 Simon,
1476 172 1551 208 quod
1563 181 1614 200 vas
1640 173 1791 201 electionis
1806 174 1843 201 fa-

207 223 318 257 sapiens
337 222 504 255 credereris,
519 223 564 256 qui
588 223 640 249 ista
657 222 827 257 praevideris,
842 229 891 256 ego
905 226 995 248 autem

206 269 338 303 deceptus
358 268 476 299 viderer,
500 269 564 302 quia
586 273 662 294 tuum
679 276 734 295 non
755 268 868 303 μικνὶᾶὶ
887 267 994 300 dolum;

206 319 235 340 tu
251 322 317 341 vero
339 322 428 341 meum
445 314 614 349 praevidens.
631 315 781 342 calliditate
796 322 863 342 usus
877 314 996 340 cireum-

205 361 340 394 scripsisti
355 368 409 387 me.
422 359 488 393 Sed,
505 364 534 387 ut
549 361 616 392 dixi,
633 361 748 387 fortume
760 365 812 392 est,
830 369 884 387 non
896 360 995 388 verita-

204 407 240 433 tis
257 407 311 434 ista
323 407 437 434 victoria
448 428 454 440 ,
473 407 532 434 scio
551 412 640 434 tamen
660 414 710 433 cur
722 414 773 442 ego
791 407 844 433 ista
858 414 911 433 non
926 414 995 441 prte-

204 453 329 485 viderim,
347 453 412 488 quia
436 458 531 481 astans
552 453 659 481 loeutus
678 461 738 480 sum
761 453 808 480 tibi
826 460 873 487 per
887 453 996 480 bonita-

203 503 258 525 tem
273 506 371 530 meam,
384 503 411 525 et
422 499 558 532 patienter
572 499 614 534 egi
628 504 728 526 tecum.
743 497 822 525 Nunc
837 503 928 525 autem
946 498 994 525 tibi

202 544 347 572 ostendam
371 544 523 572 divinitatis
549 552 616 571 meae
641 544 807 579 potentiam,
834 548 864 571 ut
883 548 994 579 repente

202 589 333 624 procidas
350 592 378 617 et
394 589 492 616 adores
508 596 562 616 me.

237 633 341 661 XLVII.
357 634 414 669 Ego
428 642 488 661 sum
499 635 586 668 prima
604 633 703 665 virtus,
716 634 764 668 qui
777 640 886 668 semper
895 637 922 660 et
934 632 994 660 sine

202 679 281 707 initio
303 687 374 707 sum.
393 679 536 715 Ingressus
551 683 641 706 autem
655 685 762 707 uterum
782 679 896 709 Rachel.
912 684 993 706 natus

203 732 265 751 sum
282 729 311 752 ut
327 725 408 751 homo
423 732 455 751 ex
469 732 512 755 ea,
528 731 584 759 quo
599 725 633 751 ab
646 724 804 752 hominibus
822 723 909 751 videri
929 731 993 758 pos-

202 778 278 803 sem;
301 777 351 805 ego
367 778 415 805 per
428 777 518 797 aerem
541 770 639 801 volavi.
657 770 713 805 igni
729 770 890 797 commistus
906 777 992 796 unum

201 823 303 850 corpus
324 815 437 843 effectus
455 824 531 849 sum,
548 820 656 844 statuas
673 816 777 843 moveri
798 815 861 848 feci,
873 816 991 842 animavi

1047 221 1108 244 ctus
1123 222 1165 244 est
1193 217 1333 252 maligno;
1360 217 1433 251 quod
1463 219 1559 253 utique
1581 226 1639 245 non
1657 218 1777 251 fuisset,
1795 220 1843 247 nisi

1046 266 1208 296 potestatem
1226 263 1254 290 in
1268 271 1330 290 eum
1343 270 1394 298 pro
1409 263 1532 297 peccatis
1553 263 1704 298 prioribus
1725 265 1844 299 accepis-

1047 312 1098 335 set.
1115 307 1183 334 Nam
1200 308 1263 335 inde
1272 308 1339 343 quid
1350 309 1452 340 dicam,
1462 309 1535 344 quod
1553 313 1581 336 et
1590 309 1661 337 Jesu
1679 313 1781 337 nostro
1789 318 1844 338 cre-

1046 352 1153 382 diderat
1167 355 1186 385 ‘,
1198 358 1227 381 et
1244 353 1317 388 quod
1330 354 1500 382 immortales
1514 363 1577 382 esse
1587 355 1704 382 animas
1720 355 1777 382 sibi
1792 356 1844 391 ipse

1045 399 1200 433 persuasit?
1213 399 1344 432 Quamvis
1364 400 1392 427 in
1417 408 1452 428 eo
1474 400 1585 428 ludatur
1608 408 1625 426 a
1651 401 1841 433 daemonibus,

1045 449 1136 472 tamen
1154 445 1292 480 persuasit
1319 446 1384 479 sibi,
1414 447 1487 481 quod
1501 447 1580 481 pueri
1595 447 1746 474 violenter
1759 449 1842 474 necati

1045 489 1144 518 haheat
1166 491 1286 518 animum
1314 491 1514 519 ministrantem
1536 493 1589 519 sibi
1609 492 1649 519 ad
1672 500 1842 528 quaecunque

1045 536 1179 570 voluerit;
1196 537 1224 564 in
1239 544 1294 572 quo
1311 545 1383 569 vere,
1399 542 1429 565 ut
1444 538 1510 567 dixi,
1526 545 1541 564 a
1552 538 1741 566 daemonibus
1757 539 1842 566 illudi-

1044 585 1098 609 tur.
1122 581 1155 608 Et
1168 582 1229 610 ideo
1245 590 1295 618 ego
1311 583 1464 610 secundum
1482 591 1513 611 ea
1525 592 1586 618 quaa
1600 585 1657 619 ipsi
1679 585 1844 612 videbantur

1043 626 1152 654 locutus
1164 635 1223 655 sum
1239 629 1272 655 ad
1284 636 1345 655 eum
1356 637 1364 662 ;
1377 637 1441 655 nam
1456 633 1483 656 et
1499 638 1513 655 a
1523 629 1629 657 Judzeis
1642 630 1761 663 didicit,
1786 631 1843 665 quia

1044 673 1080 700 sit
1091 673 1227 707 judicium
1239 678 1267 701 et
1281 675 1349 702 ultio
1364 676 1527 710 proferenda
1542 676 1700 706 adversum
1724 685 1786 708 eos,
1801 678 1843 712 qui

1043 723 1140 746 contra
1161 727 1254 747 veram
1275 720 1355 748 Iidem
1372 722 1486 749 veniunt
1503 730 1554 750 nec
1573 723 1789 757 pmnitudinem
1803 732 1843 758 ge—

1044 769 1122 798 runt;
1146 766 1193 793 sed
1210 766 1254 794 isti
1270 771 1335 794 sunt
1348 767 1449 802 quibus
1461 769 1599 803 malignus
1613 773 1757 804 tanquam
1782 777 1843 805 per-

1043 808 1122 838 fectis
1146 811 1174 838 in
1188 811 1338 840 sceleribus
1359 817 1484 848 apparet,
1512 818 1545 840 ut
1567 814 1699 849 decipiat
1721 822 1790 847 eos,
1811 823 1843 843 ne

198 863 339 894 exanima,
354 863 460 898 lapides
476 870 560 897 panes
575 863 638 895 feci,
658 863 692 890 de
707 867 800 890 monte
819 863 847 890 in
870 867 990 890 montem
1007 863 1028 890 Β
1043 857 1190 891 aliquando
1202 857 1235 884 ad
1245 858 1434 893 Ραθηίιθηιίωη
1449 863 1662 887 convenamvl”-

201 909 300 940 volavi,
319 909 495 940 transmeavi,
507 909 633 936 manibus
650 910 808 944 angelorum
824 912 993 936 sustentatus

200 955 237 982 ad
253 959 340 982 terras
354 954 492 982 descendi.
509 955 572 982 llaec
581 963 636 982 non
647 956 735 982 solum
747 955 808 987 I’eci,
820 955 867 982 sed
882 959 908 981 et
921 962 994 980 nunc

203 1000 291 1026 facere
301 1007 423 1034 possum,
436 1004 465 1026 ut
478 1000 561 1028 rebus
574 1000 642 1035 ipsis
657 1001 768 1036 probem
782 1001 921 1033 omnibus,
930 1001 993 1035 quia

199 1052 253 1079 ego
271 1053 332 1072 sum
348 1043 432 1072 Filius
448 1044 495 1071 Dei
510 1049 587 1072 stans
602 1046 629 1072 in
645 1051 788 1077 alternum,
811 1051 838 1073 et
850 1045 994 1073 credentes

199 1090 271 1117 mihi
287 1090 412 1117 similiter
427 1094 501 1117 stare
515 1090 543 1117 in
559 1094 720 1126 perpetuum
736 1091 833 1118 faciam
851 1091 918 1126 (92}.
936 1089 993 1117 Tua

200 1140 294 1165 autem
305 1137 386 1163 verba
401 1144 471 1163 vana
487 1141 551 1165 sunt
561 1137 663 1169 omnia,
677 1145 727 1165 nec
743 1138 826 1164 ullum
837 1141 913 1172 potes
924 1144 993 1171 opus

198 1183 347 1210 ostendere
366 1183 501 1214 veritatis,
517 1184 589 1210 sicut
603 1188 629 1211 et
639 1184 684 1211 ille
697 1185 744 1219 qui
758 1185 832 1212 misit
845 1189 871 1211 te
886 1191 992 1219 magus,

198 1229 248 1264 qui
265 1236 314 1256 nec
326 1237 355 1256 se
371 1230 459 1263 ipsum
476 1230 563 1264 potuit
579 1230 695 1257 liberare
709 1231 743 1258 de
758 1230 849 1257 crucis
867 1238 958 1265 ptena.

239 1274 354 1302 XLVIII.
373 1274 420 1302 llis
435 1274 516 1302 dictis
531 1283 546 1302 a
563 1275 685 1308 Simone,
703 1276 801 1303 Petrus
827 1276 968 1311 respondit
985 1285 992 1303 :

202 1319 244 1347 Ne
263 1328 329 1355 agas
345 1320 446 1352 aliena,
463 1324 492 1347 tu
509 1321 582 1348 enim
596 1321 670 1356 quod
690 1322 729 1349 sis
746 1330 843 1356 magus
869 1330 900 1349 ex
927 1322 994 1357 ipsis

202 1374 265 1401 quae
279 1366 401 1400 gessisti,
419 1366 564 1394 confessus
581 1374 611 1394 es
626 1371 653 1394 et
668 1367 872 1401 manifestatus,
899 1372 995 1395 noster

201 1415 296 1438 alitem
311 1412 441 1446 magister
457 1412 503 1446 qui
522 1416 565 1439 est
581 1411 667 1440 Filius
684 1412 731 1440 Dei
747 1417 775 1440 et
792 1413 923 1445 hominis,
935 1421 991 1440 ma-

202 1456 303 1483 nifeste
319 1457 408 1485 bonus
423 1462 480 1490 est;
496 1458 571 1492 quod
586 1462 677 1485 autem
695 1466 758 1485 vere
770 1459 805 1486 sit
829 1457 914 1486 Filius
928 1457 992 1490 Dei,

198 1502 303 1537 quibus
319 1503 449 1537 oportuit,
467 1503 571 1531 dictum
585 1507 628 1531 est
642 1508 669 1530 et
682 1504 798 1531 dicetur.
812 1503 852 1531 Tu
865 1507 954 1531 autem
969 1503 992 1531 si

200 1556 257 1575 non
263 1549 304 1576 vis
311 1549 435 1576 conliteri
446 1549 519 1584 quod
529 1557 624 1584 magus
637 1557 677 1581 es,
690 1556 752 1576 cum
766 1550 839 1577 omni
851 1550 902 1576 hac
913 1551 992 1577 turba

199 1598 347 1633 pergamus
357 1595 390 1622 ad
403 1595 513 1623 domum
524 1599 644 1628 tuam,et
659 1600 724 1622 tunc
732 1595 874 1630 apparebit
887 1595 949 1630 quis
958 1595 994 1622 sit

200 1650 310 1677 magus;
331 1640 396 1669 Haec
415 1646 506 1670 autem
521 1641 603 1670 Petro
618 1641 737 1676 dicente,
755 1640 849 1668 Simon
864 1641 992 1676 blasphe-

201 1687 266 1714 miis
279 1692 308 1714 et
323 1688 477 1715 maledictis
500 1695 580 1723 agere
594 1688 688 1722 cmpit,
708 1692 738 1715 ut
761 1688 894 1715 seditione
909 1687 991 1718 facta,

200 1733 372 1768 perturbatis
397 1733 526 1761 omnibus
547 1734 623 1768 argui
643 1741 700 1760 non
726 1737 830 1768 posset,
854 1737 881 1760 et
896 1732 993 1760 Petrus

201 1779 282 1813 quasi
297 1779 473 1814 blasphemiae
489 1787 572 1806 causa
587 1779 729 1810 secedens,
741 1779 829 1806 victus
843 1779 991 1806 videretur.

203 1825 258 1853 Sed
274 1826 395 1860 perstitit
411 1829 438 1852 et
455 1833 568 1860 arguere
584 1834 645 1852 eum
658 1825 846 1853 vehementius
857 1826 949 1860 coepit.

237 1870 331 1898 XLIX.
347 1870 425 1897 Tunc
448 1871 566 1905 pepulus
584 1870 742 1905 indignatus
757 1869 896 1897 Simonem
922 1870 994 1897 atrio

199 1915 321 1950 ejectum
340 1919 417 1943 extra
430 1915 543 1950 jauuam
562 1914 661 1941 domus
677 1913 792 1948 pepulit,
814 1921 931 1948 eumque
946 1913 994 1941 de-

200 1961 313 1996 pulsum
329 1968 401 1987 unus
410 1964 522 1987 secutus
536 1964 577 1986 est
585 1958 764 1987 solus.Facto
777 1963 868 1986 autem
884 1959 993 1986 silentio

200 2004 301 2032 Petrus
317 2005 419 2040 alloqui
440 2005 571 2040 populum
588 2005 640 2031 hoc
664 2004 745 2031 modo
760 2005 844 2040 cmpit
861 2015 868 2031 :
883 2004 994 2032 Patien-

202 2055 254 2082 ter,
268 2051 378 2083 fratres,
397 2051 486 2078 malos
500 2051 572 2078 ferre
585 2051 828 2082 debetis,scientes
843 2051 905 2085 quia
922 2050 993 2082 Deus

199 2105 266 2126 eum
293 2098 382 2132 possit
410 2105 458 2124 eos
482 2092 626 2129 excidere,
650 2097 754 2132 patitur
779 2101 870 2124 tamen
893 2097 994 2124 durare

203 2150 291 2177 usque
308 2143 342 2170 ad
359 2143 539 2177 praestitutam
555 2142 637 2174 diem,
652 2143 680 2168 in
696 2147 750 2176 qua
765 2141 799 2168 de
808 2141 936 2170 omnibus
947 2142 993 2176 ju-

158 2212 163 2220 ς
199 2188 305 2215 diciuni
321 2188 381 2221 fiet;
401 2188 541 2222 quomodo
554 2195 619 2222 ergo
633 2194 683 2214 nos
695 2194 749 2215 non
764 2187 909 2221 patiemur,
923 2195 993 2222 quos

203 2234 306 2266 patitur
324 2233 418 2260 Deus?
440 2234 496 2262 Cur
515 2237 606 2261 autem
630 2240 685 2259 non
702 2232 766 2259 forti
788 2233 881 2260 animo
903 2233 993 2260 illatas

200 2280 239 2308 ab
250 2279 290 2306 eis
305 2279 455 2307 toleramus
469 2279 597 2313 injurias,
614 2286 675 2306 cum
702 2287 766 2306 suas
781 2279 827 2306 ille
843 2281 888 2314 qui
904 2284 993 2314 potest

201 2325 296 2352 omnia
313 2332 368 2351 non
383 2325 545 2357 ulciscatur,
562 2329 590 2352 ut
604 2329 632 2352 et
646 2325 733 2360 ipsius
753 2325 878 2357 bonitas,
895 2330 922 2352 et
938 2333 989 2352 ma-

205 2371 297 2398 Iorum
313 2375 445 2399 noscatur
461 2371 602 2405 impietas?
614 2370 715 2398 Verum
739 2370 762 2398 si
776 2378 829 2397 non
846 2370 995 2398 invenisset

204 2415 344 2444 Simonem
357 2417 494 2452 malignus
505 2417 663 2444 ministrum
672 2416 896 2450 sibi,invenisset
909 2417 993 2443 alium

204 2463 266 2491 sine
281 2463 382 2496 dubio;
406 2470 521 2491 necesse
536 2466 578 2490 est
592 2463 665 2490 enim
682 2462 783 2490 secqu
809 2461 873 2489 huic
900 2463 993 2490 venire

201 2511 351 2544 scandala;
361 2518 399 2537 υω
409 2514 495 2537 tamen
507 2509 547 2536 illi
557 2517 604 2544 per
615 2516 692 2544 quem
706 2508 869 2538 υεηὶιιηιὲθθ.
883 2508 916 2535 Et
931 2509 993 2536 ideo

1079 902 1111 930 L.
1127 902 1183 930 Vos
1206 911 1271 940 ergo
1286 905 1333 939 qui
1352 905 1384 931 ad
1402 904 1546 933 Dominum
1565 907 1779 934 convertimini
1799 915 1843 942 per

1044 949 1244 983 paenitentiam,
1257 954 1369 978 curvate
1384 951 1408 978 ei
1418 959 1516 986 genua.
1536 951 1600 978 Hzec
1613 959 1683 978 cum
1708 953 1836 981 dixisset.

1044 994 1133 1022 omnis
1152 995 1298 1022 multitudo
1309 1003 1396 1030 genua
1412 997 1486 1023 flexit
1502 996 1567 1024 Deo.
1583 997 1617 1024 Et
1634 997 1745 1026 Petrus
1762 999 1843 1034 respi-

1045 1040 1122 1067 ciens
1148 1040 1182 1067 ad
1204 1041 1316 1074 coelum,
1333 1050 1395 1069 cum
1423 1043 1552 1077 Iacrymis
1569 1044 1673 1070 orabat
1689 1053 1780 1080 super
1789 1053 1842 1076 eos,

1045 1089 1074 1111 ut
1091 1085 1162 1113 Deus
1177 1086 1227 1121 pro
1243 1095 1291 1115 sua
1307 1087 1429 1116 bonitate
1447 1089 1589 1123 suscipere
1610 1097 1664 1117 eos
1680 1090 1842 1126 dignaretur

1043 1131 1234 1166 confugientes
1251 1134 1285 1160 ad
1296 1141 1336 1161 se.
1351 1133 1383 1159 Et
1400 1138 1544 1169 postquam
1560 1135 1655 1163 oravit
1669 1140 1698 1163 et
1715 1138 1842 1172 praecepit

1044 1181 1075 1203 ut
1092 1183 1201 1212 postera
1215 1178 1260 1206 die
1279 1180 1412 1207 maturius
1427 1180 1617 1213 convenirent,
1632 1182 1841 1210 multitudinem

1044 1223 1158 1252 missam
1174 1223 1239 1251 fecit
1253 1224 1323 1260 (93).
1336 1224 1408 1256 _Tum
1424 1225 1524 1253 deinde
1546 1227 1709 1254 secundum
1728 1236 1841 1256 consue-

1044 1269 1180 1301 tudinem.
1192 1269 1254 1296 cibo
1268 1274 1387 1305 sumpto,
1401 1271 1565 1305 quievimus.

1080 1314 1122 1342 LI.
1144 1315 1226 1350 Igitur
1240 1315 1338 1343 Petrus
1354 1317 1436 1343 solita
1456 1317 1549 1346 noctis
1563 1318 1632 1345 hora
1649 1327 1838 1356 consurgens.

1044 1363 1150 1390 invenit
1170 1371 1220 1390 nos
1245 1363 1401 1398 vigilantes,
1419 1368 1523 1392 etcum
1549 1373 1582 1393 ex
1609 1374 1690 1393 more
1717 1369 1841 1396 salutans

1043 1409 1225 1441 consedisset,
1249 1410 1355 1444 primus
1383 1409 1478 1438 Niceta
1489 1411 1499 1426 ’
1511 1411 1549 1438 ait
1563 1421 1570 1439 ε
1585 1411 1615 1438 Si
1631 1415 1791 1447 permittis,
1808 1418 1841 1442 mi

1044 1455 1154 1483 domine
1169 1455 1258 1488 Petre,
1274 1456 1364 1483 habeo
1379 1457 1453 1491 quod
1471 1465 1574 1492 rogem.
1589 1458 1623 1484 Et
1634 1458 1739 1487 Petrus
1754 1471 1761 1488 :
1778 1461 1843 1488 Per-

1044 1502 1131 1532 mitto,
1142 1501 1242 1535 inquit,
1259 1509 1314 1529 non
1326 1502 1414 1529 solum
1425 1503 1473 1530 tibi
1487 1503 1535 1530 sed
1545 1506 1572 1530 et
1588 1505 1736 1536 omnibus.
1746 1511 1775 1533 et
1789 1515 1841 1534 non

1046 1548 1135 1574 solum
1151 1547 1232 1574 modo
1246 1547 1293 1575 sed
1312 1551 1339 1575 et
1362 1555 1481 1583 semper,
1495 1552 1525 1575 ut
1545 1551 1743 1585 unusquisque
1769 1554 1842 1587 quod

1044 1599 1105 1618 cum
1122 1596 1224 1624 movet,
1240 1596 1266 1618 et
1286 1597 1389 1626 partem
1407 1600 1487 1627 quam
1501 1593 1574 1620 dolet
1594 1594 1621 1620 in
1638 1595 1738 1622 animo
1755 1596 1844 1624 fate:-

1044 1643 1106 1670 tar,
1125 1642 1156 1664 ut
1175 1638 1262 1672 possit
1278 1638 1407 1674 consequi
1435 1638 1610 1668 medicinam.
1624 1640 1691 1673 Qua
1707 1643 1786 1669 enim
1810 1644 1844 1670 si-

1045 1684 1129 1711 lentio
1149 1688 1334 1718 conteguntur
1356 1692 1406 1711 nec
1434 1684 1612 1712 innotescunt
1642 1687 1747 1718 nobis,
1768 1690 1844 1716 velut

1045 1729 1123 1756 multi
1137 1730 1266 1764 temporis
1279 1729 1346 1757 vitia
1360 1729 1469 1757 diilicile
1482 1735 1626 1763 curantur,
1645 1736 1670 1759 et
1690 1733 1759 1760 ideo
1775 1743 1844 1769 quu-

1045 1776 1118 1802 ninm
1136 1775 1293 1803 tacentibus
1308 1783 1362 1802 non
1384 1775 1464 1803 facile
1490 1780 1579 1811 potest
1604 1778 1712 1805 medela
1743 1787 1844 1815 oppor-

1045 1822 1104 1848 tu-ui
1119 1826 1146 1850 et
1161 1824 1309 1850 necessarii
1333 1824 1469 1851 sermonis
1494 1824 1627 1857 adhiberi,
1649 1827 1785 1861 proferre
1799 1829 1843 1855 de-

1044 1868 1092 1895 bet
1114 1870 1306 1904 unusquisque
1327 1870 1355 1896 in
1379 1878 1434 1904 quo
1448 1871 1557 1898 animus
1583 1879 1631 1906 per
1651 1873 1841 1908 ignorantiam.

1045 1914 1173 1949 languet;
1196 1914 1298 1942 tacenti
1316 1922 1381 1942 vero
1401 1915 1467 1943 dare
1492 1917 1643 1944 remedium
1672 1920 1771 1947 solius
1805 1924 1842 1946 est

1045 1959 1109 1994 Dei;
1136 1967 1283 1996 possumus
1306 1965 1396 1988 autem
1412 1966 1439 1988 et
1455 1970 1516 1994 nos,
1531 1963 1579 1990 sed
1604 1964 1730 1991 circuitu
1766 1967 1839 1992 multi

1044 2007 1189 2041 temporis.
1204 2006 1322 2034 Necesse
1337 2011 1379 2034 est
1400 2008 1473 2035 enim
1490 2012 1519 2035 ut
1539 2017 1629 2035 seruio
1649 2010 1794 2038 doctrina.-
1810 2014 1839 2037 ab

1045 2052 1125 2079 initio
1147 2061 1194 2087 per
1209 2053 1333 2080 ordinem
1355 2060 1480 2086 currens,
1500 2058 1527 2081 et
1540 2056 1656 2090 singulis
1680 2058 1838 2093 quibusque

1045 2099 1243 2133 quaestionibus
1274 2099 1391 2126 obvians
1413 2104 1513 2126 cuncta
1541 2102 1656 2136 aperiat,
1683 2107 1714 2130 et
1743 2111 1837 2132 cunda

1045 2146 1176 2174 dissolvat
1190 2149 1217 2172 et
1233 2146 1373 2179 perveniat
1389 2146 1470 2173 etiam
1486 2147 1519 2174 ad
1535 2148 1587 2174 hoc
1595 2149 1670 2183 quod
1685 2153 1836 2187 unusquis-

1010 2202 1031 2228 ι)
1045 2199 1098 2226 que
1117 2191 1145 2220 in
1171 2191 1264 2218 animo
1289 2199 1340 2218 suo
1361 2192 1490 2226 requirit;
1509 2193 1556 2220 sed
1576 2194 1639 2226 hoc,
1658 2199 1689 2222 ut
1703 2197 1779 2229 dixi,
1795 2206 1835 2232 per

1043 2237 1159 2264 multum
1179 2240 1288 2270 tempus
1307 2236 1364 2263 ﬁeri
1375 2241 1475 2271 potest.
1491 2237 1569 2265 Nunc
1588 2243 1684 2267 autem
1699 2243 1779 2275 quod
1794 2243 1835 2269 de-

1044 2283 1151 2310 sideras
1163 2290 1239 2317 roga.

1081 2328 1136 2354 LII.
1157 2327 1190 2354 Et
1211 2327 1305 2354 Niceta
1325 2328 1384 2355 ait:
1401 2327 1506 2356 Uberes
1527 2329 1574 2357 tibi
1601 2330 1707 2365 gratias
1734 2339 1798 2367 ago,
1820 2340 1833 2358 ο

1044 2373 1260 2401 clementissime
1279 2372 1370 2406 Petre,
1393 2382 1487 2401 verum
1516 2375 1566 2402 hoc
1581 2380 1624 2403 est
1638 2378 1714 2411 quod
1731 2379 1832 2405 discere

1046 2419 1128 2454 cupio
1140 2427 1148 2445 :
1161 2418 1217 2446 Cur
1231 2419 1324 2446 Simon
1340 2419 1386 2454 qui
1397 2419 1557 2447 adversatur
1573 2421 1640 2452 Deo,
1658 2422 1753 2451 facere
1764 2429 1831 2451 tanta

1045 2465 1105 2492 hate
1118 2468 1146 2492 et
1163 2465 1228 2491 talia
1244 2465 1353 2499 potuit?
1371 2465 1429 2492 Non
1444 2466 1516 2492 enim
1532 2467 1663 2494 mentitus
1675 2473 1719 2495 est
1734 2469 1830 2504 aliquid

1045 2518 1079 2537 ex
1091 2509 1145 2542 his,
1165 2516 1225 2544 quae
1242 2517 1272 2536 se
1294 2509 1393 2537 fecisse
1410 2510 1553 2544 professus
1569 2515 1622 2539 est.
1641 2512 1684 2539 Ad
1695 2515 1756 2540 haec
1774 2516 1830 2541 bea-

243 2580 277 2595 ¹⁰¹¹
295 2579 390 2606 Matth.
406 2586 484 2610 xviu,
498 2578 523 2616 7_.
563 2577 642 2616 ’.Α-ψ
654 2585 719 2616 _vm,
732 2577 778 2616 μδ.
816 2577 826 2592 ²
845 2576 952 2603 Primus
967 2576 1067 2616 Μαρια.
1078 2581 1105 2605 et
1120 2585 1180 2612 qum
1197 2581 1351 2616 sequuntur
1364 2578 1495 2605 vocabula
1506 2586 1596 2615 usque
1610 2581 1644 2608 ad
1661 2581 1709 2608 illa
1723 2590 1786 2616 cap.
1799 2581 1830 2608 65

203 2621 313 2642 exortus
330 2619 371 2641 est
385 2618 421 2645 et,
445 2618 498 2641 etc.
512 2614 540 2640 in
556 2612 616 2639 cod.
631 2611 706 2646 Lips.
723 2612 838 2645 desunt;
855 2620 906 2639 nec
920 2613 990 2639 male
1005 2611 1170 2647 quidem,’ut
1182 2611 1301 2640 videtur.

845 2680 1029 2708 COTELERII
1049 2680 1166 2708 ΝΟΤΑΞ.

239 2740 295 2775 (92)
314 2740 348 2767 Et
365 2739 593 2775 Credentesjnilti,
610 2738 826 2775 sintiliterrstare
848 2739 875 2766 in
898 2746 990 2773 perpe-

204 2781 278 2806 tuum
290 2776 398 2809 faciam.
411 2775 480 2802 Ilmc
490 2774 930 2809 IllenanderSimonisdiscipulus,
943 2782 990 2801 eos

204 2820 251 2844 ιιυι
267 2811 431 2846 baptismum
447 2819 526 2837 suum
543 2814 716 2845 acceperunt,
729 2810 835 2837 diccbat
848 2811 991 2839 immorta-

204 2847 246 2878 ιω
261 2853 466 2886 permansuros.

1081 2739 1137 2774 (95)
1156 2739 1354 2766 Mullitudinem
1364 2741 1473 2767 missam
1485 2740 1554 2774 fecit.
1567 2740 1662 2768 Risum
1675 2746 1768 2768 tenere
1780 2748 1827 2768 non

1045 2775 1130 2809 potui,
1145 2783 1206 2801 cum
1220 2782 1268 2810 pro
1284 2775 1336 2806 his,
1350 2776 1375 2801 in
1394 2776 1541 2810 impostore
1553 2778 1758 2810 pseudo-Alnlia
1771 2778 1825 2810 legi,

1044 2810 1203 2842 sacriﬁcium
1229 2811 1298 2842 ferit,
1325 2810 1403 2845 quasi
1430 2811 1564 2846 scriptum
1584 2816 1658 2839 esset
1679 2812 1825 2841 duntaxat.

1044 2846 1153 2873 missam
1168 2845 1240 2880 (erit.
