1892 3105
33 148 92 176 1305

592 138 875 169 BECOGNITIONUM
887 120 957 166 ~Lis.
978 137 1012 164 ιιι

1570 137 1641 166 1596

32 211 68 232 tus
81 204 173 231 Petrus
195 204 234 231 ita
252 203 413 239 respondit:
428 201 500 230 Deus
525 201 572 235 qui
594 208 665 227 unus
679 203 706 227 et
720 206 800 226 verus
815 200 839 227 Α
853 202 943 223 autem
960 195 1037 224 Deus
1047 200 1178 227 auct-nus,
1194 203 1220 222 e.
1242 196 1446 224 muemutabilis
1465 204 1639 232 permanens.

30 255 73 281 est,
85 250 266 285 Primogenito
282 257 334 276 suo
348 249 452 276 amicos
466 248 554 275 bonos
568 250 595 274 et
613 246 706 273 ﬁdeles
723 245 802 272 insti-

30 298 72 325 tuit
87 303 252 331 praeparare;
268 295 361 322 sciens
377 298 468 321 autem
486 294 549 326 quia
573 292 638 320 boni
660 300 722 320 esse
747 299 802 318 non

28 346 141 377 possunt,
170 342 224 368 nisi
256 341 375 368 habeant
399 340 426 366 iu
450 342 585 374 potestate
610 345 722 365 sensum
749 345 803 372 quo

29 389 85 414 fiant
105 386 178 418 boni,
196 390 228 413 ut
248 394 281 413 ex
305 394 356 413 suo
377 386 517 421 proposito
539 384 591 411 hoc
605 384 660 411 sint
671 383 742 418 quod
756 390 801 409 vo.

28 435 88 464 Iunt,
107 432 209 467 alioqui
233 440 288 459 non
314 436 430 467 possunt
452 439 515 458 esse
534 438 597 457 vere
618 430 694 461 boni,
709 429 731 456 si
748 436 803 455 nou

28 479 154 514 proposito
178 478 227 505 sed
252 478 416 505 necessitate
432 480 592 503 tenerentur
610 475 638 502 in
662 475 743 505 bono,
756 482 805 509 po-

28 530 139 555 teslalem
164 524 240 551 dedit
262 524 410 558 unicuique
433 522 542 553 arbitrii
565 522 618 553 sui,
634 525 664 548 ut
679 521 731 547 hoc
744 527 806 548 esse

27 572 104 606 possit
117 570 190 606 quod
201 571 269 597 vult.
283 570 316 596 Et
326 577 435 597 rursum
450 568 602 604 praevidens
612 567 676 602 quia
690 567 741 593 ista
757 574 805 601 po-

28 622 103 645 testas
126 616 249 649 arbitrii,
263 617 334 643 alios
350 615 463 651 quidem
481 614 586 642 faceret
605 614 706 647 eligere
721 613 803 643 bona,

27 663 87 689 alios
101 669 165 688 vero
180 662 264 692 mala,
279 666 305 688 et
320 669 368 696 per
389 661 442 687 hoc
456 660 485 686 in
504 659 573 687 duos
587 659 699 686 ordines
710 666 806 685 neces-

27 709 91 735 sario
105 707 315 743 propagandum
335 710 408 734 esset
423 706 566 734 hominum
581 713 681 739 genus,
698 704 806 730 unicui-

28 762 71 788 que
84 754 172 781 ordini
188 753 327 781 concessit
339 757 366 780 et
383 753 472 779 locum
487 755 517 779 et
543 759 643 786 regem,
659 758 739 785 quem
750 750 806 777 vel-

27 801 57 827 let
67 800 179 836 eligere;
199 800 288 827 bonus
310 799 384 827 enim
400 806 448 825 rex
464 799 545 826 bonis
558 798 669 832 gaudet,
684 801 711 824 et
727 797 807 824 mali—

27 854 87 881 gnus
102 846 192 872 malis.
216 845 249 871 Et
264 845 389 880 quamvis
402 845 460 871 lucc
478 844 539 875 tibi,
551 851 568 870 0
581 843 717 874 Clemens,
734 842 760 868 in
774 849 807 868 eo

28 895 143 923 tractatu,
162 900 245 926 quem
263 891 297 918 de
315 890 529 926 praelinitioneet
542 889 594 916 line
609 889 806 918 disseruerant,

27 938 124 974 plenius
139 937 328 971 exposuerim,
342 940 433 962 tamen
454 938 481 962 et
497 942 571 962 nunc
590 934 742 969 requirenti
761 933 808 960 Ni-

26 989 85 1010 cetze
99 983 280 1010 manifestare
293 990 337 1009 me
348 982 476 1009 convertit
506 988 566 1017 qua:
587 981 622 1008 sit
638 980 719 1012 ratio,
736 979 809 1016 quod

27 1030 111 1057 Simon
133 1030 182 1065 qui
198 1033 295 1056 contra
313 1027 397 1055 Deum
415 1028 507 1059 sentit,
524 1031 600 1054 tanta
623 1026 712 1053 facere
730 1026 813 1053 mira-

27 1076 83 1102 bilia
98 1076 196 1110 potuit.

58 1119 120 1147 Llll.
143 1121 230 1156 Igitur
242 1120 331 1155 primo
345 1119 478 1149 omnium,
491 1117 580 1145 malus
594 1124 656 1144 esse
669 1116 810 1151 iudicatur

26 1167 90 1200 apud
112 1167 199 1194 Deum
216 1167 250 1198 is,
264 1166 311 1200 qui
333 1165 474 1199 requirere
493 1172 547 1190 non
571 1164 640 1195 vult,
657 1163 731 1198 quod
756 1162 809 1190 sibi

27 1213 137 1246 expedit.
148 1212 294 1244 Quomodo
309 1211 382 1238 enim
399 1210 463 1237 talis
479 1210 530 1237 iste
546 1209 630 1236 alium
644 1209 748 1243 diliget,
762 1207 808 1242 qui

26 1258 200 1293 setuetipsum
213 1265 269 1284 non
288 1255 459 1291 diligit?Aut
479 1255 522 1282 cui
539 1263 595 1282 non
612 1255 663 1282 iste
681 1254 810 1281 inimicus

27 1304 83 1335 erit,
94 1303 140 1338 qui
155 1303 209 1330 sibi
225 1303 277 1338 ipsi
299 1303 404 1329 amicus
425 1309 487 1328 esse
504 1309 557 1327 non
574 1301 660 1336 potuit
671 1301 682 1326 ‘t
695 1299 729 1327 Ut
744 1307 811 1334 ergo

28 1349 257 1383 distinguerentur
271 1348 317 1383 qui
332 1347 404 1374 bona
416 1351 444 1374 et
458 1347 504 1381 qui
520 1347 626 1381 eligunt
643 1346 726 1376 mala,
737 1345 810 1373 Deus

27 1395 94 1429 quod
107 1395 173 1422 utile
187 1398 231 1423 est
242 1394 389 1421 occultavit
405 1393 573 1424 hominibus,
589 1393 616 1419 id
631 1396 683 1423 est.
700 1399 811 1427 posscs-

30 1442 128 1468 sioncm
143 1441 222 1476 regni
245 1441 389 1471 coalorum,
405 1447 520 1474 eamque
546 1439 619 1466 velut
649 1439 810 1465 thesaurum

30 1493 158 1514 Secretum
175 1489 298 1522 reposuit
313 1491 338 1513 et
356 1485 510 1517 abscondit,
529 1489 558 1512 ut
575 1485 607 1511 ad
620 1492 680 1512 eam
698 1492 752 1511 non
768 1484 810 1511 fa-

31 1533 76 1559 cile
92 1534 152 1568 quis
174 1533 261 1568 possit
279 1533 377 1559 virtute
401 1535 427 1559 et
450 1531 566 1557 scientia
587 1531 729 1565 pervenire
744 1538 810 1564 pro-

32 1578 95 1612 pria,
109 1579 210 1606 famam
223 1582 313 1604 tamen
328 1577 400 1611 ejus,
413 1576 532 1604 diversis
547 1576 705 1604 nominibus
714 1582 737 1603 et
751 1576 808 1610 opi-

32 1625 150 1652 nionibus
162 1633 210 1659 per
218 1624 408 1659 generationes
423 1623 547 1657 singulas
563 1622 597 1649 ad
612 1623 735 1649 omnium
749 1630 812 1657 per-

33 1670 102 1697 duxit
117 1671 252 1702 auditum,
273 1674 301 1696 ut
321 1670 344 1696 si
360 1669 406 1704 qui
423 1669 494 1695 forte
507 1672 600 1695 essent
613 1673 750 1696 amatores
765 1669 813 1695 bo-

34 1715 67 1745 ni,
83 1716 223 1743 audientes
244 1715 317 1749 quod
337 1715 388 1741 sibi
412 1717 485 1741 esset
511 1714 577 1740 utile
593 1718 620 1741 et
635 1714 756 1741 salutare
769 1722 813 1741 re—

34 1760 166 1796 quirerent
187 1765 215 1788 et
240 1760 412 1792 invenirent;
430 1759 602 1794 requirerent
622 1764 712 1787 autem
730 1768 783 1786 non
797 1768 812 1786 a

35 1808 191 1842 semetipsis,
207 1807 254 1834 sed
276 1807 310 1834 ab
334 1815 367 1834 eo
393 1807 440 1841 qui
453 1806 612 1837 occultavit.
628 1806 743 1840 darique
760 1806 813 1832 sibi

35 1853 176 1881 accedendi
202 1853 306 1880 aditum
335 1858 361 1879 et
387 1853 458 1880 viam
487 1853 608 1880 scicntim
624 1855 812 1886 precarentur,

34 1903 88 1931 quae
105 1896 159 1924 illis
170 1897 237 1923 solis
257 1897 388 1932 panditur
402 1897 448 1931 qui
460 1904 519 1924 eam
531 1905 614 1931 super
627 1897 718 1923 omnia
734 1905 815 1923 mun-

33 1941 57 1967 di
72 1943 150 1977 hujus
171 1943 317 1978 diligerent
338 1944 421 1976 bona,
440 1951 490 1972 nec
514 1944 568 1970 alio
591 1944 653 1978 quis
676 1947 757 1978 pacto
771 1944 814 1971 vel

34 1987 179 2024 intelligere
199 1998 258 2016 eam
274 1990 360 2024 possit
374 1990 481 2017 etiamsi
498 1990 728 2024 prudentissimus
742 1990 814 2017 vide-

34 2037 118 2068 retur;
135 2035 162 2061 hi
182 2043 257 2066 vero,
276 2036 322 2070 qui
342 2036 528 2071 neglexissent
550 2036 622 2070 quod
639 2035 692 2062 sibi
707 2036 774 2063 utile
786 2040 815 2063 et

33 2079 147 2108 salutare
161 2085 234 2108 esset
247 2081 395 2116 inquirere,
409 2087 537 2116 tanquam
552 2090 582 2109 se
598 2081 672 2116 ipsos
687 2082 750 2109 odio
766 2082 814 2109 ha-

35 2124 124 2153 bentes
139 2131 167 2153 et
188 2128 342 2162 semetipsis
356 2128 459 2155 inimici
478 2128 674 2155 fraudarentur
684 2129 745 2163 ejus
761 2129 813 2157 bo-

34 2170 84 2203 nis,
100 2172 173 2199 velut
189 2173 235 2207 qui
253 2173 398 2208 diligerent
412 2175 494 2202 mala.

854 241 906 274 Qui
922 248 988 276 ergo
1009 249 1064 268 non
1087 241 1144 268 vult
1168 240 1308 276 inquirere
1334 242 1407 276 quod
1433 243 1484 269 sibi
1502 245 1567 271 utile
1586 249 1641 276 est.

853 287 942 314 malus
957 292 1011 318 est,
1027 287 1054 314 in
1071 290 1177 313 tantum
1192 292 1221 313 ut
1241 287 1343 314 malitia
1367 296 1417 315 sua
1441 290 1529 323 ipsum
1546 291 1641 325 imple-

854 334 919 360 tatis
936 334 1084 368 principem
1107 337 1226 368 superet.
1245 333 1290 361 llle
1304 334 1375 360 enim
1393 335 1513 363 bonitate
1528 336 1572 363 Dei
1593 339 1642 364 ab—

854 380 941 406 utitur
956 379 990 406 ad
1007 379 1178 414 propositum
1195 380 1305 407 malitia:
1324 388 1390 411 suae,
1414 386 1441 408 et
1456 382 1507 408 sibi
1534 383 1642 417 placet;

855 424 900 451 hic
914 428 1005 452 autem
1021 425 1119 452 salutis
1144 433 1200 452 suae
1216 426 1287 452 bona
1301 427 1425 462 negligit,
1441 432 1470 454 ut
1489 429 1643 463 perditione

856 470 898 497 sui
920 471 990 497 malo
1006 471 1122 505 placeat.

893 515 949 544 LV.
970 516 1085 551 Propter
1102 518 1153 545 hos
1164 526 1239 553 ergo,
1260 520 1306 554 qui
1323 520 1421 547 salutis
1443 529 1498 548 suae
1520 523 1643 557 neglectu

854 561 965 596 placent
982 563 1064 595 malo,
1078 567 1104 590 et
1120 571 1167 591 eos
1184 565 1231 599 qui
1256 565 1346 592 studio
1362 566 1490 594 utilitatis
1510 576 1565 596 sum
1588 570 1646 603 pla-

857 615 920 636 cere
944 609 1060 643 cupiunt
1084 610 1167 640 bono,
1185 611 1261 645 paria
1282 613 1405 646 quaulam
1419 614 1451 640 ad
1466 615 1644 642 tontationem

857 655 986 689 praesenti
1002 655 1064 683 huic
1089 657 1190 683 Smt‘lllt)
1214 661 1315 683 statuta
1331 664 1395 685 sunt
1417 660 1523 692 decem,
1543 669 1645 687 secun-

858 700 922 727 dum
949 709 1093 728 numerum
1117 701 1210 729 dccem
1236 704 1378 738 plagarum
1394 713 1455 739 qum
1480 706 1560 733 illatae
1582 712 1647 734 sunt

858 745 986 781 Egypto.
1003 747 1071 774 Cum
1087 749 1159 774 enim
1187 748 1293 784 Moyses
1309 751 1461 778 secundum
1480 758 1645 787 praeceptum

859 791 906 819 Dei
923 797 1026 826 peteret
1045 801 1059 820 a
1076 793 1229 825 Pharaone,
1248 799 1277 821 nt
1299 796 1437 824 emitteret
1462 799 1603 833 populum,
1619 803 1647 827 et

861 838 893 866 ad
910 840 1096 867 testimonium
1114 841 1236 868 celestis
1257 841 1363 876 imperii
1381 844 1459 877 signa
1478 845 1646 878 ostenderet,

861 885 981 919 projecta
997 886 1023 912 in
1039 889 1139 913 terram
1161 887 1237 921 virga
1257 895 1389 915 conversa
1417 894 1459 916 est
1482 890 1510 916 in
1536 899 1648 925 serpen-

860 933 914 956 tem
929 930 949 958 ³.
965 930 1088 965 Cumque
1106 931 1141 958 ob
1159 931 1215 959 hzec
1232 932 1339 959 Pharao
1363 941 1417 960 non
1439 935 1518 962 vellet
1538 936 1649 970 acquie-

861 982 950 1006 scere,
967 979 1061 1010 utpote.
1088 976 1193 1004 habens
1216 977 1324 1004 arbitrii
1350 979 1515 1012 libertatem,
1537 988 1647 1007 rursum

861 1020 934 1055 magi
959 1021 1059 1048 similia
1078 1023 1156 1057 signa
1183 1023 1274 1051 facere
1300 1024 1351 1052 visi
1378 1029 1454 1059 sunt,
1476 1027 1649 1060 permittente

860 1065 925 1098 Deo,
944 1071 973 1093 ut
998 1069 1169 1102 propositum
1192 1070 1264 1104 regis
1290 1071 1453 1105 probaretur
1478 1081 1511 1100 ex
1539 1074 1647 1100 arbitrii

861 1112 998 1145 libertate,
1013 1113 1036 1141 si
1057 1115 1143 1149 magis
1156 1116 1281 1143 crederet
1295 1118 1381 1152 signis
1391 1118 1477 1154 Moysi
1493 1119 1540 1154 qui
1558 1127 1573 1146 a
1593 1120 1648 1147 Deo

861 1158 963 1186 missus
978 1164 1030 1191 est,
1050 1168 1131 1195 quam
1155 1161 1198 1189 his
1213 1170 1274 1197 qua:
1291 1164 1361 1198 magi
1377 1164 1541 1192 videbantur
1556 1167 1649 1202 potius

862 1203 960 1236 facere,
977 1213 1058 1239 quam
1083 1205 1237 1240 faciebant;
1254 1217 1322 1243 quos
1338 1210 1412 1244 ipsos
1430 1211 1523 1246 utique
1540 1214 1650 1240 nomine

861 1249 1013 1285 intelligere
1042 1251 1174 1279 debuerat
1203 1261 1256 1280 non
1273 1262 1335 1282 rsse
1357 1257 1499 1290 operarios
1514 1259 1648 1290 veritatis.

861 1295 934 1330 quod
963 1304 1015 1323 non
1033 1304 1047 1323 a
1072 1297 1127 1325 Deo
1154 1299 1230 1326 missi
1254 1301 1301 1326 sed
1329 1302 1399 1336 magi
1430 1304 1648 1337 :qqicllabantur,

862 1342 933 1369 sicut
944 1347 970 1369 et
986 1343 1098 1370 traditio
1112 1344 1226 1372 indicat.
1239 1345 1362 1382 Denique
1378 1356 1465 1382 usque
1478 1349 1511 1376 ad
1532 1350 1650 1385 aliquem

861 1387 951 1414 lmum
966 1388 1015 1415 visi
1028 1394 1092 1416 sunt
1110 1389 1211 1417 habere
1228 1396 1378 1423 certamen,
1396 1399 1422 1421 et
1437 1399 1499 1429 post
1515 1395 1571 1423 haec
1585 1405 1653 1424 con—

862 1434 927 1461 fessi
945 1435 979 1462 de
999 1443 1028 1463 se
1048 1444 1158 1464 cessere
1173 1439 1280 1465 meliori
1295 1438 1313 1468 ⁸.
1337 1440 1481 1468 lnducitur
1494 1450 1559 1478 ergo
1571 1445 1650 1479 plaga

861 1483 957 1509 ultima
968 1483 990 1514 ',
1004 1483 1132 1511 interitus
1156 1486 1367 1520 primitivorum,
1395 1492 1422 1515 et
1448 1491 1515 1516 tunc
1544 1490 1652 1526 Moysm

861 1527 974 1562 jubetur
1000 1531 1131 1564 populum
1163 1533 1359 1566 eonspersione
1381 1535 1523 1568 sanguinis
1554 1544 1652 1563 conse-

863 1582 952 1606 crare,
967 1579 1049 1610 atque
1075 1576 1111 1602 ita
1136 1584 1233 1611 magna
1254 1586 1317 1604 cum
1344 1587 1423 1613 prece
1441 1581 1542 1608 oblatis
1566 1582 1651 1608 etiam

863 1621 1033 1653 muneribus,
1051 1630 1113 1648 cutn
1129 1624 1230 1657 populo
1247 1630 1358 1658 rogatur
1373 1625 1534 1655 abscedere.
1578 1660 1581 1662 η

898 1665 964 1693 LVI.
978 1666 1066 1694 Simili
1082 1675 1146 1702 ergo
1161 1668 1242 1695 modo
1262 1670 1342 1696 etiam
1359 1679 1432 1699 nunc
1453 1680 1501 1706 per
1516 1680 1560 1699 me
1574 1673 1653 1700 video

864 1712 931 1747 geri.
949 1712 1025 1740 Sicut
1041 1713 1113 1739 enim
1143 1717 1207 1740 tttnc
1237 1715 1329 1751 Moyse
1355 1717 1483 1744 hortante
1511 1726 1601 1753 regem
1622 1724 1648 1746 ul

864 1758 987 1785 crederet
1005 1758 1067 1790 Deo,
1082 1760 1255 1787 obsistebant
1276 1762 1347 1796 magi
1369 1763 1448 1797 quasi
1467 1765 1652 1792 ostentatione

865 1803 995 1830 similium
1010 1805 1162 1839 signorum,
1175 1810 1200 1832 et
1212 1814 1227 1832 a
1242 1807 1332 1834 salute
1348 1807 1504 1836 incredulos
1524 1810 1649 1844 prohibe-

864 1850 940 1880 bant,
958 1849 995 1876 ita
1011 1856 1039 1877 et
1067 1858 1140 1877 ntmc
1155 1859 1217 1878 curti
1233 1859 1282 1885 ego
1301 1853 1412 1880 exierim
1440 1854 1538 1882 docere
1557 1864 1653 1884 omnes

864 1900 960 1931 gentes
973 1900 1003 1923 ut
1018 1897 1130 1924 credant
1150 1906 1214 1925 vero
1231 1898 1295 1931 Deo,
1313 1899 1406 1928 Simon
1425 1900 1518 1936 Magus
1535 1903 1650 1935 resistit,

865 1941 958 1968 eadem
973 1949 1057 1976 agens
1071 1941 1216 1969 adversum
1231 1951 1282 1975 me,
1295 1952 1356 1978 qua:
1370 1949 1396 1972 et
1408 1946 1445 1972 illi
1459 1950 1523 1973 tunc
1537 1953 1651 1982 egerunt

866 1987 1010 2015 adversum
1024 1988 1148 2024 Moysen,
1162 1994 1191 2016 ut
1207 1992 1229 2016 si
1245 1991 1290 2024 qui
1308 1996 1373 2019 sunt
1387 2001 1419 2020 ex
1443 1995 1582 2028 gentibus,
1605 1996 1651 2028 qui

865 2043 919 2061 non
936 2035 1131 2070 rectojudicio
1157 2040 1289 2070 utuntur,
1315 2045 1482 2074 appareant,
1511 2043 1652 2069 salvantur

866 2084 957 2107 autem
975 2081 1022 2115 qui
1037 2080 1177 2116 signorum
1194 2087 1299 2110 rectum
1323 2084 1471 2112 discrimen
1495 2086 1651 2116 habuerint.

865 2125 929 2153 Πλιξο
945 2127 1053 2154 dicente
1073 2126 1165 2158 Petro.
1181 2128 1275 2156 Niceta
1293 2131 1431 2165 respondit
1450 2141 1458 2158 :
1474 2132 1594 2160 Obsecro
1615 2138 1651 2165 te.

866 2176 896 2200 ut
910 2173 932 2200 si
948 2173 1013 2207 quid
1028 2173 1061 2200 ad
1080 2174 1239 2201 luetnoriam
1254 2175 1338 2205 venit.
1352 2177 1494 2210 permittas
1512 2179 1576 2205 mihi
1590 2187 1653 2214 pro-

68 2215 132 2244 LlV.
151 2217 265 2253 Oportet
280 2227 344 2254 ergo
358 2219 444 2247 bonos
457 2220 569 2255 diligere
581 2228 640 2248 eam
654 2229 737 2256 super
751 2228 810 2248 om-
828 2221 850 2248 Β
866 2217 948 2244 ferre.
964 2217 1032 2244 Tum
1046 2217 1144 2246 Petrus
1160 2219 1310 2248 delectatus
1325 2229 1408 2256 super
1418 2223 1509 2250 studio
1531 2224 1654 2259 discipu-

36 2261 87 2292 nia,
109 2262 134 2289 id
161 2268 214 2296 est,
237 2272 320 2299 super
342 2265 464 2297 divitias,
478 2267 604 2300 gloriam,
624 2268 757 2302 requiem,
771 2276 816 2302 pa-

38 2310 134 2339 rentes,
152 2309 333 2343 propinquos,
350 2310 453 2337 amicos
473 2315 500 2338 et
527 2320 607 2338 omne
630 2312 701 2347 quod
714 2313 740 2339 in
764 2313 816 2339 hoc

36 2353 132 2379 mundo
149 2358 202 2381 est.
220 2354 272 2387 Qui
287 2363 353 2382 vero
368 2355 490 2390 perfecte
507 2357 593 2392 diligit
611 2359 815 2393 possessionem

36 2397 102 2426 hanc
123 2401 200 2435 regni
225 2402 370 2433 ctelorum,
394 2402 504 2437 abjiciet
533 2404 593 2432 sine
611 2405 694 2432 dubio
705 2413 815 2433 omnem

36 2445 109 2472 malae
123 2447 333 2475 consuetudinis
345 2456 437 2480 usum,
453 2449 657 2484 negligentiam,
668 2451 812 2482 desidiam,

36 2490 173 2523 malitiam,
186 2491 266 2524 iram,
278 2497 434 2528 cunctaque
449 2493 492 2521 his
508 2495 618 2522 similia.
633 2494 700 2522 Nam
714 2495 737 2523 si
749 2495 815 2531 quid

36 2533 127 2562 horum
151 2537 305 2571 przetuleris
327 2539 363 2570 ei,
389 2543 518 2573 tanquam
540 2541 587 2575 qui
604 2541 664 2575 plus
684 2541 814 2569 dilexeris

36 2582 146 2616 propria
159 2583 279 2610 libidinis
290 2584 354 2610 vitia
370 2592 451 2619 quam
464 2584 558 2618 Deum,
568 2587 601 2613 ad
612 2587 814 2621 possessionem

38 2628 107 2657 regni
123 2629 244 2657 emlestis
260 2631 402 2664 pervenire
422 2640 477 2658 non
493 2632 607 2666 poteris,
627 2633 691 2667 quia
709 2637 736 2660 et
749 2642 814 2661 vere

37 2673 145 2701 stultum
160 2678 212 2706 est,
230 2676 332 2711 aliquid
346 2678 406 2711 plus
430 2685 522 2705 amare
538 2686 619 2713 quam
641 2678 735 2706 Detun.
752 2679 815 2708 Sive

38 2720 104 2746 cnim
125 2725 253 2756 parentes
281 2727 356 2755 sunt,
381 2725 552 2758 moriuntur;
569 2725 627 2752 sive
657 2727 812 2761 propinqui,

38 2772 88 2793 non
102 2772 280 2803 permanent;
296 2769 354 2797 sive
375 2771 467 2804 amici,
495 2775 647 2799 mutantur.
666 2772 746 2800 Solus
771 2777 814 2801 est

68 2845 80 2861 ³
93 2845 175 2874 Exod.
187 2855 236 2878 vn.
251 2856 311 2876 vni.
346 2849 357 2865 ⁸
377 2849 463 2878 Exod.
478 2856 538 2879 vnl.
554 2849 596 2877 l9.
655 2849 664 2863 "
682 2850 766 2879 Exod.
785 2859 833 2879 sn.

866 2264 968 2291 lorum:
988 2264 1046 2294 Dic,
1057 2265 1156 2300 inquit,
1172 2266 1244 2300 quod
1261 2267 1313 2294 vis.

902 2309 981 2337 LVII.
997 2311 1029 2338 Et
1041 2310 1134 2338 Nieeta
1151 2312 1205 2338 ait:
1224 2312 1293 2345 Quid
1309 2321 1457 2348 peccavere
1473 2315 1606 2352 1Egyptii,
1629 2319 1652 2344 si

865 2362 920 2381 non
935 2355 1110 2383 crediderunt
1126 2355 1223 2392 Moysi,
1240 2365 1303 2384 cum
1317 2362 1344 2384 et
1364 2360 1434 2394 magi
1460 2361 1558 2388 similia
1575 2364 1653 2397 signa

866 2400 991 2433 fecerint,
1004 2402 1111 2429 etiamsi
1130 2403 1289 2431 viderentur
1302 2407 1393 2439 potius
1411 2407 1468 2435 fieri
1484 2417 1565 2443 quam
1581 2411 1654 2437 veri-

868 2451 924 2475 tate
936 2448 1051 2476 fierent?
1063 2449 1129 2476 Nam
1142 2455 1169 2477 et
1183 2451 1204 2478 si
1217 2459 1267 2486 ego
1279 2452 1390 2480 fuissem
1405 2458 1480 2486 tunc.
1494 2463 1526 2483 ex
1539 2465 1572 2484 eo
1581 2459 1653 2492 quod

869 2493 939 2528 magi
956 2494 1056 2522 similia
1070 2495 1218 2528 faciebant,
1234 2506 1325 2526 nonne
1340 2503 1386 2526 aut
1410 2500 1521 2537 Moysen
1544 2511 1651 2538 magum

868 2540 1058 2574 credidissem,
1075 2547 1224 2578 autmagos
1239 2552 1300 2579 quae
1315 2547 1506 2581 ostendebant,
1522 2547 1652 2576 divinitus

868 2586 958 2613 facere
974 2589 1133 2621 putassem?
1148 2591 1212 2624 quia
1228 2599 1281 2618 non
1300 2593 1367 2619 mihi
1382 2594 1530 2621 verisimile
1546 2595 1653 2621 videre-

868 2636 923 2664 tur,
940 2633 1001 2660 licet
1014 2642 1063 2668 per
1077 2635 1259 2671 phantasiam,
1274 2639 1368 2666 eadem
1383 2643 1473 2667 tamen
1486 2638 1554 2667 ellici
1569 2648 1584 2666 a
1596 2648 1654 2667 nia-

868 2680 909 2713 gis
926 2687 1016 2714 posse,
1033 2689 1093 2716 qua:
1107 2682 1152 2709 ille
1163 2683 1209 2717 qui
1224 2691 1238 2710 a
1251 2683 1306 2711 Deo
1320 2685 1423 2712 missus
1438 2690 1490 2716 est,
1512 2690 1653 2720 perpetra-

868 2726 924 2754 bat.
937 2727 969 2754 Et
986 2736 1061 2756 nunc
1071 2737 1136 2764 ergo
1148 2730 1213 2765 quid
1228 2735 1344 2765 peccant
1358 2732 1383 2758 hi
1396 2733 1441 2767 qui
1460 2732 1563 2759 Simoni
1590 2739 1651 2759 cre-

868 2774 946 2807 dunt,
964 2783 1026 2802 cum
1038 2775 1148 2804 videant
1164 2784 1225 2804 eum
1241 2780 1316 2804 tanta
1332 2777 1422 2806 facere
1430 2777 1651 2807 mirabilia3Ant
