1892 3105
252 114 266 141 ‘l
271 113 324 141 507

693 112 724 140 S.
744 111 943 140 CLEMENTIS
959 111 969 138 Ι
987 111 1032 139 liO

1089 111 1190 140 ΡΟΝΤ.
1205 112 1321 141 ΟΡΕΩΛ
1341 114 1385 143 υυ
1390 115 1455 144 ΒΙΛ.
1800 121 1845 148 134-3

253 180 307 199 non
323 175 366 200 est
383 171 508 198 mirabile
522 178 572 206 per
583 178 673 198 aerem
686 172 791 204 volare,
813 172 870 207 igni
889 172 1036 199 admistum
1052 172 1074 200 Α
1089 173 1207 206 gmentis
1228 173 1360 201 virtutum
1377 174 1530 203 movebitur
1543 175 1580 204 ad
1604 175 1765 208 secundum,
1781 182 1802 205 et
1823 187 1844 205 ex

251 227 337 247 unum
348 226 449 253 corpus
459 217 540 249 ellici,
565 217 657 245 facere
679 222 785 247 statuas
811 218 928 253 ingredi,
955 225 1039 246 canes

246 271 338 291 arcos
360 263 470 296 latrare,
485 267 513 290 et
531 264 585 290 alia
601 263 644 291 his
654 264 766 296 siruilia,
788 271 848 299 qua:
863 264 956 299 utique
982 263 1040 292 dis-

247 311 401 338 cretionem
417 311 606 338 nescientibus
630 311 699 338 satis
714 311 782 338 mira
796 311 881 338 sunt?
897 310 950 339 Sed
965 315 993 338 et
1005 311 1039 338 de

251 357 388 392 lapidibus
400 357 477 384 visus
489 361 532 385 est
546 365 631 392 panes
644 357 743 385 facere.
757 357 835 390 Quod
849 357 872 385 si
886 362 981 393 peccat
991 357 1038 393 qui

246 405 327 439 signa
348 403 514 434 facientibus
540 403 645 435 credit,
661 403 799 438 quomodo
827 411 881 430 non
908 411 1038 438 peccasse

248 451 388 478 videbitur
411 455 439 478 et
464 451 498 482 is,
531 451 579 485 qui
611 449 726 478 Domino
759 454 855 478 nostro
879 458 928 485 pro
952 451 1037 486 signis

246 501 276 524 et
291 496 439 523 virtutibus
450 496 586 523 credidit?

285 542 376 570 LVlll.
395 542 428 569 Et
444 543 542 570 Petrus
557 543 612 570 ait:
635 542 765 570 Libenter
786 543 893 577 accipio
916 542 989 578 quod
1004 543 1038 569 de

247 590 369 616 veritate
385 589 418 615 ad
436 589 567 616 amussim
584 589 714 623 requiris.
728 593 755 615 et
770 588 961 623 impedimenta
975 588 1036 615 ﬁdei

249 635 277 661 in
297 634 387 660 anima
400 637 446 660 tua
464 634 549 661 latere
565 641 619 660 non
637 634 750 668 pateris.
769 633 845 660 Unde
860 637 887 659 et
904 633 1036 660 medelam

248 679 380 714 consequi
391 679 469 706 facile
480 683 568 714 potes.
582 678 729 706 Meministi
742 678 814 713 quod
829 679 906 713 pejus
914 679 1036 706 omnium

248 733 311 752 esse
328 725 396 755 dixi,
414 732 476 751 cum
493 725 555 759 quis
570 724 682 760 negligit
697 723 770 759 quod
784 724 836 751 sibi
860 724 970 759 expedit
993 723 1037 750 di-

249 770 392 799 scere?Et
416 769 511 796 Niceta
538 770 694 804 respondit:
722 769 841 797 Memini.
865 769 980 797 Petrus:
1004 769 1036 796 Et

248 822 358 842 rursum
371 814 442 849 quod
467 813 538 841 Deus
561 815 709 842 occultavit
728 815 871 842 veritatem
898 822 987 846 suam,
1004 818 1035 841 ut

244 869 307 888 eam
324 860 367 887 his
381 861 427 895 qui
445 868 475 888 se
491 860 610 887 ﬁdeliter
623 861 916 895 sectantem-aperiat?
941 860 973 888 Et
989 860 1036 887 Nic

246 911 323 933 ccta:
353 905 393 933 Ne
418 906 470 933 hoc
491 906 602 941 quidem
615 906 718 933 oblitus
734 914 806 934 sum.
836 905 904 933 Tum
918 905 1033 933 Petrus:

244 953 319 986 Quid
336 961 401 987 ergo
413 957 504 988 putas,
518 953 583 988 quia
597 953 622 980 in
642 957 742 980 terram
759 952 896 980 defossam
919 954 1036 980 abscon-

247 998 318 1024 derit
335 998 405 1025 Deus
421 998 561 1025 veritatem
571 1002 598 1025 et
610 1001 717 1024 montes
733 998 757 1025 ei
771 999 988 1032 superposuerit,
1006 1002 1036 1025 ut

249 1045 284 1072 ab
296 1044 340 1072 his
350 1044 396 1079 qui
409 1044 435 1071 iu
449 1043 614 1079 profundum
628 1044 722 1071 fodere
733 1045 834 1075 valent,
847 1046 1035 1073 tantummodo

247 1091 365 1118 inveniri
382 1091 489 1126 possit?
510 1090 568 1117 Non
591 1090 627 1116 ita
641 1094 703 1122 est,
725 1090 772 1117 sed
789 1090 861 1116 sicut
877 1095 983 1117 montes
1009 1095 1035 1117 et

245 1140 349 1163 terram
364 1136 427 1163 coeli
449 1136 552 1163 ambitu
578 1135 770 1166 circumdedit,
801 1135 837 1161 ita
852 1139 879 1161 ct
894 1135 1034 1162 veritatem

247 1183 392 1210 charitatis
418 1190 475 1209 suae
498 1182 632 1208 velamine
653 1182 785 1212 contexit,
801 1185 831 1207 ut
854 1181 900 1208 ille
923 1181 955 1207 ad
975 1189 1034 1208 eam

243 1229 322 1256 solus
339 1227 480 1263 pervenire
492 1227 590 1262 possit,
605 1228 652 1262 qui
665 1227 742 1262 prius
755 1227 868 1262 januam
879 1227 1035 1254 dilectionis

247 1275 347 1302 divina:
362 1274 522 1309 pulsaverit.

283 1319 350 1347 LIX.
368 1319 473 1346 Etenim
488 1319 560 1353 quod
579 1318 655 1353 prius
675 1319 767 1346 dicere
789 1327 942 1356 coeperam,
959 1319 1035 1354 paria

244 1366 370 1401 quadarn
400 1366 464 1393 huic
489 1365 591 1392 mundo
614 1365 771 1393 destinasse
800 1366 902 1394 Deum:
927 1367 972 1394 ille
987 1367 1034 1401 qui

248 1414 352 1448 primus
366 1421 398 1439 ex
412 1412 523 1447 paribus
538 1412 622 1444 venit,
639 1419 653 1438 a
669 1413 741 1438 malo
757 1417 811 1443 est,
825 1413 872 1447 qui
885 1412 1033 1444 secundus,

248 1469 262 1486 ει
279 1461 361 1487 bono.
374 1459 469 1493 lu'tpto
485 1458 633 1492 unicuique
655 1457 797 1485 hominum
826 1459 893 1493 justi
923 1460 1034 1486 occasio

1090 217 1296 251 comparatione
1308 226 1370 253 qua:
1381 218 1438 247 sint
1452 220 1558 254 potiora
1569 220 1765 256 deprehendet,
1777 230 1845 258 quin.

1088 262 1132 290 vis
1142 263 1287 291 manifesta
1297 264 1454 293 habeantur
1463 265 1565 294 indicia
1576 267 1654 302 apud
1665 268 1778 296 eruditos
1787 278 1845 304 quos-

1089 316 1154 344 que,
1167 310 1239 337 sicut
1249 317 1299 345 per
1315 311 1422 339 ordinis
1436 313 1666 348 consequentiam
1685 313 1845 343 demonstrari-

1089 362 1161 383 mus.
1188 354 1218 383 Si
1233 364 1298 384 vero
1312 361 1442 392 tanquam
1467 365 1552 386 sanus
1567 359 1633 394 quis
1653 364 1681 387 et
1705 361 1748 395 qui
1770 363 1844 390 molire

1088 409 1144 429 non
1161 401 1293 438 indigeat.
1313 411 1367 430 non
1380 408 1423 431 est
1445 408 1601 432 commotus
1619 404 1655 431 ad
1680 405 1786 440 primum
1797 427 1803 439 ,
1820 408 1844 435 rei

1088 447 1175 481 ipsius
1187 449 1392 482 perseverantia
1410 449 1590 476 suscitabitur
1603 449 1639 476 ad
1651 451 1798 483 secundum,
1809 453 1845 480 dis

1089 493 1307 529 tiuctionemque
1335 495 1476 530 signorum
1497 500 1525 522 et
1549 496 1717 523 mirabilium
1740 496 1807 524 faciet
1827 498 1843 525 in

1088 537 1162 565 hunc
1177 539 1289 566 modum
1304 539 1377 575 (94):
1396 539 1444 567 Ille
1457 541 1504 575 qui
1522 548 1538 567 a
1553 542 1628 569 malo
1643 546 1697 574 est,
1722 543 1789 578 signa
1804 552 1843 579 qut

1087 583 1163 616 facit,
1180 585 1247 612 nulli
1263 589 1400 620 prosunt;
1417 587 1463 614 illa
1474 594 1541 614 vero
1557 595 1621 622 qua:
1639 587 1705 616 facit
1719 589 1844 622 bonus.ho-

1089 629 1208 658 minibus
1221 637 1348 665 prosunt.

1123 675 1180 703 LX.
1195 677 1262 703 Nam
1282 677 1337 708 dic,
1354 686 1458 713 quaeso,
1473 687 1534 714 qua:
1549 679 1658 707 utilitas
1677 685 1718 708 est
1735 682 1843 709 ostendere

1087 727 1194 752 statuas
1206 725 1387 757 ambulantes,
1403 726 1503 754 latrare
1521 734 1613 755 aereos
1630 733 1677 755 aut
1693 729 1797 763 lapideos
1811 737 1842 755 ca-

1087 777 1148 802 nes,
1160 771 1243 798 salire
1261 776 1379 803 montes.
1402 772 1496 800 volare
1520 781 1568 808 per
1587 781 1692 806 aerem,
1717 779 1741 802 et
1761 776 1801 801 alia
1815 776 1842 802 ius

1087 816 1200 849 similia,
1213 825 1275 852 qua
1289 818 1382 846 dicitis
1401 819 1498 848 fecisse
1514 820 1682 849 Simonem?
1700 821 1760 854 Qum
1778 828 1841 848 autem

1088 869 1103 888 a
1120 863 1192 890 bono
1207 868 1281 895 sunt,
1294 864 1327 891 ad
1347 864 1487 892 hominum
1507 867 1627 894 salutem
1654 867 1804 898 deferuntur,
1824 873 1841 893 ul

1088 915 1152 937 sunt
1168 910 1213 936 illa
1229 918 1288 945 quae
1304 910 1369 937 fecit
1382 910 1514 940 Dominus
1529 917 1637 946 noster,
1652 914 1697 948 qui
1709 913 1765 940 fecit
1777 920 1840 939 cane

1087 955 1190 987 videre,
1212 956 1276 983 fecit
1287 957 1385 984 surdos
1403 958 1509 990 audire,
1526 959 1636 987 debiles
1648 963 1675 986 et
1685 959 1786 986 claudos
1800 967 1840 985 erm

1088 1003 1138 1035 xit,
1155 1003 1300 1038 languores
1312 1007 1340 1030 et
1354 1003 1493 1032 dmmones
1509 1005 1655 1040 ellugavit,
1668 1009 1779 1032 mortuos
1797 1004 1839 1031 imit

1087 1055 1241 1083 resurgere,
1259 1053 1284 1075 et
1296 1049 1349 1076 alia
1360 1049 1403 1077 his
1416 1050 1516 1077 similia
1530 1058 1592 1085 quae
1604 1050 1688 1077 etiam
1700 1058 1745 1085 per
1758 1059 1791 1077 me
1802 1051 1838 1076 ﬁeri

1087 1093 1197 1121 videtis.
1214 1092 1266 1121 Ista
1282 1102 1347 1130 ergo
1362 1094 1438 1130 signa
1451 1104 1513 1130 quae
1539 1096 1574 1122 ad
1597 1096 1715 1123 salutem
1735 1096 1837 1122 hominum

1086 1143 1203 1174 prosunt
1223 1144 1250 1167 et
1266 1140 1369 1174 aliquid
1383 1141 1446 1168 boni
1462 1141 1623 1169 hominibus
1643 1141 1790 1170 conferunt.
1802 1148 1837 1167 nu-

1087 1183 1177 1218 lignus
1203 1183 1291 1211 facere
1312 1192 1366 1212 non
1385 1189 1488 1220 potest,
1507 1186 1560 1213 nisi
1588 1187 1616 1213 in
1632 1186 1684 1214 ﬁne
1699 1186 1781 1214 mundi
1798 1191 1837 1212 tnu-

1087 1233 1142 1254 tum
1157 1228 1225 1263 (95).
1240 1227 1317 1256 Tunc
1325 1230 1398 1256 enim
1411 1230 1565 1258 admiscere
1579 1232 1605 1258 ei
1618 1231 1836 1264 concedeturaliuu

1086 1274 1169 1300 etiam
1185 1275 1218 1301 de
1243 1275 1348 1302 dextris
1374 1276 1472 1310 signis,
1498 1276 1525 1303 id
1549 1281 1612 1308 est,
1631 1282 1660 1304 ut
1677 1277 1715 1304 vel
1737 1277 1836 1304 daemoan

1087 1319 1171 1355 fuget,
1191 1321 1232 1347 vel
1245 1321 1423 1356 aegritudines
1439 1327 1528 1354 sanet,
1539 1327 1567 1350 et
1585 1328 1697 1358 propter
1721 1323 1780 1353 hor,
1796 1327 1835 1347 llu-

1086 1375 1167 1401 quam
1180 1367 1225 1401 qui
1241 1369 1391 1395 excesserit
1402 1369 1535 1396 terminos
1546 1377 1615 1396 suos
1627 1370 1689 1396 etin
1699 1369 1834 1404 sernetipsmn

1087 1412 1191 1439 divisu~
1206 1413 1252 1443 sit,
1268 1421 1299 1439 ac
1317 1414 1495 1448 semetipsum
1523 1414 1731 1449 impugnaverit.
1746 1414 1835 1441 destrrn-
1860 1427 1861 1430 η

1087 1464 1141 1485 tur.
1156 1458 1187 1484 Et
1205 1463 1348 1493 propterea
1366 1459 1497 1487 Dominus
1520 1461 1660 1494 praedixit,
1678 1462 1702 1487 in
1715 1460 1834 1486 novissimis

245 1505 342 1540 jndicii
359 1505 450 1536 datur,
468 1505 525 1531 sive
542 1504 657 1538 simplex
685 1504 731 1532 ille
754 1505 800 1536 sit,
827 1505 885 1532 sive
903 1506 1032 1540 prudens.
1047 1507 1070 1537 C
1087 1505 1255 1539 temporibus
1272 1506 1448 1532 tentationem
1462 1505 1581 1532 futuram
1599 1507 1681 1533 talem
1697 1507 1722 1533 in
1734 1505 1834 1540 qundeci-

246 1551 315 1578 Nam
332 1551 354 1578 si
372 1551 486 1585 simplex
506 1554 549 1578 cst
576 1556 603 1577 et
620 1551 769 1577 crediderit
796 1551 834 1577 illi
856 1551 901 1586 qui
929 1551 1033 1586 primus

247 1598 334 1630 venit.
348 1597 433 1632 signis
442 1597 515 1623 enim
532 1602 559 1623 et
589 1597 720 1632 prodigiis
741 1600 842 1629 motus,
858 1605 971 1625 necesse
992 1603 1034 1625 est

247 1643 342 1670 eadem
364 1643 481 1674 ratione.
509 1647 537 1669 ut
549 1643 631 1669 etiam
656 1642 694 1668 illi
719 1643 764 1676 qui
781 1642 902 1669 secundo
916 1643 1033 1676 venerit,

245 1688 356 1721 credat;
369 1688 455 1724 signis
467 1688 539 1715 enim
555 1692 582 1715 et
597 1687 727 1723 prodigiis
740 1689 901 1715 suadebitur
911 1695 937 1716 et
948 1697 1032 1721 nunc,

246 1734 319 1761 sicut
342 1734 428 1768 prius.
458 1733 526 1760 Cum
542 1741 608 1760 vero
635 1734 784 1760 crrdiderit
812 1734 875 1761 huic
898 1734 1031 1766 secundo,

247 1780 337 1806 discet
351 1779 385 1806 ab
395 1786 427 1806 eo
441 1779 513 1814 quod
537 1779 625 1813 primo
640 1779 679 1805 illi
694 1780 740 1814 qui
757 1786 770 1805 a
786 1780 857 1806 malo
872 1780 955 1812 venit,
971 1787 1031 1807 orc-

247 1827 312 1853 dcre
327 1834 381 1853 non
394 1826 502 1857 debeat,
519 1830 546 1852 et
559 1826 596 1852 ita
608 1826 708 1860 prioris
722 1834 800 1852 error
815 1826 927 1853 secundi
939 1834 1032 1854 emen-

246 1872 358 1899 datione
373 1872 530 1906 corrigitur.
547 1870 576 1898 Si
589 1879 653 1898 vero
668 1873 732 1906 quia
748 1873 835 1907 primo
846 1871 974 1901 credidit.
991 1880 1034 1900 se-

247 1918 367 1944 cundum
381 1918 505 1951 recipere
519 1917 648 1949 noluerit,
667 1918 765 1943 merito
781 1922 811 1944 ut
833 1918 952 1951 injustas
967 1926 1033 1945 con-

248 1964 439 1996 demnabitur;
468 1964 599 1998 injustum
622 1964 694 1990 enim
721 1969 777 1995 est,
805 1967 834 1990 ut
858 1972 919 1992 cum
946 1966 1033 1999 primo

247 2012 359 2043 propter
373 2008 450 2042 signa
462 2008 622 2038 crediderit,
639 2009 760 2035 secundo
773 2009 868 2036 eadem
881 2014 928 2036 aut
951 2011 1031 2037 etiam

248 2055 352 2090 potiora
370 2054 468 2081 ferenti
480 2054 557 2089 signa
573 2062 628 2082 non
643 2055 748 2082 credat.
774 2054 803 2082 Si
819 2064 884 2083 vero
903 2064 958 2083 non
974 2065 1033 2085 cre-

248 2101 317 2128 didit
331 2101 429 2135 prirno.
446 2108 620 2135 consequens
633 2105 686 2131 est,
704 2105 733 2127 ut
746 2101 785 2128 vel
801 2102 827 2128 in
840 2103 963 2130 secundo
974 2111 1032 2130 mo-

247 2150 343 2173 veatur
354 2146 387 2172 ad
404 2145 580 2173 credendum.
596 2147 686 2181 Neque
696 2146 768 2172 enim
783 2147 809 2173 in
822 2151 928 2174 tantum
940 2149 1032 2176 animo

1086 1551 1207 1586 piantur,
1228 1551 1251 1578 si
1272 1551 1329 1578 ﬁeri
1345 1556 1445 1586 potest,
1462 1552 1544 1579 etiam
1558 1552 1655 1585 electi;
1680 1552 1787 1579 confusis
1800 1558 1833 1577 sm-

1087 1597 1150 1623 licet
1166 1597 1275 1624 indiciis
1291 1598 1432 1632 signorum
1445 1598 1601 1632 perturbari
1615 1606 1723 1625 necesse
1736 1602 1770 1624 est
1778 1597 1834 1623 etiam
1859 1587 1860 1632 ᾖ

1084 1649 1143 1672 eos,
1156 1642 1201 1676 qui
1217 1642 1243 1668 in
1259 1642 1448 1669 discernendis
1460 1643 1616 1677 spiritibus,
1633 1651 1664 1670 ac
1675 1641 1834 1677 distinguendis

1084 1688 1234 1716 virtutibus
1249 1688 1375 1716 videntur
1389 1689 1503 1716 eruditi.

1120 1733 1186 1760 LX].
1208 1733 1303 1761 Decem
1319 1742 1385 1769 ergo
1398 1741 1457 1769 quzc
1465 1735 1586 1762 diximus
1599 1735 1685 1770 paria.
1697 1734 1753 1760 huic
1763 1732 1833 1759 mundo

1084 1779 1222 1806 destinata
1239 1784 1302 1806 sunt
1314 1780 1348 1806 ab
1361 1780 1438 1807 initio
1451 1781 1554 1807 sa-culi.
1572 1780 1641 1807 Cain
1658 1785 1684 1808 ct
1703 1780 1759 1807 Abel
1774 1785 1831 1804 unum
1858 1792 1859 1818 1

1085 1824 1136 1851 fuit
1153 1833 1214 1859 par;
1228 1825 1378 1852 secundum
1389 1833 1456 1852 vero
1469 1826 1611 1861 gigantum
1637 1830 1663 1853 et
1675 1825 1741 1857 Noe,
1752 1828 1831 1850 ternum

1084 1870 1236 1898 Pharaonis
1251 1874 1278 1898 et
1292 1871 1446 1904 Abraham;
1463 1876 1592 1905 quartum
1617 1871 1798 1899 Plrilistiuorum
1814 1872 1830 1894 el

1085 1915 1178 1947 Isaac;
1195 1915 1321 1950 quintum
1337 1914 1409 1942 Esau
1432 1920 1460 1942 ct
1479 1915 1583 1948 Jacob;
1601 1922 1706 1944 sextum
1727 1919 1829 1948 magorum

1084 1966 1110 1988 et
1127 1961 1292 1996 legislatoris
1309 1960 1394 1996 Moysi
1408 1970 1416 1994 ;
1442 1962 1590 1996 septimum
1618 1955 1828 1988 terrtatorisctFilii

1085 2008 1218 2040 hominis;
1230 2012 1355 2034 octavum
1369 2007 1489 2035 Simonis
1501 2012 1527 2034 et
1544 2015 1648 2040 meum,
1662 2006 1744 2039 Petri;
1758 2010 1826 2032 nonum

1084 2055 1206 2081 omnium
1221 2054 1354 2089 gentium.
1377 2057 1404 2081 et
1419 2054 1494 2081 illitis
1517 2055 1564 2089 qui
1588 2054 1709 2081 mittetur
1731 2050 1826 2079 semitm?

1085 2100 1198 2127 verbum
1217 2100 1288 2126 inter
1299 2104 1412 2134 gentes;
1423 2099 1560 2126 decimum
1575 2099 1731 2127 Antichristi
1743 2102 1763 2124 el
1773 2095 1823 2122 Clui-

1085 2146 1131 2177 sti,
1149 2145 1182 2172 de
1197 2145 1298 2180 quibus
1309 2145 1421 2179 paribus
1435 2145 1503 2171 alias
1519 2145 1598 2172 vobis
1614 2152 1660 2178 per
1671 2142 1762 2178 singula
1772 2139 1824 2167 latins

246 2192 336 2222 stetit,
350 2194 379 2217 ut
394 2190 567 2225 ingerniuatis
583 2178 755 2217 mirabilibus
770 2198 822 2216 non
835 2191 924 2217 valeat
943 2192 1030 2218 susci-
1047 2178 1073 2208 υ
1085 2178 1264 2226 exponemus.
1281 2178 1317 2216 Et,
1328 2198 1390 2217 cum
1407 2190 1464 2216 hac
1473 2190 1578 2216 diceret
1593 2189 1698 2220 Petrus,
1709 2187 1822 2222 Aquilam:
1857 2182 1858 2213 i

247 2238 310 2264 tari.
325 2237 353 2263 Si
370 2244 435 2263 vero
450 2237 570 2271 prudens
587 2243 639 2266 est.
660 2237 853 2264 discretionem
878 2241 967 2272 potest
982 2245 1030 2264 ca-

247 2291 312 2318 pere
327 2284 477 2319 signorum.
493 2282 525 2309 Et
539 2283 562 2310 si
582 2283 691 2318 quidam
717 2283 805 2318 primo
825 2284 958 2315 credidit,
982 2292 1032 2310 au-

892 2361 1074 2388 COTELERII
1105 2360 1222 2389 ΝΟΤιΕ.

282 2451 337 2493 (94)
354 2450 605 2493 Qistinctio‘nemqltte
619 2451 766 2493 signorum,
781 2453 806 2493 et
816 2448 977 2493 ntirtzlbilittnt
988 2449 1033 2493 fa-

245 2484 306 2520 ciet,
320 2484 347 2514 in
362 2488 429 2513 hunc
442 2485 557 2512 modum.
569 2485 654 2518 Quem
673 2485 781 2512 modum
800 2484 863 2511 hinc
879 2484 970 2510 hausit
985 2492 1034 2511 au-

247 2529 309 2545 Μηί-
326 2522 418 2545 nimis
434 2521 578 2545 imperfecti
593 2521 620 2545 in
642 2519 809 2545 Mauharum.
833 2519 865 2545 ad
884 2527 930 2545 vn.
947 2519 991 2545 16.
1005 2524 1033 2545 et

247 2519 309 2551 ctor
326 2522 418 2556 Operi;
434 2521 578 2555 imperfecti
593 2521 620 2547 in
642 2519 809 2549 Mauharum,
833 2519 865 2545 ad
884 2527 930 2551 vn,
947 2519 991 2550 16,
1005 2524 1033 2546 et

247 2567 321 2592 xm,
336 2557 382 2590 24,
398 2564 447 2595 seu
460 2557 553 2595 homil.
568 2556 600 2583 19
614 2555 696 2595 et_49.
712 2555 841 2595 Idﬂmque
848 2554 989 2595 profertur
999 2554 1033 2595 ab

244 2589 376 2629 Origene,
389 2600 407 2619 u
421 2593 446 2629 in
455 2590 664 2629 Cy]wm,_p._9‘,
679 2595 703 2617 et
714 2598 728 2616 a
740 2589 873 2629 Procopio
887 2589 984 2629 (iazieo
998 2589 1031 2616 ad

246 2624 328 2656 Num.
346 2624 419 2659 xiuv,
435 2627 461 2654 8.
476 2627 530 2654 Nec
545 2624 619 2653 aliud
636 2629 734 2652 sonant
750 2625 802 2651 ista
818 2624 955 2651 Theodori
968 2625 1032 2651 Stu-

244 2666 322 2696 ditw,
337 2663 473 2691 catechesi
491 2663 540 2690 M9
558 2671 565 2688 :
582 2661 678 2687 Πολλοὶ
692 2659 832 2721 πρίΐῆταξ
847 2659 1035 2695 ἐξεληλύθασιν

246 2702 288 2721 ιι·
303 2699 349 2721 «hu
364 2699 474 2721 κόσμον·
490 2696 558 2721 ἀλλὰ
567 2696 621 2721 γὰο
635 2696 682 2721 καὶ
698 2704 733 2721 πο
765 2703 790 2719 nt
806 2694 936 2721 αιοετικοί
946 2703 975 2721 τε
987 2695 1035 2721 καὶ

245 2702 288 2731 εις
303 2694 349 2726 ’ἐὸν
364 2699 474 2733 κόσμον·
490 2696 558 2733 duo
567 2696 621 2732 γὰρ
635 2696 682 2733 ιιμὶ
698 2694 936 2733 τέολληὶιςιὶρετικόί
946 2703 975 2733 ’ξε
987 2695 1035 2733 κειὶ

246 2729 297 2766 "ut;
311 2734 386 2765 Θείας
402 2729 511 2765 hirtam;
530 2729 746 2767 διαάρονόμςγοι,
768 2729 851 2767 eam
869 2738 899 2767 τε
917 2730 966 2767 καῖ.
985 2729 1034 2756 νῦν

247 2763 431 2806 παῇεχῳρῆθη
436 2779 494 2806 σᾳν,
502 2763 507 2765 ⁷
517 2767 584 2806 ,καθ’
595 2763 652 2806 ob;
661 2763 721 2806 ὀῖδξ
726 2766 864 2806 “sponsi
870 2766 887 2800 ἡ
909 2765 1032 2806 ’πρόγοιζαΣ

248 2779 494 2812 παρεχωρηυησαν,
522 2779 574 2793 tuo
605 2779 651 2808 UP;
668 2779 721 2808 usus.
738 2779 887 2808 ’Lflurtuugnq
909 2779 1032 2809 'rtyu'vutu,

248 2805 350 2847 σημειά
371 2812 401 2830 τε
424 2802 596 2847 esse?
609 2800 1035 2847 ETiPlﬁeff’ELA’i‘iiif‘:isi?

248 2835 351 2871 τόύτοις
369 2835 596 2874 συναρπάςεὲτθαι,
607 2835 673 2864 ὲκδὲζ
690 2836 735 2863 τοῦ
745 2835 957 2872 παραδεδομένου
968 2835 1033 2871 ἡμῖν

1085 2237 1156 2266 Vere
1170 2238 1280 2265 assidua
1296 2237 1420 2264 doctrina
1435 2245 1504 2272 opus
1518 2242 1571 2268 cst.
1589 2243 1620 2264 ut
1635 2236 1667 2264 de
1681 2233 1823 2269 singulisws-

1087 2285 1123 2312 sit
1135 2285 1198 2320 quis
1209 2284 1282 2311 scire
1299 2285 1442 2311 rationem.

1159 2448 1207 2474 τοῦ
1230 2449 1332 2492 Κυρίου
1346 2449 1534 2492 ’χαρξξτῆἒοί
1547 2449 1699 2492 δοκιμάζξιν
1856 2420 1857 2442 γ

1085 2483 1223 2521 σίεῆθνταὲ
1248 2483 1380 2521 μάθητάί-
1407 2483 1504 2521 Τίςξδὲ
1523 2485 1537 2521 ῥ
1557 2483 1709 2521 χαρὶιχτήμ
1724 2485 1746 2510 ὲν
1765 2483 1819 2521 miro

1083 2519 1149 2557 φηᾳὶ
1170 2517 1319 2557 “gemui
1340 2519 1438 2557 πᾴγτξς
1457 2520 1497 2546 ὅτι
1522 2517 1713 2557 ἑμίᾚμαθηὲαἰ
1729 2517 1819 2548 Esaia!

1082 2553 1285 2594 ἁγέτξῃνιξχητβ
1302 2555 1330 2594 sy
1344 2554 1477 2594 ain-ﬁmi}.

1116 2586 1176 2626 (ξ)Ξῆ
1191 2586 1254 2616 Nisi
1266 2590 1292 2616 in
1304 2590 1355 2624 ﬁne
1366 2586 1457 2616 mandi
1470 2594 1585 2626 ιωιιιιηι.
1598 2589 1678 2626 Signa
1686 2597 1738 2625 qua:
1747 2587 1773 2614 ab
1782 2586 1818 2626 At-

1083 2621 1213 2651 tiehristo
1229 2621 1308 2656 fient,
1320 2632 1421 2651 verane
1435 2633 1469 2651 an
1487 2625 1594 2652 fallacia
1613 2621 1700 2653 futura
1712 2626 1769 2652 sint.
1783 2621 1816 2646 άπ-

1084 2658 1376 2695 bitatClirysostomus
1397 2659 1430 2686 ad
1453 2659 1486 2686 11
1502 2659 1620 2688 Thessal.
1636 2669 1664 2694 ιι,
1685 2661 1709 2689 9.
1722 2658 1816 2688 enim”

1083 2693 1184 2727 stinus,
1201 2693 1248 2722 lib.
1262 2703 1296 2722 xx
1311 2694 1348 2731 De
1362 2695 1468 2722 εἰςίιαιε
1485 2695 1612 2731 Dei,cap.
1624 2693 1664 2724 l9;
1675 2695 1815 2731 Quidarmrﬂ

1083 2734 1180 2765 putant
1198 2738 1204 2756 :
1223 2731 1316 2764 plures
1329 2730 1500 2764 imaginaria.
1516 2731 1539 2757 Δ
1550 2728 1646 2759 nostro
1659 2731 1705 2758 alia
1719 2728 1816 2765 insistat"

1083 2763 1126 2801 via
1149 2772 1155 2789 :
1182 2763 1263 2799 quam
1287 2763 1419 2801 sequitur
1440 2769 1537 2793 auctor
1560 2767 1650 2801 Operi:
1675 2763 1813 2801 imperfqlig‘

1083 2794 1252 2863 ‘i‘i’é’mi‘m
1267 2801 1301 2828 ad
1317 2794 1366 2833 ‘:"’
1389 2800 1441 2834 ¹⁶δ
1466 2809 1545 2836 “IV.
1568 2794 1601 2830 iii
1613 2822 1621 2835 ,
1639 2801 1686 2829 2t:
1707 2794 1777 2828 bound.
1796 2794 1813 2820 ιθ

1083 2842 1096 2861 c
1163 2857 1166 2862 .

1081 2842 1108 2862 ct
1123 2842 1166 2862 «Ιυ.
