1892 3105
38 108 115 136 1509

619 108 902 137 RIECOGNITIONUM
920 107 983 134 LII}.
1006 105 1051 134 III.

1604 103 1674 136 I3")

73 164 164 193 LXII.
179 165 214 192 At
229 164 345 193 Petrus:
363 169 431 198 uuis
445 171 499 198 est,
515 167 562 201 qui
577 167 708 194 assiduus
721 167 758 194 sil.
770 173 834 200 erga
849 167 872 194 Δ
886 165 985 200 inquit,
1002 168 1029 191 te
1043 163 1172 190 omnibus
1186 163 1290 190 divitiis
1310 162 1455 198 repletum,
1472 170 1496 189 sn
1515 161 1568 189 huc.
1584 164 1673 190 redire

32 211 203 238 doctrinam
222 215 250 239 et
263 211 388 239 studiose
405 212 512 247 singula
532 220 646 247 quaeque
671 212 810 247 perquirat
824 231 832 244 ,

29 258 96 285 nisi
113 258 166 292 qui
178 258 299 285 animum
310 265 390 285 suam
400 257 490 294 diligit
499 258 534 286 ad
541 258 656 286 salutem
667 261 695 285 et
707 258 834 286 omnibus

31 305 187 332 renuntiat
200 296 284 339 hujus
303 304 400 331 mundi
414 305 542 340 negotiis,
568 308 599 332 ut
622 304 673 332 soli
689 304 772 331 verbo
786 302 834 330 Dei

31 354 133 381 vacet,
150 358 232 385 quem
249 351 337 378 solum
351 350 514 385 prudentem
540 350 646 384 judicat
661 357 741 377 verus
769 357 834 384 pro-

29 396 138 429 pheta,
149 395 312 423 vendentem
328 396 422 423 omnia
435 403 497 430 qua
509 403 559 423 sua
571 401 646 427 sunt,
662 399 689 422 et
699 401 832 422 ementem

30 449 126 468 unam
144 449 239 468 veram
255 441 431 476 margaritam
447 441 467 473 ⁸,
481 446 509 468 et
520 441 714 476 intelligentem
728 448 788 475 qua:
797 440 834 467 sit

25 486 200 514 diﬂ‘erentia
224 495 239 513 a
257 487 456 521 temporalibus
478 487 512 514 ad
532 492 633 515 aeterna
647 506 655 518 ,
682 486 773 521 parvis
799 485 832 512 ad

27 540 154 567 magna,
173 532 331 560 hominibus
343 532 376 559 ad
389 532 472 560 Deum
482 534 493 559 ’ἒ
503 532 630 567 Intelligit
641 533 713 560 enim
725 539 785 567 quae
797 531 833 559 sit

26 584 145 606 :nterna
162 586 226 614 spes
238 579 310 614 apud
328 587 420 606 verum
434 583 461 606 et
476 579 576 605 bonutn
589 578 684 605 lleum.
707 577 773 610 Quis
784 586 833 605 au-

23 630 91 653 tem
107 626 210 660 estqui
224 625 313 660 diligit
329 625 424 657 Deum,
444 625 498 652 nisi
522 633 569 659 qui
588 625 751 660 sapientiam
771 625 832 659 ejus

25 671 192 706 cognovit?
210 671 349 705 quomodo
372 674 463 698 autem
482 671 544 705 quis
566 677 714 704 agnoscere
733 670 833 704 poterit

27 716 209 751 sapientiam
233 715 301 747 Dei,
318 716 370 743 nisi
394 715 523 744 assiduus
547 716 583 743 sit
605 715 638 742 ad
665 715 831 742 audiendutn

26 763 157 790 verbum
173 762 253 797 ejus?
268 770 301 789 ex
316 770 371 797 quo
385 762 486 789 accidit
511 765 541 788 ut
556 769 676 789 amoreut
692 761 752 795 ejus
764 770 831 788 cott-

24 808 125 843 cipiat
140 812 169 834 et
191 807 274 842 digno
291 815 353 834 eutn
379 808 482 834 honore
500 812 653 838 veneretur.
682 807 790 841 hymnis
804 811 830 833 et

24 853 218 880 orationibus
229 853 263 880 ad
278 861 339 879 eum
356 852 436 884 fusis,
452 857 478 880 et
491 853 517 879 iu
533 853 576 879 his
592 852 772 879 libentissime
785 860 829 878 re-

26 900 202 934 quiescens,
217 907 409 933 sununumque
424 898 559 933 deputans
576 899 780 930 detrimentum,
807 898 830 924 si

25 944 154 980 quando
167 945 271 979 aliquid
291 944 364 971 aliud
390 945 431 972 vel
455 945 489 972 ad
508 949 675 971 momentum
699 945 831 979 temporis

24 993 173 1026 loquatur
183 995 230 1018 aut
242 995 314 1025 agat,
325 991 389 1026 quia
401 999 495 1018 revera
507 999 555 1018 nee
567 995 658 1026 potest
669 991 758 1017 anitna
771 999 831 1026 qua:

25 1038 83 1065 Dei
100 1045 200 1065 amore
224 1038 325 1072 repleta
351 1041 404 1068 est,
433 1037 506 1064 aliud
524 1037 627 1072 aliquid
657 1038 754 1064 intueri
776 1037 830 1066 nisi

23 1084 111 1119 quod
124 1083 161 1109 ad
172 1083 255 1110 Deum
267 1083 398 1118 pertinet,
409 1090 459 1110 nec
473 1083 567 1110 satiari
577 1088 666 1118 potest
676 1091 731 1118 prae
738 1091 831 1111 amore

20 1131 112 1164 ejus,
134 1136 170 1155 ea
195 1136 255 1163 quae
271 1129 322 1163 ipsi
339 1128 391 1156 scit
406 1136 467 1156 esse
489 1129 588 1164 placita
603 1129 771 1156 meditando.
796 1128 829 1155 IIi

24 1182 104 1202 vero
121 1174 171 1209 qtti
187 1173 313 1200 allectum
329 1173 389 1208 ejus
405 1174 517 1200 minime
533 1182 695 1208 concepere.
708 1182 759 1202 nec
772 1175 830 1201 illu-

25 1222 177 1248 minatam
188 1219 350 1247 cltaritatetn
365 1219 426 1254 ejus
441 1225 538 1255 gerunt
551 1224 650 1252 mente,
663 1221 736 1248 velut
747 1221 773 1247 in
791 1226 830 1247 te-

25 1267 136 1295 nebris
163 1267 244 1302 positi
265 1267 352 1293 lucem
379 1266 472 1293 videre
487 1273 541 1293 non
565 1271 690 1299 possunt.
713 1266 745 1293 Et
767 1267 829 1293 idco

20 1314 123 1341 etiam
143 1313 304 1347 priusquam
316 1311 448 1346 incipiant
463 1311 604 1346 acquirere
619 1311 652 1338 de
667 1310 733 1343 Deo,
749 1311 828 1346 quasi

23 1361 137 1386 labore
153 1358 276 1393 oppressi
291 1358 382 1384 statim
408 1357 550 1389 deﬁciunt,
577 1364 609 1384 ac
633 1357 714 1385 tzedio
732 1358 827 1392 repleti

27 1406 178 1433 continuo
192 1412 206 1430 a
221 1404 331 1439 propria
356 1403 557 1430 consuetudine
573 1404 717 1438 rapittntur
737 1404 770 1430 ad
796 1412 827 1430 ea

28 1451 123 1479 verba
138 1451 238 1485 quibus
254 1450 434 1476 delectantur.
460 1448 528 1475 Nam
542 1449 575 1476 de
598 1449 652 1476 Deo
668 1449 763 1476 audire
779 1449 828 1476 ali-

885 210 1030 245 placuerit,
1049 213 1076 237 et
1097 209 1222 245 pluribus
1248 209 1344 248 fultum
1369 208 1532 235 ministeriis
1554 209 1672 237 mittam.

885 255 948 282 Ilaec
963 262 1013 290 ego
1025 254 1150 286 audiens,
1164 259 1192 281 et
1204 254 1271 281 nihil
1285 255 1311 280 in
1324 262 1356 281 eo
1369 253 1518 280 secundum
1534 253 1604 279 hanc
1615 260 1674 288 pro-

885 302 1032 329 fessionem
1049 301 1157 333 videns,
1175 301 1222 328 sed
1245 308 1354 336 magum
1376 305 1403 327 et
1422 300 1595 334 deccptorem
1611 307 1673 328 esse

884 347 1050 382 intelligens,
1064 346 1208 382 respondi:
1225 346 1323 380 Quatso
1339 351 1375 379 te,
1396 346 1594 381 ignoscemibi,
1609 347 1672 381 quia

883 393 966 428 pedes
978 393 1068 424 doleo,
1084 397 1111 420 et
1123 397 1268 427 propterea
1288 392 1363 420 exire
1377 400 1392 418 a
1405 391 1529 419 Caesarea
1550 400 1605 420 non
1624 400 1672 419 va«

883 440 941 472 leo;
959 443 1090 474 prmtcrea
1103 443 1146 466 est
1169 438 1236 465 mihi
1261 446 1342 470 uxor,
1360 442 1424 464 sunt
1450 438 1556 472 parvuli
1583 438 1672 472 liberi,

883 493 952 520 quos
962 485 1115 519 relinquere
1137 485 1249 512 omnino
1273 492 1326 511 non
1344 491 1457 519 possum
1490 484 1525 512 At
1550 485 1595 512 ille
1616 485 1673 513 luee

884 531 999 558 audietis
1014 535 1042 557 et
1057 529 1172 565 ignavia:
1187 537 1230 557 me
1242 530 1383 561 incusans,
1396 529 1536 565 profectus
1551 534 1592 557 est
1610 538 1674 558 con—

883 581 925 604 tra
944 576 1043 604 Doram
1055 576 1164 603 dicens:
1178 575 1247 602 Cum
1260 575 1381 603 audieris
1393 581 1495 610 quanta
1508 576 1572 602 mihi
1586 577 1672 612 gloria

883 623 936 649 erit
950 622 976 649 in
993 622 1061 649 urbe
1073 621 1168 653 Roma,
1187 622 1329 656 pmnitebit
1347 626 1383 649 te.
1410 621 1443 648 Et
1463 626 1525 657 post
1543 623 1599 649 luce
1615 623 1674 658 ipse

883 668 1004 703 quidem,
1021 672 1051 694 ut
1065 667 1167 701 aiebat,
1181 667 1295 694 Romam
1308 668 1396 702 petiit,
1410 676 1460 702 ego
1475 674 1566 695 autetn
1579 669 1673 696 confe-

883 715 947 742 stim
963 715 1030 742 redii
1047 715 1109 746 huc,
1126 721 1209 741 orans
1236 717 1265 740 ut
1280 721 1323 740 me
1335 715 1470 750 suscipias
1487 716 1520 742 ad
1536 716 1674 751 pmniten-

883 762 958 792 tiam.
971 762 1035 795 quia
1050 761 1084 787 ab
1105 768 1138 788 eo
1151 760 1282 794 decepttts
1299 768 1370 787 sum.

919 807 1010 834 LXIV.
1028 807 1096 834 Cum
1107 806 1164 833 haec
1174 806 1290 834 dixisset
1306 807 1329 833 is
1341 806 1388 840 qui
1405 814 1420 833 a
1443 807 1555 835 Simone
1567 815 1674 842 regres-

884 861 931 881 sus
944 857 996 885 est,
1010 853 1094 887 jussit
1108 860 1170 879 eum
1184 851 1282 879 Petrus
1299 852 1325 878 in
1338 853 1410 879 atrio
1425 853 1555 880 residere.
1573 853 1673 880 Proce-

882 899 950 926 dens
965 903 1056 925 autem
1072 899 1130 933 ipse
1142 903 1169 925 et
1183 898 1280 925 turbas
1303 898 1436 932 plurimas
1451 898 1547 925 videns
1561 919 1569 930 ,
1585 900 1673 928 mttlto

882 946 974 980 plures
989 953 1071 980 quain
1088 944 1280 979 superioribus
1294 944 1402 976 diebus,
1419 945 1495 971 stetit
1509 945 1535 971 in
1550 945 1610 972 loco
1625 953 1672 974 so-

882 993 929 1020 lito
941 996 967 1019 et
981 992 1130 1020 ostendens
1142 998 1205 1018 eum
1216 992 1262 1026 qui
1275 995 1397 1023 venerat,
1412 998 1566 1018 sermonem
1582 992 1672 1020 facere

882 1039 933 1065 hoc
948 1038 1028 1065 modo
1039 1037 1138 1072 coepit:
1154 1036 1217 1068 Iste,
1233 1036 1343 1068 fratres,
1357 1044 1437 1071 quem
1449 1038 1566 1064 ostendo
1580 1038 1670 1071 vobis,

881 1085 962 1119 paulo
975 1089 1038 1112 ante
1052 1085 1126 1111 venit
1140 1083 1174 1110 ad
1188 1091 1242 1116 me,
1260 1083 1294 1110 de
1314 1082 1436 1110 Simonis
1450 1083 1517 1110 mihi
1533 1084 1611 1111 malis
1628 1093 1672 1111 ar-

881 1132 954 1158 tibus
966 1131 1106 1162 nuntians,
1121 1129 1259 1165 quomodo
1272 1129 1360 1164 ipsam
1382 1129 1494 1157 sceleris
1517 1130 1559 1157 sui
1586 1130 1672 1157 ollici—

880 1185 942 1204 nam
956 1177 1100 1212 projecerit
1113 1176 1140 1202 in
1153 1175 1330 1210 profundum,
1346 1183 1401 1202 non
1413 1175 1492 1210 quasi
1510 1177 1671 1210 pwnitentla

880 1223 990 1255 ductus,
1006 1222 1053 1250 sed
1068 1225 1196 1249 metuens
1209 1229 1244 1248 ne
1259 1221 1447 1256 deprehensus
1459 1221 1576 1256 publicis
1602 1223 1669 1258 legi-

881 1269 932 1296 bus
951 1269 1116 1303 subiaceret.
1134 1267 1257 1303 Rogahat
1269 1271 1360 1294 autem
1374 1268 1457 1299 hunc,
1474 1273 1502 1295 ut
1517 1268 1592 1299 dicit,
1609 1277 1670 1295 mu-

879 1322 945 1341 nera
959 1314 1091 1349 pollicens
1105 1313 1249 1344 immensa,
1261 1320 1353 1339 secum
1367 1320 1487 1340 manere.
1505 1312 1590 1345 Quem
1607 1321 1669 1340 cum

880 1361 996 1388 suadere
1011 1360 1123 1387 minime
1136 1359 1282 1394 potuisset,
1297 1363 1428 1393 tanquam
1441 1359 1569 1394 ignavum
1585 1360 1670 1386 incre-

879 1415 948 1443 pans
964 1407 1123 1440 dereliquit,
1141 1405 1199 1440 ipse
1215 1404 1329 1431 Romam
1346 1410 1451 1440 petens.
1469 1405 1592 1440 Cumque
1612 1406 1670 1433 lucc

879 1453 978 1480 Petrus
992 1454 1002 1468 "
1018 1452 1168 1479 indicasset
1186 1451 1284 1482 turbis.
1301 1451 1359 1486 ipse
1374 1451 1422 1485 qui
1436 1459 1577 1487 regressus
1596 1460 1609 1478 a
1627 1453 1671 1478 Si-

22 1496 105 1530 qu‘rd
123 1494 225 1521 talibus
240 1494 381 1521 mdiosum
396 1498 438 1521 est
464 1498 491 1521 et
507 1495 661 1524 molestum.
684 1502 734 1529 pro
748 1503 780 1521 eo
798 1499 826 1521 ut
839 1502 861 1530 ο
879 1506 958 1525 mone
974 1497 1075 1529 fuerat,
1100 1497 1208 1532 publice
1223 1503 1300 1523 stans
1325 1496 1431 1531 singula
1448 1505 1562 1531 qumque
1585 1498 1670 1531 C(L‘pil.

27 1543 110 1573 disi,
123 1540 190 1576 quia
204 1548 280 1567 mens
291 1547 386 1567 eorum
409 1541 511 1567 nullam
531 1540 702 1567 dulcedinem
729 1541 828 1568 divina:

23 1587 186 1615 charitatis
202 1587 316 1621 accepit.

72 1631 173 1660 LXIII.
200 1632 263 1659 Haec
278 1631 359 1659 Petro
376 1631 486 1658 dicente
503 1632 561 1659 dies
584 1636 696 1659 exortus
713 1637 755 1659 est
767 1651 774 1662 ,
801 1635 828 1659 et

25 1685 106 1706 ecce
121 1677 236 1705 veniens
251 1677 362 1712 quidam
378 1685 411 1704 ex
425 1677 568 1712 discipulis
585 1676 706 1704 Simonis
724 1678 827 1703 clama-

30 1725 87 1752 bat
101 1724 214 1751 dicens:
232 1723 353 1751 Obsecro
366 1727 402 1753 te,
413 1722 502 1754 Petre,
513 1723 623 1757 suscipe
638 1730 680 1749 tne
696 1723 827 1750 miserum

29 1778 48 1796 a
74 1769 157 1803 Mago
176 1767 287 1795 Simone
308 1768 462 1803 deceptum,
480 1768 524 1795 cui
548 1776 597 1803 ego
623 1768 696 1795 velut
721 1768 827 1796 cmlesti

29 1816 96 1842 Deo
112 1813 296 1844 intendebam,
310 1821 358 1848 pro
374 1813 415 1840 his
424 1821 484 1848 qua:
495 1813 529 1840 ab
543 1821 575 1840 eo
585 1814 642 1840 ﬁeri
657 1814 827 1842 mirabilibus

30 1862 178 1890 videbam.
193 1861 299 1888 Auditis
315 1865 404 1887 tamen
419 1861 592 1887 sermonibus
605 1861 657 1887 luis
670 1860 753 1894 carpit
770 1861 826 1894 jatn

29 1908 107 1935 milli
124 1907 205 1934 homo
219 1906 314 1938 videri,
327 1911 353 1933 et
369 1905 479 1942 quidem
502 1905 601 1933 malus.
632 1904 826 1932 Verumtamen

28 1961 104 1981 cum
123 1953 188 1979 hinc
216 1953 304 1979 exiret
318 1971 325 1982 ,
341 1960 390 1986 ego
406 1959 467 1978 eum
482 1951 648 1978 subsecutus
665 1958 725 1978 sum
738 1951 825 1983 solus,

30 1999 163 2027 nondum
175 1999 246 2026 enim
262 1998 296 2025 ad
312 1997 445 2032 liquidum
462 1998 615 2032 impietates
629 1997 690 2031 ejus
707 2004 826 2032 agnove-

27 2053 110 2074 ram.
119 2044 189 2071 Cum
204 2048 293 2071 autem
302 2043 415 2071 vidisset
429 2051 471 2070 me
485 2043 705 2076 subsequentem,
716 2042 825 2069 beatutn

31 2099 82 2119 me
99 2091 197 2117 dicens
218 2089 384 2125 perduxitad
399 2089 509 2116 domum
521 2096 609 2121 suam,
622 2088 694 2115 circa
707 2088 825 2115 mediunt

31 2149 104 2169 vero
120 2140 209 2167 noctis
221 2139 259 2165 ait
270 2138 303 2165 ad
315 2146 373 2165 me:
393 2137 521 2165 Omnium
538 2142 563 2164 te
575 2136 714 2163 hominum
727 2135 824 2163 faciam

878 1543 979 1578 populo
1002 1550 1139 1577 exponere
1163 1541 1198 1569 de
1227 1542 1377 1569 sceleribus
1400 1541 1531 1570 Simonis.
1551 1542 1583 1569 Et
1604 1551 1669 1570 rum

879 1589 998 1624 graviter
1018 1589 1122 1616 ferrent
1137 1587 1171 1615 de
1194 1587 1247 1618 his,
1276 1595 1337 1622 qua:
1355 1587 1502 1614 audiebant
1527 1596 1576 1623 per
1593 1594 1668 1616 artes

878 1635 999 1669 magicas
1013 1639 1089 1669 gesta
1100 1641 1115 1660 a
1130 1633 1252 1665 S.mone,
1268 1633 1307 1660 ait
1321 1633 1435 1660 Petrus:

913 1680 994 1707 LXV.
1009 1679 1109 1711 Nolite,
1140 1679 1251 1711 fratres,
1277 1679 1398 1714 graviter
1414 1678 1484 1706 ferre
1500 1679 1533 1706 de
1550 1680 1591 1707 his
1606 1689 1668 1715 qua)

878 1731 1018 1754 transacta
1032 1729 1106 1757 sunt,
1120 1725 1166 1752 sed
1186 1725 1332 1752 observate
1344 1724 1377 1751 de
1388 1724 1488 1752 futuris
1501 1734 1508 1758 ;
1522 1734 1582 1760 quae
1592 1727 1666 1754 enitn

878 1773 1047 1800 trattsicrunt
1061 1771 1116 1806 jam
1131 1771 1206 1798 ﬁnita
1219 1776 1294 1802 sunt,
1311 1779 1371 1806 quae
1385 1779 1450 1798 vero
1465 1772 1607 1798 imminent
1620 1781 1668 1807 pe-

877 1818 996 1846 riculosa
1020 1821 1085 1844 sunt
1101 1817 1143 1844 his
1164 1816 1211 1852 qui
1232 1817 1414 1848 incurret-int;
1439 1817 1566 1844 scandala
1592 1818 1666 1845 enim

877 1872 1016 1899 nunquam
1031 1863 1148 1890 deerunt
1168 1862 1231 1889 huic
1251 1862 1371 1889 mundo“
1385 1862 1472 1889 donec
1497 1863 1666 1897 permittitur

878 1910 990 1936 inimico
1004 1916 1083 1943 agere
1096 1916 1146 1942 pro
1162 1907 1302 1935 voluntate
1318 1915 1366 1934 sua
1376 1927 1383 1939 ,
1398 1912 1426 1934 ιιι
1445 1908 1592 1942 prudentes
1605 1909 1666 1943 qui-

877 1963 930 1990 que
944 1959 971 1982 et
986 1955 1170 1990 intellige‘ntes
1185 1954 1302 1981 astutias
1314 1953 1374 1988 ejus
1402 1953 1551 1980 suscitatus
1566 1954 1617 1981 sibi
1630 1956 1665 1982 ab

877 2009 909 2028 e0
923 2004 1053 2036 superent
1068 2007 1180 2035 agones,
1204 1999 1232 2026 hi
1256 2007 1321 2026 vero
1334 2000 1381 2034 qui
1406 2001 1545 2034 negligunt
1559 2001 1666 2028 discere

876 2056 936 2084 qum
951 2048 985 2075 ad
1004 2048 1120 2075 salutetn
1143 2048 1281 2082 pertinent
1294 2048 1391 2074 animae
1406 2055 1471 2077 sum,
1485 2047 1568 2080 juslis
1584 2048 1618 2074 ab
1632 2056 1665 2075 eo

876 2094 1085 2129 deceptionibus
1100 2094 1254 2129 capiantur.
1271 2093 1339 2126 Quia
1353 2101 1418 2128 ergo
1430 2097 1457 2119 ut
1470 2093 1520 2127 ipsi
1536 2094 1662 2123 audistis.

877 2140 973 2167 Simon
997 2147 1124 2175 egressus
1147 2142 1189 2166 cst
1204 2146 1284 2166 aures
1296 2139 1436 2174 gentilium
1444 2139 1489 2173 qui
1501 2139 1534 2165 ad
1549 2139 1664 2166 salutem

31 2187 193 2217 meliorem,
210 2186 234 2213 si
247 2184 368 2212 volueris
384 2191 470 2218 usque
494 2183 528 2210 ad
550 2182 629 2210 ﬁnem
650 2190 824 2217 perseverare
839 2178 862 2206 Β
879 2186 966 2213 vocati
983 2190 1048 2213 sunt
1070 2185 1231 2220 praevenire.
1248 2192 1361 2212 necesse
1386 2188 1428 2211 est
1443 2189 1469 2211 et
1493 2193 1535 2211 me
1551 2187 1664 2220 vestigia

28 2240 159 2264 mecum;
169 2231 212 2259 cui
223 2238 284 2258 cum
298 2228 588 2265 promisissem,exegit
600 2236 615 2254 a
626 2235 669 2255 me
681 2227 823 2262 juramcn-

28 2286 96 2308 tum
112 2278 332 2314 perseverantiae,
348 2284 435 2311 eoque
452 2279 564 2310 accepto
585 2274 715 2309 imposuit
741 2281 824 2308 super

30 2328 170 2355 humeros
185 2332 260 2352 meos
274 2325 376 2358 polluta
398 2322 521 2357 quaedam
535 2325 562 2348 et
579 2320 757 2348 cxsecrabilia
779 2328 823 2347 se-

29 2376 115 2400 creta
125 2378 175 2398 sua
192 2375 221 2396 ut
234 2374 382 2404 portarem,
396 2372 423 2395 et
438 2367 514 2401 sequi
529 2374 571 2394 tne
583 2366 676 2401 jussit.
695 2364 745 2393 Ubi
760 2373 824 2394 vero

28 2422 150 2446 ventum
166 2419 208 2444 est
232 2415 266 2442 ad
282 2422 365 2446 mare,
392 2413 530 2448 navigium
555 2412 628 2447 quod
644 2412 713 2439 forte
731 2411 826 2438 aderat

28 2466 191 2500 ingressus,
217 2461 244 2488 id
262 2469 277 2488 a
294 2460 448 2489 cervicibus
473 2459 542 2486 meis
566 2458 637 2493 quod
654 2462 762 2493 portare
783 2465 826 2484 me

26 2512 171 2546 jusserat,
186 2508 312 2543 sumpsit.
331 2507 363 2534 Et
383 2507 463 2542 paulo
479 2510 540 2540 post
552 2512 679 2540 egressus
696 2503 763 2531 nihil
778 2511 826 2530 ex-

28 2551 112 2586 tulit,
127 2560 231 2582 certum
248 2554 320 2588 quod
334 2554 362 2580 in
377 2561 452 2580 mare
462 2551 490 2579 id
503 2552 616 2586 jecerat.
632 2550 754 2585 Rogabat
775 2557 825 2576 au-

31 2611 90 2631 tem
104 2609 160 2634 me,
174 2606 202 2629 ut
212 2609 273 2628 cum
284 2602 342 2634 ipso
351 2599 549 2635 proﬁciscerer,
562 2597 656 2625 dicens
667 2605 695 2624 se
708 2595 823 2623 Romam

29 2656 145 2686 pt‘lCle,
160 2648 197 2675 ibi
212 2647 285 2674 enim
299 2647 327 2674 in
340 2650 445 2672 tantum
459 2645 634 2680 placiturum,
647 2647 676 2669 ut
686 2643 756 2670 Deus
772 2649 824 2676 pu-

27 2702 112 2725 tetur
126 2700 154 2723 et
171 2694 272 2722 divinis
287 2693 393 2729 publice
414 2693 531 2720 donetur
555 2691 717 2718 honoribus.
735 2688 823 2722 Tunc,

876 2232 936 2266 ejus
958 2231 1076 2265 insequi,
1101 2235 1129 2257 ut
1156 2231 1179 2258 si
1203 2230 1268 2265 quid
1285 2231 1354 2257 forte
1377 2231 1411 2257 ab
1426 2230 1473 2257 illo
1494 2231 1662 2266 disputatum

876 2277 968 2310 fuerit,
983 2277 1139 2312 corrigatur
1157 2284 1172 2303 a
1190 2277 1278 2304 uobis.
1297 2276 1349 2303 Sed
1364 2277 1606 2312 quoniamjustum
1623 2282 1665 2306 est

876 2322 910 2349 de
927 2322 1006 2350 vobis
1020 2322 1150 2356 majorem
1160 2321 1370 2349 sollicitudinem
1386 2322 1453 2357 geri,
1466 2323 1511 2357 qui
1522 2322 1578 2357 jatn
1592 2323 1665 2350 intra

877 2375 971 2394 muros
985 2367 1048 2394 vita:
1069 2367 1258 2399 continemini.
1276 2367 1340 2402 quia
1356 2367 1429 2402 quod
1442 2368 1606 2402 acquisitum
1622 2373 1664 2396 est

875 2413 898 2441 si
917 2416 1021 2448 pereat,
1037 2412 1166 2440 datnnum
1184 2413 1277 2445 infert,
1292 2413 1365 2448 quod
1380 2418 1470 2441 autem
1484 2415 1494 2430 '
1505 2414 1626 2441 nondum
1639 2415 1663 2442 si

875 2459 984 2494 quidem
997 2459 1113 2486 inveniri
1129 2460 1258 2494 potuerit,
1273 2460 1379 2486 lucrum
1391 2463 1443 2492 est,
1458 2461 1481 2488 si
1496 2462 1587 2487 militis
1611 2460 1662 2488 hoc

876 2505 963 2531 solunt
979 2504 1072 2531 damni
1084 2508 1126 2531 est
1138 2503 1211 2538 quod
1223 2504 1328 2531 lucrum
1355 2504 1455 2531 factum
1470 2512 1524 2531 non
1549 2508 1606 2538 est;
1632 2510 1662 2531 ut

874 2557 940 2585 ergo
953 2554 980 2578 et
994 2558 1043 2578 vos
1062 2550 1149 2585 magis
1161 2558 1194 2577 ac
1218 2551 1305 2585 magis
1326 2553 1352 2577 in
1375 2550 1490 2578 veritate
1506 2551 1661 2584 ﬁrmemini,

875 2601 901 2623 et
915 2600 1010 2632 gentes
1024 2604 1084 2632 qua:
1096 2597 1129 2624 ad
1141 2596 1258 2623 salutem
1281 2600 1417 2623 vocantur
1433 2604 1487 2623 non
1505 2603 1663 2630 usquequa-

875 2650 928 2677 que
940 2643 1046 2677 possint
1070 2642 1191 2677 nequitia
1214 2641 1334 2668 Sitnottis
1362 2641 1516 2676 prmveniri,
1544 2641 1661 2675 cogitavi

876 2688 1036 2716 Zacch-veum
1050 2689 1129 2717 vobis
1153 2688 1283 2716 ordinare
1300 2692 1449 2724 pastorem,
1462 2694 1512 2722 ego
1524 2694 1588 2714 vero
1602 2687 1661 2722 ips.-

71 2763 82 2778 ⁶
103 2760 200 2788 latth.
212 2767 273 2791 xtlt,
291 2758 336 2786 46.
365 2760 375 2775 ⁷
392 2759 508 2792 Cumque
517 2758 572 2786 Ιιαιι·
585 2758 690 2788 Petrus,
703 2761 731 2784 et
741 2764 801 2792 qua:
813 2762 965 2792 sequuntur
980 2758 1123 2791 vocabula,
1145 2765 1231 2792 usque
1245 2757 1278 2784 ad
1295 2757 1341 2783 illa
1357 2764 1417 2792 cap.
1434 2755 1485 2783 65:
1502 2755 1661 2789 deceptioni-

31 2799 85 2824 (nu
107 2797 260 2831 capiantur,
268 2794 369 2831 desunt
384 2795 410 2822 in
423 2792 502 2822 codd.
517 2793 606 2829 Lipss.
643 2793 655 2809 ⁸
671 2792 765 2820 Matth.
778 2799 855 2826 xvtll,
870 2792 899 2827 7;
910 2793 977 2822 Luc.
993 2801 1059 2826 xvtt,
1077 2794 1102 2822 I.
1139 2793 1151 2809 '
1167 2792 1481 2826 Quadrantem—[actum
1495 2799 1547 2818 mm
1561 2795 1660 2818 estnon

30 2829 165 2867 teguntur
181 2832 209 2858 in
223 2829 303 2858 codd.
318 2830 405 2862 Lipss.
