1892 3105
226 130 291 158 I’M
665 127 697 155 ὃ.
718 127 914 155 CLEMENTIS
933 127 942 154 I
962 127 1046 155 ROM.

1067 127 1168 156 ΡΟΝΤ.
1189 127 1303 154 OPERA
1322 127 1436 156 DUBIA.
1789 130 1857 158 lSI!

227 191 282 212 tres
299 185 439 211 vobiscum
461 190 622 218 permanere
636 190 745 210 menses
768 186 795 210 et
821 183 858 209 ita
876 183 1011 218 proficisci
1025 184 1051 212 Α
1065 190 1113 216 per
1124 183 1276 210 orationem
1301 183 1485 215 sanctiﬁcata,
1501 187 1531 210 ut
1552 183 1591 210 ita
1605 183 1723 211 demum
1738 192 1789 219 per
1802 186 1858 214 hac

223 230 259 256 ad
275 233 381 265 gentes.
401 235 436 255 ne
462 227 580 263 amplius
600 227 773 255 morantibus
796 227 876 255 nobis
890 231 919 254 et
930 228 1015 255 scele-

227 276 304 302 ribus
321 275 440 302 Simonis
469 281 665 309 usquequaque
681 274 881 309 grassantibus.
899 274 1013 301 insana-

225 321 295 348 oiles
314 321 391 348 fiant.

263 365 354 393 LXVI.
371 365 433 393 11100
455 366 501 393 1110
514 366 623 393 dicente
638 366 783 394 universus
797 367 914 401 populus
928 366 1011 398 flevit,

223 414 341 440 audiens
356 413 427 447 quod
444 413 619 447 profecturus
629 418 713 440 esset.
735 413 769 439 At
779 413 875 441 Petrus
888 421 1013 448 compas-

227 467 275 486 sus
291 459 341 491 eis,
366 460 448 486 etiam
478 459 536 493 ipse
561 460 696 494 lacrymas
719 458 798 490 fudit,
823 463 850 486 et
873 460 1012 486 incmlum

223 505 376 541 respiciens
387 505 424 531 ait
439 515 445 532 ι
457 504 530 536 Tibi,
543 505 626 536 Deus,
637 504 684 538 qui
695 505 793 531 cmlum
808 508 962 538 terramque
974 504 1013 531 fe-

225 552 288 578 cisti
303 555 329 578 et
343 552 435 578 omnia
450 559 510 585 quae
536 551 563 577 in
579 551 620 577 eis
636 555 710 581 sunt,
727 558 834 585 precem
862 551 1013 585 supplicem

223 597 378 628 fundimus,
393 601 422 623 ut
437 596 629 630 confugientes
643 596 676 622 ad
691 600 717 623 te
728 596 755 622 in
770 595 946 622 tribulatione
962 603 1012 623 sua

224 643 338 675 soleris;
357 646 467 676 propter
482 641 608 668 allectum
623 641 696 668 enim
724 649 804 675 quem
833 641 934 668 habent
948 649 1012 676 erga

223 693 260 721 te,
276 687 394 721 diligunt
407 694 459 716 me.
476 687 522 720 qui
535 686 676 712 veritatem
698 690 772 712 tuam
789 687 947 713 annuntiavi
960 687 1010 714 eis.

221 733 337 768 Propter
351 732 423 767 quod
438 732 624 759 miserationis
639 735 693 759 tua:
708 732 741 759 de
749 746 756 757 -.
763 737 819 759 tera
832 733 939 759 custodi
951 740 1010 766 eos;

222 788 278 806 I|0n
291 779 363 806 enitn
381 778 527 805 Zaccliasus
554 785 605 805 nec
628 778 698 804 alius
711 778 855 812 quisquam
872 779 1010 805 hominum

222 829 316 851 custos
341 831 402 850 esse
419 823 459 850 eis
477 823 593 850 idoneus
619 827 717 857 potest.
736 823 798 850 111110
822 829 911 851 autem
927 829 953 852 et
968 825 1010 852 his

221 868 321 895 similia
337 876 398 895 cum
422 867 537 895 dixisset
564 867 670 899 Petrus,
688 869 815 895 manibus
827 870 1009 904 superpositis

218 914 352 942 2110011101)
373 914 472 947 oravit,
489 917 518 940 ut
541 914 745 948 inculpabiliter
771 915 944 950 episcopatus
965 917 1010 944 sui

221 964 344 988 servaret
364 959 493 986 ofﬁcium.
508 959 574 987 Post
598 960 656 986 hzec
676 959 818 986 duodecim
835 961 1009 996 presbyteros

219 1007 358 1034 ordinavit
373 1010 400 1032 et
415 1006 545 1032 diacones
569 1010 698 1040 quatuor,
717 1009 743 1032 et
758 1006 815 1033 ait:
847 1006 1008 1034 Zacchazum

219 1053 295 1080 hunc
309 1052 388 1079 vobis
404 1051 530 1078 ordinavi
555 1051 725 1086 episcopum,
740 1052 832 1078 sciens
842 1060 904 1079 eum
928 1053 1008 1080 timo-

219 1106 277 1125 rem
293 1097 339 1124 Dei
367 1097 468 1124 habere
493 1101 520 1124 et
547 1097 685 1124 eruditum
708 1105 770 1124 esse
790 1098 818 1124 in
845 1098 1006 1132 Scripturis,

219 1151 301 1178 quem
317 1143 396 1178 quasi
412 1142 514 1170 Christi
538 1142 626 1169 locum
644 1149 798 1170 servantem
813 1143 948 1170 honorare
960 1144 1009 1171 de-

217 1190 300 1221 betis,
315 1189 472 1216 obedientes
486 1188 510 1215 ei
523 1188 556 1215 ad
563 1188 677 1215 salutem
691 1192 823 1221 vestram,
837 1194 864 1216 et
877 1190 1005 1221 scientes,

218 1236 291 1270 quod
307 1235 364 1262 sive
382 1235 470 1261 honor
486 1235 543 1261 sive
559 1234 657 1268 injuria
687 1242 748 1269 qua:
769 1235 793 1262 ei
819 1235 953 1266 defertur,
973 1235 1006 1262 ad

218 1283 357 1308 Christum
373 1281 508 1308 redundat
524 1285 551 1307 et
579 1289 594 1307 a
613 1280 724 1308 Christo
742 1281 775 1307 ad
798 1280 892 1309 Deum.
909 1282 1008 1309 Audite

218 1336 284 1362 ergo
297 1335 359 1354 eum
376 1327 508 1354 attentius
532 1331 559 1354 et
575 1327 608 1354 ab
624 1327 683 1361 ipso
696 1327 827 1361 suscipite
853 1327 1006 1355 doctrinam

220 1374 292 1404 fidei,
307 1373 409 1400 monita
425 1377 514 1400 autent
539 1374 599 1400 vita:
620 1381 635 1399 a
654 1374 838 1409 presbyteris.
854 1382 869 1400 a
884 1373 1008 1401 diaconi-

217 1421 270 1447 hus
284 1428 349 1447 vero
367 1419 490 1446 ordinem
506 1419 669 1454 disciplinae.
687 1419 835 1447 Viduarum
851 1419 1006 1454 religiosam

218 1474 313 1492 curatn
330 1467 427 1500 gerite,
444 1466 562 1501 pupillos
582 1466 691 1493 enixius
707 1465 810 1501 juvate,
824 1483 827 1485 -
839 1466 1006 1501 pauperibus

219 1512 435 1539 misericordiam
469 1512 560 1543 facile,
589 1511 706 1546 juvenes
725 1512 885 1546 pudicitiam
899 1512 1004 1545 docete,
1020 1528 1040 1557 ε

217 1562 243 1584 et
257 1562 285 1584 ttt
302 1558 418 1584 breviter
435 1562 520 1584 totum
537 1558 637 1589 dicam,
660 1559 822 1585 alterutrum
842 1566 891 1585 vos
903 1559 930 1585 in
944 1559 1006 1593 qui—

217 1604 269 1631 bus
278 1611 322 1631 res
337 1604 491 1639 poposcerit
503 1608 664 1632 sustentate.
677 1604 761 1632 Deum
774 1605 856 1631 colite
869 1605 915 1640 qui
929 1613 1006 1632 crea-

217 1650 363 1677 vitemlum
377 1654 404 1677 et
423 1654 535 1681 terram,
552 1650 663 1678 Christo
683 1651 796 1681 credite.
813 1651 928 1678 invicem
944 1651 1006 1678 dili-

216 1696 283 1730 gite,
300 1695 493 1722 misericordes
508 1700 597 1723 estote
611 1696 644 1722 ad
660 1703 767 1728 omnes,
781 1705 835 1724 non
853 1698 935 1725 verbo
946 1698 1005 1725 solo

217 1741 264 1768 sed
278 1745 305 1768 ct
321 1749 404 1776 opere
417 1745 444 1768 et
455 1742 537 1768 rebus
549 1743 657 1777 implete
671 1743 844 1770 charitatem.

252 1786 355 1814 LXVII.
372 1787 404 1813 Et
419 1795 479 1814 cum
496 1788 552 1815 haec
571 1791 652 1822 atque
679 1788 724 1815 his
744 1788 843 1816 similia
861 1789 1005 1823 prmeepis-

214 1838 267 1864 Set,
283 1834 470 1868 pronuntiavit
478 1834 512 1860 ad
525 1834 654 1868 populntn
665 1834 760 1862 dicens
774 1844 780 1862 :
798 1834 931 1867 Quoniam
948 1839 1004 1862 tres

216 1888 324 1907 menses
336 1881 418 1907 statui
432 1880 520 1908 facere
535 1881 674 1908 vobiscum
687 1900 695 1912 ,
708 1882 731 1908 si
747 1881 809 1916 quis
825 1886 944 1909 vestrum
957 1882 1004 1909 de—

216 1926 330 1957 siderat,
345 1926 506 1960 baptizctur,
536 1930 565 1952 ut
589 1930 688 1953 exutus
703 1926 842 1961 prioribus
864 1928 954 1959 malis,
970 1929 1003 1955 de

216 1972 320 2006 reliquo
336 1975 384 2006 pro
399 1971 478 1998 bonis
491 1972 595 1999 actibus
607 1971 692 1998 hmrcs
702 1972 834 1999 bonorum
849 1973 1002 2000 cmiestium

214 2025 246 2043 111
263 2017 348 2051 gestis
373 2017 492 2051 propriis
519 2017 574 2043 fiat.
604 2016 723 2043 Accedat
734 2025 799 2051 ergo
821 2017 866 2052 qui
899 2019 955 2045 vult
969 2018 1002 2045 ad

214 2062 386 2091 laconicum.
400 2066 426 2088 et
442 2062 493 2096 ipsi
510 2062 555 2089 det
576 2069 676 2088 nomen
691 2070 771 2089 suum
789 2062 857 2097 (96),
872 2067 953 2098 atque
968 2064 1003 2090 ab

214 2116 247 2134 eo
262 2108 354 2134 audiat
367 2108 494 2142 mysteria
506 2107 582 2142 regni
597 2107 860 2142 ccelorumJejuniis
877 2109 1003 2144 frequen-

212 2154 287 2180 tibus
302 2161 412 2188 operam
430 2154 569 2188 impendat
583 2161 614 2180 ac
640 2155 816 2189 semetipsum
833 2155 859 2182 in
873 2156 1001 2184 omnibus

214 2200 320 2234 probet,
338 2204 366 2226 ut
379 2200 468 2226 tribus
484 2200 526 2226 his
548 2200 688 2227 mensibus
708 2202 903 2229 consummatis
916 2202 943 2228 in
957 2203 1000 2230 die
1015 2192 1037 2220 Ῑ)

213 2245 284 2272 festo
298 2245 384 2279 possit
397 2246 541 2279 baptizari.
559 2245 744 2279 Baptizabitur
755 2250 844 2274 autem
856 2248 1001 2282 unusquis-

212 2299 265 2326 quc
282 2295 401 2318 vestrum
419 2291 444 2317 in
456 2291 534 2326 aquis
548 2291 712 2326 perennibus
724 2292 926 2320 nomine'l‘rinae
939 2295 1000 2321 Bea-

211 2336 341 2364 titudinis
356 2337 485 2364 invocato
509 2344 592 2371 super
616 2344 657 2370 se,
673 2341 821 2372 perunctus
837 2338 926 2373 primo
940 2339 1000 2366 oleo

1063 231 1240 254 consecratus
1255 228 1342 262 possit
1357 227 1497 262 percipere
1508 227 1544 256 de
1562 230 1672 256 sanctis
1687 229 1759 264 (97).

1100 271 1220 300 LXVIII.
1231 288 1266 293 ~—
1278 273 1381 301 Etcum
1393 274 1477 301 multa
1491 274 1608 302 dixisset
1629 275 1666 302 de
1683 276 1795 303 ratione
1814 277 1860 303 ba-

1064 318 1169 353 ptismi,
1185 319 1309 347 dimissis
1330 319 1420 346 turbis
1440 320 1474 346 ad
1491 320 1601 347 solitam
1618 328 1650 348 se
1664 322 1860 356 recepitman-

1063 364 1178 396 sionem,
1196 365 1287 399 ibique
1309 365 1463 393 astantibus
1486 366 1540 393 sibi
1554 366 1721 397 duodecim.
1754 367 1781 394 id
1806 373 1857 397 est.

1063 409 1192 437 Zacchaw
1205 413 1233 438 et
1245 409 1394 445 Sophonia,
1407 410 1528 446 Josepho
1541 416 1568 439 et
1585 412 1719 444 Michtea,
1733 412 1859 440 Eleazaro

1062 460 1089 484 et
1102 455 1228 488 Phinees,
1243 455 1347 483 Lazaro
1361 461 1387 484 et
1401 456 1501 488 Eliseo,
1519 465 1562 485 me
1573 457 1727 486 Clemente
1741 462 1770 485 et
1781 458 1860 485 Nico-

1062 501 1153 533 demo,
1166 501 1260 528 Niceta
1273 506 1301 529 et
1316 502 1426 537 Aquila,
1443 503 1496 530 hoc
1510 503 1593 530 modo
1607 504 1782 538 prolocutus
1795 509 1836 531 est
1852 514 1858 530 :

1061 546 1273 575 Consideromus
1291 548 1390 576 fratres
1401 568 1409 580 ,
1423 548 1497 583 quod
1514 549 1621 583 justum
1641 554 1709 582 est;
1727 549 1857 577 debemus

1061 593 1132 620 enim
1147 593 1278 620 auxilium
1292 593 1402 628 aliquod
1417 593 1489 621 ferre
1498 594 1640 628 gentibus,
1653 602 1722 629 qua:
1736 595 1774 621 ad
1786 596 1857 621 salu-

1062 642 1116 666 tem
1132 643 1234 666 vorataa
1250 643 1324 666 sunt.
1341 639 1394 673 Ipsi
1410 639 1526 666 audistis
1541 639 1616 674 quod
1635 638 1741 666 Simon
1758 647 1858 674 praece-

1066 685 1132 712 dere
1144 685 1238 712 volens
1252 684 1303 712 iter
1318 689 1442 712 nostrum
1453 684 1592 719 profectus
1601 689 1658 717 est,
1673 692 1766 720 quem
1782 692 1860 720 opor-

1060 733 1150 757 tuerat
1167 737 1182 757 e
1196 729 1311 764 vestigio
1327 729 1447 765 insequi,
1463 733 1494 756 ut
1507 729 1596 756 sicubi
1614 729 1733 764 aliquos
1745 729 1861 756 subver-

1062 779 1119 802 tere
1134 779 1254 802 tentaret
1277 775 1410 802 continuo
1431 774 1625 802 confutaretur
1648 782 1666 801 a
1690 774 1790 802 nobis.
1810 774 1859 801 Sed

1061 821 1190 856 quoniam
1210 821 1342 856 injustum
1365 821 1433 847 mihi
1452 820 1571 852 videtur,
1591 823 1623 847 ut
1637 819 1791 847 derelictis
1816 820 1857 846 his

1061 868 1108 902 qui
1124 867 1180 902 jam
1202 867 1328 894 conversi
1344 869 1409 894 sunt
1424 866 1458 893 ad
1474 865 1570 898 Deum,
1584 873 1684 893 eorum
1701 866 1753 900 qui
1770 866 1858 892 adhuc

1061 914 1141 948 longe
1153 917 1218 940 sunt
1231 920 1326 940 curam
1342 912 1525 947 proferamus,
1542 915 1653 939 rectum
1672 916 1748 947 puto
1773 913 1859 939 tribus

1060 956 1202 987 mensibus
1214 967 1374 994 permanere
1389 967 1432 986 me
1448 966 1509 985 cum
1521 959 1565 986 his
1575 959 1623 993 qui
1636 958 1665 985 in
1679 959 1737 986 hac
1747 960 1858 986 civitate

1059 1005 1186 1032 conversi
1198 1009 1263 1032 sunt
1274 1004 1307 1031 ad
1321 1004 1411 1036 fidem,
1423 1007 1450 1031 et
1462 1003 1598 1030 ﬁrmiores
1608 1011 1659 1031 eos
1675 1003 1804 1034 eﬂicere.
1813 1013 1857 1031 nn-

1059 1053 1151 1077 tamen
1166 1050 1228 1077 illos
1243 1050 1290 1085 qui
1304 1049 1394 1077 adhuc
1406 1049 1486 1084 longe
1494 1053 1559 1076 sunt
1574 1049 1688 1083 penitus
1706 1050 1856 1085 negligere.

1059 1103 1094 1123 ne
1106 1095 1186 1127 forte,
1202 1095 1227 1123 si
1241 1096 1288 1122 diu
1301 1095 1412 1122 venenis
1427 1094 1553 1130 pessima:
1567 1094 1711 1122 doctrina:
1728 1095 1858 1122 infician-

1060 1145 1116 1174 tur,
1140 1141 1278 1168 difﬁcilius
1299 1145 1471 1168 revocentur.
1494 1140 1527 1167 Et
1546 1141 1609 1168 ideo
1626 1141 1704 1172 volo,
1722 1142 1747 1170 si
1768 1145 1856 1168 tamen

1058 1188 1140 1215 etiam
1156 1187 1233 1214 vobis
1245 1187 1350 1221 justttm
1370 1187 1488 1219 videtur,
1505 1191 1536 1214 ut
1551 1194 1601 1222 pro
1617 1186 1762 1214 Zaccltaeo
1778 1195 1855 1221 quem

1059 1233 1104 1260 hic
1119 1233 1308 1260 ordinavimus
1319 1233 1490 1268 episcopum,
1508 1233 1676 1266 subjiciatur
1691 1232 1724 1259 in
1743 1240 1856 1259 numero

1059 1278 1209 1313 Itenjamitn
1222 1278 1294 1306 filius
1305 1278 1388 1311 Saba,
1397 1282 1424 1305 et
1433 1286 1482 1313 pro
1494 1277 1632 1305 Clemente
1642 1285 1730 1312 quem
1745 1277 1854 1305 decreti

1059 1331 1164 1350 meetnn
1180 1330 1290 1358 semper
1301 1331 1372 1355 esse,
1385 1323 1448 1358 quia
1463 1331 1497 1350 ex
1516 1323 1647 1358 gentibus
1663 1323 1788 1350 veniens
1810 1330 1856 1349 au-

1058 1369 1148 1397 diendi
1161 1369 1235 1396 verbi
1254 1369 1299 1396 Dei
1322 1370 1426 1404 grande
1439 1369 1606 1397 desiderium
1624 1369 1716 1403 gerit,
1733 1369 1854 1395 Acamas

1058 1416 1131 1443 ﬁlius
1148 1415 1238 1447 Safra,
1258 1422 1308 1449 pro
1322 1414 1416 1442 Niceta
1439 1423 1504 1442 vero
1523 1419 1550 1442 et
1567 1415 1679 1449 Aquila,
1703 1415 1756 1449 qui
1768 1422 1855 1449 nuper

1057 1460 1181 1488 «inversi
1200 1465 1264 1486 sunt
1285 1459 1320 1486 ad
1341 1459 1420 1486 fidem
1442 1459 1556 1491 Christi,
1578 1459 1707 1487 Itubelus
1727 1459 1853 1486 Zaccha-i

1059 1505 1144 1532 frater
1159 1509 1186 1532 et
1199 1505 1347 1532 Zacharias
1364 1509 1494 1531 structor.
1510 1504 1572 1532 Istis
1583 1512 1649 1539 ergo
1664 1509 1795 1539 quatuor
1807 1513 1854 1539 pro

1059 1551 1101 1578 his
1114 1555 1232 1586 quatuor
1254 1551 1412 1578 substitutis
1430 1551 1532 1585 expleri
1549 1551 1610 1577 volo
1631 1550 1788 1578 duodecim
1805 1559 1854 1577 nu-

1057 1604 1174 1629 mcrutn,
1188 1600 1218 1623 ut
1234 1604 1276 1624 me
1295 1597 1324 1623 in
1343 1596 1411 1631 ipsis
1424 1604 1532 1631 semper
1547 1604 1641 1624 secum
1662 1604 1730 1624 esse
1750 1598 1855 1624 sentiat

1057 1641 1162 1669 Simon.

1091 1701 1182 1728 LXIX.
1217 1701 1402 1736 Sequestratis
1427 1700 1509 1736 igItur
1534 1708 1576 1727 me
1601 1700 1854 1729 Clementeelh'i—

1056 1752 1115 1774 ccta
1136 1751 1164 1774 et
1184 1747 1292 1782 Aquila,
1314 1746 1348 1773 ad
1367 1746 1428 1772 illos
1444 1745 1588 1772 duodecim
1611 1745 1651 1771 ait
1669 1754 1677 1772 :
1698 1744 1774 1772 Volo
1802 1754 1851 1773 vos

1057 1796 1119 1827 post
1133 1792 1204 1819 dietn
1217 1792 1368 1818 crastinum
1385 1790 1521 1825 proficisci
1536 1790 1569 1816 ad
1581 1794 1678 1825 gentes
1691 1795 1722 1817 et
1733 1791 1851 1826 vestigia

1057 1838 1176 1865 Simonis
1192 1837 1309 1871 insequi,
1325 1840 1354 1863 ut
1366 1835 1458 1863 omnia
1470 1843 1531 1870 qua:
1546 1836 1601 1868 agit
1616 1835 1770 1862 manifesta
1782 1836 1850 1862 mibi

1056 1884 1174 1910 faciatis.
1198 1882 1250 1910 Sed
1270 1887 1298 1910 et
1318 1881 1487 1916 propositum
1508 1881 1679 1916 singulorum
1697 1880 1850 1916 diligenter

1054 1931 1185 1964 requirite
1200 1933 1226 1956 et
1245 1937 1287 1956 me
1307 1928 1467 1955 adiuturum
1489 1927 1549 1955 sine
1569 1934 1646 1954 mora
1669 1926 1712 1954 eis
1736 1935 1848 1954 annun-

1053 1976 1129 2007 tiate,
1145 1979 1172 2001 et
1185 1983 1218 2001 ne
1233 1975 1318 2000 multa
1334 1974 1412 2001 vobis
1426 1973 1528 2005 dicam,
1544 1981 1592 2007 per
1605 1973 1699 1999 omnia
1717 1973 1847 2000 instmite

1053 2021 1168 2056 gentilis
1187 2022 1347 2054 exspectare
1365 2018 1509 2045 adventum
1526 2025 1627 2044 meutn.
1640 2017 1773 2052 Cumque
1787 2018 1842 2044 ba-c

1054 2071 1134 2101 atque
1145 2066 1188 2093 his
1198 2065 1296 2093 similia
1304 2064 1417 2091 dixisset
1429 2073 1434 2090 ε
1449 2064 1535 2090 Etiam
1543 2071 1603 2094 vos,
1615 2063 1718 2097 inquit,
1734 2063 1842 2093 fratres,

1054 2113 1077 2140 si
1098 2112 1162 2147 quid
1178 2111 1257 2138 vobis
1275 2113 1307 2137 ad
1323 2110 1381 2137 111110
1396 2110 1515 2141 videtur,
1527 2110 1621 2140 dicite,
1641 2117 1677 2137 ne
1699 2109 1773 2137 forte
1789 2118 1841 2136 non

1053 2159 1089 2186 sit
1110 2161 1213 2184 rectum
1230 2156 1302 2191 quod
1319 2156 1386 2182 mihi
1397 2155 1449 2183 soli
1469 2155 1566 2190 placet.
1580 2154 1650 2181 Tum
1667 2162 1769 2182 omnes
1790 2163 1839 2181 una

1052 2210 1117 2229 voce
1131 2201 1318 2229 collaudantes
1332 2208 1394 2228 eum
1411 2210 1417 2227 :
1436 2199 1575 2235 Rogamus
1595 2200 1696 2235 magis.
1719 2201 1839 2227 aiebant.

1053 2254 1081 2276 111
1105 2255 1156 2282 pro
1179 2247 1294 2274 arbitrio
1307 2251 1354 2273 tuo
1367 2251 1465 2273 cuncta
1488 2247 1621 2281 disponas
1639 2250 1668 2273 et
1691 2247 1768 2280 quod
1792 2247 1838 2272 tibi

1053 2294 1104 2328 ipsi
1120 2293 1225 2320 videtur
1244 2292 1356 2326 jubcas;
1371 2292 1423 2318 hoc
1442 2291 1514 2318 enim
1540 2297 1670 2326 putamus
1686 2300 1753 2319 esse
1774 2300 1840 2326 opus

1054 2341 1190 2376 integrum
1206 2339 1326 2374 pietatis,
1341 2339 1366 2365 si
1382 2345 1441 2373 qum
1452 2341 1481 2364 tu
1493 2337 1612 2372 jusseris
1627 2338 1806 2372 impleamus.

862 2425 1047 2455 COTELERII
1065 2426 1180 2455 ΝΟΤᾹΞ.

244 2496 300 2531 (96)
321 2495 354 2523 Et
370 2496 420 2530 ipsi
439 2495 481 2522 del
499 2503 591 2522 nomen
609 2503 695 2522 suum.
709 2493 761 2531 Qui
776 2494 923 2522 Christiani
940 2495 999 2523 fieri

209 2533 349 2561 volebant.
365 2532 467 2558 dabant
482 2539 561 2558 suum
574 2538 672 2556 nomen
687 2530 719 2556 ad
731 2530 910 2564 baptismum,
925 2531 998 2565 quod

194 2572 198 2575 ‘
209 2568 378 2596 scriberetur
391 2575 405 2592 a
420 2567 494 2593 clero
507 2588 514 2599 ,
531 2570 680 2600 posteaque
692 2565 959 2600 ὀνοματογραφέντες
969 2570 996 2592 01

210 2602 359 2631 subscripti
373 2602 545 2628 dicebantur.
564 2601 705 2627 Celebretn
722 2601 805 2626 ritum
822 2601 922 2626 docent
933 2608 996 2627 etttn

209 2638 303 2665 multis
320 2634 437 2664 Sit-iuius
459 2644 538 2670 papa,
558 2636 639 2669 epist.
658 2635 685 2666 1,
702 2642 762 2668 cap.
784 2634 812 2667 2,
836 2639 863 2662 et
876 2635 994 2670 Cyrillus

208 2672 480 2707 Ilierosolytnitanus,
502 2671 642 2707 catechesi
656 2670 790 2707 A3,Aatque
803 2671 830 2696 in
853 2671 993 2707 Προκατη-

208 2709 295 2744 χὴσει.
367 2706 584 2744 Ρςοοξ10011οβἰξ,
597 2709 624 2744 111
638 2705 662 2731 id
678 2704 921 2744 111111001111111011111ἶ
936 2704 993 2731 vel-

209 2739 241 2769 iit
260 2742 371 2769 Itomilia
388 2741 417 2768 S.
446 2741 539 2767 Basilii
560 2740 597 2767 De
612 2741 752 2774 baptismo,
768 2739 835 2775 Περὶ
853 2740 994 2773 φωτίσμα-

206 2786 263 2809 τος,
276 2781 377 2806 exstat.
394 2776 441 2803 scd
457 2776 541 2802 multa
557 2783 619 2802 011111
642 2775 810 2805 diversitate,
829 2774 856 2801 in
872 2775 993 2807 aniqnis

208 2813 373 2838 membranis
395 2811 567 2837 Bibliotheca:
590 2809 680 2844 Regia:
698 2810 761 2836 cod.
784 2809 850 2836 I260
869 2813 897 2835 et
911 2809 992 2840 2405,

206 2847 241 2874 ad
261 2846 341 2881 cujus
362 2846 525 2880 posterioris
539 2845 645 2873 codicis
661 2845 810 2879 marginem
831 2845 871 2872 sic
889 2845 994 2871 notavit

247 2963 328 3042 ἰ

1053 2495 1166 2523 criticus
1180 2494 1290 2531 111-100118
1305 2504 1311 2531 1
1327 2495 1424 2531 Σαφῶς
1437 2495 1505 2531 ἡμῖν
1524 2493 1650 2531 δείκνυτε
1663 2495 1678 2521 ὁ
1695 2498 1835 2531 χαρακτὴρ

1049 2531 1096 2557 τοῦ
1115 2529 1294 2565 προκειμένου
1305 2529 1396 2563 λόγου.
1413 2529 1453 2556 ὃτί
1464 2531 1513 2556 οὐκ
1529 2530 1586 2555 ἐστι
1606 2529 1652 2555 τοῦ
1669 2529 1751 2565 ἁγίοῷ
1766 2529 1835 2558 11ιὲ-

1049 2564 1178 2592 λειουζῐη
1198 2565 1316 2592 concilio
1337 2564 1643 2599 Constantinopolitano
1664 2565 1717 2591 sub
1738 2564 1833 2593 Mena:

1048 2600 1182 2634 Στέφανος
1196 2599 1332 2630 διάκονος,
1349 2601 1363 2626 ὁ
1386 2601 1432 2626 καὶ
1455 2600 1503 2631 τὰς
1520 2599 1706 2634 προσηγορίας
1726 2601 1781 2626 τῶν
1799 2603 1834 2632 εἰς

1046 2633 1081 2695 τὶ
1103 2633 1174 2661 θεῖον
1200 2634 1340 2670 βάπτισμα
1367 2633 1711 2669 προσιόντωνῒγγράφειν
1739 2643 1833 2670 τεταγ-

1049 2678 1067 2695 υ.
1083 2678 1136 2695 voc.

1083 2678 1136 2700 νος.

1154 2703 1242 2731 Possit
1254 2705 1384 2738 percipere
1393 2703 1425 2730 de
1437 2705 1547 2731 sanctis.
1560 2703 1616 2730 11οο
1627 2707 1680 2733 est.
1695 2711 1796 2739 corpus
1807 2710 1831 2732 et

1046 2738 1208 2774 sanguinem
1228 2739 1342 2766 Christi.
1361 2739 1389 2765 Id
1411 2747 1476 2766 vero
1495 2747 1591 2772 magna
1611 2738 1768 2774 ignorantia
1783 2748 1830 2766 non

1046 2773 1203 2808 intelligetis
1216 2775 1426 2801 consart'inator
1439 2775 1529 2801 tertia:
1545 2773 1695 2800 Decretalis
1708 2774 1829 2801 Clemen-

1046 2809 1092 2839 tis.
1108 2809 1148 2836 sic
1159 2809 1249 2836 Rufini
1264 2809 1345 2850 verba
1360 2809 1550 2844 interpolavit:
1562 2809 1785 2844 possilpera'pcu
1795 2810 1828 2836 1»

1046 2852 1105 2870 cum
1115 2852 1174 2871 cum
1185 2850 1294 2872 sanctis.
