1892 3105
35 147 93 172 ﬁt?)

580 146 863 176 RECOGNITIONUM
881 147 946 176 LIB.
969 148 1012 177 ιιι.

1577 154 1646 181 (SH

63 201 276 236 LXX.-—Igitur
293 205 398 229 statuto
421 202 467 230 die
489 210 551 229 cum
573 204 717 231 stetissent
740 210 804 232 ante
818 209 842 237 Α
855 205 1016 240 relinquens
1031 214 1101 241 quos
1112 214 1166 234 non
1190 207 1313 242 oportet.
1334 208 1378 234 vel
1394 217 1502 237 uxorem
1523 211 1642 244 fidelem,

31 249 137 279 Petrum,
151 247 190 274 Ne
199 248 355 280 arbitreris,
371 249 459 281 aiunt,
481 248 569 281 Pctre,
586 257 700 284 parvum
725 250 804 278 nobis

30 294 101 322 indici
115 301 277 325 mcerorem,
293 294 366 328 quod
383 295 542 322 fraudamur
556 303 611 322 non
624 295 767 322 audientes
779 300 805 323 te

30 348 70 375 per
87 347 190 366 menses
209 343 282 372 tres;
299 339 347 366 sed
372 340 500 375 quoniam
520 341 572 368 hoc
595 341 704 375 expedit
725 349 804 375 agere

29 387 91 422 quod
112 391 138 413 tu
158 386 253 420 jubes,
271 386 431 413 obediemus
453 386 676 421 promptissime;
697 393 805 420 semper

28 441 83 468 ergo
93 433 195 459 vultum
213 436 293 459 tuum
310 432 336 458 in
356 435 450 459 nostro
466 431 548 459 corde
565 431 715 460 retinentes
731 432 804 459 sicut
827 446 830 447 ν

27 479 122 515 jussisti
144 480 251 506 alacres
269 479 480 514 proficiscimur.
500 478 535 505 At
549 478 594 505 ille
608 479 735 505 oratione
753 486 804 513 pro

29 526 62 552 eis
76 525 107 551 ad
123 524 268 551 Dominum
291 525 351 552 fusa
364 525 457 551 emisit
472 532 530 552 eos.
550 524 583 550 Et
603 532 665 551 cum
687 524 804 559 profecti

30 572 131 599 fuissent
152 570 191 597 illi
215 570 361 598 duodecim
382 571 428 606 qui
451 571 586 605 praemissi
606 574 681 602 sunt,
703 569 804 597 Petrus

29 619 156 652 ingressus
169 625 204 644 ex
214 625 293 644 inore
307 617 335 644 in
350 617 409 644 loco
423 616 617 651 disputationis
633 616 717 644 stetit.
731 616 803 643 Con-

28 667 126 690 venerat
142 667 234 690 autem
251 663 346 697 populi
368 663 524 692 multitudo,
547 662 688 697 copiosior
705 669 804 689 nume-

29 718 69 737 rus
79 717 156 744 quam
170 709 290 741 solebat,
300 713 326 736 et
337 716 433 736 omnes
444 716 505 735 cum
520 709 648 744 lacrymis
661 708 806 735 intueban-

28 759 64 782 tur
76 763 145 786 eum,
161 763 212 790 pro
226 763 262 782 eo
277 754 349 790 quod
365 754 453 789 pridie
466 755 500 781 ab
515 762 548 781 eo
562 753 715 786 audissent,
735 761 803 788 pro-

29 801 149 829 fecturum
160 809 190 828 se
201 801 324 828 Simonis
334 801 430 835 gratia.
443 799 495 827 Sed
506 804 533 827 et
545 800 603 835 ipse
617 800 803 835 lacrymantes

29 855 67 874 eos
78 847 169 875 videns
181 847 285 875 similia
298 847 461 882 patiebatur,
475 846 539 873 licet
551 850 699 873 conaretur
710 847 804 873 occul-

30 898 79 920 tare
98 898 123 921 et
143 893 273 920 inhibere
295 893 446 927 lacrymas;
466 892 633 927 prodebatur
657 896 749 919 tamen
771 899 805 919 ex

29 944 134 966 tremore
141 940 218 966 vocis
227 943 255 966 et
267 939 466 974 interruptione
479 939 626 971 sermonis,
637 938 711 974 quod
722 939 806 966 simili

29 990 160 1020 angeretur
174 985 286 1013 aﬂ‘ectu.

58 1031 143 1058 LXXI.
163 1031 360 1059 Verumtamen
384 1038 466 1058 manu
486 1030 644 1058 confricans
677 1031 804 1063 frontem,

30 1079 110 1114 Equo
121 1079 223 1111 animo,
238 1078 338 1112 inquit,
346 1081 446 1109 estote,
456 1076 599 1110 fratres,et
613 1077 806 1105 misericordes

29 1127 125 1152 animas
138 1129 246 1152 vestras
259 1124 368 1151 consilii
380 1124 487 1151 ratione
502 1123 640 1155 solamini,
653 1122 806 1150 referentes

30 1174 110 1197 omnia
127 1171 160 1197 ad
176 1170 275 1201 Deum,
291 1169 370 1204 cujus
382 1169 468 1196 solius
488 1169 624 1204 implenda
634 1172 661 1196 et
677 1169 703 1195 in
713 1168 806 1195 omni-

31 1217 74 1244 lius
95 1217 263 1252 praeferenda
279 1217 406 1243 voluntas
427 1219 479 1242 est.
496 1214 564 1241 Nam
580 1215 604 1243 si
625 1214 702 1242 verbi
719 1213 807 1249 gratia

31 1271 163 1298 ponamus,
179 1263 255 1298 quod
272 1269 321 1296 pro
334 1261 431 1289 affectu
447 1269 528 1296 quem
539 1268 603 1296 erga
613 1268 662 1288 vos
674 1261 803 1296 gerimus,

32 1313 116 1336 contra
134 1309 304 1336 voluntatem
324 1307 384 1342 ejus
399 1312 509 1342 agentes
528 1306 701 1334 resideamus
716 1306 807 1333 vobis-

31 1363 95 1388 cum,
111 1355 234 1390 nunquid
251 1362 304 1381 non
325 1357 414 1388 potest
428 1354 514 1380 missa
525 1353 551 1380 iu
567 1361 610 1380 me
630 1356 729 1384 morte,
742 1360 806 1386 pro-

32 1400 163 1429 fectionem
176 1401 246 1428 mihi
257 1408 272 1427 a
289 1400 366 1428 vobis
381 1399 502 1427 indicere
516 1399 688 1434 longiorem?
702 1399 735 1426 Et
746 1400 808 1427 ideo

32 1448 119 1475 melius
132 1451 173 1475 est
188 1452 219 1474 ut
235 1447 307 1474 hanc
321 1447 474 1474 breviorem
487 1453 549 1472 cum
568 1446 708 1473 voluntate
721 1446 808 1480 ipsius

33 1492 193 1528 impleamus,
213 1496 309 1528 utpote
329 1492 430 1527 quibus
451 1491 592 1519 deﬁnitum
608 1495 650 1519 est
672 1491 700 1518 in
720 1492 810 1518 omni-

33 1538 78 1567 bus
97 1539 205 1567 obedire
221 1539 295 1572 Deo;
311 1539 384 1566 unde
405 1542 432 1565 et
453 1545 503 1565 vos
522 1537 628 1565 debetis
647 1537 730 1565 simili
744 1537 809 1565 obc-
823 1550 844 1578 (ς

35 1584 125 1612 dientia
140 1593 238 1620 parere
253 1585 289 1615 ei,
311 1584 412 1620 quippe
427 1584 474 1618 qui
489 1583 571 1610 etiam
587 1591 631 1610 me
644 1590 698 1610 non
706 1583 762 1609 alia
775 1590 811 1610 ex

35 1638 119 1662 causa,
131 1632 182 1659 nisi
192 1639 241 1667 pro
251 1631 337 1666 ipsius
349 1638 442 1657 amore
456 1629 588 1664 diligatis.
602 1628 637 1656 Ut
648 1636 714 1664 ergo
725 1629 807 1656 amici

36 1677 90 1709 Dei,
108 1678 241 1705 voluntati
256 1677 316 1712 ejus
342 1677 542 1711 obtemperate;
566 1676 615 1715 sed
634 1679 662 1703 et
685 1682 734 1702 vos
758 1675 810 1710 ipsi

36 1725 137 1758 probate
151 1725 224 1760 quod
237 1724 344 1759 justum
359 1726 409 1750 est.
426 1720 556 1756 Nunquid
568 1728 622 1748 non
638 1720 753 1756 impium
769 1721 810 1747 vi-

36 1770 150 1803 debatur,
173 1771 197 1799 si
217 1778 281 1797 cum
299 1776 349 1796 vos
372 1768 469 1795 Simon
492 1767 643 1802 deciperet,
679 1773 729 1801 ego
755 1774 810 1792 non

36 1817 159 1844 venissem
177 1816 212 1844 ad
229 1823 279 1844 vos
293 1815 420 1843 detentus
441 1821 456 1840 a
478 1813 612 1840 fratribus
627 1812 674 1847 qui
691 1812 811 1840 erantin

37 1860 207 1896 llierusalem,
233 1865 260 1889 et
283 1860 392 1896 quidem
416 1867 478 1887 cum
503 1858 641 1886 haberetis
663 1857 735 1893 apud
761 1865 812 1885 vos

38 1907 196 1941 Zaccltaeum,
222 1908 311 1935 virum
331 1907 433 1934 bonum
449 1909 476 1933 et
496 1905 524 1932 in
545 1912 672 1933 sermone
694 1904 808 1939 expedi-

39 1955 105 1980 lum?
118 1954 157 1982 Ita.
165 1961 232 1990 ergo
246 1957 272 1981 et
283 1960 356 1980 nunc
367 1952 481 1987 impium
491 1951 622 1986 iudicate,
635 1951 658 1977 si
673 1957 736 1982 cum
747 1957 800 1977 ex-

38 1999 92 2027 ierit
105 1999 197 2028 Simon
218 2001 252 2028 ad
267 2004 362 2035 gentes
377 1997 587 2033 impngnandas,
602 1997 704 2032 quibus
722 1996 814 2024 nullus

38 2047 140 2074 omnino
151 2047 280 2074 defensor
295 2050 346 2077 est,
357 2053 407 2080 ego
421 2052 476 2072 non
488 2044 641 2079 subsequar
656 2043 783 2071 detentus
798 2051 813 2070 a

38 2091 117 2120 vobis.
134 2092 250 2128 Propter
271 2091 344 2127 quod
366 2091 554 2122 observemus,
571 2097 605 2117 ne
629 2089 699 2118 forte
715 2089 814 2117 all‘ectu

40 2138 132 2173 injuste
144 2141 317 2167 voluntatem
326 2137 438 2172 maligni
455 2135 600 2163 faciamus.

70 2183 169 2214 LXXII.
189 2184 300 2212 Interim
318 2183 418 2214 tribus,
452 2185 483 2210 ut
516 2182 583 2213 dixi,
599 2181 739 2209 mensibus
753 2189 816 2216 per-

40 2231 145 2259 manebo
165 2231 238 2268 apud
258 2238 328 2263 vos;
350 2233 438 2257 estote
462 2227 570 2256 assidui
590 2227 624 2254 ad
644 2227 812 2255 audiendum

40 2277 153 2309 verbum,
163 2281 190 2305 et
198 2276 396 2305 consummatis
408 2275 461 2306 his,
470 2275 493 2302 si
505 2274 550 2309 qui
561 2278 678 2309 possunt
686 2275 814 2301 etvolunt

41 2323 109 2357 sequi
120 2331 179 2353 nos.
190 2322 358 2359 permittitur
371 2321 412 2348 eis
422 2321 497 2348 salva
510 2320 619 2355 pietate.
631 2319 709 2353 Quod
723 2324 814 2348 autem

41 2367 95 2395 dico
111 2369 186 2397 salva
204 2370 315 2404 pietate,
334 2368 386 2394 hoc
402 2370 454 2398 est,
471 2374 505 2394 ne
519 2374 601 2401 quem
621 2366 744 2394 discessu
766 2373 816 2394 suo

41 2415 174 2444 contristet
193 2415 240 2451 qui
255 2413 415 2442 contristari
436 2420 491 2440 non
512 2412 604 2444 debet,
621 2413 665 2440 vel
688 2418 816 2447 parentes

831 2217 852 2244 D

74 2504 94 2521 "
113 2506 155 2534 Vel
166 2507 188 2533 si
201 2503 411 2540 quat—conuenit
422 2502 521 2530 desunt
535 2501 564 2528 in
579 2500 641 2530 cod.
654 2505 770 2536 utroque
783 2500 857 2535 Lips.

44 2543 82 2567 tur
101 2541 126 2568 in
140 2542 219 2569 codd.
244 2540 333 2575 Lipss.

854 252 897 278 vel
922 252 945 279 si
971 260 1031 287 quae
1068 253 1089 268 ¹⁰
1111 257 1175 280 sunt
1199 253 1356 288 hujusmodi
1384 263 1516 289 personae,
1541 257 1639 290 quibus

855 302 967 332 propter
990 297 1075 325 Deum
1100 299 1200 326 deferri
1226 299 1354 327 solatium
1377 302 1505 328 convenit
1536 301 1642 329 Interea

855 351 903 378 per
919 344 977 372 dies
993 345 1118 380 singulos
1135 346 1280 381 disputans
1294 350 1320 373 et
1341 347 1455 379 docens,
1472 348 1646 381 prcpositunt

855 393 963 424 tempus
987 390 1014 417 in
1037 391 1169 419 doctrinm
1185 392 1278 419 labore
1293 393 1450 426 complevit.
1468 393 1500 419 Et
1514 400 1577 419 cum
1593 392 1642 419 ad—

854 435 975 463 venisset
994 436 1054 464 dies
1069 436 1155 465 festus
1167 457 1175 469 ,
1202 446 1285 472 super
1299 438 1394 465 decem
1414 439 1499 465 inillia
1515 438 1642 473 baptizati

853 486 928 509 sunt.

891 528 1007 557 LXXIII.
1029 528 1059 556 In
1079 529 1135 558 illis
1147 533 1239 557 autem
1255 529 1352 557 diebus
1366 530 1483 564 epistola
1499 529 1616 556 mittitur
1628 537 1646 556 a

855 573 985 602 fratribus
997 575 1044 610 qui
1061 579 1272 609 praecesserant,
1290 576 1317 602 in
1330 583 1384 611 qna
1402 575 1522 602 Simonis
1539 576 1646 602 scelera-

854 622 1081 654 continebantur,
1111 622 1250 657 quomodo
1279 629 1329 656 per
1352 622 1478 648 civitates
1507 621 1645 656 deciperet

855 667 950 694 turbas
972 671 1000 694 et
1016 666 1127 695 Petrum
1152 676 1201 702 per
1222 668 1330 703 singula
1350 668 1502 699 laceraret,
1527 670 1556 694 ut
1581 674 1648 694 cum

855 711 924 739 forte
939 712 1112 745 advertisset,
1130 714 1221 741 nullus
1237 715 1261 740 ei
1277 713 1497 741 accommodaret
1509 713 1645 740 auditum»

853 755 1000 783 Asserebat
1023 757 1096 784 enim
1119 765 1181 784 cum
1205 765 1314 793 magum
1352 765 1414 785 esse
1443 761 1470 784 et
1496 758 1556 784 sine
1577 757 1643 788 Deo,

854 801 1018 836 injuriosum
1032 822 1040 835 ,
1065 802 1194 829 callidum
1208 824 1215 836 ,
1239 803 1396 838 imperitum
1416 806 1442 830 et
1464 803 1646 837 impossibilia

856 846 1037 881 ptotitentem.
1063 847 1186 875 Mortuos
1208 848 1281 875 enim
1306 851 1512 875 resurrecturos
1526 847 1644 878 asserit,

857 891 929 925 quod
943 895 996 923 est,
1014 892 1112 927 inquit,
1127 892 1307 927 impossibile.
1319 892 1347 919 Si
1363 893 1409 927 qui
1423 900 1488 919 vero
1502 900 1564 920 eum
1579 900 1646 920 con-

856 936 947 964 futare
962 937 1046 969 velit,
1071 938 1188 965 occultis
1208 938 1242 965 ab
1257 945 1290 965 eo
1306 938 1414 965 insidiis
1434 938 1579 973 perimitur
1598 946 1647 972 per

857 983 990 1010 satellites
1007 983 1084 1017 ejus;
1109 987 1220 1018 propter
1232 984 1306 1019 quod
1318 1004 1326 1016 ,
1344 984 1443 1019 inquit,
1475 988 1502 1012 et
1513 992 1564 1019 ego
1584 991 1646 1011 eum

856 1035 919 1055 eum
942 1035 1117 1062 superassem
1136 1032 1163 1056 et
1187 1029 1421 1063 triumphassem,
1447 1028 1562 1055 insidias
1586 1027 1647 1062 ejus

856 1072 962 1100 veritus
977 1072 1050 1107 fugi,
1067 1080 1101 1100 ne
1117 1071 1187 1099 forte
1209 1071 1351 1099 maleficiis
1373 1079 1415 1098 me
1435 1071 1581 1106 perimeret
1600 1073 1662 1096 aut.

857 1123 972 1146 mortem
987 1126 1074 1145 meam
1090 1126 1138 1153 per
1153 1117 1269 1144 insidias
1284 1117 1414 1144 elocaret.
1427 1115 1587 1143 lndicabant
1600 1122 1647 1142 au-

856 1168 911 1192 tem
928 1164 1046 1191 maxime
1058 1171 1121 1190 eum
1141 1163 1213 1198 apud
1232 1162 1364 1197 Tripolim
1380 1161 1529 1188 demorari.

893 1208 1010 1237 LXXIV.
1030 1208 1115 1243 Igitur
1137 1207 1236 1236 Petrus
1257 1208 1401 1243 epistolam
1420 1206 1530 1233 recitari
1548 1205 1648 1240 populo

856 1257 943 1292 jubet,
956 1260 983 1284 et
997 1260 1058 1292 post
1074 1256 1220 1283 lectionem
1241 1255 1377 1282 allocutus
1401 1261 1448 1281 eos
1471 1253 1504 1280 de
1520 1253 1649 1280 munibus

859 1303 1018 1338 plenissime
1038 1302 1170 1330 instruxit
1181 1322 1188 1334 ,
1204 1301 1341 1336 prmcipue
1354 1304 1447 1327 tamen
1462 1303 1492 1326 ut
1506 1298 1650 1326 obedirent

859 1349 1008 1381 Zaccliaao,
1034 1356 1116 1383 quem
1139 1347 1276 1374 ordinavit
1296 1347 1336 1373 eis
1351 1345 1521 1380 episcopum.
1544 1343 1598 1370 Sed
1623 1347 1650 1370 et

860 1396 1036 1431 presbyteros
1052 1398 1079 1422 et
1093 1393 1227 1421 diaconos
1241 1392 1354 1427 populo,
1380 1395 1407 1418 et
1427 1391 1496 1425 ipsis
1511 1389 1650 1417 nihilomi-

860 1450 913 1470 nus
939 1442 1070 1478 populum
1094 1439 1306 1468 commcndavit.
1325 1437 1467 1472 Simulque
1484 1436 1652 1462 denuntians

860 1489 934 1524 quod
953 1488 1022 1522 apud
1046 1486 1178 1522 Tripolim
1194 1485 1364 1511 hiematurus
1378 1486 1467 1514 esset,
1482 1480 1652 1508 Commendo

861 1542 927 1565 vos,
952 1533 1060 1568 inquit,
1086 1531 1182 1566 gratiae
1206 1530 1271 1560 Dei,
1294 1529 1417 1556 crastino
1433 1535 1496 1554 cum
1511 1527 1652 1553 voluntate.

861 1579 969 1606 Domini
984 1578 1171 1613 profecturus.
1185 1575 1237 1603 Per
1247 1578 1321 1602 totos
1331 1575 1351 1590 “
1367 1577 1459 1600 autem
1471 1577 1529 1600 tres
1544 1579 1653 1598 menses

860 1633 930 1662 quos
951 1624 1024 1659 apud
1048 1623 1202 1650 Caesaream
1224 1621 1357 1648 doctrina:
1381 1626 1466 1646 causa
1487 1617 1651 1652 .exegiinus,

861 1678 1030 1708 quaecunque
1044 1669 1116 1704 apud
1128 1668 1258 1703 populum
1273 1666 1427 1694 disserebat
1441 1672 1489 1699 per
1500 1664 1583 1693 diem,
1594 1663 1649 1689 liam

860 1718 941 1745 nobis
958 1720 1066 1744 secreto
1084 1713 1295 1742 lucubrantibus
1310 1719 1403 1740 secum
1426 1710 1533 1744 plenius
1547 1712 1575 1736 ct
1591 1716 1649 1742 pcr-

861 1764 961 1792 fectius
976 1761 1141 1796 explanabat
1151 1780 1157 1791 ,
1171 1764 1301 1794 tanquam
1318 1757 1488 1785 fidelioribus
1503 1762 1535 1782 ac
1551 1754 1602 1782 sibi
1620 1754 1650 1780 li-

862 1810 946 1846 quido
961 1808 1094 1844 probatis.
1111 1806 1200 1833 Simul
1214 1809 1242 1832 et
1260 1805 1376 1839 imperat
1397 1802 1474 1832 milii,
1492 1801 1555 1835 quia
1571 1800 1652 1826 intel-

862 1857 928 1885 lexit
943 1863 986 1884 me
996 1853 1149 1883 studiosius
1162 1860 1223 1887 qua:
1230 1850 1356 1878 audirem
1375 1847 1506 1876 memoria
1514 1853 1653 1873 commen-

863 1905 940 1936 dare,
963 1902 1041 1929 libris
1061 1899 1168 1934 singula
1188 1904 1302 1933 quisque
1319 1904 1379 1931 qua:
1397 1897 1546 1921 memoratu
1568 1891 1652 1926 digna

863 1949 1027 1979 videbantur
1040 1943 1272 1980 comprehendere
1286 1946 1313 1969 et
1324 1941 1432 1967 mittere
1448 1939 1482 1965 ad
1495 1941 1531 1968 te,
1547 1937 1583 1963 mi
1600 1936 1651 1963 do-

865 1995 939 2023 mine
952 1991 1063 2022 Jacobe,
1084 1991 1156 2017 sicut
1173 1993 1201 2016 et
1215 1987 1267 2015 feci
1282 1993 1381 2022 parens
1395 1984 1459 2018 ejus
1475 1981 1626 2018 pneceptis.

901 2037 1006 2067 LXXV.
1019 2037 1127 2064 Primus
1142 2041 1207 2069 ergo
1222 2033 1292 2059 liber
1302 2039 1335 2058 ex
1351 2031 1393 2058 liis
1409 2037 1480 2064 quos
1495 2028 1573 2063 prius
1589 2027 1652 2054 misi

865 2087 899 2114 ad
914 2092 940 2113 te
954 2084 1010 2120 (98)
1022 2082 1144 2110 continet
1154 2080 1188 2107 de
1210 2085 1276 2106 vero
1291 2077 1423 2112 propheta
1441 2079 1468 2102 et
1482 2075 1516 2102 de
1530 2073 1654 2120 proprie?

866 2137 921 2160 tate
935 2119 1124 2165 intelligentia:
1149 2126 1234 2162 legis,
1257 2123 1408 2152 secundum
1430 2122 1458 2148 id
1479 2120 1553 2156 quod
1568 2119 1654 2154 Moysi

867 2180 978 2208 traditio
1003 2178 1094 2205 docet.
1122 2173 1268 2202 Secundus
1292 2171 1326 2198 de
1356 2169 1492 2205 principio
1516 2167 1653 2196 continet,

868 2232 959 2256 utrum
976 2232 1060 2252 unum
1075 2224 1111 2250 sit
1129 2219 1306 2256 principium,
1319 2225 1354 2244 an
1369 2216 1464 2247 multa,
1477 2219 1504 2242 et
1514 2213 1586 2249 quod
1601 2220 1656 2239 non

869 2273 975 2308 ignoret
991 2269 1168 2297 Hebraeorum
1184 2265 1236 2296 lex,
1261 2263 1327 2298 quid
1342 2262 1376 2290 sit
1392 2262 1572 2288 immensitas.
1590 2259 1657 2285 Ter-

868 2305 934 2349 tius,
953 2317 987 2344 de
1002 2315 1059 2343 Deo
1068 2318 1094 2341 et
1111 2313 1155 2340 liis
1168 2319 1229 2346 quae
1242 2311 1277 2337 ab
1290 2317 1322 2337 eo
1337 2308 1464 2336 instituta
1480 2310 1553 2334 sunt.
1568 2305 1657 2338 Quar-

869 2367 931 2395 tus,
946 2360 1020 2396 quod
1041 2366 1104 2387 cum
1125 2357 1205 2385 multi
1221 2355 1350 2382 dicantur
1365 2353 1422 2384 dii,
1438 2359 1510 2379 unus
1525 2351 1561 2378 sit
1575 2358 1657 2377 verus

869 2409 942 2436 Deus
957 2405 1109 2435 secundum
1121 2401 1279 2431 testimonia
1293 2399 1512 2434 Scripturaruin.
1526 2397 1656 2430 Quintus,

896 2499 917 2515 “
934 2498 987 2525 Per
1005 2501 1164 2524 totos—esse
1174 2501 1226 2520 non
1237 2495 1340 2527 poterat
1352 2489 1423 2527 (cap.
1437 2487 1481 2525 75)
1496 2495 1550 2515 non
1563 2487 1657 2521 legan-

679 2618 864 2649 COTELERll
878 2617 996 2646 ΝΟΤιΕ.

75 2708 127 2744 (98)
146 2709 252 2736 Primus
267 2715 328 2743 ergo
350 2705 521 2744 liberuersuhis
536 2712 600 2740 quos
613 2702 766 2744 prius'misi
784 2701 818 2727 ad

48 2736 144 2773 te,‘etl:.
170 2744 254 2779 igitur
274 2736 369 2770 decem
395 2742 432 2768 illi
452 2741 514 2767 libri
535 2736 617 2767 antea
687 2736 818 2779 Jacoh'um

47 2772 116 2814 missi
137 2780 171 2814 (si
182 2772 309 2814 “unquam
322 2779 459 2814 inprerum
483 2780 579 2814 natura
598 2772 820 2814 ex‘stiterejudis-

48 2812 125 2848 tingui
140 2807 250 2842 ldeben't
268 2814 301 2841 ab
316 2813 382 2848 istis
392 2812 486 2848 decem
501 2809 714 2848 Recognilt‘onuin
732 2807 820 2848 libris,

49 2843 173 2880 quinum
184 2850 218 2877 ad
233 2849 358 2876 eumdem
369 2846 499 2873 Jacobnm
516 2843 577 2879 post
590 2852 638 2880 eos
646 2843 819 2880 scr’ilpintuﬁr.

50 2876 78 2909 Et
106 2876 268 2913 tamcnrrhoc
292 2884 352 2910 loco
372 2883 400 2909 in
423 2876 545 2914 margine
565 2879 669 2907 codicis
690 2877 747 2905 RR.
767 2876 819 2903 PP.

871 2699 1082 2727 Carmelitarnm
1098 2697 1200 2732 legitur
1219 2706 1225 2723 :
1249 2695 1436 2732 Distinctiones
1462 2692 1590 2720 librorth
1611 2690 1656 2732 ᾴιι

872 2743 927 2762 cem
943 2734 1080 2768 prwsentis
1097 2731 1192 2767 operis.
1213 2731 1531 2768 Eumdemqueerrorem
1547 2731 1659 2754 secutus

873 2764 981 2797 videtur
999 2772 1057 2795 tum
1082 2764 1200 2802 scriptor
1220 2774 1274 2802 ms.
1294 2764 1447 2794 Sorbonici,
1468 2764 1518 2802 toti
1541 2769 1659 2802 namque

873 2805 953 2839 Operi
970 2811 1001 2832 ea
1013 2797 1302 2839 lemmata-pragponit;
1319 2804 1384 2839 tum,
1398 2805 1450 2825 ms.
1471 2797 1577 2839 Thuani
1595 2805 1659 2824 exa-

857 2834 961 2870 .r:itor,
987 2839 1033 2873 qui
1052 2834 1177 2865 similiter
1200 2834 1246 2873 itla
1272 2834 1398 2873 praefixit,
1419 2840 1452 2860 ac
1471 2837 1602 2868 praetcrea
1625 2839 1659 2860 ex

875 2875 929 2903 isto
939 2869 1026 2909 capite
1042 2873 1075 2900 75
1089 2873 1156 2900 libri.
1166 2871 1238 2900 tertii
1252 2869 1374 2898 sustulit.
