1892 3105
224 123 295 152 ’515

221 227 275 253 bile
299 224 498 252 firmamentum
524 223 597 258 quod
620 227 648 250 et
671 222 820 254 transibit,
843 221 916 249 aliud
938 229 1004 249 vero

220 275 352 300 aternnm
367 275 394 297 et
409 270 556 297 invisibile.
584 269 694 301 Sextus,
711 269 744 297 de
764 270 836 296 bono
850 273 877 296 et
891 269 963 296 malo
976 272 1004 296 et

220 317 293 352 quod
310 317 381 343 bono
393 321 491 343 cuncta
507 315 689 349 subjicianwr
704 323 718 342 a
735 315 823 346 Patre,
841 315 941 341 malum
959 322 1005 341 au-

216 366 271 389 tem
287 369 373 396 quare
384 366 412 388 et
426 362 573 397 quomodo,
589 366 616 388 et
629 361 700 389 unde
715 362 760 392 sit,
777 366 805 388 et
818 361 890 396 quod
905 368 1005 396 coope-

218 412 292 434 retur
313 407 423 443 quidem
449 410 539 438 bono,
566 409 612 435 sed
632 416 686 435 non
712 409 851 443 proposito
867 409 955 441 bono;
975 413 1004 436 ct

217 462 277 488 qua:
292 455 346 481 sint
362 455 439 489 signa
463 455 537 485 boni,
554 463 614 489 qua:
629 463 693 482 vero
708 456 782 485 mali.
792 459 818 482 et
833 463 893 490 qua
906 455 941 482 sit
951 455 1006 482 dif-

218 500 333 526 ferentia
349 500 490 527 duaiitatis
502 506 529 527 et
543 501 755 535 conjngationis.
775 500 928 535 Septimus,
943 508 1004 535 qua}

217 546 291 577 sint,
310 554 370 580 quae
386 547 523 581 prosecuti
548 551 612 574 sunt
635 547 778 574 duodecim
795 547 911 582 apostoli
931 547 1002 581 apud

217 591 348 626 populum
364 591 391 618 in
405 593 514 627 templo.
532 591 662 624 Octavus.
674 592 708 619 de
720 593 809 620 verbis
825 593 930 620 Domini
944 600 1004 627 qua:

218 637 270 663 sibi
286 637 416 663 videntur
427 645 489 665 esse
504 639 655 670 contraria,
670 638 717 666 sed
733 646 788 665 non
801 642 884 670 sunt,
901 642 927 666 et
942 646 1004 673 quae

217 682 252 708 sit
270 681 366 708 borum
383 682 530 710 absolutio.
547 682 656 715 Nonus,
672 683 735 718 quia
759 684 801 711 lex
826 691 887 718 quze
909 691 924 710 a
949 683 1004 710 Deo

657 121 687 148 S.
705 118 903 148 CLEMENTIS
919 119 928 146 i
946 118 1019 147 ROM
1050 119 1151 147 PCNT.
1171 119 1286 146 OPERA
1305 119 1418 148 DUBIA.

218 181 292 218 quod
307 179 361 207 duo
377 179 432 206 sint
447 178 527 209 coeli,
544 184 661 212 quorum
687 185 773 205 unum
796 177 833 205 sit
849 176 924 204 istud
939 176 1005 204 visi-
1020 181 1042 207 Α

1782 123 1842 150 ms

1057 177 1148 211 posita
1161 181 1214 211 est,
1225 178 1300 212 jnsta
1322 178 1358 206 sit
1373 185 1400 206 et
1412 179 1542 214 perfecta.
1559 183 1586 207 et
1601 187 1665 215 qua:
1679 180 1741 207 sola
1762 185 1843 216 possit

1056 222 1147 250 facere
1171 231 1276 258 pacem.
1307 224 1454 256 Decimus,
1479 225 1513 252 de
1536 226 1684 253 nativitate
1707 226 1843 254 hominum

1056 269 1161 295 carnali
1176 273 1203 297 et
1218 270 1252 297 de
1266 271 1441 305 generatione
1456 279 1516 305 qua:
1536 275 1579 298 est
1594 279 1644 306 per
1669 271 1842 307 baptismum.

1056 319 1083 342 et
1098 322 1159 350 qua:
1173 315 1210 342 sit
1225 315 1252 343 in
1267 316 1378 343 homine
1389 317 1508 344 carnalis
1523 318 1638 344 seminis
1653 320 1810 349 successio.
1821 325 1845 346 et

1056 354 1119 396 qua;
1136 361 1234 388 anima:
1256 362 1316 396 ejus
1331 363 1412 394 rat-io,
1428 367 1455 389 ct
1469 363 1608 398 quomodo
1630 363 1660 390 in
1678 363 1740 398 ipsa
1755 367 1797 391 est
1814 365 1844 391 li-

1056 407 1148 435 bertas
1160 408 1282 441 arbitrii;
1298 416 1359 443 qua:
1373 409 1503 443 quoniam
1518 416 1573 435 non
1597 414 1639 437 est
1657 410 1783 444 ingenita
1803 411 1845 438 sed

1055 451 1127 480 facta
1141 456 1201 486 est,
1217 453 1367 481 immobilis
1389 461 1405 480 a
1426 454 1498 480 bono
1514 462 1578 481 esse
1599 462 1654 481 non
1671 459 1793 490 poterat.
1814 455 1847 483 De

1055 498 1098 525 his
1114 506 1179 533 ergo
1190 499 1305 535 singulis
1319 507 1384 534 qua:
1396 499 1466 534 apud
1480 499 1635 528 Caesaream
1649 502 1773 529 disserta
1789 506 1846 529 sunt

1056 551 1071 571 a
1087 543 1178 576 Petro,
1190 545 1314 579 jubente,
1329 548 1359 571 ut
1373 545 1440 576 dixi.
1457 545 1517 579 ipso
1532 545 1629 573 decem
1640 547 1804 581 conscripta
1816 547 1845 573 ad

1055 591 1084 618 te
1097 591 1238 618 transmisi
1253 591 1402 617 volumina.
1428 590 1483 618 Nos
1498 596 1590 619 autem
1607 591 1655 619 die
1672 597 1801 627 postera,
1820 597 1846 618 nt

1058 640 1191 665 statutum
1219 637 1319 667 fuerat,
1332 644 1394 663 cum
1410 636 1559 672 aliquantis
1575 637 1625 672 qui
1637 637 1756 665 Petrum
1774 639 1847 672 sequi

1056 683 1236 711 decreverant
1247 681 1374 710 ﬁdelibus
1384 681 1462 713 viris,
1473 689 1488 708 a
1499 682 1627 710 Caesarea
1637 684 1845 718 proﬁciscimur.

772 842 952 886 LIBER
988 841 1283 896 QUARTUS.

251 1002 272 1031 l.
293 1002 410 1030 Profecti
436 1011 451 1030 a
473 1002 597 1030 Caesarea
622 1007 652 1030 ut
666 1002 798 1038 Tripolim
815 1011 1003 1039 pergeremus,
1024 1008 1044 1036 B
1061 1003 1150 1030 tribus
1169 1002 1214 1037 qui
1230 1002 1364 1038 praemissi
1380 1007 1456 1034 sunt,
1475 1002 1540 1037 quia
1557 1010 1572 1029 a
1587 1003 1702 1030 civibus
1717 1011 1769 1038 pro
1783 1004 1847 1031 desi-

217 1049 287 1085 apud
304 1049 402 1075 Doram
418 1050 499 1076 breve
514 1049 643 1084 oppidum
659 1050 773 1084 primam
794 1049 909 1077 fecimus
924 1058 1002 1076 man-

215 1095 333 1125 sionem,
347 1095 410 1129 quia
424 1102 474 1121 nec
486 1094 566 1128 longe
580 1095 684 1121 aberat.
709 1093 743 1120 Et
756 1101 852 1121 omnes
870 1101 938 1128 pene
955 1093 1002 1128 qui

215 1148 264 1175 per
282 1148 433 1168 sermonem
449 1139 523 1166 Petri
539 1140 722 1171 crediderant,
739 1140 830 1167 divelli
845 1140 878 1167 ab
892 1147 924 1167 eo
935 1141 1003 1167 satis

214 1195 286 1223 aegre
299 1187 447 1217 habebant.
465 1187 512 1214 sed
525 1187 627 1221 pariter
643 1187 811 1218 incedentes,
823 1186 887 1214 dum
903 1187 1002 1214 iterum

215 1235 323 1265 videre,
340 1234 439 1261 iterum
464 1234 609 1269 complecti
631 1234 728 1268 juvat,
755 1235 852 1260 iterum
878 1226 1010 1260 conferre-

216 1287 370 1308 sermonem
385 1300 391 1311 ,
419 1279 453 1306 ad
468 1279 649 1306 diversorium
672 1279 854 1314 pervenimus.
873 1279 1002 1314 Sequi-nti

215 1333 279 1352 vero
294 1324 338 1351 die
351 1325 475 1352 venimus
490 1323 696 1355 Ptolomaidem,
712 1324 757 1351 tibi
772 1324 865 1351 decem
882 1324 941 1350 dies
953 1324 1000 1350 de-

215 1371 313 1398 morati
328 1379 390 1398 cum
406 1370 538 1405 aliquanti
557 1370 670 1397 verbum
684 1370 729 1397 Dei
745 1371 924 1405 recepissent,
934 1378 1002 1396 non-

215 1417 297 1444 nullis
312 1425 406 1444 eorum
417 1437 424 1448 ,
441 1417 487 1452 qui
507 1417 666 1443 attentiores
679 1416 841 1443 videbantur
859 1420 886 1443 et
900 1416 1002 1443 diutius

214 1463 337 1490 detinere
348 1471 398 1490 nos
413 1463 545 1490 doctrina:
559 1463 645 1498 gratia
660 1463 818 1497 cupiebant.
832 1462 962 1496 Tripolim
979 1463 1001 1489 si

214 1510 266 1536 hoc
282 1509 387 1541 velint,
404 1513 434 1536 nt
455 1512 635 1544 sequerentur
649 1508 841 1535 indicavimus.
868 1507 1002 1534 Similiter

213 1559 242 1582 et
255 1555 326 1590 apud
342 1554 444 1590 Tyrum
461 1563 492 1582 ac
510 1554 638 1581 Sidonem
654 1558 680 1581 et
695 1554 821 1589 Berytnm
838 1554 964 1585 fecimus,
975 1557 1003 1581 et

214 1601 257 1628 his
280 1601 327 1636 qui
353 1601 461 1635 plenius
484 1600 676 1628 desiderabant
699 1600 796 1626 audire
823 1607 1000 1631 sermonem.

212 1648 285 1682 apud
311 1646 443 1682 Tripolim
467 1646 549 1673 nobis
567 1646 740 1673 bicmandum
765 1645 998 1673 denuntiavimus.

1057 1049 1134 1076 derio
1150 1049 1222 1083 quod
1238 1056 1302 1083 erga
1320 1048 1431 1075 Petrum
1455 1053 1644 1083 conceperant
1655 1069 1662 1080 ,
1686 1057 1745 1076 non
1767 1050 1847 1076 solum

1055 1095 1181 1129 hospitiis
1193 1095 1239 1122 sed
1261 1099 1288 1120 et
1305 1096 1377 1121 omni
1395 1095 1566 1122 humanitate
1581 1097 1710 1129 suscepti
1728 1096 1785 1123 sint
1797 1115 1806 1127 .
1826 1096 1847 1122 in

1055 1144 1160 1166 tantum
1176 1145 1204 1166 ut
1222 1143 1250 1165 et
1272 1140 1505 1166 contristarentur
1521 1139 1670 1174 aliquanti.
1688 1141 1794 1174 quibus
1807 1140 1848 1166 de-

1055 1186 1130 1212 fuere
1152 1192 1222 1219 quos
1251 1185 1439 1219 susciperent;
1458 1185 1494 1212 ita
1519 1185 1593 1212 enim
1618 1193 1720 1213 omnes
1744 1192 1848 1220 paratas

1054 1231 1151 1262 fuisse,
1167 1235 1196 1257 nt
1212 1231 1235 1257 si
1251 1231 1337 1257 multo
1349 1231 1443 1265 plures
1460 1231 1622 1263 venissent,
1648 1232 1746 1258 adhuc
1765 1237 1848 1259 tam:

1054 1276 1244 1312 suscipiendos
1259 1276 1344 1311 magis
1360 1284 1441 1311 quam
1469 1277 1654 1312 suscipientes
1675 1277 1766 1304 fuisse
1780 1277 1848 1305 deiu-

1055 1331 1144 1353 llll‘OS.

1089 1371 1133 1399 lll.
1155 1371 1242 1405 Super
1259 1370 1302 1398 liis
1313 1369 1411 1398 Petrus
1426 1370 1505 1398 valde
1520 1370 1688 1401 delectatus,
1707 1372 1850 1399 collauda-

1053 1419 1091 1446 vit
1107 1421 1134 1445 et
1150 1417 1289 1444 benedixit
1304 1424 1352 1444 eos
1378 1424 1410 1444 ac
1425 1424 1519 1444 secum
1540 1425 1654 1445 manere
1673 1419 1775 1452 jussit.
1792 1418 1849 1453 ipse

1053 1472 1118 1492 vero
1131 1471 1193 1490 eum
1207 1463 1318 1490 lavisset
1332 1463 1359 1489 in
1377 1464 1445 1489 mari
1463 1462 1603 1498 (99),cibo
1616 1468 1732 1498 sumpto
1748 1465 1849 1498 quierit

1053 1510 1080 1536 'm
1098 1515 1221 1544 vespera.
1236 1507 1269 1534 Et
1284 1516 1316 1535 ex
1333 1516 1409 1535 more
1425 1509 1564 1544 pullorum
1576 1510 1708 1537 cantibus
1721 1519 1848 1545 surgens,

1052 1553 1210 1589 vespertino
1222 1553 1312 1580 adhuc
1324 1553 1427 1581 lumine
1442 1553 1618 1588 perdurante,
1630 1560 1756 1583 cunctos
1777 1557 1851 1583 inve-

1053 1601 1094 1628 nit
1111 1601 1271 1636 vigilantes;
1292 1608 1403 1628 eramus
1423 1605 1512 1628 autem
1529 1607 1627 1627 omnes
1640 1608 1708 1627 eum
1723 1609 1760 1628 eo
1778 1602 1852 1629 sede

1053 1646 1106 1673 sim
1117 1666 1124 1677 ,
1141 1646 1240 1674 Petrus
1254 1650 1281 1673 et
1295 1654 1346 1681 ego
1370 1646 1496 1673 Clemens
1507 1667 1514 1678 ,
1530 1645 1625 1672 Niceta
1640 1650 1670 1672 et
1684 1646 1807 1682 Aquila,
1828 1653 1852 1675 et

213 1693 299 1729 igitur
314 1700 375 1719 cum
393 1700 425 1720 ex
443 1692 559 1726 singulis
577 1691 736 1718 civitatibus
760 1691 876 1719 studiosi
901 1692 1002 1726 quique
1016 1688 1036 1716 C
1054 1692 1092 1718 illi
1108 1693 1155 1727 qui
1175 1695 1374 1727 praecesserant
1387 1691 1541 1718 duodecim.
1559 1690 1693 1720 Salutans
1706 1693 1805 1728 itaque
1823 1698 1853 1720 ut

213 1740 411 1766 comitarentur
425 1737 546 1769 Petrum,
562 1738 711 1765 electorum
723 1737 869 1764 mttltitudo
882 1737 999 1772 plurima

212 1785 382 1820 ingredimur
405 1783 547 1818 Tripolim.
565 1782 701 1810 Continuo
715 1786 810 1810 autem
828 1787 892 1810 ante
906 1786 1000 1818 portas

213 1831 332 1858 civitatis
345 1831 444 1857 fratres
460 1830 506 1865 qui
521 1830 654 1864 praemissi
670 1829 794 1861 fuerant,
811 1834 960 1856 occurrunt
974 1834 1001 1857 et

214 1877 397 1912 suscipientes
411 1884 461 1903 nos
472 1875 611 1902 adducunt
635 1883 684 1911 per
698 1875 818 1910 hospitia
831 1895 838 1906 ,
854 1883 914 1911 qua:
932 1883 1001 1911 prte-

214 1928 388 1958 paraverant.
405 1922 558 1949 Commotio
579 1925 668 1948 autem
694 1925 721 1948 et
739 1929 891 1949 concursus
915 1922 1001 1956 pluri—

214 1977 276 1996 mus
301 1969 382 1996 fiebat
405 1968 433 1995 in
455 1968 584 1999 civitate,
601 1967 816 1995 desiderantium
835 1967 930 1995 videre
950 1967 998 1996 Pe-

215 2020 298 2042 "uili.

251 2060 283 2088 ll.
304 2060 336 2087 Et
360 2067 422 2087 eum
438 2060 612 2088 venissemus
625 2059 659 2087 ad
685 2060 797 2086 domum
812 2059 950 2091 Maronis.
973 2059 1001 2087 in

215 2116 269 2143 qua
286 2107 366 2135 Petro
377 2107 467 2134 fuerat
482 2110 676 2142 praeparatum,
689 2114 841 2134 conversus
850 2106 883 2133 ad
895 2107 1000 2139 turbas,

214 2157 278 2189 post
299 2153 368 2180 diem
384 2153 536 2180 crastinum
551 2159 704 2179 sermonem
719 2160 748 2179 se
765 2152 798 2179 ad
814 2160 862 2180 eos
875 2153 1002 2187 promisit

216 2199 364 2226 facturum.
377 2198 462 2234 igitur
469 2199 515 2233 qui
525 2198 658 2233 prmmissi
672 2197 779 2224 fuerant
794 2197 902 2228 fratres,
912 2199 1004 2225 omni-

217 2245 270 2272 bus
285 2245 331 2279 qui
348 2245 490 2272 nobiscum
502 2248 634 2271 venerant
660 2243 776 2278 hospitia
798 2244 931 2272 dividunt.
950 2243 1003 2272 Pe-

218 2295 280 2318 trus
292 2298 358 2317 vero
370 2290 490 2317 Maronis
505 2289 615 2316 domum
628 2289 770 2324 ingressus
783 2296 849 2316 cum
858 2293 1002 2324 rogaretur

218 2337 310 2363 cibum
327 2343 451 2367 sumere,
463 2342 634 2370 nequaquam
651 2343 680 2362 se
695 2334 831 2361 facturum
846 2335 997 2370 respondit.

217 2383 270 2410 nisi
285 2383 361 2417 prius
374 2382 488 2413 scisset,
503 2382 525 2408 si
539 2388 634 2408 omnes
647 2380 693 2415 qui
708 2388 770 2407 eum
789 2380 896 2408 fuerant
913 2382 1000 2408 comi~

217 2429 269 2457 tati
288 2429 415 2463 hospitiis
430 2428 646 2463 requiescerent.
656 2426 798 2462 Comperit
812 2432 903 2455 autem
919 2435 934 2454 a
946 2427 1000 2455 fra-

1050 1738 1156 1766 solebat
1179 1738 1276 1766 Petrus
1291 1739 1329 1764 ait
1347 1746 1353 1763 :
1375 1737 1461 1764 Hodie
1483 1738 1548 1772 quia
1563 1738 1626 1765 aliis
1641 1740 1781 1774 occupati
1798 1748 1851 1766 non

1051 1791 1146 1811 sumus
1158 1804 1165 1815 ,
1184 1784 1263 1811 nobis
1288 1784 1385 1812 simus.
1409 1783 1442 1809 Et
1466 1791 1517 1818 ego
1533 1783 1644 1818 quidem
1661 1785 1748 1812 vobis
1761 1805 1769 1817 .
1790 1793 1848 1820 qu

1050 1829 1123 1864 apud
1153 1829 1306 1857 Caesaream
1343 1832 1404 1864 post
1436 1829 1591 1863 digressum
1617 1834 1749 1857 vestrum
1779 1838 1849 1866 gesta

1051 1879 1126 1906 sunt,
1141 1875 1293 1907 enarrabo;
1310 1883 1359 1902 vos
1374 1878 1466 1902 autem
1481 1875 1547 1902 mibi
1562 1883 1624 1910 qua:
1639 1875 1687 1902 hic
1704 1885 1719 1903 a
1737 1875 1851 1903 Simone

1051 1925 1208 1956 perpetrata
1224 1924 1299 1953 sunt,
1319 1920 1449 1948 indicate.
1467 1920 1500 1948 Et
1514 1928 1577 1947 cum
1592 1921 1628 1948 de
1642 1922 1691 1949 his
1708 1923 1749 1950 ab
1766 1924 1846 1950 alter-

1051 1972 1115 1994 utro
1129 1975 1221 1995 sermo
1235 1967 1372 1998 ederetur,
1389 1967 1566 1994 illucescente
1580 1967 1627 1995 die
1640 1968 1770 2003 ingressi
1793 1971 1848 2004 qni-

1051 2015 1113 2042 dam
1134 2014 1168 2042 de
1191 2014 1372 2041 familiaribus
1396 2014 1522 2041 nuntiant
1541 2013 1640 2045 Petro,
1658 2015 1738 2049 quod
1757 2016 1846 2042 Simon

1051 2061 1097 2088 ubi
1106 2068 1168 2088 eum
1183 2060 1326 2087 didicisset
1346 2060 1512 2094 ingressum,
1523 2068 1571 2095 per
1581 2065 1697 2088 noctem
1710 2062 1847 2097 profectus

1051 2110 1125 2134 esset
1150 2105 1257 2141 Syriam
1282 2106 1408 2133 tendens.
1431 2105 1530 2133 'l‘urbm
1547 2109 1640 2134 autem
1664 2106 1744 2134 diem
1772 2108 1845 2137 hanc,

1051 2152 1196 2188 inquiunt,
1225 2159 1307 2187 qatam
1329 2152 1521 2187 interposuisti
1547 2152 1607 2182 eis.
1636 2152 1788 2181 desiderio
1814 2154 1844 2179 tui

1052 2199 1242 2234 longissimum
1266 2197 1318 2225 sibi
1341 2206 1403 2225 esse
1419 2203 1527 2233 tempus
1541 2198 1708 2232 opinantur,
1734 2200 1846 2235 denique

1053 2252 1107 2272 non
1124 2243 1242 2272 ferentes
1267 2247 1341 2271 stant
1366 2247 1430 2271 ante
1448 2243 1561 2278 januam
1572 2264 1580 2275 ,
1594 2244 1670 2272 inter
1687 2253 1719 2272 se
1735 2245 1846 2273 invicem

1052 2291 1086 2318 de
1099 2290 1142 2317 his
1156 2297 1217 2325 qum
1243 2290 1339 2317 audire
1352 2290 1468 2325 cupiunt
1480 2290 1655 2318 conferentes
1665 2310 1674 2322 .
1692 2295 1723 2318 et
1742 2296 1772 2320 te
1793 2298 1847 2318 ante

1053 2336 1217 2372 prazlinitum
1233 2340 1342 2372 tempus
1359 2337 1524 2364 omnimodis
1541 2344 1571 2364 se
1584 2337 1699 2365 visuros
1726 2342 1845 2373 sperant.

1051 2388 1212 2419 quantoque
1235 2383 1324 2418 magis
1335 2382 1394 2410 dies
1408 2382 1534 2410 clarescit
1549 2383 1749 2411 multitudines
1770 2384 1841 2411 colli-

1053 2433 1172 2464 guntur,
1189 2433 1218 2457 et
1232 2429 1377 2456 auditums
1402 2436 1432 2457 se
1454 2436 1609 2457 sermonem
1633 2432 1737 2463 tuum,
1759 2431 1845 2458 uestio

865 2514 1048 2543 COTELEKll
1067 2515 1183 2544 ΝΟΤᾸΕ.

254 2598 311 2634 (99)
332 2596 395 2634 ipse
407 2603 541 2634 verorum
553 2595 658 2634 (eguisset
673 2595 701 2622 in
715 2593 879 2634 mari:_V'itle
893 2595 1009 2634 omnino

219 2633 248 2662 S.
258 2629 455 2668 Epiphaniam.
469 2631 563 2668 haeresi
578 2632 623 2663 50,
636 2638 710 2668 num.
723 2630 752 2668 g,
770 2630 813 2662 15,
828 2629 873 2659 Si,
888 2635 915 2657 et
929 2630 963 2656 ab
973 2638 1006 2657 eo

218 2666 351 2699 monitus,
367 2667 520 2694 Ebionitiea
536 2667 593 2693 haec
614 2669 641 2693 et
667 2666 768 2693 similia
789 2673 850 2699 qua).
870 2673 924 2692 non
943 2673 1007 2692 raro

217 2706 368 2732 occurrunt
391 2703 420 2729 in
435 2701 676 2736 ltecognitionibus.
695 2700 814 2735 Epitome
836 2704 865 2736 et
887 2699 1007 2727 Clemen-

218 2740 293 2770 tinis.
308 2742 388 2766 caute
402 2738 494 2772 legito.
505 2734 585 2764 'Alias
599 2737 689 2772 lavare
697 2743 813 2772 manus,
831 2734 943 2772 faciem,
963 2743 1006 2772 os.

218 2775 313 2810 pedes.
338 2770 560 2810 totum’gorpus,
583 2770 795 2810 certisdiebus.
812 2774 862 2810 aut
880 2770 1006 2810 singulis,

220 2804 267 2835 aut
283 2808 383 2843 saepius
398 2808 425 2833 in
441 2804 508 2837 die,’
521 2805 693 2843 aodeﬁnitis
720 2805 805 2837 horis,
836 2804 1005 2843 idqueipost

221 2841 360 2875 solanum,
382 2845 445 2878 past
470 2841 656 2874 concubitum,
678 2843 740 2869 ante
767 2844 793 2868 et
816 2845 878 2875 post
901 2841 1002 2874 cibum.

1058 2599 1121 2623 ante
1142 2603 1248 2631 preces,
1266 2599 1328 2623 ante
1342 2595 1593 2623 reconciliationem
1619 2595 1649 2623 in
1668 2597 1842 2631 ptenitentia.

1057 2636 1120 2658 ante
1135 2630 1315 2665 sumptionem
1331 2630 1510 2658 Eueharistiae
1527 2640 1534 2657 :
1561 2631 1629 2662 hazc,
1647 2630 1778 2666 iniquam.
1793 2640 1844 2657 mn-

1057 2666 1113 2697 nia.
1133 2666 1167 2694 ad
1183 2666 1397 2693 consuetudines
1415 2666 1543 2701 ritusque
1558 2666 1682 2701 gentium
1705 2671 1734 2694 et
1757 2667 1842 2693 iit-de-

1057 2701 1160 2728 siarum
1177 2701 1351 2736 pertinentia.
1364 2700 1592 2736 quemadmodum
1603 2705 1704 2728 notum
1716 2706 1762 2728 est
1772 2704 1842 2729 satis.

1078 2735 1190 2777 ietateni
1207 2744 1261 2763 non
1283 2736 1394 2777 laedunt,
1417 2736 1472 2763 imo
1487 2735 1618 2770 adjuvare
1634 2741 1767 2777 possunt,
1783 2738 1804 2764 si
1815 2736 1842 2777 :._d

1094 2779 1159 2798 num
1174 2771 1255 2798 ﬁnem
1275 2771 1438 2806 dirigantur.
1456 2778 1507 2798 nec
1525 2771 1721 2805 superstitiose
1737 2779 1772 2799 ac
1793 2771 1840 2798 ντὶ-

1057 2807 1096 2834 uti
1117 2806 1150 2834 ad
1165 2806 1282 2834 salutem
1297 2806 1452 2834 necessaria
1463 2810 1640 2842 usurpentur.
