1892 3105
55 117 113 147 1517

604 115 886 143 RECOGNITIONUM
905 114 969 144 LIB.
990 117 1036 146 IV.

1599 122 1667 151 1518

53 174 115 201 unde
128 177 325 208 pmumentes
340 172 495 200 certissime
509 171 660 200 conﬁdunt.
670 171 749 199 Nunc
763 179 828 207 ergo
842 174 866 202 Α
878 176 903 199 et
922 172 1107 206 prudentibus,
1120 178 1145 201 ιι
1165 169 1296 200 revelaui
1306 180 1336 200 ea
1348 174 1464 208 parvuh's
1478 175 1509 203 ".
1522 175 1574 203 Per
1594 177 1667 212 quod

52 220 115 255 quod
128 220 176 246 tibi
191 219 311 251 videtur,
326 219 392 254 juhe
407 223 437 246 ut
450 219 575 246 dicamus
596 219 654 252 eis;
677 218 828 245 absurdum

51 273 157 300 namque
177 270 220 293 est
246 270 351 293 tantam
382 265 587 292 multitudinem
613 264 775 292 convenisse
802 267 829 291 et

49 310 178 338 discedere
202 317 267 337 cum
292 311 446 342 maestitia,
468 310 568 345 quippe
591 310 614 337 si
636 317 766 345 responsa
788 309 830 337 eis

48 356 114 384 nulla
140 355 303 383 reddantur.
325 355 384 383 Non
405 356 480 383 enim
498 355 659 390 cogitabunt
682 355 754 390 quod
774 355 828 390 ipsi

47 403 169 430 statutum
190 409 246 428 non
263 401 487 436 exspectaverunt
501 400 573 428 diem
585 420 593 432 ,
610 400 658 428 sed
678 402 751 436 quod
770 407 786 426 a
801 403 828 428 te

47 449 124 483 magis
138 449 286 475 videantur
300 455 362 475 esse
379 446 539 481 contempti.

76 494 116 521 IV.
137 493 206 520 Tum
228 493 330 520 Petrus
346 493 486 520 admirans
506 492 561 519 ait:
576 491 681 520 Videtis
692 513 699 525 ,
715 492 825 526 fratres,

44 540 169 574 quomodo
194 539 389 574 unusquisque
411 545 501 566 sermo
525 537 634 565 Domini
668 539 826 574 prophetico

43 586 123 613 dictus
138 586 282 620 impletur.
298 585 409 612 Memini
424 585 499 612 enim
510 584 615 612 dixisse
630 593 691 612 eum
707 595 713 612 ε
728 585 823 613 Messi;

42 631 135 666 quidem
159 632 266 663 multa,
281 632 396 666 operarii
418 636 505 658 autem
527 633 615 666 pauci.
643 631 743 667 Rogato
762 641 824 668 ergo

42 678 164 703 dominum
191 679 302 708 messis,
337 681 365 703 ut
391 677 480 711 ejiciat
506 678 640 711 operarios
662 678 688 704 in
714 686 824 705 messem

41 723 146 750 suam”.
164 722 235 750 Ecce
247 730 314 758 ergo
328 731 402 749 nunc
422 731 484 757 quae
498 723 524 749 in
548 728 679 758 mysterio
695 724 822 757 praedicta

41 773 105 800 sunt,
121 769 318 803 adimplentur.
335 768 388 795 Sed
402 772 428 796 et
443 769 514 803 quod
531 769 617 796 dixit:
630 769 711 796 Multi
722 771 823 797 venient

40 814 66 840 ab
81 814 176 842 oriente
189 820 214 842 et
234 814 385 843 occidente.
401 823 417 841 ιι
432 816 606 848 septentrione
621 820 646 842 et
662 815 782 847 meridie,
796 820 820 842 et

39 861 173 888 rerumbent
191 861 219 887 in
242 860 345 887 sinibus
355 860 491 886 Abraham
508 865 532 887 et
554 860 633 887 Isaac
646 866 670 888 et
681 860 765 888 Iacob
777 862 817 894 ¹³;

38 905 109 931 etiam
135 905 186 932 hoc
209 906 325 940 pariter,
351 908 381 931 ut
402 904 516 937 videtis,
540 906 675 940 expletur.
703 905 819 940 Propter

39 950 101 983 quod
111 950 243 984 deprec0r
263 958 313 978 vos
330 958 480 977 conservos
491 954 518 977 et
533 951 673 985 adjutores
688 959 774 983 meos,
788 955 818 978 ut

37 994 139 1022 discatis
155 997 289 1023 attentius
302 995 466 1030 praedicandi
490 996 614 1024 ordinem
630 1003 657 1023 et
672 997 819 1024 absolutio-

38 1048 93 1066 nnrn
109 1041 182 1070 vias.
210 1046 241 1068 ut
267 1042 379 1076 possitis
401 1042 507 1070 salvare
531 1043 638 1070 animat.
656 1043 815 1077 hominum,

37 1094 88 1120 qua:
107 1087 212 1114 occulta
240 1087 287 1114 Dei
316 1088 415 1115 virtute
438 1096 518 1122 quem
541 1088 657 1116 debeant
687 1089 814 1124 diligere,

37 1132 103 1165 prius
125 1134 205 1160 etiam
230 1141 318 1168 quam
340 1133 491 1161 doceantur
517 1140 680 1169 agnoscunt.
713 1135 815 1164 Videtis

36 1178 99 1204 enim
110 1186 156 1205 eos
169 1179 250 1214 quasi
267 1179 352 1206 borios
368 1187 462 1207 servos
478 1179 635 1208 desiderare
648 1189 722 1214 eum,
734 1191 814 1217 quem

37 1222 81 1249 sibi
93 1229 203 1258 sperant
218 1225 367 1252 adventum
381 1225 426 1252 sui
440 1224 548 1252 Domini
562 1227 700 1258 nuntiare.
714 1233 742 1255 ut
753 1235 816 1262 pos-

36 1268 83 1295 sint
93 1270 258 1298 voluntatem
274 1271 338 1306 eius
349 1279 410 1298 cum
426 1271 575 1299 didicerint
596 1272 715 1307 implere.
737 1273 814 1300 Desi-

36 1313 128 1342 derium
151 1316 250 1351 ergo"
274 1317 405 1344 audiendi
427 1318 502 1344 verbi
525 1317 572 1344 Dei
597 1321 624 1344 et
647 1317 814 1346 voluntatem

36 1360 86 1392 ejus
100 1364 238 1396 qu:erendi
265 1371 297 1391 ex
315 1364 370 1391 Deo
385 1364 500 1396 habent,
527 1369 553 1392 et
573 1365 624 1392 hoc
637 1369 679 1393 est
704 1366 812 1394 initium

36 1407 89 1434 doni
113 1407 158 1436 Dei
173 1410 247 1444 quod
271 1410 400 1445 gentibus
414 1411 504 1442 datur,
522 1414 552 1438 ut
569 1412 676 1446 possint
695 1420 742 1447 per
761 1412 813 1441 hoc

36 1451 175 1481 doctrinam
190 1455 314 1488 recipere
328 1455 467 1484 veritatis.

880 218 975 253 utique
989 218 1154 250 declaratur,
1174 220 1237 254 quia
1254 217 1428 246 Hebraeorum
1443 221 1557 255 populus
1572 222 1616 256 qui
1631 230 1664 249 ex

879 262 938 298 lege
961 263 1084 291 eruditus
1104 268 1146 291 est
1159 283 1166 296 ,
1191 264 1325 299 ignoravit
1343 272 1419 296 eum.
1439 266 1556 300 populus
1572 271 1662 294 autem

878 309 998 343 gentium
1014 310 1123 344 agnovit
1139 309 1231 337 Jesum
1247 313 1274 338 et
1290 314 1448 343 veneratur,
1466 316 1577 347 propter
1591 314 1662 347 quod

877 358 905 382 et
926 355 1094 387 salvabitur,
1118 363 1172 382 non
1197 356 1284 383 solum
1308 363 1459 391 agnoscens
1484 364 1556 389 eum.
1569 359 1615 385 sed
1636 363 1664 386 et

876 400 1044 428 voluntatem
1070 400 1130 435 ejus
1157 401 1269 428 faciens.
1290 400 1375 429 Debet
1399 406 1489 430 autem
1513 403 1537 430 is
1559 404 1606 438 qui
1628 412 1664 432 ex

878 446 1005 480 gentibus
1026 450 1084 479 est,
1109 450 1136 473 et
1150 455 1181 473 ex
1200 447 1254 474 Deo
1269 447 1369 480 habet,
1391 452 1422 474 ut
1437 449 1532 483 diligat
1549 447 1642 476 Jesmn
1653 470 1663 483 ,

876 492 978 526 proprii
992 492 1091 519 habere
1106 493 1253 527 propositi,
1268 498 1297 520 ut
1307 493 1401 521 credat
1412 497 1439 521 et
1453 493 1548 529 Moysi.
1561 494 1593 521 Et
1605 503 1664 521 rur-

876 545 924 564 sus
940 537 1069 565 Hebrazus
1090 538 1137 573 qui
1158 546 1191 566 ex
1215 538 1269 566 Deo
1283 540 1380 571 habet,
1398 544 1427 567 ut
1452 540 1545 567 credat
1561 540 1663 576 Moysi,

875 583 975 611 habere
997 584 1076 611 debet
1088 588 1114 611 et
1129 593 1160 611 ex
1176 586 1317 620 proposito
1332 594 1383 613 suo
1393 606 1401 616 ,
1419 589 1449 613 ut
1468 587 1561 614 credat
1575 588 1602 614 in
1617 587 1663 614 Je-

874 636 951 660 sum,
970 634 998 656 ut
1022 631 1211 665 unusquisque
1233 639 1327 658 eorum
1351 632 1455 660 habens
1479 633 1506 660 in
1527 641 1557 661 se
1586 634 1660 661 aliud

874 673 958 700 divini
982 676 1121 707 muneris,
1145 676 1218 702 aliud
1245 677 1362 711 propriae
1387 677 1547 711 industria‘,
1571 679 1607 706 sit
1626 687 1661 706 ex

874 723 990 754 utroque
1006 720 1154 755 perfectus.
1179 720 1217 748 De
1236 722 1282 748 tali
1301 721 1374 749 enim
1397 722 1505 750 dicebat
1529 723 1660 753 Dominus

871 767 964 791 noster
988 772 1047 791 vrro
1072 767 1155 794 divite
1171 774 1179 781 '
1207 766 1258 799 Qui
1279 766 1379 802 profert
1399 768 1432 795 de
1452 768 1584 796 thesauris
1605 772 1663 797 suis

872 818 939 837 noua
954 815 979 838 et
997 815 1083 838 vetera
1096 812 1130 840 ⁸⁸.

908 857 952 886 Vl.
973 856 1025 884 Sed
1048 859 1081 886 de
1096 858 1139 886 his
1151 858 1219 886 satis
1234 859 1353 892 dictum;
1369 863 1447 894 urget
1461 860 1534 887 enim
1548 864 1660 895 tempus

869 905 897 929 et
914 903 1006 937 populi
1022 903 1149 938 religiosa
1164 903 1273 931 devotio
1286 905 1383 931 invitat
1397 913 1464 937 nos,
1480 906 1513 932 ad
1530 906 1604 940 ipsos
1616 906 1658 933 fa-

869 955 930 975 cere
941 956 1105 977 sermonem.
1119 949 1150 976 Et
1162 957 1223 976 cum
1236 950 1293 977 haec
1302 950 1431 983 dixisset,
1441 952 1597 986 requirebat
1609 953 1659 979 ubi

867 999 1038 1028 opportunus
1046 999 1118 1022 esset
1127 995 1203 1023 locus
1213 996 1246 1023 ad
1257 996 1464 1030 disputandum.
1473 996 1505 1023 Et
1514 997 1588 1024 Maro
1598 998 1636 1024 ait
1647 1007 1658 1024 ι

868 1039 915 1066 Est
929 1040 995 1067 mihi
1008 1040 1079 1069 uades
1088 1041 1268 1076 amplissima,
1278 1050 1338 1076 quae
1351 1043 1413 1077 plus
1424 1051 1506 1077 quam
1517 1043 1652 1078 quingen-

867 1089 910 1113 tos
925 1087 1040 1121 recipiat
1055 1087 1143 1117 viros,
1160 1091 1201 1114 est
1216 1092 1243 1114 et
1258 1088 1356 1115 hortus
1370 1088 1441 1115 intra
1456 1088 1565 1116 domum
1581 1099 1589 1123 ;
1605 1094 1654 1117 aut

867 1132 889 1159 si
913 1132 939 1158 in
957 1133 1066 1166 publico
1081 1133 1173 1168 aliquo
1190 1134 1278 1168 placet
1294 1134 1368 1165 loco.
1386 1134 1437 1161 hoc
1453 1135 1539 1170 magis
1555 1143 1650 1163 omnes

866 1176 1040 1210 desiderant,
1058 1186 1138 1205 nemo
1150 1180 1222 1207 enim
1240 1183 1282 1206 est
1293 1199 1300 1209 ,
1316 1180 1362 1213 qui
1377 1188 1430 1206 non
1446 1180 1539 1214 cupiat
1553 1181 1594 1207 vel
1612 1181 1653 1208 fu-

864 1224 933 1250 ciem
945 1228 1019 1251 tuam
1027 1224 1119 1252 videre
1134 1228 1250 1252 tantum.
1264 1225 1296 1252 Et
1309 1224 1406 1253 Petrus
1421 1237 1426 1254 :
1441 1226 1560 1255 Ostende
1574 1228 1652 1260 mihi,

866 1269 966 1304 inquit,
991 1270 1076 1299 aedem
1094 1271 1134 1299 vel
1150 1271 1271 1300 hortum.
1293 1271 1325 1298 Et
1351 1280 1413 1299 cum
1434 1273 1547 1300 vidisset
1566 1274 1666 1306 ardent,

864 1315 1067 1351 ingrcdiebatur
1092 1320 1122 1344 ut.
1145 1321 1172 1345 et
1191 1317 1300 1345 hortum
1312 1319 1488 1353 perspiceret,
1510 1324 1537 1347 et
1559 1321 1651 1348 subito

863 1363 954 1390 omnis
967 1363 1112 1391 multitudo
1125 1364 1204 1399 quasi
1219 1364 1253 1391 ab
1273 1365 1366 1398 aliquo
1380 1370 1508 1396 evocata,
1529 1374 1590 1392 cum
1610 1368 1652 1394 fe-

863 1408 1010 1436 stinatione
1024 1409 1147 1444 ingressa
1161 1415 1204 1437 est
1216 1410 1338 1442 domum,
1356 1414 1438 1446 atque
1459 1411 1521 1438 inde
1536 1412 1568 1438 ad
1584 1412 1650 1438 hor-

863 1457 920 1481 tum
934 1456 1060 1490 prornpit
1070 1475 1078 1487 ,
1095 1455 1140 1483 ubi
1154 1455 1210 1490 jam
1224 1456 1314 1483 stabat
1329 1456 1427 1485 Petrus
1438 1476 1445 1488 ,
1463 1457 1644 1486 considerans

65 1497 92 1525 ι’.
111 1498 155 1526 Sic
167 1501 241 1528 enim
257 1505 283 1528 et
301 1500 477 1528 Hebraeorum
500 1501 600 1536 populo
613 1509 647 1529 ex
669 1501 749 1529 initio
763 1502 811 1529 da-
824 1503 846 1533 c
862 1500 924 1535 quis
937 1505 1010 1528 esset
1025 1505 1106 1536 aptus
1121 1501 1154 1528 ad
1169 1501 1365 1536 disputandum
1382 1502 1469 1530 locus.

36 1547 85 1569 tum
103 1549 158 1576 est,
177 1550 207 1573 ut
224 1545 371 1580 diligerent
385 1546 497 1582 Moysen
519 1550 546 1574 et
568 1546 711 1574 crederent
727 1547 811 1575 verbo

36 1587 92 1620 ejus.
103 1588 188 1624 [Unde
201 1596 230 1619 et
245 1591 376 1626 scriptum
390 1595 433 1619 est
449 1601 455 1619 :
470 1591 588 1620 Credidit
598 1593 710 1627 populus
718 1593 771 1620 Deo
785 1598 811 1620 et

36 1633 110 1669 Moysi
124 1636 225 1671 famqu
240 1637 298 1673 ejus
314 1638 346 1666 ¹¹.
359 1637 368 1674 ]
383 1637 461 1671 Quod
476 1646 547 1674 ergo
562 1638 611 1665 fuit
626 1639 731 1674 proprii
748 1647 809 1666 mu-

36 1681 97 1708 neris
117 1689 132 1709 a
155 1682 211 1711 Deo
231 1691 296 1719 erga
320 1683 496 1712 Hebraeorum
518 1688 644 1719 gentem,
664 1685 716 1712 hoc
735 1692 809 1712 nunc

36 1726 144 1756 videmus
158 1729 220 1757 dari
235 1730 317 1758 etiam
334 1730 380 1758 his
396 1730 444 1765 qui
458 1738 492 1758 ex
508 1731 638 1765 gentibus
653 1737 810 1758 convocan-

36 1775 73 1797 tur
86 1773 115 1800 ad
131 1774 221 1803 ﬁdem.
243 1775 361 1810 Operum
379 1783 445 1804 vero
465 1776 536 1803 ratio
550 1776 677 1811 potestati
691 1781 719 1804 et
735 1775 809 1804 arbi-

36 1816 77 1843 trio
91 1819 305 1856 uniuscujusque
324 1822 503 1856 permittitur,
520 1826 547 1849 et
563 1822 616 1849 hoc
631 1822 750 1857 ipsorum
765 1826 809 1850 est

36 1864 158 1897 proprium
171 1886 179 1897 ,
207 1866 393 1902 [desiderium
420 1875 486 1895 vero
506 1867 607 1896 habere
628 1876 691 1904 erga
712 1868 808 1896 docto—

36 1913 81 1933 rem
95 1911 243 1947 veritatis,}
262 1912 314 1940 hoc
338 1920 353 1940 a
373 1912 454 1940 Patre
479 1914 585 1941 catlesti
604 1914 734 1942 donatum
752 1919 806 1943 est.

36 1949 78 1979 Sed
92 1955 162 1983 salus
173 1957 201 1984 in
215 1965 248 1986 eo
256 1963 298 1986 est
314 1963 344 1986 ut
358 1960 526 1987 voluntatem
542 1960 618 1995 ejus.
636 1961 715 1996 cujus
730 1969 806 1989 arno-

36 2002 80 2023 rem
100 2003 125 2026 et
143 2001 308 2030 desiderium
329 2003 386 2030 Deo
407 2003 541 2039 largiente
565 2004 741 2039 conceperis,
765 2004 806 2031 ia-

36 2041 95 2076 :ias;
111 2053 142 2073 ne
155 2048 264 2075 dicatur
278 2048 313 2076 ad
329 2052 356 2076 te
373 2049 419 2077 ille
433 2056 524 2077 sermo
537 2049 597 2083 eius
612 2058 693 2084 quem
715 2051 782 2078 dixit
796 2061 802 2078 :

36 2084 90 2117 Quid
107 2097 192 2119 autem
210 2092 299 2121 dicitis
313 2094 378 2122 mihi
389 2102 399 2121 .'
415 2094 540 2127 Domine,
559 2094 684 2127 Domine,
700 2100 724 2122 et
751 2104 805 2123 non

36 2130 108 2162 ’acitis
122 2145 178 2171 quae
194 2138 253 2166 dico
268 2140 289 2155 ”
304 2139 397 2176 (100)?
421 2139 469 2167 Est
481 2148 546 2176 ergo
563 2141 665 2176 proprii
681 2143 801 2170 muneris

36 2184 41 2202 ι
55 2176 103 2207 Deo
116 2184 237 2212 concessi
265 2173 385 2213 Hebraeis
395 2205 402 2216 .
422 2190 451 2213 ιιι
467 2173 553 2222 Movsi
563 2173 698 2220 credant,
713 2187 802 2222 genti-
816 2173 838 2201 θ

36 2228 73 2249 ius
86 2229 169 2255 autem
183 2248 192 2262 ,
207 2233 237 2256 ut
251 2228 344 2257 Jesum
359 2230 487 2265 diligant.
501 2230 558 2257 Hoc
572 2231 644 2258 enim
662 2231 801 2258 indicabat

36 2269 50 2291 st
63 2267 191 2306 Magister,
206 2275 253 2302 ubi
268 2275 306 2302 ait
319 2283 326 2301 :
342 2275 492 2310 Conﬁtebor
506 2276 564 2308 tibi,
580 2275 675 2308 Pater,
686 2276 797 2303 Domine

36 2314 77 2340 ’ωιὶ
93 2322 116 2344 et
136 2324 211 2348 terra
224 2321 274 2356 (1),
288 2322 351 2357 quia
369 2322 509 2349 occultasti
524 2322 579 2349 haec
597 2330 613 2348 a
636 2322 798 2357 sapientibus

55 2405 73 2420 "
87 2405 175 2438 Matth.
192 2418 236 2442 ix,
254 2408 298 2443 37,
314 2410 359 2438 58.
398 2411 420 2427 "
431 2410 499 2439 Luc.
513 2417 562 2437 xm
574 2430 581 2441 ,
596 2409 647 2443 29;
658 2408 815 2441 Mutilum,
831 2410 873 2436 il.

36 2438 98 2468 inon
110 2438 235 2480 leguntur,
246 2446 274 2473 in
288 2438 369 2474 codd.
383 2445 472 2481 Lipss.
493 2438 496 2439 ν
513 2446 534 2461 ¹⁵
547 2438 632 2472 Eirod.
642 2438 706 2477 'xtv,
720 2445 765 2472 5i.
805 2438 826 2460 ίθ

896 1545 951 1572 νιι.
975 1545 1011 1573 Ut
1025 1550 1116 1574 autem
1137 1546 1205 1573 vidit
1226 1547 1322 1574 turbas
1344 1548 1418 1574 velut
1436 1548 1555 1583 ingentis
1574 1548 1650 1576 ﬂuvii

861 1590 1011 1619 inundasse
1025 1592 1113 1619 lenem
1130 1596 1269 1624 meatum,
1285 1593 1437 1621 ascendens
1454 1601 1538 1629 supra
1561 1595 1649 1623 basim

859 1637 1023 1672 quamdam,
1041 1645 1101 1672 qum
1118 1638 1188 1665 forte
1200 1638 1279 1672 juxta
1296 1639 1366 1667 horti
1381 1640 1512 1674 parietem
1538 1641 1646 1674 stabat,

859 1683 948 1718 primo
964 1684 1105 1718 religionis
1124 1692 1199 1711 more
1217 1685 1346 1720 populum
1366 1686 1505 1714 salutavit.
1527 1687 1644 1720 Quidam

859 1733 949 1756 autem
962 1738 993 1756 ex
1009 1730 1103 1764 bisqui
1114 1730 1239 1762 aderant,
1254 1735 1279 1757 et
1289 1731 1375 1758 multo
1390 1736 1535 1767 lemporca
1545 1733 1648 1760 daemo-

859 1776 939 1804 nibus
951 1775 1058 1803 l'nerant
1076 1775 1191 1811 fatigati,
1203 1776 1229 1803 in
1239 1779 1311 1804 terra
1327 1782 1461 1812 proruunt
1473 1778 1648 1806 obsecranti-

857 1821 910 1848 bus
921 1820 1065 1856 spiritibns
1077 1821 1234 1852 immundis,
1243 1825 1273 1848 ut
1283 1822 1323 1849 vel
1337 1830 1392 1849 uno
1404 1822 1447 1850 die
1456 1823 1648 1858 indulgeretur

857 1865 896 1893 eis
912 1865 939 1892 in
954 1865 1075 1892 obsessis
1090 1864 1252 1899 corporibus
1268 1873 1427 1900 permanere
1441 1874 1449 1898 ;
1464 1874 1533 1901 quos
1546 1866 1644 1896 Petrus

857 1911 1003 1946 increpans
1016 1910 1099 1945 jussit
1114 1910 1263 1938 abscedere
1273 1930 1280 1942 ,
1296 1914 1323 1938 et
1339 1911 1398 1938 sine
1413 1919 1488 1938 mora
1505 1911 1644 1940 discesse-

856 1961 930 1985 runt.
946 1956 1010 1984 Post
1027 1956 1077 1984 hos
1092 1956 1138 1983 alii
1153 1956 1242 1991 longis
1260 1955 1351 1983 alﬂicti
1368 1957 1548 1992 languoribus
1563 1965 1643 1993 roga-

856 2004 922 2031 bant
937 2002 1047 2030 Petrum
1058 2022 1064 2033 ,
1083 2005 1111 2029 ut
1126 2001 1281 2037 reciperent
1294 2002 1439 2030 sanitatem
1450 2023 1458 2035 ,
1474 2010 1523 2038 pro
1538 2003 1644 2038 quibus

855 2057 886 2077 se
910 2048 1126 2083 supplicaturum
1153 2046 1266 2074 Domino
1291 2047 1444 2082 pollicetur,
1469 2055 1532 2074 cum
1556 2049 1645 2083 prius,

854 2092 1080 2122 sermodoctrinae
1088 2091 1185 2119 fuisset
1200 2091 1336 2126 expletus.
1353 2091 1405 2119 Sed
1420 2091 1512 2119 statim
1530 2096 1560 2119 ut
1573 2099 1642 2127 pro-

854 2140 944 2171 misit,
959 2137 1138 2173 languoribus
1153 2137 1266 2165 resoluti
1282 2141 1360 2168 sunt,
1374 2137 1492 2172 etjussit
1503 2145 1552 2166 eos
1563 2145 1640 2166 seor<

853 2185 904 2214 sim
923 2184 1043 2212 residere
1065 2191 1126 2210 cum
1154 2183 1211 2214 his,
1236 2183 1283 2218 qui
1308 2191 1323 2209 a
1345 2183 1516 2211 dmmonibus
1531 2183 1653 2211 fuerant

852 2229 956 2258 curati.
981 2227 1059 2262 quasi
1085 2230 1146 2261 post
1175 2227 1277 2254 laboris
1304 2227 1503 2262 fatigationem.
1531 2228 1638 2256 interea

851 2273 915 2300 dum
942 2273 999 2299 haec
1024 2275 1150 2307 aguntur,
1178 2271 1294 2305 plurima
1320 2271 1467 2299 multitudo
1489 2273 1639 2305 convenit,

851 2327 920 2354 quos
935 2326 988 2345 non
1006 2318 1094 2345 solum
1110 2317 1278 2344 desiderium
1304 2316 1395 2351 Petri,
1418 2318 1465 2346 sed
1486 2324 1513 2346 et
1533 2319 1638 2346 sanita-

913 2409 934 2424 ι’
951 2407 1185 2443 Desiderittntrergo
1199 2411 1227 2434 et
1241 2415 1306 2443 sqq-
1321 2406 1458 2443 usquead
1476 2407 1555 2435 tinem
1571 2415 1632 2443 «ap.

838 2444 906 2471 Luc.
923 2452 960 2475 vr,
979 2443 1022 2470 46.
1064 2443 1084 2458 "
1100 2442 1195 2470 Matth.
1210 2450 1249 2474 ιι,
1267 2442 1312 2470 Ξ5.
1366 2443 1387 2458 ⁸⁸
1398 2442 1493 2471 Matth.
1511 2451 1570 2475 xm,
1586 2442 1631 2471 εἰ.

659 2534 842 2563 COTELERII
858 2533 974 2562 NOTAE.

56 2601 121 2638 (l00)
141 2605 209 2638 Quid
223 2610 309 2633 autem
337 2605 424 2633 dicitis
448 2606 532 2640 mihi,
571 2605 697 2638 Domine,
732 2609 786 2632 etc.

37 2641 93 2677 mea:
108 2647 142 2677 vi,
204 2651 210 2668 :
227 2641 259 2667 Τί
269 2641 298 2677 δέ
308 2642 469 2677 μενκαλεῖτε,
483 2642 579 2677 Κύριε,
591 2641 686 2677 Κύριε,
699 2641 746 2677 και
756 2641 787 2666 οὐ

36 2673 112 2710 {Wire
130 2675 147 2702 ἃ
166 2676 254 2710 λέγω;
279 2673 350 2709 Quid
376 2673 468 2703 autent
480 2673 579 2703 voratis
598 2673 655 2702 me:
666 2676 785 2708 Domine,

36 2702 133 2743 ?omine,
153 2716 177 2737 et
186 2702 254 2746 imi
266 2702 355 2745 [Scitis
374 2702 512 2746 quando
520 2702 595 2740 {seu
612 2718 645 2738 ex
660 2711 713 2738 alia
724 2702 787 2746 ver;

39 2747 90 2786 Igne
100 2746 167 2780 apud
182 2745 330 2773 Caesarium
350 2745 546 2786 Arelatensem,
559 2745 659 2786 ἰιριιιίΙἔ
681 2746 710 2786 ιιι
731 2745 786 2786 get

40 2773 164 2816 arearum
178 2789 246 2816 quas
261 2788 334 2808 cura?
348 2773 399 2809 viri
420 2773 565 2809 clarissimi
583 2773 712 2816 Stephani
732 2780 785 2807 Ba-

36 2811 78 2848 ugii
89 2811 210 2851 debemus
225 2825 231 2843 :
249 2816 319 2849 Quid
330 2816 436 2851 prodest
453 2816 522 2851 quod
537 2811 719 2851 dicitis-mihi,
734 2816 785 2842 Do-

36 2851 91 2874 mne.
103 2848 216 2883 Domine,
238 2848 267 2878 et
277 2848 335 2878 non'
350 2852 438 2879 facitis
452 2848 509 2880 (iure
529 2852 569 2880 vel
585 2860 616 2879 ea
629 2859 687 2883 quw
702 2850 782 2878 dico?

840 2605 868 2632 S.
883 2605 1064 2638 Augustinus,
1079 2612 1162 2633 serm.
1179 2605 1225 2636 53,
1258 2605 1295 2632 ιιι
1314 2605 1412 2633 sanctis
1429 2612 1438 2631 :
1459 2604 1534 2631 Illud
1553 2605 1629 2632 valde

839 2639 983 2667 timendum
997 2646 1045 2670 est.
1057 2640 1126 2675 quod
1140 2641 1234 2666 iterum
1245 2640 1373 2667 Dominus
1384 2640 1447 2666 dicit
1463 2647 1472 2666 :
1487 2639 1558 2672 Quid
1569 2647 1628 2673 pro-

837 2676 894 2702 dest
910 2675 978 2708 quod
993 2675 1081 2702 dicitis
1097 2683 1106 2702 :
1121 2675 1243 2708 Domine,
1263 2675 1386 2706 Domine,
1409 2679 1434 2701 et
1457 2682 1509 2700 non
1534 2675 1624 2708 facitis

837 2719 895 2746 qua:
905 2710 963 2738 dico
978 2710 1066 2746 vobis?

873 2746 912 2780 (i)
932 2746 1022 2777 Pater,
1042 2745 1153 2772 Domine
1171 2745 1228 2772 caeli
1247 2749 1273 2772 et
1287 2742 1538 2780 terrw._Ca_ndeler.
1554 2751 1622 2780 ρει..

839 2777 949 2808 Domine
967 2781 1058 2814 Pater,
1073 2788 1127 2816 quo
1145 2780 1226 2808 modo
1241 2781 1343 2808 matur
1363 2778 1400 2806 ab
1420 2778 1534 2810 Hilario,
1558 2777 1617 2809 ﬂia-

837 2824 962 2849 ronvmo,
978 2816 1047 2844 aliis,
