1892 3105
227 141 297 170 1519

671 141 698 169 8.
721 137 918 169 CLISIIERTIS
935 141 944 167 I
965 138 1047 170 ROM.
1069 141 1169 170 PONT.
1192 138 1307 169 OPEIIA
1328 140 1440 168 DUDIA.

1789 140 1850 167 f7)!

227 203 285 227 tum
295 220 303 232 ,
314 205 375 233 quae
388 201 550 232 perpetratae
561 197 669 225 fuerant
679 219 687 230 ,
701 198 771 226 fama
784 202 965 233 pertraxerat.
979 199 1012 225 At
1027 202 1048 230 Α
1064 199 1167 227 divina.
1183 199 1215 226 Et
1232 199 1267 226 ita
1284 199 1384 225 factum
1397 201 1454 229 est,
1471 198 1501 224 ut
1514 197 1619 223 cultum
1636 195 1685 224 Dei
1707 203 1791 231 quem
1810 205 1852 231 pro

226 243 326 272 Petrus
339 251 421 270 manu
436 243 579 277 quiescere
594 244 724 278 populum
739 243 841 271 docens
852 263 860 275 ,
875 247 903 270 et
919 243 1015 271 turbas

229 289 258 317 in
285 288 485 324 tranquiliitate
512 295 680 324 camponens
697 290 729 321 ‘°,
757 289 810 316 hoc
839 289 921 316 modo
950 289 1015 316 fecit

228 335 371 363 exordium
378 344 385 362 ε

266 380 334 408 VIII.
354 380 496 415 lncipienti
512 380 546 407 de
561 387 627 406 vero
642 380 689 407 Dei
707 380 783 407 cultu
799 379 890 407 facere
905 388 1014 407 sermo-

229 434 291 454 nem
309 426 496 453 necessarium
523 426 589 452 mihi
613 426 730 459 videtur,
753 434 802 453 eos
823 427 870 460 qui
894 426 1015 453 nondum

229 473 262 500 de
278 473 329 499 hoc
342 472 444 507 aliquid
461 472 583 499 scicntia:
599 471 742 498 consecuti
758 477 839 502 sant,
857 472 945 506 primo
961 479 1018 499 om—

229 522 304 547 nium
322 520 440 550 docere,
461 526 511 553 per
531 519 623 545 omnia
648 519 839 553 inculpabilem
863 519 1016 553 ponendam

229 574 292 594 esse
307 565 428 593 divinam
440 565 642 591 Providentiam
655 584 662 596 ,
682 573 729 599 per
745 572 827 599 quam
845 565 963 591 mundus
979 573 1018 592 res

230 613 305 647 gitur
321 615 347 639 et
363 611 542 646 gubernatur.
562 610 639 637 llunc
654 614 744 637 autem
761 611 839 637 nobis
857 610 963 637 exordii
983 611 1019 636 ti-

229 657 317 683 tulum
333 656 407 682 dedit
422 656 564 690 praesentis
579 657 670 690 operis
685 655 756 682 ratio
766 676 773 687 ,
791 660 818 682 et
835 664 930 683 eorum
948 663 1018 690 quos

231 701 278 730 Dei
294 703 382 728 virtus
397 702 504 728 sanavit
524 701 651 733 occasio,
675 705 704 727 ut
724 701 921 734 ostendamus,
945 702 1017 736 quod

229 752 305 775 recta
324 748 429 775 ratione
459 748 653 783 quampluiimi
677 756 691 774 a
712 748 829 775 diversis
849 748 1019 775 daemonibus

231 794 400 824 obtinentur,
417 799 447 820 ut
463 802 511 828 per
526 794 576 820 hoc
592 798 723 829 appareat
735 793 842 828 justitia
859 793 916 821 Dei.
941 794 1020 821 Inre-

231 841 323 867 nietur
345 840 417 866 enim
442 840 565 866 omnium
591 848 660 874 pi-nc
685 840 822 866 malorum
848 844 936 866 mater
958 847 1019 866 esse.

232 885 397 920 ignorantia.
414 884 466 911 Sed
479 886 536 920 jam
552 886 692 912 veniamus
707 886 740 912 ad
755 893 877 912 causam.

268 931 313 958 IX.
335 930 406 957 Deus
422 938 483 957 cum
501 931 610 958 fecisset
626 931 763 957 hominem
781 932 814 956 ad
833 931 976 965 imaginem
993 934 1019 958 et

232 976 440 1004 similitudinem
458 984 534 1003 suam
548 996 554 1006 ,
572 977 647 1011 operi
663 983 713 1003 suo
729 976 866 1010 spiramen
882 975 1019 1010 quoddam

232 1027 260 1049 (ιι
275 1023 385 1049 odorem
401 1030 457 1049 sua:
471 1022 622 1049 divinitatis
639 1022 772 1053 inseruit,
788 1025 817 1048 ut
831 1029 879 1056 per
891 1022 941 1048 hoc
959 1030 1021 1056 par—

233 1069 331 1103 ticipes
358 1068 420 1094 facti
447 1068 577 1094 mortales
596 1067 733 1101 L‘nigeniti
757 1068 834 1101 ejus,
862 1075 909 1102 per
931 1068 1019 1101 ipsum

233 1115 315 1143 etiam
331 1115 413 1141 amici
428 1113 474 1140 Dei
492 1118 519 1140 et
535 1113 581 1140 ﬁlii
597 1113 754 1147 adoptionis
766 1114 933 1145 existerent;
950 1112 1021 1139 unde

233 1166 259 1187 et
275 1168 328 1194 qua
342 1160 384 1186 via
398 1160 424 1186 id
442 1159 548 1194 possint
565 1158 679 1192 adipisci
694 1178 702 1188 .
719 1158 777 1192 ipse
790 1166 837 1185 eos
851 1163 880 1184 ut
891 1157 1021 1192 propheta

233 1214 316 1233 verus
326 1205 450 1237 edocuit,
463 1205 552 1232 sciens
565 1204 664 1239 quibus
677 1205 784 1231 actibus
798 1204 938 1230 hominum
948 1203 1022 1230 deles

234 1256 357 1279 ctaretur
367 1251 458 1278 Pater.
476 1251 653 1285 Unusitaque
667 1251 737 1285 apud
756 1251 881 1277 homines
896 1254 962 1277 tunc
976 1249 1022 1276 Dei

234 1299 326 1326 cultus
335 1303 390 1324 erat
398 1318 404 1329 ,
416 1305 492 1324 mens
500 1305 566 1332 pura
574 1301 600 1323 et
613 1297 727 1331 spiritus
742 1297 929 1330 incorruptus.
944 1295 975 1322 Et
987 1296 1023 1323 ob

235 1345 287 1372 huc
297 1344 386 1371 omnis
397 1348 521 1370 creatura
534 1343 653 1369 lntmano
665 1343 757 1377 generi
769 1342 858 1369 fmdns
868 1342 1024 1370 inviolabile

235 1391 428 1418 conservabat.
458 1389 499 1416 0b
531 1389 713 1416 reverentiam
742 1396 860 1423 namque
885 1388 1024 1415 Creatoris

237 1437 311 1464 milia
327 1436 461 1470 aegritudo
487 1435 514 1461 in
535 1442 603 1466 eos,
631 1435 735 1461 nullum
758 1435 854 1461 vitium
883 1435 1022 1468 corporis.

237 1481 313 1508 italia
328 1481 452 1508 ciborum
471 1480 611 1506 dominata
627 1480 770 1514 corruptio
784 1484 842 1511 est,
859 1487 892 1507 ex
907 1487 962 1514 quo
978 1480 1024 1507 lie-

237 1527 299 1559 bat,
324 1531 354 1554 ut
377 1526 452 1554 mille
476 1534 611 1553 annorum
635 1531 701 1553 actas
723 1526 751 1553 i-n
771 1525 946 1560 fragilitatem
970 1534 1024 1553 non

237 1572 370 1600 incideret
384 1573 544 1600 senectutis.

275 1618 307 1646 Χ.
330 1618 383 1645 Sed
407 1618 453 1645 ubi
476 1619 532 1644 vita
551 1618 653 1644 laboris
669 1625 768 1653 expers
783 1617 916 1644 bonorum
933 1625 1027 1652 perse-

235 1665 388 1692 verantiam
405 1672 458 1691 non
475 1664 579 1699 putavit
593 1664 686 1691 divina
702 1664 856 1699 largitione,
871 1663 919 1691 sed
935 1670 1025 1691 rerum

239 1711 310 1739 forte
326 1718 507 1743 concessam,
524 1715 551 1738 et
567 1711 627 1738 sine
642 1711 698 1737 ullo
715 1709 927 1738 sudore'divime
940 1717 1027 1736 amm-

237 1756 335 1784 nitatis
350 1755 458 1783 deliciis
475 1755 597 1790 perfrui,
611 1760 717 1783 naturas
729 1756 851 1782 debitum
867 1759 894 1783 et
909 1763 962 1782 non
978 1756 1026 1783 Dei

238 1802 371 1830 bOnitatis
398 1809 499 1829 munus
527 1802 642 1837 accepit.
669 1801 699 1828 In
720 1802 875 1829 contrarias
898 1810 947 1837 per
970 1803 1027 1830 haec

239 1847 365 1875 homines
381 1852 407 1875 et
426 1847 524 1882 impias
547 1848 729 1882 cogitationes
751 1848 807 1874 otio
830 1848 945 1875 docente
966 1856 1028 1883 per-

238 1894 370 1925 veniunt,
387 1898 513 1928 putantes
527 1893 640 1920 deorum
657 1893 708 1920 sibi
726 1893 809 1920 vitam
826 1893 911 1920 nullis
926 1894 1028 1920 labori-

239 1940 292 1967 bus
317 1940 455 1974 nullisque
482 1939 588 1966 mcritis
610 1943 714 1966 natam.
738 1938 808 1965 Hinc
832 1939 978 1973 proﬁciunt
1000 1939 1028 1966 in

240 1987 379 2018 deterius,
396 1990 425 2012 ut
439 1993 529 2021 neque
550 1985 720 2020 providentia
746 1985 794 2013 Dei
817 1985 950 2012 mundum
972 1986 1029 2020 regi

240 2033 400 2063 crederent,
417 2039 506 2066 neque
526 2032 676 2058 virtutibus
697 2039 760 2058 esse
780 2031 897 2066 aliquem
919 2031 1027 2063 locum,

235 2077 463 2113 quandoquidem
478 2078 640 2111 semetipsos
653 2078 755 2103 srircnt
766 2077 849 2104 nullis
862 2077 938 2111 prius
951 2078 1030 2105 bonis

241 2124 372 2158 operibus
387 2123 536 2158 assignans
550 2123 598 2150 otii
614 2130 646 2149 ae
662 2122 822 2149 deliciarum
839 2130 974 2150 summam
989 2126 1029 2150 te-

222 2198 226 2202 _
242 2179 323 2202 nere,
340 2175 367 2197 et
383 2170 488 2197 amicos
503 2169 551 2197 Dei
565 2170 669 2204 absque
685 2169 752 2196 ullis
767 2169 908 2196 laboribus
922 2170 1028 2198 haberi.

1039 1557 1062 1586 C

1066 245 1145 272 bonis
1160 246 1355 280 neglexerant,
1372 247 1570 278 recuperarent
1587 251 1638 277 pro
1653 243 1756 273 malis,
1773 247 1800 270 et
1812 251 1851 270 eos

1066 291 1212 325 gitationel
1234 291 1261 317 in
1280 290 1364 318 Deum
1385 298 1455 324 quas
1472 293 1642 324 perverterat
1665 289 1851 324 indulgentia,

1066 338 1225 365 emendaret
1251 335 1372 364 afﬂictio}
1396 335 1442 362 Sic
1466 343 1532 370 ergo
1559 335 1654 362 divina
1682 335 1855 363 Providentia

1067 384 1119 410 hoc
1135 391 1196 410 esse
1213 383 1308 409 utilius
1322 382 1480 408 hominibus
1503 381 1616 412 videns,
1641 381 1702 408 vias
1734 381 1854 416 benigni-

1066 431 1131 457 tatis
1147 434 1174 456 ct
1190 429 1382 461 abundantiae,
1398 432 1528 462 tanquam
1544 435 1606 461 quae
1628 427 1783 456 laederent.
1800 428 1855 454 sub-

1067 476 1152 502 trahit
1167 476 1201 502 ah
1217 475 1373 502 hominibus
1387 494 1394 506 ,
1409 479 1437 501 et
1452 474 1605 501 vexationis
1620 474 1675 500 iter
1689 481 1724 500 ac
1748 474 1855 500 tributae

1067 522 1152 548 tionis
1168 521 1280 548 inducit.

1104 567 1161 594 XII.
1183 567 1237 594 Sed
1266 570 1297 593 ut
1316 566 1474 594 ostenderet
1503 566 1568 601 quia
1589 566 1649 592 haec
1670 572 1724 600 pro
1748 565 1858 600 ingratis

1068 617 1224 648 agerentur,
1249 620 1334 639 unum
1357 612 1504 647 quemdam
1527 619 1562 638 ex
1586 611 1642 638 illis
1665 611 1716 646 qui
1735 611 1858 645 primitus

1069 662 1210 694 cceperant
1235 666 1297 686 esse
1321 658 1470 689 mortales,
1498 657 1571 692 quod
1596 665 1661 684 eum
1687 657 1790 692 gratia:
1813 664 1858 683 sua

1069 714 1124 732 non
1140 706 1327 732 immemorem
1343 704 1430 735 vidit,
1445 708 1473 730 et
1494 703 1560 738 quia
1585 704 1713 738 speravit
1739 704 1859 730 invocare

1069 759 1168 778 nomen
1184 749 1291 776 Domini
1309 749 1348 784 (2)
1359 769 1366 780 ,
1383 749 1416 775 ad
1433 749 1603 776 immortales
1625 749 1794 780 transtulit,
1815 757 1860 775 caa-

1071 797 1136 824 teris
1153 796 1198 831 qui
1214 796 1246 822 irr
1263 800 1369 822 tantum
1386 795 1485 830 ingrati
1501 796 1648 827 exstitere,
1674 799 1704 822 ut
1720 802 1778 822 nec
1794 795 1860 822 labo-

1071 843 1147 870 ribus
1168 846 1194 869 et
1216 841 1442 868 tribulationibus
1460 841 1603 868 emendari
1624 845 1653 868 et
1672 841 1785 876 corrigi
1806 849 1861 876 pos-

1071 888 1127 914 sint
1137 907 1144 918 .
1162 887 1326 922 gravissima
1342 890 1431 913 morte
1445 887 1594 914 damnatis.
1611 886 1721 914 Invenit
1735 890 1828 913 tamen
1840 892 1861 912 et

1071 933 1143 960 inter
1159 933 1234 968 ipsos
1247 940 1331 959 unum
1347 932 1491 967 quemdam
1506 940 1568 959 cum
1582 933 1671 959 domo
1680 939 1734 960 sua
1743 933 1861 967 justum.

1071 988 1153 1015 quem
1171 982 1338 1011 resonaret,
1358 982 1496 1013 pracepto
1520 979 1546 1004 ei
1565 978 1630 1005 dato
1661 982 1694 1005 ut
1716 978 1861 1005 fabricaret

1073 1033 1177 1057 arcam,
1195 1030 1223 1052 et
1245 1026 1273 1052 in
1287 1032 1320 1052 ea
1332 1044 1340 1056 ,
1364 1033 1425 1051 cum
1447 1024 1552 1051 diluvio
1569 1028 1671 1051 cuncta
1688 1029 1862 1052 necarentur.

1073 1072 1131 1107 ipse
1157 1080 1219 1099 cum
1245 1073 1288 1099 his
1313 1072 1414 1106 quibus
1442 1074 1609 1105 praereptum
1636 1071 1749 1102 fuerat,
1781 1078 1863 1105 posset

1072 1118 1207 1149 evadere,
1231 1125 1286 1152 quo
1307 1118 1398 1152 impiis
1421 1118 1630 1144 inundationem
1651 1124 1794 1152 aquarum
1811 1124 1863 1152 per—

1072 1164 1172 1199 emptis
1201 1165 1420 1199 puriﬁcationem
1448 1163 1569 1191 mundus
1599 1164 1768 1198 acciperet,
1794 1168 1823 1191 et
1846 1165 1863 1190 is

1073 1210 1120 1244 qui
1136 1210 1170 1237 ad
1186 1211 1373 1245 posteritatem
1397 1210 1504 1246 generis
1520 1209 1611 1237 fuerat
1627 1214 1811 1241 reservatus,
1827 1219 1864 1245 per

1074 1261 1173 1290 aquam
1188 1256 1306 1283 mundus
1320 1256 1444 1287 ell‘eetus,
1459 1257 1590 1282 mundum
1607 1255 1705 1282 denuo
1719 1262 1862 1290 repararet.

1110 1301 1180 1329 XIII.
1200 1301 1254 1329 Sed
1270 1303 1311 1329 his
1326 1303 1454 1330 omnibus
1469 1303 1554 1337 gestis
1574 1309 1674 1329 rursus
1695 1303 1823 1332 homines
1837 1303 1863 1327 ad

1075 1348 1243 1382 impietatem
1260 1353 1416 1380 vertuntur,
1433 1353 1460 1376 et
1475 1352 1587 1384 propter
1602 1348 1656 1375 hoc
1677 1356 1693 1374 a
1716 1348 1778 1375 Deo
1797 1349 1854 1383 poni

1075 1397 1122 1421 tur
1137 1395 1179 1422 lex
1194 1403 1254 1430 qure
1270 1395 1379 1422 vivendi
1394 1395 1505 1422 modum
1522 1395 1654 1427 doceret;
1673 1395 1724 1422 sed
1742 1401 1864 1429 processu

1075 1442 1208 1477 temporis
1218 1461 1225 1473 ,
1242 1441 1290 1469 Dei
1306 1441 1416 1476 quidem
1430 1442 1523 1468 cultus
1537 1446 1565 1468 et
1576 1441 1688 1475 justitia
1704 1441 1743 1467 ab
1760 1441 1866 1468 inﬁdeli-

1076 1487 1128 1515 bus
1141 1492 1168 1514 et
1185 1487 1276 1522 impiis
1293 1486 1491 1522 corrumpitur,
1507 1486 1580 1514 sicut
1598 1486 1686 1521 paulo
1709 1490 1777 1520 post
1798 1493 1865 1520 aper-

1078 1535 1135 1563 tius
1151 1533 1339 1561 ostendemus.
1355 1532 1496 1560 Perversae
1512 1536 1602 1559 autem
1620 1536 1647 1558 et
1664 1531 1799 1558 erratica:
1813 1531 1867 1557 reli-

1078 1581 1173 1616 giones
1187 1577 1412 1609 introducantur,
1428 1577 1530 1611 quibus
1546 1583 1576 1603 se
1592 1576 1716 1610 plurima
1741 1583 1807 1610 pars
1827 1576 1867 1600 bo»

1077 1626 1182 1653 minum
1198 1632 1246 1659 per
1265 1623 1439 1650 occasionem
1463 1621 1594 1650 feriarum
1616 1625 1645 1649 et
1665 1622 1866 1649 solemnitatun

1081 1671 1230 1701 dederunt,
1253 1673 1336 1704 potus
1358 1668 1544 1695 instaurantes
1563 1671 1591 1695 et
1612 1667 1758 1698 convivia.
1783 1667 1867 1694 tibias-

1078 1725 1131 1752 que
1162 1724 1194 1743 ac
1210 1715 1317 1743 fistulas
1333 1718 1359 1741 et
1372 1714 1494 1741 citharas
1509 1720 1541 1739 ac
1555 1712 1668 1740 diversa
1690 1720 1798 1748 genera
1819 1721 1868 1738 mu-

1079 1764 1200 1791 sicorum
1217 1764 1355 1789 sectantes
1366 1781 1372 1791 ,
1391 1765 1416 1786 et
1432 1759 1599 1794 semetipsos
1614 1766 1664 1793 per
1680 1758 1778 1785 omnia
1793 1762 1869 1784 ternu-

1079 1809 1170 1836 lentia:
1193 1815 1226 1834 ac
1247 1806 1363 1835 luxuriae
1386 1805 1574 1840 propitiantes.
1598 1803 1670 1830 Hinc
1687 1804 1784 1831 omnis
1799 1810 1868 1830 errw

1079 1855 1184 1889 accepit
1199 1853 1332 1888 originem
1345 1872 1352 1884 ν
1370 1852 1434 1878 hinc
1450 1851 1526 1878 lucos
1539 1854 1566 1878 et
1579 1857 1659 1882 aras,
1677 1849 1747 1877 hinc
1761 1856 1867 1877 coronas

1079 1903 1107 1927 et
1133 1898 1259 1926 victimas
1283 1901 1430 1931 reperere,
1458 1899 1485 1923 et
1510 1899 1573 1929 post
1599 1894 1774 1922 ebrietatem
1798 1902 1866 1928 quasi

1079 1943 1257 1980 Iymphaticis
1272 1941 1394 1969 motibus
1408 1940 1451 1976 agi
1465 1949 1473 1973 ;
1489 1948 1522 1967 ex
1536 1940 1590 1967 hoc
1605 1940 1663 1974 jam
1681 1943 1809 1975 potestas
1822 1939 1866 1964 dt-

1079 1989 1181 2016 moniis
1197 1988 1261 2015 data
1282 1986 1456 2022 ingrediendi
1478 1984 1674 2019 hujuscemodi
1696 1988 1824 2013 mentes.
1844 1987 1865 2008 ιλ

1080 2035 1180 2062 choros
1193 2033 1294 2060 ducere
1305 2032 1418 2060 insanos
1428 2036 1456 2059 et
1467 2030 1576 2057 Baccho
1590 2029 1686 2057 furere
1697 2029 1863 2057 viderentur;

1081 2081 1145 2108 hinc
1159 2079 1276 2106 fremere
1290 2077 1418 2105 dentibus
1427 2097 1435 2109 ,
1451 2081 1478 2104 et
1492 2076 1600 2110 mugire
1613 2075 1650 2102 de
1663 2074 1816 2109 profundis
1834 2074 1863 2098 ri-

1082 2126 1208 2154 sceribus
1225 2125 1385 2156 inventum,
1402 2123 1467 2150 hinc
1481 2121 1614 2149 terribilis
1637 2121 1736 2148 vultus
1758 2125 1788 2148 et
1806 2120 1863 2147 ferus

1081 2174 1110 2201 in
1135 2173 1293 2199 hominibus
1321 2175 1470 2205 aspectus,
1496 2173 1526 2195 ut
1551 2168 1577 2196 is
1601 2175 1686 2203 quem
1718 2167 1861 2194 temulenti-

278 2216 324 2243 XI.
345 2216 505 2243 Justissimo
519 2217 611 2250 itaque
634 2214 680 2241 Dei
700 2214 805 2248 judicio
825 2215 852 2241 in
873 2215 1029 2250 hujusmodi
1045 2228 1068 2255 ι)
1082 2219 1255 2247 subverterat
1271 2225 1303 2244 ac
1319 2217 1426 2244 dmmon
1442 2216 1641 2250 instigaverat,
1658 2214 1781 2241 numine
1793 2212 1863 2247 reple

243 2263 439 2297 cogitationum
457 2262 576 2288 vanitate
594 2259 788 2295 languentibus
798 2280 806 2292 ,
821 2261 932 2289 labores
946 2266 972 2289 et
988 2261 1030 2288 af-

242 2309 379 2335 ﬁictiones
391 2315 440 2342 pro
455 2307 575 2334 remedio
591 2307 780 2334 conferuntur.
795 2306 845 2334 Ubi
863 2315 928 2342 ergo
942 2307 1031 2335 adfuit

245 2355 322 2382 labor
345 2362 377 2380 ac
393 2353 534 2380 tribulatio
545 2373 552 2384 ,
569 2353 729 2379 deliciarum
744 2357 771 2380 et
792 2354 960 2381 amrenitatis
981 2362 1029 2381 ex-

243 2401 314 2429 clusi
331 2406 394 2428 sunt
417 2401 486 2428 loco.
510 2399 596 2426 Terra
613 2404 702 2427 autem
726 2401 811 2435 coepit
834 2401 903 2427 nihil
916 2402 956 2428 eis
970 2401 1030 2428 sine

245 2447 338 2474 labore
356 2446 524 2481 producere:
540 2450 566 2472 et
583 2451 649 2472 tunc
664 2453 800 2473 con-versae
819 2446 847 2472 in
869 2446 1030 2474 hominibus

247 2489 396 2525 cogitatio,
430 2490 564 2516 creatoris
593 2490 635 2517 sui
669 2491 809 2525 requirere
842 2497 1032 2519 eommonetur

246 2535 377 2564 auxilium
387 2555 396 2568 ,
409 2540 436 2562 et
450 2535 620 2562 orationibus
634 2543 667 2562 ac
680 2536 752 2563 votis
767 2536 892 2571 prmsidia
915 2537 1032 2565 invitare

1083 2269 1127 2292 tus
1143 2272 1157 2290 a
1173 2263 1294 2298 decepti;
1307 2267 1335 2289 et
1349 2262 1508 2289 errantibus
1522 2260 1719 2287 crederentur.

1120 2309 1188 2337 XIV.
1211 2308 1288 2337 Unde
1311 2316 1374 2335 cum
1398 2311 1453 2334 tam
1479 2307 1570 2333 multa:
1593 2306 1620 2331 in
1645 2305 1724 2331 hunc
1747 2303 1862 2331 mundum

1083 2356 1158 2383 falsze
1166 2360 1192 2383 et
1204 2355 1328 2382 erratica!
1337 2354 1483 2389 religiones
1495 2356 1589 2380 essent
1603 2351 1788 2382 introductae,
1803 2350 1862 2376 misr

1084 2409 1180 2429 sumus
1196 2408 1248 2428 nos
1271 2401 1429 2428 deterentes
1450 2400 1529 2426 vobis
1551 2403 1686 2433 tanquam
1710 2397 1778 2424 boui
1799 2404 1864 2429 ergo

1085 2449 1216 2480 tiatores,
1239 2455 1255 2474 a
1270 2447 1396 2482 patribus
1419 2446 1551 2473 traditum
1565 2449 1596 2472 et
1607 2448 1808 2472 conservatum
1821 2441 1862 2468 vrri

1084 2493 1133 2520 Dei
1155 2493 1282 2524 cultum,
1308 2492 1390 2526 cujus
1416 2491 1494 2527 quasi
1519 2490 1625 2518 semina
1649 2489 1780 2524 quaedam
1805 2487 1863 2514 γυδὲί

1086 2539 1144 2566 haec
1158 2539 1240 2567 verba
1254 2539 1438 2573 respergimus
1448 2556 1456 2570 ,
1473 2541 1500 2564 et
1516 2537 1545 2563 in
1561 2539 1657 2564 vestro
1670 2535 1782 2570 judicio
1802 2532 1864 2570 νοιιὲ

282 2603 305 2620 ¹⁹
319 2603 385 2644 Quae
400 2603 703 2644 sequuntur_v_ocabula_
713 2611 799 2644 usque
814 2604 847 2631 ad
861 2603 940 2644 IIltl‘ill
950 2613 1008 2640 cap.
1023 2605 1067 2637 56,
1079 2606 1179 2634 desunt
1191 2607 1217 2634 in
1229 2607 1308 2644 codd.
1322 2606 1427 2644 Lipss.;
1442 2606 1681 2633 cohaarenlantem
1689 2604 1863 2644 autemtan

247 2647 309 2677 cum
327 2640 371 2671 iis,
391 2646 450 2674 qua:
478 2647 538 2673 cap.
555 2638 589 2666 37
615 2639 752 2674 leguntur,
781 2638 833 2666 hoc
856 2641 937 2667 modo
953 2648 958 2665 :
984 2638 1158 2676 'wmponens,
1176 2651 1234 2669 cum
1254 2642 1346 2677 aliqua
1356 2638 1464 2669 locutus
1483 2646 1564 2674 esset,
1593 2641 1719 2675 prwctpit
1734 2645 1762 2667 II
1774 2646 1864 2674 pastus

248 2674 301 2707 die,
317 2679 370 2702 etc.

900 2751 1081 2779 COTiiLERII
1099 2752 1215 2780 NOTAE.

287 2840 325 2876 (2)
346 2840 378 2867 Et
390 2841 452 2876 quia
471 2842 586 2876 speravit
605 2841 725 2876 invocare
744 2848 837 2867 nomen
852 2839 968 2866 Domini.
987 2839 1034 2868 Vel

253 2869 569 2904 wnfuiidit'llenochum
597 2884 659 2904 cum
685 2875 791 2910 Euaso;
815 2883 862 2904 seu
880 2876 971 2910 potius
997 2876 1034 2903 illi

1088 2841 1208 2876 applicat
1216 2841 1290 2876 quod
1308 2841 1340 2868 de
1354 2841 1407 2868 hoc
1421 2841 1525 2868 dictum
1547 2844 1638 2870 fuerat
1661 2843 1758 2871 Genes.
1779 2850 1815 2870 ιτ,
1826 2840 1857 2869 ἰοὶ

1085 2876 1163 2910 juxta
1179 2875 1247 2902 t.\'x
1263 2877 1437 2912 interpretes.
