1892 3105
50 110 106 139 1521

648 109 928 140 nscocmrrouuu
948 110 1012 139 LIB.
1032 104 1084 141 IV.‘

1595 111 1664 142 I522

48 175 100 195 mus
121 166 192 202 quod
217 170 326 195 rectum
347 167 456 196 videtur
474 167 586 204 eligere.
610 167 638 196 Si
659 169 732 196 enim
755 168 824 196 reci-
837 175 863 204 Α
877 168 929 197 Ilde
941 169 1073 202 credunt,
1096 169 1200 205 absque
1226 168 1283 197 ulla
1304 169 1486 199 remoratione
1505 170 1661 200 discedunt.

48 213 120 248 piatis
132 219 191 247 quae
205 217 303 240 nostra
317 216 382 240 sunt
392 233 400 244 .
415 220 470 240 nou
482 213 571 240 solum
586 212 639 248 ipsi
653 212 827 241 incursiones

47 259 167 287 dzemonis
181 258 307 293 etlugere
319 278 326 290 ,
343 259 391 287 sed
407 262 434 286 et
448 266 481 286 ex
496 258 559 286 aliis
572 266 619 286 eas
640 258 758 294 effugere
778 265 828 293 po-

47 306 126 334 teritis
135 326 143 337 ,
167 305 253 333 simul
268 308 296 332 et
309 308 474 333 aeternorum
488 305 623 333 bonorum
637 304 750 339 praemia
765 311 828 332 con-

46 351 197 387 scquemini.
215 351 270 384 Qui
285 355 375 379 autem
389 352 604 386 contempserint
626 352 746 386 recipere
766 359 827 386 quae

45 398 166 424 dicuntur
179 404 195 423 a
211 396 312 429 nobis,
330 396 357 422 in
369 396 498 431 praesenti
513 396 623 431 quidem
639 396 695 422 vita
711 395 827 424 diversis

44 443 207 471 dtmonibus
221 447 251 471 et
265 442 459 478 aegritudinum
473 442 547 470 vitiis
562 442 752 476 subjacebunt,
765 446 827 476 post

43 497 179 516 excessum
211 493 305 516 autem
338 488 463 523 corporis
492 488 573 516 etiam
602 487 701 515 animae
730 495 826 514 eorum

43 535 237 563 cruciabuntur
254 535 283 562 in
300 538 473 570 perpetuum.
492 534 564 561 Deus
579 533 652 561 enim
666 541 720 561 non
737 533 826 561 solum

42 582 140 612 bonus.
158 580 207 609 sed
222 586 251 608 et
262 581 356 615 justus
370 584 412 608 est
425 589 432 614 ;
448 588 512 607 nam
527 580 550 607 si
566 587 674 615 semper
689 579 777 607 bonus
791 579 828 607 sit

42 633 65 655 et
80 635 218 662 nunquam
232 627 327 661 justus
337 647 344 660 ,
361 630 391 654 ut
405 626 501 654 reddat
517 626 665 661 unicuique
678 633 729 660 pro
742 624 826 661 gestis

42 673 111 705 suis,
125 673 230 700 bonum
249 673 405 700 invenietur
426 672 569 707 injustum.
593 671 727 706 Injustum
748 678 827 698 nam-

41 727 89 754 que
107 723 167 751 est,
188 719 214 747 si
237 720 278 746 ita
300 719 373 754 apud
394 726 458 747 eum
472 719 605 746 habeatur
620 718 738 753 impius,
755 717 827 746 sicut

41 769 64 793 et
79 767 148 800 pius.

71 811 127 838 XV.
147 811 236 847 igitur
252 811 391 839 daemones
401 831 409 843 ,
425 811 496 839 sicut
511 811 593 846 paulo
608 815 672 839 ante
685 810 805 839 diximus
815 829 823 842 ,

42 866 98 886 cum
117 858 317 886 occasionibus
338 859 458 893 acceptis
478 858 603 893 ingerere
624 865 654 885 se
675 860 822 892 potuerunt

41 911 83 937 per
97 903 183 930 malos
197 909 226 930 et
240 907 337 938 turpes
351 907 429 931 actus
444 903 608 938 corporibus
622 902 762 930 hominum
775 921 783 934 ,
798 901 823 930 si

41 948 122 976 multo
137 953 266 984 tempore
281 953 441 985 permanent
458 950 485 976 in
503 950 543 977 eis
562 956 610 984 per
628 948 822 984 negligentiam

41 994 173 1029 ipsorum,
189 996 257 1030 quia
273 995 371 1022 animae
387 1002 443 1023 suae
456 995 528 1030 quod
550 999 593 1023 est
614 995 681 1022 utile
702 1002 757 1022 non
779 999 824 1021 re-

40 1041 145 1075 quirunt
157 1061 165 1071 .
189 1042 351 1070 necessario
374 1045 477 1077 cogunt
491 1049 540 1069 eos
553 1041 736 1069 habitantium
752 1039 779 1067 in
794 1047 824 1068 se

41 1087 187 1115 daemonum
202 1089 239 1116 de
254 1088 362 1123 reliquo
377 1087 468 1116 facere
482 1088 649 1115 voluntates.
673 1085 751 1120 Quod
773 1093 823 1113 au-

40 1136 88 1160 tem
108 1138 150 1161 est
170 1134 297 1161 omnium
317 1133 455 1165 deterius,
476 1133 503 1160 in
519 1131 756 1160 consummatione
772 1139 824 1159 sas-

41 1179 103 1212 culi,
117 1187 179 1207 cum
195 1179 304 1208 daemon
323 1180 367 1207 ille
382 1179 437 1214 igni
452 1179 576 1206 tradetur
594 1181 713 1211 aeterno,
728 1184 825 1205 neces-

41 1226 107 1252 sario
120 1230 147 1253 et
162 1227 257 1253 anima
280 1234 342 1261 quae
365 1226 390 1253 ei
413 1225 520 1260 paruit,
545 1231 609 1252 cum
631 1225 691 1260 ipso
713 1224 823 1252 aeternis

41 1272 142 1307 ignibus
167 1274 351 1307 cruciabitur,
375 1280 429 1301 una
455 1279 518 1300 cum
542 1278 658 1307 corpore
677 1278 728 1300 suo
750 1271 823 1307 quod

40 1316 140 1349 polluit.

74 1359 141 1388 XVI.
162 1361 308 1390 Daemones
321 1366 410 1389 autem
423 1362 523 1390 habere
534 1361 699 1389 desiderium
713 1361 823 1389 immer-

41 1406 115 1440 gendi
131 1415 160 1436 se
177 1408 344 1444 corporibus
359 1408 500 1436 hominum
516 1407 574 1435 haec
590 1415 675 1435 causa
690 1413 741 1435 est.
762 1406 824 1442 Spi-

42 1453 106 1481 ritus
145 1459 210 1482 sunt
240 1455 374 1482 habentes
403 1454 573 1490 propositum
600 1461 763 1481 conversum
789 1453 823 1480 ad

42 1499 184 1533 malitiam;
203 1509 253 1536 per
268 1501 345 1528 cibos
361 1508 427 1536 ergo
442 1504 469 1528 et
483 1504 565 1535 potus
581 1499 775 1528 immoderatos
789 1508 821 1528 ac
833 1517 855 1546 ε

43 1544 172 1572 libidinem
187 1550 336 1581 perurgent
351 1546 475 1573 homines
490 1546 523 1573 ad
537 1548 679 1581 peccatum
693 1555 700 1579 ;
716 1552 764 1574 eos
779 1549 821 1573 ta-

42 1596 96 1617 men
119 1592 163 1626 qui
185 1592 319 1628 peccandi
344 1592 516 1627 propositum
538 1595 654 1627 gerunt,
678 1593 726 1626 qui
753 1591 818 1620 dum

42 1635 160 1664 videntur
179 1638 338 1666 necessaria
364 1642 468 1665 naturae
492 1639 561 1666 velle
585 1639 740 1674 complere,
765 1646 821 1666 non

43 1683 157 1710 tenentes
177 1684 290 1711 modum
316 1692 365 1719 per
385 1684 572 1716 nimietatem.
596 1684 766 1720 ingrediendi
792 1685 820 1712 in

44 1728 199 1764 semetipsos
214 1729 385 1757 daemonibus
408 1729 511 1757 faciunt
534 1730 635 1757 locum.
658 1729 749 1758 Donec
771 1738 805 1758 au

43 1773 90 1798 tem
105 1777 207 1802 natura:
221 1781 352 1802 mensura
368 1777 494 1801 servatur
516 1779 543 1802 et
564 1774 661 1802 modus
682 1774 820 1810 legitimus

42 1819 196 1852 custoditur.
225 1820 273 1849 Dei
295 1820 439 1848 clementia
461 1820 632 1854 ingrediendi
648 1820 677 1848 in
692 1820 817 1848 homines

43 1869 91 1889 non
105 1864 143 1892 eis
162 1866 258 1893 tribuit
280 1866 448 1894 facultatem.
470 1865 522 1893 Ubi
537 1873 603 1894 vero
624 1870 671 1893 aut
691 1874 768 1894 mens
784 1866 819 1893 ad

42 1906 196 1941 impietatem
215 1911 406 1942 declinaverit.
433 1914 480 1938 aut
499 1918 601 1946 corpus
625 1911 818 1939 immoderatis

42 1951 103 1981 cibis
120 1962 151 1982 ac
167 1956 278 1991 potibus
295 1957 500 1992 adimplebitur,
524 1961 655 1992 tanquam
676 1957 819 1986 voluntate

42 2000 66 2023 ει
86 2003 224 2035 proposito
244 2010 338 2030 eorum
362 2003 409 2038 qui
430 2010 461 2030 se
483 2004 520 2030 ita
536 2003 678 2039 negligunt
693 2004 817 2036 invitati.

43 2045 114 2076 quasi
127 2047 271 2075 adversum
287 2056 334 2076 eos
349 2048 396 2083 qui
416 2057 431 2076 a
453 2048 508 2077 Deo
523 2049 642 2084 positam
658 2050 745 2085 legem
762 2050 819 2078 sol-

42 2089 135 2124 verint,
151 2093 290 2129 accipiunt
305 2094 473 2123 facultatem.

72 2135 148 2167 XVII.
167 2139 273 2168 Videtis
292 2148 357 2176 ergo
378 2145 512 2176 quantum
534 2141 623 2169 valeat
646 2142 749 2178 agnitio
769 2141 817 2170 Dei

877 215 976 243 Anima
991 216 1064 243 enim
1087 223 1150 244 cum
1172 215 1278 243 venerit
1298 215 1332 244 ad
1354 215 1433 244 fidem
1450 216 1513 248 Dei,
1536 217 1662 246 coalestis

877 267 955 296 aqua:
970 261 1100 289 virtutem
1122 261 1313 295 consequitur,
1337 269 1385 296 per
1405 269 1487 297 quam
1511 262 1662 290 dzemonem

877 309 1007 340 tanquam
1021 306 1166 334 scintillam
1182 306 1254 341 ignis
1268 306 1434 341 exstinguat.

913 351 1006 380 XVIII.
1027 352 1074 380 Est
1089 359 1154 388 ergo
1171 352 1232 380 lldei
1256 360 1402 385 mensura,
1425 360 1487 388 quas
1507 352 1530 380 si
1554 353 1662 388 integra

878 399 932 430 sit,
948 406 981 426 ex
997 399 1104 434 integro
1119 399 1153 426 de
1168 399 1260 426 anima
1276 399 1426 427 daemonem
1442 398 1538 434 fugat;
1555 399 1579 426 si
1595 406 1661 427 vero

878 444 968 470 minus
992 443 1098 478 aliquid
1121 443 1236 476 habeat.
1259 444 1363 472 residet
1387 444 1477 471 adhuc
1499 444 1602 479 aliquid
1627 443 1662 472 de

877 490 1000 524 portione
1017 489 1150 516 dtemonis
1167 490 1194 517 in
1217 491 1342 525 portione
1362 490 1549 523 infidelitatis,
1571 494 1597 518 et
1619 493 1663 518 est

877 535 1014 570 plurimus
1036 536 1125 568 labor,
1155 541 1185 563 ut
1209 537 1345 572 intelligat
1368 537 1459 564 anima
1483 537 1592 572 quando
1615 541 1663 564 aut

876 581 1004 616 qualiter,
1028 581 1052 609 si
1075 582 1154 616 plene
1174 586 1222 610 aut
1245 584 1336 610 minus
1359 584 1437 618 plene
1452 590 1485 610 ex
1501 591 1531 611 se
1553 582 1662 618 fugatus

876 626 913 653 sit
927 626 1044 654 daemon.
1061 625 1090 654 Si
1106 627 1178 654 enim
1195 627 1221 654 in
1237 628 1329 663 aliqua
1342 634 1419 663 parte
1434 628 1583 661 resederit,
1599 636 1663 656 cum

877 675 984 707 tempus
999 672 1136 705 inveniet,
1149 673 1329 708 cogitationes
1343 674 1456 709 subjicit
1468 674 1598 703 cordibus
1612 674 1664 702 ho-

876 718 981 746 minum
994 740 1001 751 ,
1017 723 1045 746 et
1060 719 1100 746 illi
1116 720 1271 748 nescientes
1287 720 1360 748 unde
1376 721 1434 748 haec
1451 721 1576 752 veniant,
1598 729 1664 756 sug-

875 763 1045 799 gestionibus
1067 765 1217 794 daemonum
1242 766 1321 801 quasi
1341 766 1438 794 anima:
1465 774 1521 794 sua:
1535 767 1663 795 sensibus

876 809 1001 837 credunt.
1018 808 1176 846 Suggerunt
1189 818 1254 847 ergo
1270 811 1332 840 aliis
1354 812 1501 840 occasione
1523 820 1663 848 corporeae

874 856 1048 884 necessitatis
1076 857 1189 885 delicias
1218 859 1311 893 sequi,
1340 859 1456 886 aliorum
1486 859 1657 887 iracundiam

873 906 1008 929 excusant
1020 910 1069 938 per
1082 902 1276 931 abundantiam
1292 904 1381 936 fellis,
1397 905 1511 932 aliorum
1525 904 1663 932 insaniam

875 947 945 982 nigri
960 947 1031 976 fellis
1045 949 1217 976 vehementia
1239 950 1381 980 colorant.
1398 950 1446 978 sed
1467 954 1494 977 et
1517 950 1661 978 stultitiam

873 994 1054 1029 quorumdam
1066 1003 1116 1030 pro
1127 995 1301 1024 multitudine
1314 996 1476 1032 phlegmatis
1501 1000 1660 1024 extenuant.

874 1037 953 1071 Quod
977 1039 1028 1067 etsi
1052 1039 1090 1066 ita
1113 1045 1202 1072 esset,
1225 1044 1316 1068 tamen
1339 1041 1397 1069 haec
1418 1041 1527 1077 singula
1545 1041 1662 1069 molesta

873 1085 982 1121 corpori
997 1093 1059 1114 esse
1072 1093 1127 1114 non
1145 1090 1265 1121 possent,
1279 1087 1333 1115 nisi
1344 1095 1377 1115 ex
1390 1087 1513 1115 ciborum
1527 1091 1659 1123 potuum-

873 1139 926 1166 que
953 1131 1112 1164 nimietate,
1138 1133 1184 1165 qui
1213 1139 1277 1160 cum
1296 1133 1372 1167 justo
1403 1133 1522 1168 amplius
1545 1141 1661 1161 sumun-

873 1181 929 1210 tur,
945 1177 1113 1205 abundantia
1130 1186 1226 1206 eorum
1249 1186 1332 1214 quam
1352 1179 1506 1214 decoquere
1527 1180 1661 1208 naturalis

873 1231 928 1251 non
943 1223 1042 1251 sullicit
1055 1224 1141 1255 calor,
1158 1224 1297 1251 crudescit
1312 1224 1340 1251 in
1353 1232 1488 1252 venenum
1503 1224 1658 1260 quoddam,

873 1269 956 1305 idque
969 1270 1123 1298 visceribus
1137 1270 1272 1305 venisque
1288 1270 1414 1297 omnibus
1429 1270 1543 1298 sentina:
1558 1271 1584 1297 In
1600 1277 1661 1298 mo-

873 1315 939 1343 dum
955 1316 1115 1344 redundans
1127 1336 1134 1348 ,
1151 1321 1243 1343 motus
1260 1316 1385 1351 corporis
1399 1315 1513 1343 insanos
1527 1315 1617 1343 reddit
1630 1319 1660 1343 et

874 1365 980 1397 turpes.
1004 1361 1121 1397 Propter
1144 1362 1217 1397 quod
1242 1362 1270 1390 in
1295 1362 1424 1390 omnibus
1441 1366 1485 1390 est
1511 1362 1660 1390 obtinenda

874 1408 1043 1443 parcimonia
1056 1427 1064 1440 ,
1080 1411 1110 1436 ut
1125 1416 1213 1443 neque
1229 1408 1399 1436 daemonibus
1415 1408 1491 1436 Iocus
1508 1407 1596 1440 detur,
1611 1416 1660 1436 nc-

874 1462 928 1489 que
943 1455 1033 1482 anima
1047 1455 1082 1482 ab
1097 1454 1138 1482 eis
1159 1455 1273 1482 obsessa
1296 1461 1351 1481 una
1368 1461 1430 1481 cum
1450 1454 1519 1489 ipsis
1534 1453 1660 1481 tradatur

874 1500 986 1529 aeternis
1002 1500 1113 1535 ignibus
1128 1500 1286 1528 crucianda.

907 1546 980 1575 XIX.
1001 1546 1050 1574 Est
1063 1550 1090 1574 et
1105 1546 1176 1574 alius
1192 1554 1270 1574 error
1284 1546 1438 1574 daemonum
1448 1565 1457 1579 ,
1471 1553 1553 1581 quem
1569 1545 1659 1580 subji-

871 1594 949 1621 ciunt
964 1593 1092 1621 sensibus
1109 1592 1268 1625 hominum,
1291 1596 1322 1619 ut
1338 1595 1433 1627 putent
1448 1599 1478 1619 se
1494 1592 1528 1618 ab
1547 1592 1590 1619 his
1608 1591 1658 1626 qui

871 1639 1003 1667 dicuntur
1016 1638 1054 1666 dii
1069 1638 1174 1674 perpeti
1190 1645 1250 1673 qua
1263 1638 1415 1673 patiuntur,
1430 1644 1484 1672 quo
1508 1645 1557 1672 per
1578 1637 1636 1664 haec
1648 1657 1656 1668 ,

873 1685 1010 1714 sacriﬁcia
1026 1684 1170 1712 otferentes
1185 1688 1212 1711 et
1228 1691 1341 1711 munera
1353 1703 1361 1715 ,
1378 1683 1458 1718 quasi
1472 1682 1657 1718 repropitian-

870 1733 913 1757 tes
927 1736 996 1760 eos,
1024 1728 1128 1756 cultum
1156 1728 1232 1755 falsae
1256 1727 1400 1763 religionis
1425 1727 1576 1760 aﬂirment,
1605 1735 1657 1754 nos

871 1781 938 1802 vero
953 1773 1093 1809 refugiant
1109 1773 1155 1809 q'ti
1170 1780 1221 1808 pro
1233 1773 1322 1800 salute
1334 1779 1429 1800 eorum
1444 1771 1593 1806 satagimus
1603 1791 1611 1803 ,
1626 1775 1657 1798 ut

870 1819 905 1846 ab
927 1826 1020 1846 errore
1041 1819 1212 1851 liberentur;
1241 1817 1290 1846 sed
1312 1818 1383 1850 hoc,
1406 1821 1435 1845 ut
1455 1817 1529 1849 dixi,
1552 1816 1657 1844 faciunt

870 1865 1030 1900 ignorantes
1045 1864 1119 1899 quod
1133 1864 1271 1892 daemones
1287 1863 1341 1891 ista
1356 1863 1409 1892 sibi
1430 1867 1596 1899 suggerant,
1621 1871 1656 1891 ne

871 1911 1023 1939 salventur.
1052 1910 1100 1938 Est
1124 1917 1189 1945 ergo
1209 1910 1238 1938 in
1260 1913 1397 1945 potestate
1420 1909 1654 1944 uniuscujusque,

869 1957 934 1992 quia
949 1957 1028 1985 liberi
1050 1956 1157 1984 arbitrii
1173 1955 1263 1984 factus
1279 1960 1322 1984 est
1344 1955 1426 1983 homo
1436 1974 1445 1988 ,
1460 1959 1552 1982 utrum
1574 1955 1655 1982 nobis

869 2004 935 2031 velit
950 2003 1045 2031 audire
1061 2003 1094 2030 ad
1107 2003 1191 2030 vitam
1202 2023 1210 2036 ,
1225 2010 1259 2030 an
1272 2001 1442 2030 daemonibus
1453 2001 1486 2028 ad
1501 2001 1654 2029 interitum.

869 2048 942 2075 Aliis
956 2048 1037 2076 etiam
1054 2047 1193 2075 daemones
1207 2048 1236 2075 in
1250 2047 1311 2074 visu
1325 2054 1372 2082 per
1385 2046 1508 2074 diversas
1523 2046 1655 2081 imagines

869 2097 1053 2130 apparentes,
1073 2093 1210 2121 interdum
1226 2093 1315 2121 minas
1337 2092 1498 2124 intendunt,
1517 2091 1654 2119 interdum

868 2140 1001 2169 sanitates
1014 2140 1283 2168 incommoditatibus
1297 2139 1472 2175 pollicentur,
1487 2143 1517 2166 ut
1530 2138 1574 2166 his
1584 2146 1655 2174 quos

41 2182 65 2205 ει
78 2181 172 2212 divinas
193 2186 334 2221 religionis
356 2187 531 2214 observantia
544 2207 551 2219 ,
569 2195 630 2223 quae
650 2195 705 2215 non
727 2188 817 2216 solum
834 2186 856 2213 D
870 2187 1012 2222 decipiunt
1026 2187 1140 2214 deorum
1156 2186 1336 2214 nihilominus
1350 2186 1385 2213 de
1400 2193 1432 2213 se
1453 2185 1576 2213 inserant
1594 2185 1650 2220 opi-

42 2224 154 2257 defendit
168 2232 310 2260 credentes
326 2233 361 2260 ab
374 2233 581 2261 incursionibus
605 2233 750 2266 daemonii,
772 2242 820 2262 ve-

42 2278 94 2299 rum
108 2279 134 2303 et
149 2277 284 2313 imperare
311 2287 360 2306 eos
385 2279 451 2307 facit
469 2279 514 2308 his
536 2280 583 2315 qui
603 2280 710 2308 caeteris
731 2280 820 2307 domi-

43 2324 142 2350 nantur.
158 2323 189 2352 Et
204 2325 266 2352 ideo
280 2326 466 2354 necessarium
479 2325 557 2354 vobis
570 2330 625 2360 est,
640 2327 688 2361 qui
702 2327 770 2354 estis
784 2334 818 2354 ex

42 2366 173 2402 gentibus,
189 2370 338 2406 confugere
352 2371 386 2398 ad
401 2371 486 2399 Deum
502 2376 528 2400 et
542 2372 690 2400 observare
714 2381 763 2401 vos
780 2373 815 2401 ab

41 2413 107 2439 omni
122 2413 292 2444 immunditia
304 2437 311 2449 ,
328 2421 358 2445 ut
378 2418 501 2453 expulsis
516 2418 686 2446 daemonibus
700 2419 746 2446 Dei
761 2419 813 2446 ha-

42 2455 128 2488 bitatio
144 2462 189 2491 ﬁat
205 2465 233 2491 in
247 2465 335 2493 vobis.
351 2466 439 2493 Simul
452 2472 480 2494 et
492 2467 663 2494 orationibus
678 2475 815 2496 commen-

41 2500 96 2532 dale
109 2515 155 2536 vos
176 2509 250 2543 Deo,
273 2514 301 2538 et
322 2511 494 2546 interpellate
515 2520 577 2540 eum
598 2513 743 2540 adversum
762 2512 814 2540 im-

43 2550 185 2582 PUdentiam
202 2556 376 2590 daemonum;
392 2558 534 2586 credentes
549 2558 622 2585 enim
640 2566 813 2594 quaecunque

42 2597 162 2645 Petieritis
171 2622 178 2634 ,
194 2603 334 2638 accipietis
346 2604 379 2632 ¹⁰.
394 2603 446 2632 Sed
457 2608 483 2632 et
496 2606 545 2640 ipsi
560 2605 697 2634 daemones
710 2611 812 2641 quanto

43 2642 146 2673 Viderint
160 2648 240 2676 [idem
254 2657 380 2678 crescere
396 2651 423 2678 in
439 2651 564 2683 homine,
580 2655 658 2679 tanto
673 2652 707 2680 ab
722 2660 755 2679 eo
768 2661 812 2680 re-

42 2684 136 2735 Γιξξξῖιιιιι
148 2693 175 2720 in
187 2702 219 2721 ea
234 2696 322 2722 solum
338 2701 414 2730 parte
429 2697 581 2725 residentes
591 2717 598 2729 ,
615 2697 642 2724 in
653 2705 706 2733 qua
721 2698 811 2726 adhuc

43 2730 131 2766 aliquid
145 2738 309 2767 inﬁdelitatis
321 2740 471 2776 resederit;
486 2741 520 2769 ab
534 2741 576 2768 his
589 2749 654 2770 vero
662 2730 716 2779 qui
730 2743 810 2779 plena

89 2823 108 2839 ’⁸
122 2825 211 2855 Matth.
227 2836 286 2861 xxI,
301 2828 346 2855 22.

128 2874 259 2907 ΡΑτκοι..
283 2876 341 2907 Gn.
367 2877 391 2909 I.

870 2233 980 2261 nionem
990 2252 998 2265 ,
1014 2236 1042 2260 et
1057 2232 1131 2268 quod
1147 2233 1202 2260 sint
1215 2233 1353 2261 damones
1368 2233 1518 2268 ignoretur.
1536 2231 1588 2259 Sed
1604 2240 1655 2260 nos

870 2288 926 2308 non
940 2281 1041 2313 latent,
1055 2280 1174 2308 scientes
1187 2280 1347 2316 mysterium
1363 2283 1514 2312 creaturae.
1531 2283 1558 2307 et
1572 2287 1654 2314 quam

870 2327 906 2354 ob
920 2334 1032 2354 causam
1048 2326 1218 2354 dazmonibus
1233 2326 1291 2354 haec
1304 2334 1385 2362 agere
1406 2325 1434 2354 in
1456 2325 1582 2361 pmsenti
1603 2333 1656 2353 saa-

870 2372 934 2400 cqu
948 2372 1132 2407 permittatur,
1149 2375 1180 2398 ut
1195 2371 1237 2399 vel
1252 2370 1445 2398 transformari
1460 2371 1501 2398 eis
1522 2369 1603 2397 liceat
1625 2369 1655 2397 in

868 2425 939 2454 quas
950 2417 1046 2445 volunt
1058 2417 1190 2453 imagines
1200 2436 1208 2449 ,
1224 2417 1268 2444 vel
1281 2423 1426 2452 suggerere
1438 2423 1536 2451 pravas
1547 2415 1654 2450 cogita-

865 2466 954 2493 tiones
964 2485 972 2496 ,
986 2465 1028 2492 vel
1042 2463 1163 2492 inserere
1178 2471 1207 2491 se
1223 2471 1270 2498 per
1284 2463 1361 2491 cibos
1374 2467 1401 2491 ct
1414 2467 1507 2498 potum
1522 2462 1574 2491 sibi
1587 2470 1655 2490 con-

865 2516 1003 2539 secratum
1022 2511 1162 2538 mentibus
1176 2510 1218 2537 vel
1235 2510 1399 2545 corporibus
1417 2517 1512 2538 eorum
1524 2530 1532 2543 ,
1549 2509 1596 2544 qui
1618 2516 1653 2536 ex

863 2566 897 2586 eo
912 2557 1097 2593 sumpserint,
1114 2557 1155 2584 vel
1170 2557 1204 2584 ad
1223 2555 1287 2584 idoli
1310 2555 1429 2590 alicujus
1450 2555 1651 2584 venerationem

866 2605 972 2634 somnia
985 2612 1055 2632 vana
1069 2603 1235 2639 conﬁngere.

901 2651 961 2680 XX.
982 2651 1014 2678 Et
1029 2655 1119 2679 tamen
1134 2652 1197 2686 quis
1212 2651 1250 2678 ita
1267 2651 1327 2678 sine
1344 2657 1428 2678 sensu
1443 2648 1590 2678 invenitur.
1604 2647 1649 2675 cui

865 2697 1025 2734 persuaderi
1043 2697 1157 2728 debeat,
1175 2701 1207 2724 ut
1222 2696 1324 2723 idolum
1341 2696 1430 2727 colat,
1447 2695 1505 2722 sive
1525 2693 1593 2721 illud
1613 2700 1648 2720 ex

864 2750 931 2771 auro
947 2744 1004 2771 sive
1018 2750 1051 2770 ex
1067 2742 1190 2778 quolibet
1205 2741 1315 2770 metallo
1329 2740 1431 2768 factum
1447 2739 1506 2768 sit?
1517 2738 1570 2766 Cui
1591 2745 1646 2765 nou

1455 2874 1494 2904 '52
