1892 3105
197 108 268 138 1525

196 169 287 205 palam
301 172 344 196 est
357 167 385 195 id
396 175 456 196 esse
471 168 539 196 illud
555 168 695 196 metallum
705 188 712 199 ,
728 167 802 203 quod
818 165 917 194 artifex
933 174 981 193 vo-

196 214 269 242 luit?
288 213 432 248 Quomodo
454 211 519 248 ergo
541 214 632 241 inesse
654 213 690 240 ibi
710 213 841 240 divinitas
862 211 982 246 putanda

197 264 259 293 est,
275 259 349 295 quod
368 259 391 286 si
408 259 544 286 uoluisset
560 258 675 291 artifex,
692 258 805 285 omnino
821 265 875 285 non
890 257 984 285 essot?

198 310 246 333 aut
266 305 403 341 quomodo
426 304 488 332 inde
507 304 598 331 futura
616 304 669 332 sibi
683 304 841 330 annuntiari
857 307 982 337 sperent,

199 351 246 379 ubi
263 359 313 379 nec
329 350 505 386 praesentium
523 349 622 385 aliquis
641 350 796 376 intellectus
812 349 873 376 est?
886 348 985 381 Quam-

202 398 245 424 vis
266 396 375 424 etiamsi
399 395 502 430 aliquid
525 395 696 426 divinarent,
718 402 773 421 non
793 395 924 420 continuo
945 393 984 420 dii

198 442 293 469 haberi
309 447 435 477 possent;
449 441 514 476 quia
527 440 600 468 aliud
614 445 656 468 est
667 440 814 471 divinatio.
828 440 900 467 aliud
913 439 984 466 divi-

199 488 282 514 nitas.
298 485 368 512 Nam
384 490 412 512 et
426 485 565 521 Pythones
582 485 705 512 divinare
721 485 859 516 videntur,
880 487 908 510 et
930 491 985 510 non

199 534 331 561 continuo
347 531 385 559 dii
402 535 484 563 sunt,
506 531 623 565 denique
647 538 663 557 a
683 529 847 557 Christianis
868 529 986 556 homini-

199 580 252 607 bus
267 579 424 614 eﬂugantur
441 578 479 613 (5)
492 587 500 611 ;
513 582 540 604 et
553 577 691 612 quomodo
707 576 779 604 Deus
800 580 858 608 est,
875 576 922 611 qui
943 575 987 602 fn-

199 629 281 660 gatur
296 625 330 652 ab
346 624 478 651 homine?
494 622 548 651 Sed
570 623 639 651 dicis
664 623 781 650 fortasse
795 632 801 650 :
825 622 892 656 quid
912 621 985 657 quod

200 671 332 699 sanitates
348 670 468 697 efficiunt
479 689 486 703 ,
502 673 530 697 et
546 670 681 705 quomodo
697 670 758 704 quis
771 673 881 696 curetur
894 673 987 696 osten-

199 716 291 743 dunt?
306 715 363 742 Hac
385 715 492 742 ratione
514 715 622 742 colendi
643 718 708 742 sunt
729 714 812 742 etiam
834 713 932 743 medici
958 718 987 741 ut

200 760 254 792 dii,
269 761 369 787 multos
384 760 456 787 enim
478 763 593 793 sanant,
616 763 643 786 ct
665 763 768 795 quanto
788 759 851 794 quis
871 759 986 794 peritior

200 806 301 838 fuerit,
318 810 395 833 tanto
412 806 505 841 plures
525 805 643 833 sanabit.

237 851 306 878 XXI.
327 851 404 878 Unde
415 855 541 884 constat,
555 851 622 878 istos
635 859 697 878 cum
711 851 767 878 sint
776 851 919 879 daamonici
930 851 986 887 spi-

200 897 274 924 ritus
286 916 294 929 ,
311 900 339 924 et
355 897 443 923 multo
458 896 542 924 citius
557 896 628 924 scire
644 897 734 932 aliqua
752 900 779 924 et
794 897 880 924 multo
894 896 985 932 perfe-

200 945 274 970 ctius
287 952 294 976 ;
309 950 364 970 non
380 944 453 970 enim
477 942 510 969 ad
532 942 691 970 discendum
713 943 841 970 tarditate
863 943 986 977 corporis

200 989 394 1025 degravantur.
410 990 442 1018 Et
457 991 519 1018 ideo
533 999 594 1026 quae
607 991 706 1018 medici
721 991 804 1025 longo
819 995 944 1025 tempore
959 993 986 1017 et

199 1035 294 1063 labore
310 1036 428 1071 plurimo
441 1041 618 1072 assequntur,
635 1037 692 1064 haec
714 1037 753 1070 illi
775 1040 904 1071 tanquam
928 1036 986 1071 spi-

199 1081 272 1109 ritus
283 1101 290 1114 ,
306 1082 410 1117 absque
426 1090 503 1110 mora
518 1083 572 1110 ulla
587 1088 614 1111 et
636 1083 739 1118 absque
761 1082 919 1110 difficultate
940 1089 988 1109 co-

201 1131 350 1162 gnoscunt.
367 1127 426 1154 Non
447 1136 512 1164 ergo
534 1129 633 1156 mirum
656 1132 717 1161 est,
743 1128 767 1156 si
797 1128 859 1163 plus
884 1128 987 1162 aliquid

199 1179 282 1208 quam
307 1172 431 1200 homines
454 1175 565 1206 sciunt;
593 1173 641 1201 sed
662 1173 714 1203 hoc
736 1173 900 1200 intuendum
926 1177 985 1206 est,

202 1218 277 1253 quod
293 1226 324 1246 ea
342 1227 402 1254 qua:
425 1220 536 1252 sciunt,
561 1227 615 1247 non
633 1220 665 1247 ad
683 1220 798 1246 salutem
815 1220 861 1247 sed
884 1220 918 1247 ad
939 1221 989 1247 de-

199 1263 353 1297 ceptionem
371 1264 514 1298 proferunt
538 1265 693 1291 animarum
708 1284 716 1295 ,
741 1270 771 1292 ut
792 1273 841 1300 per
862 1265 919 1292 haec
941 1273 989 1293 eas

203 1308 308 1335 cultum
333 1308 409 1336 falsa:
432 1310 573 1344 religionis
597 1310 738 1338 edoceant.
766 1311 820 1338 Sed
843 1310 932 1343 Deus,
955 1318 989 1338 ne

202 1357 287 1381 tanta:
301 1353 472 1390 deceptionis
485 1363 563 1383 error
580 1356 676 1383 lateret
697 1360 724 1384 et
748 1357 907 1384 errantibus
932 1357 990 1390 ipse

202 1407 287 1427 causa
300 1399 438 1428 videretur
451 1401 585 1434 existere,
597 1402 645 1437 qui
660 1406 765 1429 tantum
778 1402 818 1430 eis
832 1403 914 1430 licere
928 1410 990 1438 per-

205 1445 301 1477 misit,
319 1449 350 1472 ιιι
364 1453 412 1480 per
425 1445 627 1480 divinationes,
643 1455 692 1482 per
713 1448 873 1476 curationes
893 1452 919 1475 et
943 1456 991 1483 per

203 1490 310 1517 somnia
324 1490 449 1526 decipere
465 1491 592 1520 homines
617 1493 744 1527 possint,
761 1493 913 1521 clementia:
935 1502 991 1521 sua:

201 1535 353 1563 remedium
366 1537 484 1571 providit
493 1537 660 1570 hominibus,
674 1543 700 1565 et
712 1538 918 1566 distinctionem
930 1538 991 1566 falsi

203 1581 317 1617 verique
345 1582 418 1609 scire
446 1583 622 1618 cupientibus
651 1584 679 1611 in
712 1585 857 1620 propatulo
889 1585 990 1620 posuit.

206 1625 256 1655 Est
271 1635 337 1663 ergo
354 1629 407 1656 ista
423 1629 564 1657 distinctio
582 1630 620 1665 (ti)
636 1639 643 1658 :
661 1629 739 1663 Quod
763 1639 777 1658 a
799 1638 864 1658 vero
882 1631 936 1659 Deo
951 1631 993 1659 di-

205 1673 281 1701 (itur
295 1675 352 1703 sive
365 1683 414 1711 per
430 1676 577 1711 prophetas
587 1697 595 1710 .
611 1677 668 1704 sive
691 1685 741 1712 per
763 1678 883 1705 visiones
902 1678 994 1705 diver-

206 1727 254 1747 sas
264 1740 271 1752 ,
288 1728 396 1756 semper
410 1730 505 1750 verum
520 1727 562 1750 est
575 1732 582 1750 :
598 1723 672 1758 quod
688 1729 778 1751 autem
793 1731 808 1750 a
823 1724 993 1753 daemonibus

204 1767 372 1801 praedicitur,
389 1776 443 1796 non
464 1777 571 1804 semper
592 1777 687 1798 verum
707 1775 759 1798 est.
783 1770 831 1798 Est
851 1780 917 1807 ergo
937 1772 993 1799 evi-

205 1815 296 1842 dentis
313 1815 425 1848 indicii,
443 1825 497 1843 non
513 1825 528 1844 a
544 1825 608 1845 vero
623 1818 678 1845 Deo
696 1818 750 1845 dici
767 1826 814 1851 ea,
840 1819 868 1845 in
892 1819 993 1854 quibus

206 1861 357 1896 aliquando
372 1861 544 1888 mendacium
560 1867 617 1895 est,
641 1862 669 1889 in
694 1863 810 1890 veritate
831 1863 903 1890 enim
922 1871 994 1890 nun-

206 1914 289 1942 quam
306 1907 479 1934 mendacium
496 1911 554 1939 νει,
571 1907 597 1934 in
616 1908 657 1935 his
673 1912 764 1936 autem
783 1908 830 1944 qui
851 1910 994 1936 mentiun-

206 1956 262 1985 tur,
279 1957 370 1988 potest
396 1954 544 1989 aliquando
565 1958 593 1982 et
617 1954 741 1982 veritatis
762 1954 866 1990 aliquid
892 1955 995 1983 aduris.

207 1999 263 2026 ceri
274 2019 281 2030 ,
298 2007 346 2034 per
359 2000 434 2034 quod
449 2000 595 2028 mendacia
610 2000 785 2028 condiantur.

242 2043 325 2074 XXII.
345 2045 424 2078 Quod
444 2046 467 2073 si
489 2046 562 2074 dicat
588 2047 706 2082 aliquis:
731 2046 801 2079 Quid
824 2047 896 2074 enim
925 2055 994 2083 opus

207 2094 268 2118 erat
285 2091 339 2118 hoc
353 2091 443 2126 ipsum
455 2112 462 2124 ,
477 2096 507 2118 ut
523 2091 563 2119 eis
576 2092 780 2127 permitteretur
793 2093 834 2120 vel
848 2093 995 2128 aliquando

208 2144 304 2163 verum
321 2137 427 2169 dicere,
443 2141 471 2164 et
487 2145 535 2172 per
552 2137 603 2165 hoc
623 2141 729 2164 tantum
752 2145 872 2166 errorem
894 2145 996 2167 morta-

209 2182 283 2209 libus
298 2182 455 2215 introduci,
472 2183 565 2210 audiat
586 2183 620 2210 ad
639 2183 718 2210 haec:
742 2182 771 2210 Si
792 2184 832 2211 eis
853 2192 994 2220 nunquam

210 2229 309 2257 fuisset
322 2229 457 2256 indultum
478 2230 536 2258 veri
558 2230 662 2266 aliquid
684 2231 793 2264 dicere,
814 2232 926 2259 omnino
946 2239 997 2260 nec

210 2274 392 2311 praedicerent
406 2275 528 2310 aliquid;
543 2283 598 2302 non
617 2275 796 2310 praedicentes
818 2279 925 2309 autem,
947 2284 997 2304 nec

211 2321 285 2357 quod
313 2326 407 2349 essent
431 2322 568 2349 daemones
591 2327 837 2358 cognoscerentur.
866 2322 944 2355 Quod
973 2322 996 2350 si

212 2368 406 2403 ignorarentur
422 2375 484 2395 esse
500 2369 638 2396 daemones
654 2369 681 2396 in
698 2369 750 2396 hoc
767 2369 883 2401 mundo,
901 2369 996 2404 agonis

212 2414 302 2442 nostri
316 2417 344 2441 et
357 2413 517 2441 certaminis
532 2421 583 2442 nos
604 2421 689 2442 causa
710 2414 851 2445 latuisset,
874 2417 901 2441 et
921 2417 997 2448 pate-

212 2468 306 2488 remur
321 2460 410 2496 palam
428 2468 488 2496 quae
502 2465 634 2496 geruntur
648 2461 676 2488 in
699 2460 807 2488 occulto
826 2467 832 2486 :
851 2460 952 2495 quippe
974 2459 997 2486 si

657 109 685 137 S.
703 107 902 137 CLEMENTIS
920 106 931 134 l
946 106 1030 136 ROM.
1049 105 1150 135 PONT.
1170 105 1283 133 OPERA
1300 105 1413 134 DUBIA.

1761 106 1826 134 ιεέι

996 169 1018 196 Α
1032 165 1129 200 agendi
1154 168 1261 191 tantum
1286 164 1431 192 adversum
1455 171 1527 197 nos,
1554 168 1584 192 et
1606 164 1678 191 uibil
1698 164 1828 199 loquendi

1033 210 1149 238 facultas
1164 211 1205 238 eis
1227 218 1359 238 concessa
1382 211 1530 238 videretur.
1557 210 1640 238 Nunc
1666 215 1761 238 autem
1783 212 1827 238 ubi

1034 255 1180 289 aliquando
1204 262 1284 287 vera,
1308 255 1455 290 aliquando
1478 255 1549 283 falsa
1572 256 1721 286 dicuntur,
1748 256 1830 283 debe-

1033 308 1095 328 mus
1108 308 1270 336 agnoscere,
1285 304 1313 327 nt
1326 302 1453 335 superius
1465 301 1540 334 dixi,
1555 302 1716 329 daemonum
1731 305 1760 329 et
1776 310 1829 329 non

1035 346 1083 374 Dei
1105 354 1166 374 esse
1191 354 1337 381 responsa,
1364 347 1436 381 apud
1456 355 1538 382 quem
1559 347 1739 375 mendacium
1760 356 1831 375 nun-

1035 400 1118 428 quam
1134 397 1187 420 est.

1070 438 1164 466 XXIII.
1182 439 1260 472 Quod
1275 440 1297 467 si
1311 439 1449 467 curiosius
1463 440 1526 475 quis
1539 440 1724 475 progrediens
1737 440 1831 468 dicat:

1035 485 1106 518 Quid
1122 486 1196 513 enim
1212 493 1282 521 opus
1297 490 1357 513 erat
1372 485 1532 520 hujusmodi
1548 487 1619 513 mala
1639 495 1655 513 a
1673 487 1733 514 Deo
1750 488 1811 514 ﬁeri
1823 507 1831 518 .

1035 532 1136 566 quibus
1148 531 1181 558 ad
1197 531 1396 559 subvertendas
1408 537 1514 559 mentes
1523 533 1660 560 humanas
1667 538 1749 560 tanta
1757 538 1833 561 esset

1036 577 1174 605 intentio?
1192 577 1254 605 Hazc
1269 578 1432 614 proponenti
1456 579 1689 614 respondebimus
1705 589 1713 606 :
1738 581 1833 614 requi-

1035 624 1151 651 rendum
1173 632 1235 652 esse
1260 625 1349 659 primo
1375 625 1517 658 omnium,
1545 626 1568 652 si
1594 629 1638 652 est
1667 625 1777 660 aliquid
1806 626 1834 652 in

1037 669 1192 697 substantia
1208 671 1322 698 malum.
1338 670 1370 697 Et
1387 671 1514 706 quamvis
1530 670 1668 698 sufﬁceret
1683 671 1782 699 dicere
1799 671 1834 698 ad

1036 721 1114 746 eum,
1131 714 1195 749 quia
1210 722 1265 742 non
1280 719 1323 742 est
1342 715 1510 742 conveniens
1526 719 1557 742 nt
1572 719 1703 742 creatura
1725 715 1836 750 judioet

1032 759 1206 792 Creatorem,
1225 761 1271 788 sed
1285 761 1358 788 illius
1373 766 1414 788 est
1425 761 1550 795 judicare
1563 768 1634 795 opus
1646 761 1768 788 alienum
1784 762 1835 796 qui

1038 810 1086 832 aut
1098 806 1197 833 similis
1215 806 1324 833 artificii
1338 810 1386 833 aut
1396 806 1494 834 similis
1512 806 1642 840 potentia:
1655 811 1698 834 est
1712 815 1721 839 ;
1739 810 1835 833 tamen

1000 836 1024 866 Β
1037 858 1072 878 nc
1087 851 1296 879 circuitionibus
1311 855 1431 883 utamur,
1447 852 1573 880 absolute
1588 852 1710 879 dicimus
1725 853 1756 879 in
1770 853 1837 880 sub-

1037 897 1139 925 stantia
1154 897 1223 924 nihil
1237 904 1300 925 esse
1315 897 1390 924 mali.
1413 897 1490 929 Quod
1514 897 1538 924 si
1559 897 1597 924 ita
1621 902 1681 928 est.
1698 897 1837 925 substan-

1036 944 1136 970 tiarum
1151 943 1280 970 conditor
1295 943 1398 970 frustra
1413 943 1563 978 culpatur?

1067 989 1164 1017 XXIV.
1199 989 1254 1017 Sed
1269 997 1400 1017 occurres
1415 990 1481 1017 mihi
1498 994 1527 1017 et
1541 990 1619 1017 dices
1633 999 1641 1017 :
1661 989 1783 1017 Etiamsi
1802 998 1838 1018 ex

1037 1035 1144 1062 arbitrii
1160 1035 1284 1063 libertate
1300 1035 1327 1062 in
1343 1035 1395 1062 hoc
1408 1041 1518 1063 ventum
1534 1040 1576 1063 est
1587 1055 1595 1067 ,
1611 1036 1741 1071 nunquid
1758 1037 1838 1071 igno-

1037 1081 1116 1109 rabat
1129 1082 1175 1109 ille
1186 1082 1234 1116 qui
1246 1082 1357 1109 creabat
1371 1089 1418 1109 eos
1429 1103 1436 1115 ,
1453 1082 1526 1116 quod
1541 1082 1569 1108 in
1586 1082 1691 1109 malum
1708 1083 1838 1110 declina-

1037 1128 1093 1154 turi
1108 1131 1201 1155 essent
1216 1134 1286 1162 quos
1301 1127 1412 1154 creabat
1425 1128 1436 1154 ’ἶ
1451 1128 1578 1163 Oportuit
1592 1136 1660 1164 ergo
1676 1136 1732 1155 nec
1747 1132 1837 1156 creari

1037 1181 1085 1202 eos
1094 1193 1102 1206 ,
1115 1181 1184 1209 quos
1197 1173 1355 1202 deviaturos
1369 1174 1403 1202 ab
1415 1175 1511 1203 itinere
1523 1175 1638 1210 justitia:
1652 1175 1835 1210 prtevidebat.

1037 1222 1157 1249 Audiant
1173 1222 1206 1249 ad
1221 1223 1279 1250 haec
1292 1223 1338 1258 qui
1355 1223 1393 1250 ita
1417 1228 1592 1258 proponunt,
1610 1224 1687 1258 quod
1703 1223 1837 1258 hujusee-

1038 1267 1113 1295 modi
1129 1267 1330 1296 assertionibus
1345 1268 1412 1295 illud
1428 1268 1512 1295 voluit
1526 1268 1677 1296 ostendere
1687 1289 1694 1301 ,
1715 1277 1770 1296 cur
1783 1278 1835 1296 non

1039 1314 1143 1341 malitia
1159 1321 1255 1341 eorum
1274 1314 1321 1349 qui
1339 1314 1460 1342 nondum
1475 1317 1572 1346 erant,
1590 1314 1750 1342 bonitatem
1766 1316 1836 1342 vice-

1040 1360 1076 1387 rit
1093 1359 1243 1388 Creatoris.
1262 1359 1292 1387 Si
1308 1367 1381 1388 ennn
1399 1360 1492 1387 volens
1507 1360 1622 1395 implere
1637 1368 1791 1388 numerum
1811 1366 1837 1388 et

1040 1413 1198 1433 mensuram
1214 1406 1364 1433 creationis
1381 1414 1455 1438 suae,
1473 1406 1651 1433 extimuisset
1665 1414 1768 1434 eorum
1791 1408 1836 1442 qui

1042 1452 1126 1479 futuri
1141 1456 1220 1480 erant
1233 1453 1381 1484 malitiam,
1396 1457 1423 1480 et
1445 1453 1525 1488 quasi
1545 1453 1593 1487 qui
1620 1453 1706 1479 aliam
1731 1454 1834 1480 nullam

1004 1509 1025 1537 α
1042 1499 1164 1526 invenire
1180 1499 1251 1526 viam
1270 1499 1383 1526 remedii
1399 1506 1430 1526 ac
1446 1499 1591 1526 medicina:
1607 1500 1751 1534 potuisset
1763 1521 1769 1531 ,
1785 1501 1836 1527 nisi

1043 1544 1095 1571 hoc
1111 1544 1199 1572 solum
1215 1548 1245 1571 ut
1258 1544 1409 1571 retraheret
1425 1551 1455 1571 se
1469 1551 1483 1570 a
1499 1544 1643 1579 proposito
1656 1545 1791 1574 creandi.
1806 1554 1838 1572 ne

1043 1588 1095 1616 sibi
1113 1588 1297 1616 ascriberetur
1312 1588 1415 1614 malitia
1434 1595 1529 1615 eorum
1552 1587 1602 1623 qui
1624 1587 1713 1614 futuri
1738 1592 1837 1620 erant;

1043 1634 1109 1670 quid
1123 1634 1197 1662 aliud
1212 1642 1260 1669 per
1276 1634 1335 1661 haec
1349 1633 1504 1664 doceretur,
1528 1633 1582 1660 nisi
1607 1633 1725 1668 indigna
1749 1634 1839 1668 passio

1043 1685 1070 1708 et
1091 1680 1222 1708 indecora
1244 1679 1378 1715 fragilitas
1401 1678 1578 1712 Conditoris,
1604 1680 1653 1714 qui
1683 1679 1722 1706 ita
1754 1680 1834 1714 perti-

1043 1727 1144 1754 muerit
1159 1734 1255 1754 eorum
1273 1730 1352 1753 actus
1369 1725 1415 1760 qui
1430 1725 1554 1752 nondum
1577 1729 1676 1757 erant,
1695 1729 1726 1752 ut
1743 1732 1760 1751 ε
1775 1733 1837 1760 pro-

1043 1773 1131 1808 posita
1147 1772 1303 1799 conditione
1318 1772 1457 1798 cessaret?

1080 1817 1161 1845 XXV.
1183 1818 1236 1845 Sed
1249 1817 1292 1844 his
1305 1817 1401 1852 procul
1415 1816 1514 1843 amotis
1529 1815 1597 1842 illud
1611 1815 1708 1842 animo
1721 1818 1841 1842 cantem-

1043 1863 1161 1898 plemur.
1179 1863 1245 1897 quia
1263 1862 1335 1889 Deus
1351 1861 1540 1888 universitatis
1556 1859 1688 1887 conditor
1704 1860 1839 1886 conditio-

1044 1910 1088 1937 nis
1109 1916 1166 1937 sua:
1187 1908 1294 1936 futuras
1317 1906 1485 1934 differentias
1499 1906 1673 1941 praevidens,
1691 1905 1838 1940 unicuique

1044 1960 1178 1982 creatum
1193 1953 1343 1982 secundum
1358 1952 1484 1988 proprios
1501 1955 1609 1984 motus,
1626 1960 1701 1986 quos
1716 1960 1752 1978 ex
1769 1952 1837 1978 arbi-

1045 2001 1090 2028 trii
1107 2001 1234 2028 libertate
1249 1999 1420 2035 proferebat,
1438 1998 1579 2033 prospexit
1593 2002 1621 2025 et
1648 1998 1783 2032 praevidit
1801 1997 1839 2024 di-

1044 2054 1139 2074 versos
1151 2046 1261 2073 ordines
1275 2049 1356 2080 atque
1367 2044 1454 2071 odieia
1467 2043 1632 2075 differentia,
1641 2048 1673 2070 ut
1686 2051 1752 2070 eum
1762 2043 1836 2070 unius

1045 2095 1138 2119 essent
1159 2091 1320 2119 substantia:
1341 2097 1436 2116 omnes
1456 2089 1609 2116 secundum
1633 2094 1777 2116 creaturae
1798 2096 1836 2114 ra-

1045 2137 1165 2170 tionem,
1191 2142 1264 2164 essct
1290 2139 1382 2162 tamen
1415 2135 1562 2162 diversitas
1587 2133 1615 2160 in
1643 2135 1795 2162 ordinibus
1813 2139 1835 2161 et

1010 2178 1142 2211 Doliiciis
1163 2181 1313 2210 secundum
1338 2181 1464 2217 proprios
1489 2181 1644 2207 animorum
1670 2185 1787 2212 motus,
1809 2188 1835 2207 ex

1046 2229 1152 2257 arbitrii
1170 2228 1298 2256 libertate
1315 2227 1504 2263 proferendos.
1520 2225 1697 2253 Praevidebat
1713 2235 1782 2262 ergo
1801 2226 1836 2252 fu-

1047 2279 1122 2302 turas
1147 2274 1175 2301 in
1198 2274 1336 2301 creaturis
1356 2274 1470 2308 culpas,
1491 2276 1520 2299 et
1538 2272 1657 2306 justitia:
1681 2273 1746 2307 ejus
1775 2273 1837 2299 ratio

1047 2321 1193 2356 poscebat,
1210 2324 1239 2346 ut
1254 2319 1454 2347 emendationis
1472 2325 1556 2346 causa
1575 2319 1675 2352 culpas
1698 2326 1782 2354 ptem
1800 2326 1838 2345 se

1048 2371 1186 2402 queretur.
1210 2365 1337 2400 Oportuit
1357 2372 1423 2400 ergo
1446 2372 1507 2392 csse
1528 2368 1555 2391 et
1581 2371 1732 2398 poenarum
1760 2365 1836 2392 mini-

1049 2417 1140 2444 stros,
1157 2419 1228 2447 quos
1252 2415 1343 2438 tamen
1363 2411 1475 2438 libertas
1497 2409 1606 2437 arbitrii
1629 2411 1657 2437 in
1681 2410 1759 2438 hunc
1771 2410 1837 2438 ordi-

1049 2465 1112 2486 nem
1138 2457 1277 2490 traheret;
1303 2460 1402 2492 praater
1427 2456 1485 2483 haec
1512 2459 1603 2482 autem
1631 2460 1658 2482 et
1687 2455 1836 2483 debuerunt

867 2536 1050 2565 COTELERII
1069 2535 1186 2564 NOTIE.

251 2621 288 2650 (5i
307 2620 328 2646 Α
344 2619 504 2647 Christianis
518 2618 666 2646 hominibus
681 2619 840 2654 effugantur.
856 2617 927 2653 Lege
945 2614 998 2641 Ac-

215 2661 305 2685 torum
323 2663 379 2686 xvi,
397 2655 429 2681 16
442 2660 469 2682 et
484 2663 553 2689 seq.,
570 2655 663 2688 ibique
677 2655 848 2687 interpretes.

251 2691 289 2725 (4)
310 2689 357 2717 Est
368 2699 427 2724 ergo
441 2687 651 2725 istardistinctio,
667 2694 720 2716 etc.
738 2689 806 2725 Hinc
819 2687 998 2725 θυρίον-ορε-

215 2723 259 2752 ris
273 2723 417 2760 imperfecti
431 2726 458 2752 in
476 2724 642 2757 Matt/tantm,
662 2726 732 2752 alius
749 2732 763 2751 a
789 2723 892 2760 Joanne
912 2723 999 2760 Chry-

218 2757 438 2791 sostomo,'hum.
456 2761 499 2790 l9.
515 2760 547 2786 ad
575 2767 636 2793 cap.
666 2768 715 2791 vn,
744 2767 815 2786 vers.
837 2758 873 2784 Ἡ
896 2768 902 2785 :
930 2757 999 2792 Ergo

218 2795 371 2828 prophetarit
386 2796 411 2821 in
426 2795 529 2821 nomine
550 2794 660 2828 Christi,
681 2795 706 2820 in
725 2795 818 2828 spiritu
835 2798 920 2820 autem
942 2793 1003 2819 diu.

223 2829 285 2855 boti.
302 2830 397 2861 Quales
414 2835 473 2856 sunt
487 2830 657 2856 divinatores.
677 2829 728 2857 Sed
746 2830 784 2856 sic
796 2829 979 2856 discernuntur
994 2835 1002 2854 :

1049 2616 1172 2652 quanigm
1184 2614 1305 2642 diabolus
1322 2613 1453 2652 interdum
1467 2622 1556 2652 verum
1572 2614 1650 2652 dicit,
1664 2619 1776 2652 sanctus
1795 2622 1837 2638 aa-

1051 2648 1102 2678 tem
1123 2651 1238 2685 Spiritus
1258 2657 1390 2685 nunquam
1415 2649 1547 2676 interdum
1567 2650 1709 2676 mentitur.
1731 2648 1837 2676 Corus-

1050 2695 1109 2714 sum
1121 2684 1159 2713 est
1174 2691 1262 2713 autem
1279 2684 1386 2712 diabolo
1403 2690 1426 2711 et
1447 2684 1579 2711 interdum
1595 2685 1735 2711 veritatem
1746 2685 1835 2713 ditat.

1050 2727 1079 2748 ut
1093 2721 1256 2749 mendacium
1267 2729 1343 2748 suum
1356 2728 1419 2746 rara
1435 2720 1544 2746 veritate
1555 2719 1732 2746 commendet.
1749 2719 1779 2745 Si
1794 2727 1835 2744 n-

1052 2762 1103 2784 tem
1117 2764 1249 2790 nunquam
1265 2756 1360 2782 diceret
1368 2763 1474 2791 perum,
1487 2754 1779 2791 pedad'tcntqtionem
1792 2761 1833 2787 pa-

1050 2793 1116 2815 terat
1125 2787 1248 2822 sul/icere,
1261 2791 1302 2815 vel
1310 2788 1437 2821 proﬁcere
1446 2787 1565 2814 scductio
1575 2787 1645 2820 eius.
1657 2787 1726 2815 Vide
1736 2789 1832 2814 [tum

1050 2825 1207 2852 mandatum
1219 2823 1262 2853 10.
