1892 3105
50 151 106 180 1δῆ

623 147 906 177 RECOGNITIONUM
926 148 991 177 LIB.
1013 149 1058 178 IV.

1577 153 1646 181 1530

48 212 149 241 cuntur,
167 207 278 243 adjutis,
298 206 395 242 religio
411 206 458 234 Dei
479 213 539 241 quas
550 213 599 241 per
613 207 808 234 continentiam
822 210 844 238 Α
858 207 975 240 viribus,
991 212 1082 235 tamen
1092 207 1159 235 dicit
1171 208 1234 235 huic
1248 207 1322 240 vade,
1343 213 1368 234 et
1388 207 1470 241 radit,
1483 213 1508 236 et
1517 209 1565 236 alii
1576 210 1643 242 seni,

48 255 253 288 sobrietatemque
271 253 427 284 constabat,
443 259 584 280 rarescere
599 252 671 280 inter
683 253 807 281 homines

47 305 113 335 atque
123 299 219 326 aboleri
231 298 426 334 propemodum
443 299 534 332 coepit.

74 344 157 372 XXXI.
176 344 242 371 Nam
264 351 326 371 cum
347 352 380 371 ex
405 344 486 370 initio
507 344 641 376 homines,
662 349 756 380 utpote
767 345 809 380 ju-

45 396 104 419 stum
117 394 141 418 et
153 390 243 417 omnia
270 393 444 416 contuentem
467 389 550 417 Deum
574 391 707 423 colentes,
720 399 808 426 neque

44 443 139 472 peccare
154 436 284 463 auderent
301 443 391 470 neque
413 434 540 470 injuriam
571 435 660 464 facere
677 437 808 472 proximis

43 481 100 511 suis,
125 480 190 507 certi
213 480 286 514 quod
315 479 532 515 uniuscujusque
555 485 633 509 actus
662 485 689 509 et
717 486 807 510 motus

43 526 160 561 aspiceret
173 525 244 553 Deus
261 535 268 553 :
281 526 327 553 ubi
342 526 483 561 religionis
505 527 595 554 cultus
614 527 647 554 ad
661 528 808 556 simulacra

42 571 149 599 exanima
170 579 319 600 conversus
339 576 392 605 est,
416 576 546 608 tanquam
564 573 599 601 de
621 574 721 608 quibus
741 576 808 602 certi

41 621 129 649 essent,
143 617 214 653 quod
230 625 320 652 neque
338 618 461 646 viderent
480 627 569 654 neque
583 620 707 648 audirent
721 628 809 656 neque

41 666 200 690 moverentur
216 663 244 690 in
259 663 361 698 aliquo,
382 663 496 691 licenter
518 671 631 698 peccare
645 669 672 691 et
685 665 712 692 in
728 673 809 694 omne

41 709 132 736 facinus
149 709 276 745 progredi
299 716 415 744 coepere,
433 710 533 745 quippe
547 710 593 745 qui
610 711 677 738 nihil
697 713 750 746 pati
763 720 809 739 ve-

41 759 150 784 nerentur
162 755 195 783 ab
212 755 256 783 his
271 763 341 790 quos
361 755 486 782 colebant
503 759 533 782 ut
545 756 621 784 deos.
641 755 711 784 Hinc
723 757 809 785 bello-

40 810 92 830 rum
116 802 202 829 rabies
225 801 339 833 exarsit,
363 801 428 828 hinc
443 801 551 835 praedae,
566 802 677 836 rapinae,
694 804 808 838 captivi-

39 850 108 879 tates,
119 850 144 874 et
155 846 267 874 libertas
282 845 310 872 in
320 846 480 873 servitutem
498 846 619 879 redacta,
637 852 719 882 prout
733 849 808 884 quis-

39 900 82 927 que
100 892 182 927 potuit
217 891 327 919 libidini
349 896 377 918 et
400 892 543 926 cupiditati
573 900 631 920 suae
660 894 806 927 satisfecit,

38 938 147 972 quamvis
156 936 317 965 satisfacere
331 937 472 972 cupiditati
491 938 566 965 nulla
581 939 622 966 vis
637 940 733 974 possit.
749 941 809 968 Sic-

38 988 62 1010 ut
74 984 139 1011 enim
158 983 229 1019 ignis
244 987 347 1018 quanto
358 983 445 1018 magis
467 983 541 1019 ligna
567 986 715 1020 acceperit,
731 990 808 1014 tanto

38 1031 140 1066 amplius
164 1031 325 1058 accenditur
339 1035 367 1058 et
382 1031 534 1064 invalescit,
554 1031 591 1068 ita
605 1036 632 1060 et
649 1033 807 1068 cupiditatis

858 259 882 281 et
899 255 980 286 venit,
994 259 1019 281 ει
1034 254 1082 280 alii
1092 254 1135 288 fac
1150 255 1209 286 hoc,
1227 258 1251 281 et
1268 254 1375 288 facit",
1397 254 1448 282 hoc
1477 259 1568 283 autem
1593 264 1644 291 po-

858 303 911 326 test
926 307 979 326 non
998 299 1106 334 propria
1120 299 1230 332 virtute,
1249 300 1297 327 sed
1312 300 1428 327 Ctesaris
1440 303 1513 327 metu
1531 310 1537 327 :
1556 301 1595 328 ita
1612 301 1645 328 fi-

858 343 927 370 delis
940 344 1056 378 quisque
1069 344 1238 372 daemonibus
1265 345 1390 380 imperat,
1405 345 1514 373 etiamsi
1528 346 1646 374 videan.

859 391 905 414 tur
917 388 956 414 illi
968 389 1054 416 multo
1067 396 1130 416 esse
1142 389 1299 417 hominibus
1314 390 1450 422 fortiores,
1467 398 1522 418 non
1534 396 1646 426 propter

859 441 937 460 suam
962 434 1102 466 virtutem,
1132 435 1180 462 sed
1203 439 1314 470 propter
1337 435 1383 463 Dei
1397 437 1445 471 qui
1462 444 1510 464 eos
1527 437 1646 471 subjecit

858 483 1030 514 potestatem.
1056 480 1123 507 Nam
1138 485 1165 507 et
1181 481 1253 516 quod
1274 481 1403 514 diximus,
1417 487 1445 509 ut
1457 482 1550 510 Cmsar
1572 484 1645 518 apud

858 534 954 555 omnes
980 527 1081 555 milites
1100 531 1126 556 et
1140 528 1167 555 in
1180 528 1306 556 omnibus
1321 530 1420 558 castris
1435 535 1515 565 atque
1529 530 1557 557 in
1571 530 1646 558 omni

858 580 942 608 regno
966 574 1105 606 timeatur,
1133 581 1195 601 cum
1212 575 1248 601 sit
1262 583 1334 602 unus
1345 579 1373 602 et
1392 575 1518 603 fortassis
1530 575 1645 610 exiguus

858 619 974 652 viribus,
986 620 1096 647 nonnisi
1116 624 1250 654 potestate
1269 620 1316 648 Dei
1340 622 1439 657 agitur,
1455 622 1502 657 qui
1515 622 1642 650 timorem

858 664 904 692 dat
918 665 1045 692 omnibus
1060 668 1089 691 ut
1102 664 1149 691 uni
1161 665 1359 701 obtemperent.

893 710 1013 738 XXXIV.
1035 710 1094 739 Hoc
1106 719 1172 740 sane
1190 712 1262 740 scire
1274 719 1324 739 vos
1339 712 1467 740 volumus
1494 713 1567 748 quod
1591 712 1646 740 da:-

861 764 936 789 mon,
952 757 1006 785 nisi
1023 758 1086 793 quis
1110 758 1296 786 voluntatibus
1312 758 1372 793 ejus
1387 765 1417 786 se
1435 762 1533 793 sponte
1552 759 1647 787 subdi-

858 802 938 835 derit,
953 807 1117 838 potestatem
1141 804 1286 831 adversum
1308 804 1446 831 hominem
1474 811 1529 831 non
1551 804 1644 832 habet.

860 849 937 878 Unde
956 854 982 878 et
1002 851 1061 886 ipse
1084 851 1131 886 qui
1151 854 1194 879 est
1214 852 1341 886 princeps
1360 852 1480 884 malitiae,
1506 852 1541 880 ad
1570 853 1645 880 hunc

859 904 940 932 quem
967 896 1086 925 diximus
1106 905 1121 924 a
1139 897 1195 925 Deo
1216 898 1383 925 destinatum
1402 906 1492 934 regem
1508 899 1583 934 pacis
1596 907 1645 926 ac-

858 942 941 970 cessit
955 946 1074 975 tentans,
1096 946 1124 970 et
1138 943 1261 978 polliceri
1275 944 1300 970 ei
1307 944 1389 978 cmpit
1404 951 1512 971 omnem
1529 944 1645 980 gloriam

860 986 966 1019 mundi,
985 988 1058 1022 quod
1070 995 1132 1015 cum
1147 988 1209 1016 aliis
1219 988 1364 1016 obtulisset
1382 989 1532 1024 decipiendi
1548 997 1644 1022 causa,

858 1032 1000 1060 adoratum
1016 1040 1045 1060 se
1060 1038 1182 1061 noverat.
1198 1033 1299 1069 Impius
1310 1038 1337 1061 et
1351 1034 1493 1062 immemor
1507 1035 1560 1068 sui,
1572 1035 1645 1070 quod

37 1077 124 1108 rabies.
140 1084 187 1112 per
200 1083 234 1104 ea
253 1083 313 1112 quae
326 1076 496 1112 adipiscitur,
511 1079 617 1106 auctior
627 1083 654 1106 et
664 1079 808 1107 vehemen-
857 1081 898 1106 est
915 1078 1055 1113 proprium
1068 1082 1096 1105 et
1110 1078 1229 1113 speciale
1243 1078 1362 1110 malitiae,
1383 1079 1552 1106 adorandum
1567 1088 1595 1108 se
1610 1080 1645 1108 ab

36 1123 82 1150 tior
94 1121 214 1149 edicitur.
857 1129 890 1150 eo
911 1123 1101 1157 praesumebat,
1124 1130 1139 1149 a
1158 1130 1213 1158 quo
1241 1131 1272 1150 se
1298 1127 1411 1150 noverat
1436 1123 1643 1153 destruendum.

64 1166 162 1195 XXXII.
182 1167 300 1202 Propter
310 1166 383 1203 quod
392 1165 505 1202 incipite
513 1167 570 1202 jam
581 1168 693 1196 meliore
704 1168 808 1196 intelle-
856 1165 988 1194 Dominus
1003 1175 1068 1204 ergo
1082 1172 1175 1196 noster
1191 1168 1273 1195 unius
1288 1167 1337 1195 Dei
1349 1169 1452 1196 cultum
1465 1169 1643 1202 conﬁrmans,

36 1216 74 1239 ctu
97 1213 296 1248 vobismetipsis
318 1214 448 1242 resistere
472 1214 499 1241 in
516 1213 560 1241 his
580 1221 641 1248 quae
657 1222 713 1241 non
732 1218 807 1243 recte
856 1213 996 1248 respondit
1008 1215 1033 1242 ei
1053 1214 1208 1249 :Scriptum
1223 1220 1284 1242 est:
1300 1213 1443 1242 Dominum
1472 1215 1554 1243 Deum
1571 1221 1645 1243 tuum

36 1258 135 1292 cupitis,
148 1259 170 1286 si
183 1267 239 1294 quo
255 1259 325 1287 forte
338 1259 420 1286 modo
444 1267 573 1294 reparare
585 1260 612 1286 in
625 1260 704 1288 vobis
718 1267 751 1287 ac
763 1267 807 1289 re-
857 1259 983 1286 adorabis
1009 1264 1034 1286 et
1060 1260 1102 1287 illi
1126 1260 1177 1287 soli
1204 1261 1298 1288 servies
1311 1261 1356 1292 “:
1383 1269 1437 1296 qua
1465 1262 1645 1297 responsione

36 1304 136 1333 stituere
159 1304 272 1340 possitis
293 1305 378 1339 illam,
395 1313 456 1341 qua:
475 1313 508 1334 ex
520 1305 598 1334 initio
613 1307 774 1335 mortalibus
790 1315 806 1335 a
857 1305 1016 1339 deterritus,
1029 1311 1056 1334 et
1073 1310 1197 1334 metuens
1210 1314 1244 1334 ne
1257 1305 1340 1334 unius
1355 1310 1382 1334 et
1397 1308 1453 1335 veri
1468 1307 1515 1335 Dei
1531 1315 1644 1343 repara-

35 1350 82 1378 Deo
97 1351 191 1379 tradita
205 1355 258 1384 est,
282 1352 422 1387 religionis
439 1353 585 1387 puritatem
600 1357 627 1380 et
642 1354 806 1381 inocentiam
856 1356 934 1379 retur
958 1359 1024 1379 vera
1045 1351 1150 1388 religio,
1178 1351 1290 1380 festinat
1312 1353 1445 1381 continuo
1466 1354 1591 1381 emittere
1617 1354 1646 1381 in

34 1397 96 1430 vitae,
108 1401 136 1424 ut
154 1405 202 1433 per
224 1405 285 1425 eam
307 1398 386 1426 vobis
405 1399 486 1426 etiam
508 1406 570 1434 spes
597 1399 730 1427 bonorum
755 1399 806 1426 im-
856 1397 931 1426 hunc
951 1398 1083 1425 mundum
1109 1398 1359 1434 pseudoprophetas
1379 1403 1406 1427 et
1428 1399 1646 1435 pseudoaposto-

35 1443 177 1470 mortalium
205 1447 373 1479 reparatur;
397 1447 425 1472 et
445 1444 533 1479 agatis
558 1444 659 1479 gratias
683 1445 805 1480 largitori
856 1442 1188 1478 losfalsosque'doctores,
1204 1443 1251 1479 qui
1260 1444 1311 1471 sub
1323 1444 1433 1472 nomine
1442 1445 1551 1481 quidem
1565 1444 1647 1472 Chri-

33 1489 142 1516 omnium
159 1490 242 1524 patri,
255 1497 372 1524 pereum
387 1498 466 1525 quem
481 1490 573 1526 posuit
586 1498 675 1526 regem
687 1491 762 1525 pacis
778 1494 805 1518 et
855 1489 890 1516 sti
915 1489 1101 1524 loquerentur.
1126 1488 1258 1518 daemonis
1286 1493 1378 1518 autem
1402 1490 1524 1518 facerent
1545 1490 1644 1518 volun-

34 1534 178 1561 thesaurum
205 1535 381 1562 inell‘abilium
407 1535 554 1566 bonorum.
572 1539 602 1562 ut
624 1535 652 1562 in
676 1536 803 1570 praesenti
817 1547 839 1576 ε
855 1538 950 1562 tatem.

33 1579 130 1613 quidem
172 1584 296 1616 tempore
329 1581 469 1608 diluantur
499 1584 610 1616 peccata
638 1585 729 1608 vestra
758 1588 806 1616 per

32 1630 119 1658 aquam
146 1625 241 1657 fontis,
267 1629 314 1652 aut
337 1625 469 1657 fluminis,
486 1629 533 1652 aut
552 1626 632 1653 etiam
652 1625 746 1658 maris,
764 1626 807 1652 in-

32 1674 119 1698 vocato
135 1679 218 1706 super
232 1679 281 1699 vos
292 1671 365 1699 trino
378 1672 555 1700 beatitudinis
578 1673 698 1704 nomine,
713 1677 743 1699 ut
758 1680 807 1707 per

32 1715 76 1743 hoc
91 1725 142 1744 non
157 1718 248 1744 solum
263 1718 400 1753 fugentur,
417 1718 441 1746 si
459 1719 531 1745 intra
548 1726 597 1746 vos
613 1719 736 1746 habitant
751 1720 806 1754 spi-

32 1762 93 1789 ritus
123 1763 246 1798 maligni,
279 1772 373 1791 vernm
401 1764 483 1791 etiam
507 1771 570 1791 cum
599 1765 761 1793 destiteritis
790 1773 805 1792 a

31 1808 151 1842 peccatis,
164 1813 192 1836 et
209 1813 264 1835 tota
285 1809 336 1837 fide
355 1813 467 1845 totaque
490 1810 589 1838 mentis
615 1811 735 1846 puritate
750 1811 806 1839 Deo

31 1854 205 1887 credideritis,
221 1854 303 1881 etiam
318 1863 349 1882 ex
370 1855 431 1882 aliis
445 1863 494 1882 vos
509 1856 642 1891 malignos
656 1857 769 1892 spiritus
779 1861 806 1885 et

30 1897 157 1926 daemones
178 1899 314 1935 ell‘ugetis.
341 1903 423 1935 atque
438 1908 453 1927 a
469 1901 644 1935 passionibus
654 1907 682 1929 et
696 1902 807 1938 languo-

31 1945 99 1973 ribus
121 1947 191 1974 alios
218 1947 336 1974 liberare
360 1947 483 1981 possitis.
512 1948 564 1983 Ipsi
583 1948 655 1975 enim
670 1948 806 1977 daemones

30 1991 113 2018 sciunt
126 1996 153 2019 et
168 1997 321 2027 agnoscunt
344 2000 390 2020 eos
406 1993 453 2028 qui
469 2001 499 2020 se
515 1993 679 2021 tradiderint
694 1994 763 2028 Deo,
779 1999 806 2023 et

30 2036 158 2064 interdum
174 2039 232 2066 sola
249 2046 343 2066 eorum
357 2039 502 2073 praesentia
521 2040 719 2075 propelluntur,
734 2040 806 2068 sicut

30 2083 102 2116 paulo
125 2088 189 2111 ante
211 2084 329 2116 vidistis,
350 2085 488 2119 quomodo
513 2093 575 2112 cum
590 2093 684 2113 vocem
700 2090 805 2114 tantum

30 2129 195 2157 salutationis
222 2129 383 2158 fecissemus
400 2130 434 2157 ad
448 2138 507 2162 vos,
524 2131 655 2159 continuo
669 2132 806 2161 daemones

890 1580 999 1608 XXXV.
1019 1580 1134 1616 Propter
1144 1581 1216 1616 quod
1232 1581 1375 1610 observate
1389 1583 1507 1615 cautius,
1521 1587 1551 1610 ut
1575 1583 1644 1612 nulli

857 1626 1001 1653 doctorum
1026 1627 1155 1659 credatis,
1180 1627 1233 1654 nisi
1250 1627 1296 1662 qui
1309 1626 1404 1655 Jacobi
1426 1628 1519 1655 fratris
1534 1627 1643 1656 Domini

856 1679 890 1699 ex
905 1671 1076 1699 Hierusalem
1095 1672 1223 1700 detulerit
1247 1674 1446 1706 testimonium,
1458 1674 1500 1702 vel
1512 1674 1572 1710 ejus
1584 1675 1646 1709 qui-

856 1724 963 1752 cunque
988 1721 1051 1752 post
1077 1718 1166 1753 ipsum
1192 1717 1284 1746 fuerit.
1308 1718 1366 1746 Nisi
1390 1719 1463 1746 enim
1490 1721 1552 1755 quis
1577 1719 1643 1748 illuc

856 1762 1023 1795 ascenderit,
1044 1767 1072 1790 et
1090 1763 1127 1790 ibi
1155 1762 1238 1791 fuerit
1263 1764 1396 1799 probatus
1413 1764 1485 1799 quod
1501 1765 1536 1793 sit
1549 1765 1645 1794 doctor

855 1808 971 1835 idoneus
985 1812 1011 1835 et
1027 1807 1113 1836 ﬁdelis
1129 1808 1162 1835 ad
1177 1808 1381 1843 praedicandum
1392 1809 1495 1837 Christi
1510 1810 1642 1844 verbum;

856 1853 920 1887 nisi,
933 1853 1055 1888 inquam,
1072 1854 1134 1881 inde
1149 1853 1277 1882 detulerit
1290 1855 1487 1887 testimonium,
1507 1857 1645 1892 recipien-

856 1901 909 1928 dus
933 1900 1045 1927 omnino
1059 1907 1114 1927 non
1129 1904 1171 1927 est
1185 1909 1192 1933 ;
1207 1900 1255 1927 sed
1274 1909 1363 1937 neque
1384 1902 1529 1937 propheta,
1554 1910 1643 1937 neque

856 1946 996 1981 apostolus
1007 1946 1035 1973 in
1053 1945 1106 1973 hoc
1125 1950 1248 1981 tempore
1275 1951 1402 1982 speretur
1415 1955 1430 1975 a
1444 1948 1521 1976 vobis
1542 1948 1642 1983 aliquis

857 1990 927 2018 alius
950 1994 1048 2025 praeter
1068 1998 1129 2018 nos.
1147 1989 1223 2018 Unus
1252 1991 1323 2019 enim
1343 1996 1385 2020 est
1399 1999 1479 2020 verus
1497 1993 1640 2028 propheta,

856 2036 935 2072 cujus
960 2045 1011 2065 nos
1033 2036 1176 2064 duodecim
1201 2037 1317 2072 apostoli
1343 2038 1426 2066 verba
1449 2039 1639 2074 praedicamus.

856 2084 916 2119 lpse
934 2083 1005 2111 enim
1021 2087 1062 2111 est
1080 2090 1169 2111 annus
1194 2083 1243 2111 Dei
1268 2087 1408 2118 acceptus,
1437 2092 1488 2111 nos
1503 2085 1642 2120 apostolos

856 2130 960 2157 habens
984 2129 1128 2156 duodecim
1144 2138 1253 2158 menses
1264 2131 1297 2158 ".
1320 2129 1378 2162 Qua
1398 2133 1488 2157 autem
1504 2137 1586 2158 causa
1597 2131 1643 2158 vel

30 2178 132 2208 propter
145 2175 279 2203 honorem
295 2177 434 2211 religionis
454 2180 556 2204 nostrae
579 2178 734 2205 exclamare
749 2185 806 2206 στω-
856 2175 975 2203 mundus
1001 2176 1059 2210 ipse
1079 2175 1168 2203 factus
1196 2176 1242 2209 sit,
1254 2176 1295 2204 vel
1312 2175 1485 2204 diversitates
1503 2184 1562 2212 qua:
1576 2181 1642 2204 sunt

30 2223 130 2251 perunt,
147 2224 175 2247 et
194 2228 228 2247 ne
244 2228 341 2256 parum
365 2221 474 2256 quidem
504 2222 635 2257 temporis
658 2225 806 2257 potuerunt
820 2213 843 2241 Ῐ)
858 2221 884 2248 in
909 2228 942 2249 eo
960 2220 1119 2252 acciderint,
1140 2224 1167 2248 et
1188 2228 1237 2247 cur
1251 2220 1284 2247 ad
1301 2221 1499 2255 reparationem
1517 2221 1577 2256 ejus
1591 2229 1640 2248 vc-

30 2262 93 2291 lerre
107 2266 282 2299 praesentiam
300 2270 434 2294 nostram.

59 2310 178 2340 XXXI“.
199 2311 327 2347 Nunquid
341 2320 394 2340 nos
408 2313 521 2340 alterius
535 2320 631 2341 sumus
646 2317 751 2341 naturae
763 2321 808 2341 su-

30 2357 137 2389 perioris
162 2357 289 2392 alicujus,
315 2361 343 2386 et
372 2363 515 2394 propterea
543 2366 594 2386 nos
617 2359 754 2387 dmmones
773 2360 808 2387 ti-

30 2402 223 2430 mentlUnius
248 2403 370 2437 ejusdem
397 2404 539 2431 vobiscum
564 2408 669 2432 natura).
700 2412 806 2437 sumus,

30 2447 68 2474 scd
83 2449 214 2484 religione
230 2449 390 2477 differimus.
411 2449 490 2483 Quod
504 2454 531 2477 et
541 2450 564 2477 si
575 2458 623 2478 vos
639 2459 700 2479 esse
712 2451 804 2484 vultis,

30 2502 75 2520 non
95 2494 261 2528 invidemus,
280 2495 346 2530 quin
363 2496 454 2530 potius
466 2501 493 2524 et
503 2496 647 2523 hortamur
661 2501 806 2532 certosque

30 2547 82 2566 esse
92 2547 141 2567 vos
160 2541 223 2568 volu
237 2549 297 2573 nus,
313 2541 386 2576 quod
405 2549 468 2568 cum
484 2536 566 2569 fuerit
582 2543 609 2569 in
622 2542 699 2570 vobis
711 2543 805 2570 eadem

30 2594 81 2619 mae
95 2587 123 2613 in
139 2587 219 2615 nobis
234 2591 276 2615 est
291 2587 358 2615 fides
373 2592 401 2616 et
419 2589 514 2624 religio
532 2597 564 2616 ac
585 2589 648 2616 vita:
673 2589 806 2616 innocen-

30 2631 71 2662 tia,
98 2637 292 2660 remunerante
319 2633 374 2661 Deo
401 2633 484 2661 ﬁdem
520 2638 649 2667 vestram,
680 2634 731 2661 erit
757 2642 806 2669 par

30 2676 98 2703 vobis
110 2679 193 2711 atque
212 2676 305 2704 eadem
329 2678 412 2705 etiam
424 2681 519 2706 contra
533 2679 670 2706 daemones
686 2684 806 2713 potestas

30 2724 49 2746 2t
69 2721 170 2749 virtus.
198 2722 275 2749 Sicut
294 2723 367 2750 enim
385 2723 408 2750 is
425 2724 471 2759 qui
495 2726 631 2760 acceperit
647 2725 698 2752 sub
710 2733 738 2753 se
755 2725 807 2751 mi-

30 2766 92 2799 ;ites,
109 2766 218 2795 etiamsi
240 2767 299 2802 ipse
321 2768 444 2801 inferior,
461 2774 488 2796 et
510 2769 548 2796 illi
573 2770 729 2805 superiores
750 2770 804 2799 sint

858 2265 937 2293 niens
953 2264 1084 2292 Dominus
1099 2268 1205 2298 noster,
1232 2265 1343 2300 elegerit
1357 2273 1407 2293 nos
1419 2265 1562 2293 duodecim
1575 2273 1642 2302 apo-

858 2311 943 2339 stolos
966 2315 994 2338 et
1021 2311 1137 2344 miserit.
1164 2311 1231 2338 alias
1255 2311 1338 2338 latius
1364 2311 1564 2346 explanabitur.
1594 2311 1641 2339 ln-

858 2357 937 2384 terim
953 2357 1094 2391 nosjussit
1108 2357 1183 2384 exire
1204 2357 1237 2384 ad
1253 2357 1454 2392 praedicandum
1478 2361 1504 2384 et
1525 2357 1643 2385 invitare

857 2411 906 2431 vos
922 2404 955 2431 ad
983 2411 1090 2431 cwnam
1104 2403 1184 2438 Regis
1209 2404 1341 2437 ctelestis,
1368 2412 1449 2439 quam
1478 2405 1644 2440 pra‘paravit

856 2453 936 2480 Pater
951 2450 978 2477 in
992 2449 1095 2484 nuptiis
1103 2449 1162 2477 Filii
1184 2450 1236 2482 sui,
1251 2454 1278 2477 et
1292 2455 1322 2477 ut
1336 2450 1432 2478 demus
1455 2451 1533 2478 vobis
1561 2450 1643 2477 indu-

859 2499 950 2523 menta
966 2495 1097 2530 nuptialia
1109 2495 1141 2529 “,
1153 2496 1226 2531 quod
1242 2500 1284 2524 est
1305 2496 1391 2532 gratia
1405 2497 1546 2532 baptismi,
1559 2504 1641 2532 quam

859 2541 904 2576 qui
915 2541 998 2569 fuerit
1011 2546 1185 2573 consecutus,
1202 2545 1332 2577 tanquam
1353 2543 1544 2570 vestimentum
1559 2550 1641 2569 ιηιιη-

859 2588 934 2620 dum,
963 2596 1024 2615 cum
1044 2596 1098 2623 quo
1125 2589 1149 2615 ei
1177 2588 1382 2624 ingrediendum
1409 2592 1451 2616 est
1479 2587 1513 2615 ad
1534 2595 1640 2615 crenam

859 2634 941 2668 regis,
966 2633 1112 2661 observare
1130 2632 1219 2665 debet,
1232 2641 1266 2660 ne
1283 2637 1397 2668 peccato
1415 2632 1504 2667 aliqua
1519 2640 1552 2659 ex
1564 2636 1641 2666 parte

858 2680 1017 2712 maculetur,
1030 2682 1056 2706 ct
1069 2679 1103 2706 ob
1116 2679 1168 2706 hoc
1181 2682 1309 2714 tanquam
1326 2678 1453 2714 indignus
1467 2681 1493 2705 et
1507 2677 1641 2712 reprobus

857 2724 1009 2758 abjiciatur.
1364 2719 1370 2724 ’

893 2769 1013 2797 XXXVI.
1033 2771 1128 2798 Causa:
1151 2775 1240 2799 autem
1258 2770 1358 2806 quibus
1385 2770 1536 2797 maculetur
1563 2768 1639 2796 istud

61 2857 79 2872 "
97 2855 193 2884 Matth.
210 2865 267 2890 vni,
284 2857 310 2885 9.
349 2857 371 2873 "
383 2857 476 2886 Matth.
495 2866 532 2891 iv,
552 2858 594 2886 l0.
633 2860 655 2875 "
671 2858 738 2888 Luc.
756 2868 793 2893 iv,
809 2860 856 2889 l9.
892 2860 913 2876 “
927 2859 1023 2888 Matth.
1041 2859 1197 2894 χιιιήζ-Η.
