1873 3095
254 145 319 174 1331

679 143 707 172 S.
728 143 925 172 CLEMENTIS
945 145 954 172 I
971 145 1054 173 ROM.
1074 145 1175 174 ΡΟΝΤ.
1196 145 1311 174 οΡειιΑ
1327 145 1443 175 DUBIA.

1778 137 1852 178 ita

252 203 443 230 indumentum
467 201 509 230 hc
535 205 600 230 sunt
615 211 621 229 :
637 201 660 230 si
686 202 749 238 quis
770 203 880 232 recedat
893 212 908 231 a
925 208 1001 239 patre
1015 209 1043 232 et
1057 209 1081 237 Α
1096 206 1247 241 sexaginta,
1263 206 1362 233 tertius
1383 205 1430 241 qui
1451 208 1573 237 centum,
1587 204 1657 232 sicut
1672 204 1727 233 alia:
1741 207 1824 236 vobitdi

253 249 394 277 conditore
408 249 533 276 omnium
548 248 614 280 Deo,
632 248 714 276 alium
745 250 880 285 recipiens
901 250 1042 278 doctorem

252 298 351 330 praeter
364 293 515 325 Christum,
531 294 577 328 qui
593 299 635 321 est
647 295 723 322 solus
741 295 829 323 ﬁdelis
841 303 873 322 ac
885 304 966 323 verus
984 304 1044 330 pro-

253 341 345 375 pheta,
373 340 476 375 quique
500 348 551 368 nos
577 341 720 368 duodecim
746 342 886 375 apostolos
915 342 989 368 misit
1008 342 1044 369 ad

254 386 459 421 praedicandum
480 386 615 418 verbum;
633 388 694 414 etsi
712 387 774 421 quis
790 387 823 414 de
838 387 990 414 substantia
1005 387 1044 414 di-

252 432 377 459 vinitatis
406 439 466 467 qua!
495 436 594 460 cuncta
618 433 758 467 praecellit,
788 433 867 459 aliter
894 440 975 467 quam
1001 433 1044 460 di-

255 485 337 513 gnum
354 482 396 506 est
412 478 523 510 sentiat,
540 478 597 506 haec
607 484 671 506 sunt
691 486 752 514 qua:
766 487 852 514 usque
873 479 907 506 ad
928 484 1042 508 mortem

254 523 384 558 baptismi
400 524 526 558 polluunt
542 523 744 551 indumentum.
767 523 833 556 Quae
850 532 918 551 vero
934 525 961 552 in
976 526 1044 553 acti-

253 568 306 596 bus
319 569 454 604 polluunt,
468 569 519 596 ista
532 573 596 596 sunt
614 577 620 594 :
642 570 797 603 homicidia,
813 570 958 603 adulteria,
969 571 1042 604 odia,

253 615 380 646 avaritia,
395 615 531 649 cupiditas
542 616 625 642 mala.
641 614 707 647 Quae
719 620 809 642 autem
828 616 948 643 animam
961 617 1043 644 simul

253 663 282 686 et
299 666 398 694 corpus
418 659 554 694 polluunt,
584 659 636 686 ista
649 664 714 686 sunt
731 667 737 685 ε
764 660 928 696 participare
944 662 1044 688 daemo-

256 712 322 732 num
335 712 445 738 mensa,
463 705 514 732 hoc
525 708 577 738 est,
596 705 734 733 immolata
752 706 906 742 degustare,
923 708 963 735 vel
980 715 1045 735 san~

255 751 377 786 guinem,
393 751 435 778 vel
449 751 634 779 morticinium
649 752 721 787 quod
738 756 780 780 est
793 753 966 786 suﬁ‘ocatum,
978 759 1005 782 c‘t
1019 755 1042 783 si

254 795 320 830 quid
345 795 419 822 aliud
433 799 475 823 est
491 795 563 831 quod
588 796 756 824 daemonibus
779 798 899 825 oblatum
923 804 975 827 est.
994 799 1043 828 Hic

255 848 322 876 ergo
336 841 414 868 vobis
430 841 465 868 sit
479 841 584 876 primus
599 842 700 876 gradus
714 850 746 869 ex
757 842 856 875 tribus,
874 845 920 879 qui
941 845 1043 880 gradus

255 886 367 922 triginta
381 894 413 914 ex
428 894 458 914 se
472 887 557 922 gignit
577 887 704 914 mandata
720 888 753 920 ",
769 889 906 917 secundus
917 898 981 917 vero
997 891 1043 925 qui

292 953 315 968 "
331 952 426 980 Matth.
444 959 510 985 χιιι,
525 952 570 979 25.

1095 249 1139 277 bis
1152 250 1260 284 plenius
1272 257 1453 285 exponemus.

1130 295 1262 323 XXXVII.
1283 295 1316 323 Et
1334 296 1392 323 haec
1402 304 1463 323 cum
1477 295 1601 327 dixisset,
1619 303 1651 324 ac
1663 297 1825 331 praecepissetut

1093 342 1138 369 die
1165 347 1273 377 postera
1288 343 1321 369 ad
1335 343 1460 370 eumdem
1481 343 1571 370 locum
1598 343 1722 370 maturius
1740 347 1825 371 conveni-
1851 362 1852 368 η

1094 390 1165 418 rent,
1182 387 1276 415 turbas
1297 387 1421 420 dimisit;
1439 387 1539 422 quibus
1562 387 1686 415 recedere
1705 389 1823 421 nolentibus,
1851 411 1852 415 η

1094 432 1131 459 ait
1147 432 1243 460 Petrus
1256 440 1264 460 :
1286 432 1390 460 Donate
1413 433 1479 459 mihi
1493 433 1564 460 hanc
1578 433 1689 468 gratiam
1702 435 1822 468 propter-lie

1093 477 1179 504 sterni
1206 477 1312 505 itineris
1347 477 1471 510 labores;
1491 481 1518 504 et
1541 485 1616 504 nunc
1642 477 1785 505 discedentes
1802 480 1827 506 die

1093 523 1214 550 crastina
1239 522 1372 550 maturius
1397 522 1540 550 convenite
1557 531 1565 556 ;
1581 527 1609 550 et
1629 524 1666 549 ita
1690 530 1742 550 cum
1766 524 1826 552 latitia

1094 570 1257 598 discessere.
1276 570 1309 596 At
1323 570 1420 598 Petrus
1428 571 1568 605 paululum
1587 578 1630 597 me
1641 571 1752 598 secedere
1762 572 1826 605 praxi-

1094 617 1173 651 piens
1187 617 1319 644 orationis
1339 624 1434 649 causa,
1450 617 1528 651 jubet
1542 620 1606 651 post
1620 617 1675 644 haec
1691 617 1714 643 in
1727 617 1775 643 loco
1784 617 1827 643 horti

1096 670 1175 697 quem
1206 663 1300 689 umbra
1335 663 1514 697 contegebat,
1538 663 1692 690 accubitum
1716 663 1795 692 sterni.
1814 667 1829 689 ει

1095 708 1283 743 unusquisque
1294 715 1327 735 ex
1342 715 1417 735 more
1440 715 1643 742 recognoscens
1658 708 1747 743 proprii
1760 707 1828 734 ordinis

1095 755 1196 786 locum,
1224 754 1316 781 cibum
1333 753 1511 788 sumpsimus.
1535 753 1609 780 Tum
1631 754 1721 781 deinde
1741 753 1788 788 quia
1802 761 1830 779 sn-

1095 804 1202 835 pererat
1230 800 1319 827 adhuc
1343 800 1543 836 aliquantulum
1566 800 1634 831 diei,
1655 800 1687 827 de
1707 798 1830 826 mirabilibus

1096 845 1202 872 Domini
1220 845 1373 873 collocutos
1393 846 1548 877 nobiscum,
1568 852 1683 881 vespere
1696 844 1831 878 lactoingres

1098 899 1146 919 sus
1159 891 1314 918 cubiculum
1330 892 1441 927 quievit.

811 1092 991 1136 LIBER
1028 1093 1321 1144 QUINTUS.

291 1245 313 1273 1.
333 1243 463 1278 Sequenti
481 1245 571 1268 autem
589 1241 644 1272 die,
656 1241 736 1276 paulo
747 1241 828 1269 citius
842 1248 925 1276 quam
935 1241 1040 1269 solebat

257 1296 427 1325 consurgens
450 1287 559 1317 Petrus.
579 1287 682 1314 invenit
697 1295 748 1314 nos
762 1287 928 1315 dormientes
944 1296 952 1321 ;
966 1288 1040 1322 quod

256 1335 304 1363 ubi
317 1333 414 1365 sensit,
426 1332 505 1367 quasi
524 1332 581 1366 ipse
600 1331 690 1358 adhuc
706 1331 825 1359 dormire
839 1332 942 1364 volens,
955 1332 1024 1360 silen

256 1382 326 1409 tiu'n
346 1379 399 1408 sibi
425 1377 482 1405 ﬁeri
501 1377 595 1412 jussit,
612 1381 641 1404 ut
655 1377 733 1404 nobis
749 1377 907 1413 quiescendi
924 1378 1040 1405 faculta—

255 1430 312 1454 tem
327 1425 412 1453 daret.
429 1423 481 1451 Ubi
494 1426 583 1450 autem
597 1422 691 1450 refecti
709 1430 805 1451 somno
821 1424 1037 1457 exsurreximus,

255 1474 411 1502 invenimus
425 1480 488 1500 eum
502 1471 625 1498 oratione
638 1470 786 1499 factaintra
794 1471 947 1500 cubiculum
955 1480 1038 1508 oppe-

255 1521 372 1549 rientem
388 1526 449 1546 nos.
465 1518 572 1544 Etcum
585 1517 640 1552 jam
655 1521 727 1544 esset
744 1517 948 1552 crepusculum,
968 1519 1034 1545 salui
1054 1501 1077 1532 ο

255 1568 319 1591 tans
331 1571 365 1590 ex
379 1569 454 1590 more
473 1561 591 1589 breviter
609 1561 745 1588 allocutus
758 1565 810 1594 est,
827 1566 854 1589 et
863 1563 994 1590 continuo
1008 1562 1043 1590 ad

256 1613 420 1638 consuetum
449 1608 539 1635 locum
566 1607 682 1634 docendi
718 1607 804 1642 gratia
830 1608 973 1642 procedit,
997 1608 1043 1635 ubi

256 1663 319 1682 eum
337 1653 450 1681 vidisset
464 1652 498 1679 ad
524 1651 688 1679 audiendum
713 1652 844 1686 plurimos
868 1653 1041 1686 convenisse,

255 1701 346 1737 primo
370 1699 513 1734 religionis
534 1698 590 1725 ritu
605 1705 671 1733 pace
683 1698 724 1726 eis
738 1698 872 1732 invocata,
885 1699 977 1727 dicere
991 1699 1044 1727 hoc

257 1745 340 1773 modo
351 1745 435 1779 ctepit
451 1753 458 1772 :

292 1790 325 1819 ll.
346 1791 369 1807 ’⁸
389 1791 460 1818 Deus
475 1793 584 1817 creator
606 1790 727 1817 omnium
743 1797 776 1817 ex
790 1790 867 1818 initio
888 1791 922 1819 ad
945 1791 1042 1827 imagi-

256 1844 320 1865 nem
351 1843 430 1864 suam
454 1836 592 1863 hominem
622 1835 696 1867 fecit,
726 1836 807 1870 eique
830 1836 1043 1865 dominationem

256 1887 338 1910 terrae
349 1881 488 1916 marisque
501 1886 528 1908 et
541 1881 613 1908 aeris
631 1881 718 1916 ipsius
740 1881 825 1914 dedit,
842 1882 912 1909 sicut
922 1887 949 1909 et
962 1891 1044 1911 verus

256 1927 338 1954 nobis
353 1926 484 1962 propheta
499 1926 631 1958 narravit,
642 1930 669 1953 et
684 1926 743 1961 ipsa
752 1933 842 1953 rerum
861 1926 930 1953 ratio
941 1926 1019 1954 docet
1035 1935 1042 1960 ;

258 1973 334 2000 solus
356 1972 428 2000 enim
452 1976 495 1999 est
523 1972 705 2004 rationabilis,
724 1976 750 1998 et
769 1979 942 2007 consequens
959 1976 1045 2000 estut

256 2018 329 2046 ratio
339 2018 575 2045 irrationabilibus
590 2018 754 2045 dominetur.
778 2017 828 2044 llic
839 2025 903 2054 ergo
918 2019 951 2046 ab
967 2019 1044 2046 initio

257 2072 322 2092 cum
335 2064 425 2091 adhuc
437 2064 530 2099 justus
543 2067 626 2096 esset,
641 2063 749 2090 cunctis
761 2063 834 2091 vitiis
847 2067 874 2091 et
894 2063 967 2090 omni
990 2064 1044 2090 fra-

257 2111 362 2146 gilitate
380 2110 506 2145 superior
527 2113 607 2142 erat;
627 2109 673 2136 ubi
699 2112 790 2135 autem
813 2110 945 2144 peccavit.
972 2110 1044 2137 sicut

257 2156 387 2183 hesterno
401 2156 445 2183 die
458 2155 613 2187 docuimus,
622 2159 648 2182 et
663 2155 751 2182 factus
762 2159 804 2182 est
819 2163 915 2183 servus
928 2156 1042 2190 peccati,

258 2200 341 2227 simul
352 2204 379 2227 et
393 2200 531 2236 fragilitati
545 2200 662 2227 eﬁicitur
685 2201 831 2228 obnoxius.
848 2201 929 2237 Quod
941 2201 1043 2229 idcirco

258 2246 390 2281 scriptum
405 2250 458 2278 est,
479 2250 508 2274 ut
522 2246 610 2273 sciant
630 2246 755 2274 homines
778 2247 842 2282 quia
866 2248 938 2275 sicut
949 2255 982 2275 ex
997 2248 1045 2274 irii-

1091 1242 1190 1276 piclate
1218 1241 1364 1276 passibiles
1385 1240 1449 1268 facti
1467 1245 1540 1271 sunt.
1556 1240 1593 1267 ita
1615 1249 1663 1276 per
1679 1240 1831 1275 pietatempas-

1092 1290 1157 1314 sunt
1167 1294 1229 1314 esse
1245 1287 1429 1321 impassibiles
1447 1286 1514 1322 (16),
1530 1290 1557 1314 et
1569 1294 1627 1313 non
1640 1287 1724 1313 solum
1747 1285 1828 1319 impassr

1092 1333 1170 1363 biles,
1184 1339 1276 1359 verum
1290 1335 1316 1358 et
1330 1339 1412 1366 parva
1429 1331 1456 1358 in
1478 1331 1564 1358 Deum
1575 1331 1630 1358 ﬁde
1644 1331 1752 1358 aliorum
1768 1337 1831 1364 passa»

1091 1385 1140 1405 nes
1154 1380 1293 1404 curantes.
1307 1375 1345 1403 Ita
1361 1377 1433 1404 enim
1452 1384 1534 1403 verus
1562 1376 1697 1411 propheta
1725 1375 1789 1401 nobis
1798 1381 1831 1408 pra-

1093 1423 1168 1451 misit
1195 1423 1289 1450 dicens
1303 1432 1309 1450 :
1323 1425 1407 1449 Amen
1435 1422 1494 1449 dico
1520 1422 1604 1455 vobis,
1624 1423 1686 1458 quia
1703 1423 1724 1449 si
1735 1421 1831 1447 habeam

1092 1470 1170 1505 ﬁdem
1180 1470 1248 1496 sicut
1255 1477 1366 1504 granum
1377 1468 1487 1503 sinapis,
1501 1468 1593 1495 dicetis
1612 1469 1695 1494 monti
1705 1467 1765 1498 huic,
1777 1466 1832 1492 7m»:

1095 1516 1164 1547 hinc,
1194 1520 1218 1542 ει
1246 1514 1369 1542 transibit
1396 1515 1429 1542 ’⁷.
1450 1513 1537 1548 Hujus
1559 1514 1641 1541 vocis
1666 1514 1741 1541 etiam
1760 1513 1833 1545 vosips

1096 1562 1259 1590 documenta
1287 1561 1432 1595 accepistis
1447 1569 1455 1594 ;
1481 1561 1612 1588 hesterno
1628 1561 1701 1589 enim
1718 1560 1755 1587 die
1766 1558 1832 1585 vidistis

1095 1607 1231 1643 quomodo
1250 1606 1404 1634 astantibus
1426 1606 1516 1639 nobis,
1538 1605 1680 1634 daemones
1703 1613 1757 1633 cum
1769 1603 1835 1639 passio-

1095 1654 1177 1685 nibus
1199 1661 1267 1688 quas
1291 1652 1448 1680 horninibus
1468 1653 1642 1684 invexerant,
1671 1651 1835 1679 transicruntd

1096 1698 1180 1734 fugati
1195 1702 1270 1726 sunt.

1131 1743 1176 1772 ΙΙΙ.
1189 1744 1258 1777 Quia
1270 1752 1336 1779 ergo
1349 1744 1395 1771 alii
1411 1743 1520 1778 quidem
1534 1743 1665 1771 homines
1678 1742 1802 1778 patiuntur.
1810 1739 1834 1764 ai:

1095 1790 1230 1824 patientes
1244 1792 1353 1820 sanant,
1371 1796 1455 1816 causa
1470 1788 1530 1816 sine
1542 1787 1630 1816 dubio
1643 1789 1688 1815 vel
1711 1785 1805 1822 patiendi
1813 1792 1834 1809 πει

1095 1835 1210 1863 curandi
1224 1835 1365 1863 noscenda
1388 1839 1440 1867 est,
1468 1841 1530 1869 qua:
1557 1841 1614 1860 non
1637 1833 1691 1860 alia
1718 1835 1833 1864 esseqw

1094 1881 1259 1917 patientibus
1288 1880 1397 1916 quidem
1428 1879 1609 1910 inﬁdelitatis,
1639 1878 1785 1906 curantibus
1800 1880 1834 1900 iéh‘

1095 1928 1156 1956 ﬁdei
1171 1928 1385 1955 demonstratur.
1400 1926 1548 1953 lnﬁdclitas
1563 1926 1641 1953 enim
1657 1925 1719 1952 dum
1731 1932 1775 1951 non
1786 1919 1834 1948 croil

1097 1973 1220 2000 futurum
1232 1972 1366 2007 judicium
1396 1971 1455 2004 Dei,
1469 1970 1601 2006 peccandi
1622 1970 1755 1997 licentiam
1766 1965 1833 2002 pn’kiv

1097 2022 1241 2054 peccatum
1255 2025 1319 2045 vero
1332 2017 1467 2044 hominem
1480 2016 1662 2052 passionibus
1685 2013 1804 2042 obnoxium
1815 2009 1833 2034 ι’ίρ

1095 2066 1142 2093 cit.
1158 2064 1239 2092 Fides
1254 2069 1343 2091 autem
1366 2063 1490 2090 futurum
1515 2069 1577 2090 esse
1602 2061 1653 2089 Dei
1678 2059 1792 2096 judicium
1801 2062 1831 2081 ur

1095 2112 1161 2139 dens
1177 2111 1299 2138 continet
1315 2109 1442 2137 homines
1465 2116 1480 2136 a
1503 2111 1639 2144 peccato;
1668 2115 1721 2134 non
1740 2105 1832 2141 pem“

1094 2164 1159 2184 vero
1175 2164 1229 2183 non
1241 2155 1328 2182 solum
1345 2154 1423 2182 liberi
1435 2158 1499 2182 sunt
1518 2162 1532 2180 κ
1547 2153 1721 2180 daemonibus
1735 2154 1758 2178 et
1770 2147 1830 2183 p259?

1095 2203 1189 2233 nibus,
1202 2209 1297 2229 verum
1313 2205 1341 2229 et
1355 2201 1472 2228 aliorum
1487 2199 1628 2227 daemones
1651 2203 1679 2226 et
1694 2191 1832 2233 passioni‘z'l'i‘

1096 2255 1161 2283 gare
1175 2252 1299 2282 possunt.

295 2348 318 2364 “
332 2347 398 2382 Cap.
415 2347 460 2374 ‘2—
474 2347 509 2374 33
535 2347 634 2374 desunt
648 2347 675 2373 in
702 2346 782 2374 codd.
808 2345 897 2381 Lipsr.
915 2345 1071 2382 rCohaerent
1099 2350 1189 2373 autem
1217 2353 1250 2374 ea
1272 2353 1333 2381 quae
1361 2350 1513 2382 sequuntur
1538 2351 1601 2382 cuni
1622 2338 1830 2382 superioribus,“

258 2383 342 2410 modo
361 2377 380 2409 ι’
391 2390 454 2416 pace
486 2383 522 2409 eis
537 2383 669 2414 invocata,
687 2382 777 2416 aliqua
791 2377 849 2408 illis
860 2381 892 2408 de
909 2381 1021 2408 hominis
1037 2381 1167 2408 creatione
1181 2387 1205 2408 et
1221 2377 1297 2415 lapsa
1309 2377 1439 2416 exposuit.
1456 2381 1490 2408 Et
1504 2385 1564 2415 post
1589 2380 1647 2408 huic
1659 2377 1739 2415 3am!
1758 2377 1831 2405 ιᾱὲίαιι

259 2421 313 2446 elc.
368 2418 389 2433 "
405 2417 500 2445 Matth.
516 2425 583 2450 xvu,
603 2419 645 2446 19.

917 2470 1100 2501 COTELERll
1118 2470 1234 2499 ΝΟΤιΕ.

296 2531 352 2567 (16)
383 2531 572 2567 lmpassibilea.
609 2533 736 2560 ’Λπὰοεια
749 2538 777 2561 et
794 2533 996 2569 ἀναμαρτησία,
1017 2532 1041 2560 si

260 2569 354 2603 stricte
371 2572 525 2595 sumantur,
538 2572 614 2603 psunt
632 2569 886 2603 imperturbabilitas
905 2574 931 2595 et
944 2569 1041 2602 impac-

260 2602 394 2633 cabililas,
407 2602 603 2636 imperturbatio
617 2607 644 2630 et
658 2602 939 2638 iinpeccanlia.Verrrm
955 2603 1042 2630 laxius

260 2638 398 2666 interdum
428 2642 594 2672 usurpantur
616 2646 630 2665 a
659 2640 763 2666 sanctis
785 2639 922 2668 Patribus.
947 2645 995 2673 pro
1009 2646 1043 2664 eo

261 2677 334 2701 statu
349 2673 375 2699 in
393 2681 446 2707 quo
474 2674 578 2707 positus
597 2676 639 2700 vir
653 2678 774 2705 sanctus,
790 2682 838 2709 per
858 2674 971 2709 gratiam
996 2673 1042 2709 Dei

261 2709 353 2734 minus
363 2709 466 2735 crebris
482 2708 686 2743 minoribusque
701 2708 896 2736 tcntationibus
908 2708 1043 2743 obnoxius

260 2747 313 2778 est,
329 2744 565 2778 necigravioribus
586 2742 707 2778 peccatis
720 2745 872 2771 succumbit
888 2742 1043 2774 εἈπάθεια,

261 2777 351 2813 inquit
370 2777 512 2809 Maximus.
529 2779 568 2806 De
577 2777 714 2811 charitate,
730 2780 853 2807 centuria
867 2780 892 2810 1,
908 2787 968 2813 cap.
989 2778 1042 2810 56,

263 2812 337 2838 ἐστὶν
371 2813 493 2850 εἰρηνικὴ
517 2814 681 2846 κατάστασις
702 2815 804 2850 ψυχῆς,
823 2814 883 2841 καθ’
905 2812 1047 2850 ᾒν⁷δυσκί-

263 2853 343 2887 vri-ro;
356 2847 459 2887 γίγεται
477 2847 550 2884 ψυχὴ
570 2849 637 2884 πρὸς
657 2847 973 2887 ῃκῖαἱἚεξᾴι-πάβεια,
996 2855 1045 2881 pa-

265 2884 339 2908 ratus
352 2884 445 2909 animm
461 2889 556 2913 status.
576 2885 715 2913 secundum
726 2893 800 2922 (litem
816 2884 949 2917 diﬁiruller
962 2891 1045 2912 move-

328 3005 367 3044 “ut

1092 2538 1136 2567 (iur
1151 2532 1239 2559 anima
1252 2540 1314 2567 erga
1332 2531 1473 2564 malitiam,
1484 2530 1656 2567 δυσχίνητρς.
1674 2526 1829 2567 non

1094 2566 1180 2594 Reddi
1195 2562 1291 2593 autenf
1306 2567 1385 2594 debet
1405 2562 1598 2602 νοχᾶπαθεῖξ
1610 2562 1831 2602 (ΣιειοθιιιὶΑΙειιῗ-

1094 2602 1292 2638 drinoStrom.
1313 2609 1362 2634 vII,
1384 2609 1411 2636 ι).
1429 2601 1489 2633 750,
1513 2601 1560 2628 ubi
1582 2596 1829 2638 'amr0g§;_edidrn§

1095 2637 1229 2668 εὐπειθεῖς
1243 2633 1423 2665 correxerunt
1445 2639 1653 2672 acrvcrlerunt.
1677 2634 1730 2662 Kal.

1094 2672 1148 2698 τῶν
1157 2707 1163 2708 7
1174 2667 1312 2708 πρότέρωγ
1335 2673 1398 2708 τοὺς
1419 2671 1715 2708 δευτέρουςμάμείνους,

1095 2701 1219 2745 ἀςιταοεῖέ,
1234 2701 1266 2742 ἣῦ
1284 2707 1320 2745 μὴ
1334 2701 1516 2745 ᾁμῂσίκςιξεὸι
1538 2701 1629 2745 teis-0v.
1637 2705 1780 2745 πενόμενοῆ

1095 2742 1145 2782 τῂν
1159 2736 1322 2782 ’ξοξιςυρῖεζύ
1344 2736 1521 2782 ειδαῖτκαλίαἎ
1531 2736 1829 2782 ιιτροειξτξξᾷιι-ιρτξιι.¹

1096 2767 1151 2804 stin:
1164 2767 1376 2812 ri’rorro
1388 2767 1484 2803 auctor
1499 2767 1713 2812 Recognilionurm

1098 2811 1135 2849 ie:
1153 2805 1200 2839 eos
1214 2805 1343 2849 appellat,
1364 2812 1410 2846 qui
1424 2817 1540 2849 propter
1555 2805 1736 2849 innocentiam
1749 2805 1828 2849 vili“

1098 2844 1274 2875 incursant'ur
1288 2855 1303 2874 a
1316 2844 1495 2880 daemonibus,
1511 2854 1560 2875 nec
1574 2846 1676 2875 ruorbis
1689 2844 1808 2880 aﬂliguutur
1851 2845 1852 2884 ξ
