1873 3095
44 143 99 171 1553

70 198 106 226 lV'.
120 197 156 225 Ex
168 197 209 226 his
231 204 296 233 ergo
311 196 438 225 omnibus
464 196 611 232 colligitur,
638 195 709 230 quod
725 194 800 229 origo
815 195 838 223 Δ

40 245 109 272 totius
122 243 180 270 mali
194 243 227 270 ab
237 242 390 278 ignorantia
403 241 560 273 descendat,
578 245 605 269 et
621 241 679 277 ipsa
697 241 732 268 sil.
743 248 801 267 ma-

39 290 112 317 lorum
136 288 253 315 omnium
283 290 390 319 mater,
416 294 476 322 quae
503 286 609 313 incuria
636 286 746 321 quidem
775 290 801 312 et

38 334 129 369 ignavia
147 333 274 368 gignitur,
290 333 453 368 negligentia
468 340 533 359 vero
548 332 630 359 alitur
646 335 672 359 et
687 335 800 366 augetur

38 379 137 413 atquein
153 379 278 406 sensibus
290 379 431 406 hominum
443 379 593 409 radicatur,
606 385 688 413 quam
703 378 725 405 si
740 378 801 412 quis

37 424 96 452 forte
109 424 199 452 doceat
216 424 398 459 effugandam,
411 424 486 451 velut
511 424 631 458 antiquis
646 428 673 451 et
689 423 802 450 haeredi-

35 471 102 498 tariis
115 471 221 498 sedibus
236 471 350 498 moleste
364 474 391 497 et
416 469 590 505 indignanter
614 469 750 497 avellitur.
769 469 802 496 Et

36 517 87 544 ideo
96 517 230 552 paululum
246 517 426 544 laborandum
438 516 517 544 nobis
528 521 580 548 est,
597 521 627 544 ut
641 516 800 551 indagantes

34 563 176 598 ignorantia:
202 564 430 598 praesumptiones
457 563 578 590 scientia:
600 563 705 590 ratione
724 570 801 590 rese.

35 616 126 640 camus,
142 609 167 636 in
180 609 222 636 bis
233 609 368 644 prmeipue
379 609 425 644 qui
445 609 472 635 in
489 609 625 644 aliquibus
649 608 741 636 minus
758 616 802 635 re-

35 656 77 682 ctis
93 655 262 689 opinionibus
273 655 402 690 praeventi
417 659 492 686 sunt,
510 662 560 689 per
572 662 641 689 quas
658 655 737 689 quasi
751 655 802 682 sub

34 699 111 734 specie
125 700 239 734 alicujus
249 700 379 733 scientiae,
393 700 546 735 ignorantia
561 701 588 727 in
600 700 641 728 eis
654 700 802 728 vehemen-

34 745 79 772 tius
95 745 210 773 radicata
226 751 284 779 est;
311 746 378 773 nihil
401 747 474 774 enim
500 746 609 781 gravius
626 754 708 781 quam
725 747 748 773 si
775 746 802 773 id

32 791 95 826 quod
110 791 214 826 ignorat
229 792 302 826 quis,
319 783 436 820 seire'se
451 793 554 824 credat,
572 796 599 819 et
613 792 742 820 defendat
756 801 802 820 ve-

33 846 84 864 rum
95 846 152 865 esse
163 838 237 873 quod
253 837 351 866 falsum
369 842 422 871 est,
451 838 524 873 quod
549 839 604 866 tale
615 843 666 870 est,
683 839 763 874 quale
778 839 801 866 si

33 883 85 917 quis
99 870 186 912 ebrius
199 885 322 912 sobrium
345 892 374 912 se
397 870 474 920 putet
497 888 524 912 et
536 888 599 919 agat
613 870 721 919 quidem
734 892 802 911 cun-
817 870 838 898 Β

32 932 68 955 cta
91 934 117 956 ut
128 930 231 963 ebrius,
258 930 379 957 sobrium
405 937 435 958 se
452 934 543 957 tamen
558 933 584 957 et
609 930 667 964 ipse
683 933 759 965 putet
777 934 804 957 et

30 974 78 1001 dici
91 983 105 1002 a
115 976 218 1004 caeteris
230 976 305 1004 velit.
323 975 362 1003 Ita
377 980 442 1003 sunt
453 984 518 1012 ergo
533 979 560 1003 et
575 975 602 1002 lii
617 976 665 1011 qui
680 976 805 1011 ignoran-

30 1026 66 1049 tes
79 1022 146 1057 quod
163 1031 257 1050 verum
277 1026 330 1054 est,
349 1022 468 1058 speciem
484 1027 575 1050 tamen
590 1023 706 1058 alicujus
718 1024 805 1051 scien-

29 1069 69 1095 tiae
84 1072 183 1101 tenent,
199 1072 226 1096 et
242 1069 312 1096 mala
328 1069 406 1103 quasi
432 1068 503 1096 bona
529 1072 638 1104 gerunt,
662 1073 744 1104 atque
769 1071 803 1097 ad

29 1116 167 1150 perniciem
181 1115 262 1150 quasi
278 1117 312 1142 ad
328 1115 444 1143 salutem
461 1115 600 1142 festinant.

61 1159 89 1186 ν.
103 1160 216 1196 Propter
231 1161 303 1196 quod
319 1166 381 1188 ante
395 1161 486 1188 omnia
500 1161 697 1196 properandum
716 1165 758 1189 est
770 1161 803 1188 ad

28 1206 180 1241 agnitionem
195 1207 330 1240 veritatis,
349 1210 378 1234 ut
392 1207 529 1242 possimus
543 1207 622 1242 quasi
636 1207 739 1234 lumine
754 1214 805 1234 no-

30 1251 66 1278 his
90 1252 149 1279 inde
171 1259 318 1285 succenso,
346 1260 470 1280 errorum
494 1253 623 1280 tenebras
653 1252 802 1287 depellere;

28 1297 122 1332 grande
135 1298 207 1325 enim
224 1298 326 1325 malum
350 1302 403 1331 est,
423 1302 452 1325 ut
481 1298 609 1330 diximus,
634 1299 802 1334 ignorantia;

28 1343 71 1370 sed
85 1344 146 1378 quia
163 1344 347 1371 substantiam
364 1352 418 1371 non
434 1344 525 1376 habet,
543 1343 622 1371 facile
641 1345 675 1372 ab
690 1344 733 1371 his
757 1345 803 1379 qui

27 1390 132 1417 studiosi
148 1395 223 1419 sunt.
238 1390 380 1425 ell'ugatur.
392 1390 450 1417 Non
462 1391 535 1419 enim
550 1390 622 1418 aliud
637 1394 679 1418 est
694 1390 803 1425 quidem

29 1435 182 1470 ignorantia,
198 1436 253 1463 nisi
271 1444 326 1463 non
342 1436 487 1471 agnovisse
508 1437 581 1471 quod
608 1436 735 1471 expedit;
758 1436 804 1463 ubi

25 1486 110 1509 autem
125 1483 281 1518 agnoveris,
297 1483 367 1517 perit
381 1483 544 1518 ignorantia.
561 1483 651 1516 Qua’ri
667 1490 732 1518 ergo
743 1489 801 1509 ma-

26 1535 137 1562 gnopere
151 1529 234 1556 debet
248 1529 371 1556 veritatis
396 1528 509 1564 agnitio,
526 1537 607 1564 quam
635 1536 715 1555 nemo
731 1529 801 1556 alius
815 1538 836 1566 ς,

28 1577 109 1606 potest
122 1574 274 1609 assignare,
301 1574 353 1601 nisi
370 1581 452 1601 verus
478 1575 619 1610 propheta.
646 1573 709 1601 Haec
730 1574 803 1601 enirn

26 1623 96 1652 porta
110 1623 152 1646 est
165 1620 230 1647 vitm
250 1619 405 1647 volentibus
430 1620 544 1655 ingredi,
571 1624 598 1647 et
616 1620 668 1648 iter
691 1627 803 1655 operum

27 1663 150 1692 bonorum
164 1666 339 1701 pergentibus
355 1666 387 1693 ad
403 1665 538 1693 civitatem
550 1666 656 1694 salutis.

59 1710 100 1739 γι.
116 1711 144 1739 Si
160 1712 225 1747 quis
254 1719 320 1739 sane
346 1711 459 1740 audiens
484 1719 636 1740 sermonem
659 1711 717 1739 veri
740 1719 804 1747 pro-

28 1756 118 1790 phetae,
141 1759 207 1785 velit
237 1758 359 1792 recipere
386 1762 432 1784 aut
448 1758 526 1790 nolit,
551 1762 578 1785 et
595 1757 719 1792 amplecti
733 1764 804 1784 onus

24 1803 90 1836 ejus,
107 1803 132 1830 id
147 1806 191 1830 est
205 1802 334 1829 mandata
351 1802 421 1834 vitae,
438 1803 519 1830 habet
539 1803 567 1829 in
583 1811 632 1830 sua
648 1806 803 1837 potestate;

27 1847 98 1875 liberi
114 1849 187 1876 enim
200 1857 296 1877 sumus
320 1849 437 1876 arbitrii.
453 1848 520 1875 Nam
537 1849 559 1876 si
592 1849 644 1876 hoc
666 1852 749 1880 esset,
775 1851 805 1875 ut

25 1894 162 1923 audientes
174 1903 239 1922 cum
252 1896 308 1929 jam
323 1903 378 1923 non
393 1895 524 1922 haberent
537 1894 565 1921 in
582 1898 717 1929 potestate
731 1893 805 1920 aliud

26 1937 110 1966 facere
123 1947 206 1974 quam
221 1939 375 1973 audierant,
402 1939 444 1966 vis
467 1941 525 1965 erat
551 1939 674 1974 quaedam
689 1943 803 1971 naturze,

25 1993 69 2018 per
81 1993 162 2020 quam
179 1986 295 2013 liberum
310 1993 364 2012 non
380 1990 452 2013 esset
467 1985 500 2012 ad
514 1985 592 2012 aliam
606 1985 723 2020 migrare
742 1993 805 2013 sen-

24 2032 146 2059 tentiam.
161 2031 217 2058 Aut
230 2026 253 2058 si
270 2039 366 2059 rursus
381 2039 414 2059 ex
442 2031 615 2058 audientibus
630 2031 722 2058 nullus
746 2039 806 2058 om-

24 2076 85 2103 nino
99 2077 245 2112 reeiperet,
271 2081 298 2105 et
312 2077 364 2104 hoc
386 2082 491 2104 natura
505 2078 545 2104 vis
559 2081 628 2108 erat,
646 2084 706 2111 quae
721 2084 804 2104 unum

24 2123 121 2158 aliquid
138 2123 199 2150 ﬁeri
222 2128 342 2158 cogeret,
371 2127 399 2152 et
414 2124 490 2151 alteri
515 2124 586 2159 parti
601 2131 655 2150 non
671 2123 749 2150 daret
765 2124 806 2150 lo-

24 2177 91 2196 eum.
107 2169 189 2197 Nunc
201 2174 290 2197 autem
302 2170 365 2205 quia
378 2170 492 2197 libentur
507 2174 548 2198 est
564 2169 665 2202 animo,
683 2169 711 2197 in
723 2177 803 2205 quam

24 2216 82 2242 velit
96 2221 202 2251 partem
215 2216 350 2244 declinare
364 2217 494 2251 judicium
508 2219 633 2248 suum,et
646 2223 726 2251 quam
743 2223 805 2251 pro—
818 2206 841 2234 Ῑ)

24 2262 124 2290 baverit
135 2264 238 2298 eligere
247 2263 329 2295 viam,
339 2267 447 2290 constat
461 2262 601 2290 evidenter
616 2263 707 2290 inesse
717 2261 806 2289 homi-

24 2308 99 2337 nibus
114 2309 224 2336 arbitrii
243 2309 405 2336 libertatem.

57 2365 110 2392 νη.
125 2363 212 2400 igitur
227 2364 386 2399 priusquam
414 2364 507 2391 audiat
521 2364 583 2399 quis
599 2364 671 2399 quod
686 2364 710 2391 ei
726 2371 808 2400 expe-

24 2411 68 2441 dit,
85 2415 195 2438 certum
209 2414 251 2437 est
266 2411 328 2445 quia
356 2411 474 2445 ignorat,
501 2413 528 2436 et
554 2410 684 2444 ignorans
707 2410 764 2437 vult
780 2414 807 2437 et

24 2457 159 2484 desiderat
174 2457 245 2491 quod
268 2465 322 2484 non
350 2457 457 2491 expedit
487 2464 576 2491 agere,
604 2461 716 2492 propter
734 2457 808 2492 quod

24 2512 68 2538 pro
85 2504 139 2531 hoc
154 2503 367 2538 nonjudieatur.
387 2503 454 2531 Cum
481 2511 545 2531 vero
573 2504 691 2531 audierit
708 2511 807 2531 causas

24 2551 123 2578 erroris
140 2551 196 2582 sui,
213 2555 239 2578 et
255 2551 387 2578 rationem
403 2551 526 2578 veritatis
538 2551 684 2585 acceperit,
700 2554 764 2578 tunc
783 2550 806 2578 si

24 2597 203 2631 permanserit
220 2596 246 2623 in
262 2596 305 2623 his
329 2596 469 2623 erroribus
485 2596 584 2630 quibus
601 2595 703 2622 dudum
718 2595 806 2622 fuerat

24 2645 188 2677 praaventus,
203 2645 278 2668 recte
290 2641 346 2676 jam
359 2641 502 2668 vocabitur
517 2641 549 2668 ad
559 2641 694 2676 judicium
710 2649 805 2676 pmnas

24 2687 147 2720 taturus,
164 2695 214 2714 cur
228 2687 288 2714 vita:
300 2687 360 2722 ejus
385 2688 502 2722 spatium
520 2686 593 2722 quod
619 2687 654 2714 ad
670 2687 738 2714 bene
764 2688 805 2715 vi-

24 2733 138 2760 vendum
162 2732 276 2767 accepit,
291 2733 319 2759 in
343 2732 468 2760 ludibriis
485 2733 656 2768 consumpsit
668 2741 803 2762 errorum.

24 2778 68 2812 Qui
86 2786 155 2806 vero
172 2779 285 2806 audiens
307 2779 364 2806 haec
393 2779 507 2807 libenter
530 2779 640 2814 accipit,
666 2783 692 2808 et
709 2785 804 2816 gratu-

70 2891 94 2907 ⁸⁸
110 2889 209 2918 Matth.
225 2899 260 2926 γι,
273 2891 316 2918 2i.

625 132 905 165 RECOGNITIONUM
924 134 989 163 LIB.
1008 134 1041 162 Ὗ.

1569 133 1639 162 £351

851 191 924 219 latur
937 182 1071 220 honorum
1086 191 1139 221 sibi
1151 188 1304 218 doctrinam
1329 190 1416 218 fuisse
1441 189 1567 222 delatam,
1592 198 1638 217 re-

852 239 938 273 quirit
954 239 1084 266 intentius
1107 241 1135 265 et
1158 236 1265 264 discere
1289 243 1344 264 non
1361 235 1472 268 desinit,
1493 242 1637 270 usquequo

852 288 1012 318 cognoscat,
1027 284 1052 312 si
1066 287 1108 311 est
1121 291 1184 311 vere
1200 282 1271 310 aliud
1288 282 1426 314 saeculum,
1443 282 1471 309 in
1487 289 1540 316 quo
1557 281 1637 308 bonis

852 332 962 366 praemia
976 334 1125 366 praeparata
1141 334 1221 363 sunt;
1234 332 1261 356 et
1281 336 1341 356 cum
1358 332 1449 355 certus
1463 327 1496 355 de
1513 328 1565 354 hoc
1580 328 1635 353 fue-

852 377 1016 412 rit,gratias
1040 384 1124 411 agens
1150 376 1215 408 Deo,
1226 374 1299 410 quod
1324 374 1375 401 sibi
1402 373 1532 401 veritatis'
1545 373 1637 400 lumen

852 423 1017 454 ostenderit,
1029 423 1063 450 dc
1077 427 1177 450 eaitero
1189 421 1283 456 dirigit
1296 424 1374 447 actus
1389 427 1454 447 suos
1472 420 1499 446 in
1510 419 1637 447 omnibus

853 468 981 504 operibus
994 467 1090 498 bonis,
1113 474 1229 501 quorum
1245 465 1296 493 sibi
1321 464 1349 491 in
1376 464 1468 491 futuro
1485 464 1637 491 mercedem

852 518 945 542 certus
959 517 1001 541 est
1015 517 1206 548 prmparatam,
1222 518 1271 548 per
1285 511 1375 538 omnia
1391 510 1528 537 demirans
1543 512 1569 536 et
1581 514 1639 536 stu-

853 568 920 595 pens
932 563 1093 587 cancrorum
1122 557 1263 585 hominum
1286 563 1408 587 errores,
1433 558 1460 582 et
1488 554 1559 589 quod
1575 558 1639 581 ante

853 607 948 634 oculos
972 605 1090 640 positam
1103 604 1244 631 veritatem
1261 609 1342 629 nemo
1356 601 1456 628 videat.
1470 600 1531 635 ipse
1546 603 1639 627 tamen

854 651 975 687 gaudens
991 657 1074 684 super
1095 649 1199 675 divitiis
1222 647 1363 682 sapientiae
1381 653 1450 681 quas
1465 645 1578 677 invenit,
1594 645 1638 672 in-

853 696 1017 725 satiabiliter
1035 696 1076 723 eis
1099 694 1203 729 perfrui
1223 694 1298 728 cupit
1313 696 1340 719 et
1356 691 1490 719 exercitio
1504 691 1639 719 honorum

852 750 965 777 operum
981 742 1141 773 delectatur,
1159 739 1292 768 festinans
1316 738 1350 765 ad
1373 737 1503 766 saeculum
1516 736 1640 764 futurum

853 790 956 817 mundo
982 789 1063 816 corde
1088 792 1115 815 et
1142 795 1210 823 pura
1233 786 1402 814 conscientia
1423 785 1576 821 pervenire,
1593 785 1638 812 ubi

853 835 935 863 etiam
950 834 1043 861 videre
1058 833 1142 860 Deum
1156 840 1246 867 regem
1258 831 1379 859 omnium
1396 830 1492 866 possit.

890 879 958 907 Vill.
975 879 1023 907 His
1038 883 1127 905 autem
1139 877 1266 905 omnibus
1289 883 1384 903 carere
1398 882 1449 902 nos
1461 879 1489 902 et
1505 874 1639 906 fraudari.

855 926 914 954 sola
925 925 990 952 facit
1005 923 1169 960 ignorantia.
1194 922 1262 949 Dum
1284 921 1356 949 enim
1369 921 1495 956 ignorant
1514 919 1640 946 homines

855 974 987 1007 quantum
994 968 1057 997 boni
1066 967 1163 996 habeat
1173 967 1297 1000 scicntia,
1311 965 1472 1001 ignorantiae
1487 965 1588 991 malum
1606 963 1641 991 de

854 1027 885 1047 se
898 1026 953 1046 non
966 1017 1109 1053 patiuntur
1119 1013 1245 1047 excludi;
1259 1013 1387 1041 nesciunt
1401 1012 1473 1040 enim
1486 1013 1588 1046 quanta
1604 1011 1641 1037 sit

855 1066 883 1093 in
901 1065 999 1092 horum
1024 1061 1224 1098 permutatione
1248 1058 1406 1086 diversitas.
1428 1057 1542 1092 Propter
1567 1055 1640 1090 quod

854 1111 1001 1139 consilium
1029 1108 1065 1135 do
1087 1106 1235 1140 unicuique
1258 1105 1430 1135 discentium,
1446 1103 1561 1130 libenter
1575 1109 1642 1136 prae-

854 1158 919 1185 bere
931 1163 1024 1183 aurem
1038 1153 1123 1181 verbo
1135 1152 1192 1186 Dei,
1205 1155 1232 1179 et
1251 1158 1313 1178 cum
1341 1157 1433 1176 amore
1454 1148 1577 1176 veritatis
1589 1155 1639 1174 au-

855 1204 913 1232 dire
928 1210 989 1238 quae
1010 1201 1138 1230 dicimus,
1160 1203 1191 1226 ut
1214 1205 1291 1225 mens
1307 1197 1409 1232 optimo
1428 1196 1531 1223 semine
1544 1201 1640 1222 susce-

854 1255 912 1286 pto,
925 1257 973 1285 per
990 1249 1077 1275 honos
1102 1250 1180 1272 actus
1201 1245 1276 1271 ltetos
1295 1242 1390 1270 aﬂ‘erat
1401 1241 1517 1269 fructus.
1534 1240 1600 1268 Nam
1617 1241 1641 1267 si

856 1305 899 1324 me
911 1296 1027 1323 docente
1034 1301 1066 1320 ea
1081 1299 1141 1327 qua:
1162 1290 1196 1317 ad
1223 1289 1338 1316 salutem
1355 1287 1504 1322 pertinent,
1519 1286 1642 1320 recipere

855 1343 919 1380 quis
932 1341 1037 1371 abnuit,
1051 1343 1078 1367 et
1095 1338 1187 1365 animo
1209 1335 1303 1372 pravis
1319 1333 1494 1369 opinionibus
1507 1334 1642 1366 occupato

855 1378 991 1417 obsistere
1005 1385 1116 1416 nititur,
1137 1390 1192 1410 non
1207 1390 1240 1409 ex
1258 1380 1354 1412 nobis,
1382 1378 1430 1406 sed
1444 1385 1476 1405 ex
1493 1378 1642 1412 semetipso

855 1434 968 1463 habebit
981 1429 1113 1468 pereundi
1128 1435 1252 1456 causam.
1268 1426 1355 1453 Debet
1368 1424 1441 1452 enim
1451 1424 1526 1458 justo
1539 1422 1643 1457 judicio

855 1481 1014 1510 examinare
1036 1484 1096 1513 quae
1107 1475 1234 1506 dicimus,
1261 1477 1289 1500 et
1314 1471 1465 1506 intelligere
1482 1469 1546 1504 quia
1562 1469 1644 1496 verba

853 1529 993 1563 loquimur
1024 1523 1160 1553 veritatis,
1186 1524 1217 1548 ut
1239 1518 1356 1554 cognitis
1385 1517 1427 1544 his
1453 1523 1513 1551 qua:
1535 1519 1600 1542 sunt
1615 1521 1645 1542 ut

854 1579 930 1606 sunt,
947 1578 975 1601 et
991 1573 1020 1599 in
1036 1570 1116 1598 bonis
1138 1567 1247 1595 actibus
1267 1565 1390 1599 dirigens
1405 1563 1489 1590 vitam
1504 1569 1593 1593 suam,
1605 1568 1645 1588 re-

854 1623 900 1659 gni
915 1620 1047 1648 cmlorum
1063 1615 1151 1651 possit
1176 1612 1313 1648 particeps
1336 1608 1464 1640 inveniri,
1487 1607 1644 1659 subiiciens

855 1653 908 1696 sibi
927 1665 1018 1694 carnis
1034 1661 1182 1691 desideria,
1195 1661 1222 1686 et
1238 1656 1366 1685 dominus
1379 1661 1474 1682 eorum
1490 1653 1589 1684 factus,
1615 1655 1645 1679 ut

855 1714 892 1742 ita
907 1713 1016 1740 demum
1027 1708 1109 1736 etiam
1125 1706 1184 1740 ipse
1198 1703 1245 1731 ﬁat
1269 1700 1450 1730 dominatoris
1468 1699 1589 1726 omnium
1603 1697 1645 1732 ju-

854 1759 943 1787 cunda
958 1753 1106 1791 possessio.

891 1803 937 1832 IX.
948 1788 1015 1830 liam
1024 1799 1070 1835 qui
1087 1798 1227 1833 permanet
1236 1794 1263 1821 in
1276 1793 1349 1820 malo
1360 1795 1387 1819 et
1402 1798 1499 1819 servus
1515 1792 1556 1817 est
1568 1788 1643 1821 mali,

855 1859 910 1879 non
925 1850 1015 1885 potest
1034 1834 1103 1873 efﬁci
1123 1842 1214 1879 portio
1240 1840 1316 1870 boni,
1339 1838 1430 1885 donec
1456 1838 1597 1885 permanet
1615 1834 1644 1861 in

855 1881 938 1927 malo,
954 1894 1018 1930 quia
1032 1892 1067 1919 ab
1087 1889 1176 1921 initio,
1189 1891 1219 1915 ut
1242 1890 1306 1913 ante
1331 1884 1462 1930 diximus,
1478 1881 1541 1930 duo
1555 1887 1643 1930 regna

855 1925 953 1971 statuit
963 1925 1047 1970 ileus,
1068 1940 1095 1965 et
1116 1937 1278 1970 potestatem
1294 1930 1368 1958 dedit
1392 1927 1540 1971 unicuique
1555 1925 1645 1971 homi-

855 1969 932 2018 num,
945 1988 975 2012 ut
989 1969 1062 2011 illius
1081 1969 1156 2015 regni
1174 1978 1220 2005 fiat
1233 1975 1334 2012 portio,
1355 1973 1398 2001 cui
1422 1980 1451 1999 se
1467 1971 1500 1998 ad
1512 1969 1644 2018 obedienf

855 2016 995 2066 dum-ipse
1013 2027 1172 2062 subjecerit.
1199 2023 1232 2051 Et
1248 2021 1312 2057 quia
1337 2018 1477 2066 deﬁnitum
1505 2020 1548 2044 est
1571 2016 1644 2066 apud

855 2064 956 2111 Deum,
968 2085 1022 2104 non
1041 2082 1121 2110 posse
1147 2079 1231 2099 unum
1251 2067 1389 2096 hominem
1406 2064 1548 2111 utriusque
1564 2064 1643 2098 regni

855 2131 915 2152 ease
929 2109 1050 2153 servum,
1063 2120 1137 2148 omni
1161 2117 1252 2145 studio
1270 2115 1332 2142 date
1346 2117 1467 2146 operam,
1481 2109 1509 2136 in
1522 2109 1585 2137 boni
1600 2116 1644 2136 re-

857 2171 898 2206 gis
913 2169 1003 2197 fmdus
1021 2174 1053 2194 ac
1063 2167 1125 2201 jura
1141 2167 1316 2190 concurrere.
1327 2158 1443 2193 Propter
1457 2157 1510 2206 hoc
1523 2154 1644 2189 denique

856 2201 938 2242 verus
963 2212 1093 2248 propheta
1117 2216 1179 2237 eum
1205 2211 1278 2235 esset
1305 2211 1425 2240 praesens
1450 2201 1603 2248 nobiscum,
1617 2203 1644 2227 et

857 2246 990 2295 quosdain
1004 2246 1038 2285 ex
1058 2255 1187 2283 divitibus
1200 2252 1368 2287 negligentes
1395 2256 1459 2283 erga
1471 2246 1517 2274 Dei
1539 2246 1644 2295 cultum

858 2291 974 2334 videret.
1000 2303 1083 2337 hujus
1113 2301 1152 2328 rei
1183 2300 1220 2326 ita
1244 2298 1352 2333 aperuit
1367 2296 1528 2324 veritatem:
1559 2291 1644 2318 Nemo

859 2355 954 2386 potest,
970 2349 1067 2384 inquit,
1080 2347 1181 2374 duobus
1203 2344 1316 2371 dominis
1330 2343 1441 2372 servire,
1458 2347 1511 2367 non
1535 2337 1644 2388 potestis

859 2397 914 2424 Deo
929 2395 1023 2423 servire
1038 2398 1061 2420 et
1085 2398 1243 2419 mammona:
1262 2389 1301 2422 ’9;
1327 2392 1481 2415 mammona
1494 2387 1582 2420 patria
1598 2389 1645 2409 co-

860 2449 920 2470 rum
934 2449 998 2468 voce
1009 2440 1120 2468 divitias
1134 2445 1245 2466 vocans.

894 2508 928 2536 X.
944 2508 994 2535 llic
1016 2514 1080 2542 ergo
1100 2510 1143 2534 est
1166 2513 1248 2532 verus
1267 2503 1410 2540 propheta,
1430 2501 1476 2537 qui
1505 2501 1533 2527 in
1549 2498 1643 2526 Judzca

860 2554 938 2581 nobis
952 2552 1079 2588 apparuit
1089 2555 1120 2578 ut
1137 2550 1269 2583 audistis;
1289 2549 1336 2584 qui
1361 2551 1436 2576 stans
1451 2545 1559 2581 publice
1585 2542 1643 2570 sola

857 2601 983 2636 jussione
1007 2599 1126 2626 faciebat
1141 2605 1228 2624 caecos
1243 2595 1345 2626 videre,
1361 2593 1460 2621 surdos
1483 2590 1586 2620 audire,
1603 2589 1644 2615 fu-

858 2647 939 2682 gabat
955 2646 1102 2677 daemones,
1124 2643 1204 2679 aegris
1226 2641 1369 2669 sanitatem
1388 2637 1518 2682 reddebat
1532 2638 1559 2662 et
1572 2640 1643 2682 mor-

858 2679 913 2719 tuis
925 2691 1017 2719 vitam.
1028 2691 1152 2725 Cumque
1165 2688 1231 2716 nihil
1244 2687 1269 2715 ei
1281 2689 1354 2714 esset
1367 2681 1545 2719 impossibile,
1556 2679 1640 2725 etiam

858 2738 1037 2772 cogitationes
1053 2724 1194 2763 hominum
1222 2731 1398 2769 pervidcbat,
1420 2727 1492 2762 quod
1518 2724 1584 2753 nulli
1598 2726 1641 2750 est

858 2783 989 2819 possibile
1018 2781 1072 2810 nisi
1095 2780 1145 2810 soli
1173 2779 1238 2807 Deo.
1256 2777 1305 2804 llic
1327 2772 1501 2803 annuntiavit
1524 2776 1643 2806 regnum
