1873 3095
211 149 283 178 4535

636 147 655 175 S
672 146 891 175 CLEMENTIS]
909 146 992 174 BOM.
1013 146 1114 175 ΡΟΝΤ.
1125 146 1239 175 ΟΡΕΚΔ
1259 146 1372 176 ΒυΒΙΔ.

1772 147 1828 176 1336

210 206 270 239 Dei,
283 207 327 234 cui
338 214 388 234 nos
399 206 433 234 de
443 205 571 234 omnibus
585 213 646 241 quze
658 205 774 239 dicebat,
791 209 921 241 tanquam
934 212 997 233 vero
1011 209 1034 237 Α
1049 205 1107 241 ipse
1117 205 1197 238 dixit,
1217 206 1282 241 quia
1299 205 1490 242 unusquisque
1505 205 1581 235 illius
1595 206 1627 234 ﬁt
1639 212 1740 234 servus
1750 206 1789 234 cui
1803 215 1828 234 se

211 253 350 288 propheta:
361 252 498 280 credimus
508 274 515 285 ,
532 252 687 279 ﬁrmitatem
700 251 761 279 ﬁdei
776 255 876 278 nostra!
885 258 938 279 non
952 259 997 279 so-

210 299 266 326 lum
278 306 312 325 ex
323 298 414 325 verbis
427 298 499 333 ejus,
512 298 559 325 sed
573 300 600 325 et
614 305 646 325 ex
667 298 797 332 operibus
811 302 995 330 assumentes,

210 344 275 380 quia
286 347 314 371 et
331 344 404 371 dicta
420 344 497 379 legis,
510 351 570 379 quae
578 347 641 371 ante
655 343 754 370 multas
765 344 952 378 generationes
963 344 996 372 de

210 390 355 425 praesentia
367 390 427 425 ejus
436 393 630 425 exposuerant,
641 389 670 416 in
683 390 744 424 ipso
755 389 995 424 consignabantur,

209 440 236 463 et
250 436 381 470 imagines
393 439 531 471 gestorum
545 435 629 471 Moysi
643 439 671 462 et
694 439 756 462 ante
774 435 862 470 ipsum
878 436 996 470 patriar-

208 481 267 509 clue
278 481 374 515 Iacob,
388 482 475 517 ipsius
488 490 535 517 per
556 482 647 509 omnia
661 486 753 517 typum
769 481 903 509 ferebant.
918 481 997 508 Tem-

208 532 261 562 pus
273 534 382 562 quoque
399 528 532 554 adventus
545 526 616 560 ejus,
643 526 694 553 hoc
709 530 762 557 est,
787 527 876 561 ipsum
898 527 926 554 in
942 535 996 562 quo

208 576 331 604 venerat,
348 572 508 607 pedictum
524 572 559 599 ab
571 572 611 599 eis
630 575 748 601 constat.
766 575 793 599 et
808 580 890 607 super
903 574 996 600 omnia

208 618 281 653 quod
293 622 364 646 esset
388 625 403 645 a
424 618 550 653 gentibus
562 617 762 653 exspectandus
772 637 780 648 .
796 618 883 646 sacris
898 619 996 647 litteris

208 664 436 699 comprehensum
450 667 504 695 est,
521 671 582 698 quae
591 663 618 690 in
633 671 665 690 eo
676 663 779 698 pariter
791 663 917 691 universa
924 671 997 691 com-

209 709 280 744 pleta
290 713 365 736 sunt.

245 753 291 781 XI.
313 753 392 787 Quod
413 756 504 780 autem
531 752 688 780 Judaaorum
714 753 846 788 propheta
870 751 996 787 praedixit

207 807 270 828 eum
283 807 298 827 a
313 799 441 836 gentibus
454 798 668 833 exspectandum
688 798 722 830 ",
745 806 828 833 supra
842 798 953 825 modum
966 798 995 826 in

207 853 241 872 eo
255 845 333 873 ﬁdem
351 845 408 872 veri
422 844 576 872 conﬁrmat.
590 843 618 871 Si
642 844 715 871 enim
738 844 853 871 dixisset
865 851 880 870 a
893 844 995 871 ludatis

207 891 433 926 exspectandum,
460 895 515 918 non
539 890 642 925 aliquid
665 891 795 917 eximium
816 890 995 926 prophetasse

207 938 356 970 videretur,
373 937 448 973 quod
469 945 484 964 a
508 937 654 964 contribuli
680 937 779 972 popqu
796 942 824 965 et
848 945 863 965 a
885 939 995 973 propria

208 988 291 1021 gente
311 988 468 1019 speraretur
492 984 532 1015 is,
555 983 635 1018 cujus
660 983 794 1011 adventus
821 983 855 1011 ad
878 984 995 1011 salutem

207 1030 407 1058 tuundil‘uerat
430 1029 629 1065 repromissus;
655 1029 794 1057 videretur
815 1029 887 1057 enim
909 1030 996 1065 magis

206 1076 410 1111 consequentia:
424 1075 495 1103 ratio
509 1083 581 1107 esse,
594 1079 623 1102 ut
632 1075 684 1102 hoc
697 1074 783 1107 ﬁeret,
796 1082 878 1110 quam
890 1076 996 1110 magni-

207 1121 315 1148 ﬁcentia
331 1121 510 1156 prophetalis.
522 1120 601 1148 Nunc
613 1126 702 1148 autem
715 1127 778 1148 cum
794 1121 934 1156 propheta:
951 1121 995 1149 di-

207 1171 285 1200 cunt,
299 1175 408 1195 omnem
431 1167 506 1194 illam
528 1175 603 1202 spem
617 1175 678 1202 qum
701 1166 734 1194 de
747 1167 835 1195 salute
847 1168 941 1194 mundi
956 1175 996 1196 re-

207 1214 388 1249 promittitur,
402 1216 431 1240 et
442 1212 589 1240 novitatem
602 1213 676 1248 regni
690 1221 750 1248 quae
766 1213 934 1242 instituenda
947 1221 996 1249 per

206 1260 347 1288 Christum
370 1263 422 1291 est,
437 1263 518 1294 atque
542 1259 634 1286 omnia
656 1267 716 1294 quae
730 1259 764 1287 de
777 1266 810 1287 eo
828 1259 993 1292 indicantur,

207 1307 242 1334 ad
256 1311 353 1343 gentes
374 1314 437 1334 esse
462 1305 664 1339 transferenda,
685 1306 740 1340 jam
768 1313 823 1333 non
844 1305 995 1333 secundum

207 1353 434 1388 consequentiam
461 1359 564 1382 rerum,
581 1351 628 1379 sed
652 1351 803 1379 incredibili
817 1351 935 1386 quodam
947 1358 995 1378 va-

206 1399 376 1426 ticinationis
401 1402 501 1426 eventu
527 1397 728 1433 magniﬁcentia
756 1397 914 1433 prophetica
933 1405 996 1425 con-

207 1446 342 1473 ﬁrmatur.
355 1444 442 1472 Judaei
465 1451 583 1479 namque
598 1451 632 1471 ex
650 1444 727 1471 initio
742 1443 835 1471 adfore
848 1444 995 1479 aliquando

207 1489 281 1516 hunc
297 1489 386 1515 virum
410 1496 460 1524 per
482 1496 563 1524 quem
587 1492 686 1515 cuncta
711 1492 920 1523 repararentur,
944 1496 994 1516 ve-

1048 251 1108 288 ipse
1120 252 1268 286 subiecerit
1279 252 1312 280 ".

1082 297 1150 326 Xlll.
1164 297 1311 333 Propterea
1325 305 1391 333 ergo
1401 298 1535 334 evigilate,
1543 302 1570 326 et
1579 297 1732 325 Dominum
1744 297 1828 325 Deum-

1046 350 1100 378 que
1113 347 1237 370 nostrum
1256 343 1334 370 vobis
1351 343 1491 375 ascribito.
1512 342 1662 370 Dominum
1676 343 1726 377 qui
1742 347 1768 369 et
1777 342 1830 369 ccli

1047 396 1079 416 ac
1087 393 1168 416 terrze
1179 388 1310 417 Dominus
1323 393 1376 421 est.
1392 395 1418 417 et
1430 389 1463 417 ad
1476 389 1563 425 ipsius
1585 397 1636 417 vos
1649 389 1793 424 imaginem
1803 396 1829 416 ac

1047 435 1253 464 similitudinem
1266 435 1424 467 reformate,
1438 436 1510 463 sicut
1524 436 1584 470 ipse
1595 443 1682 462 verus
1707 435 1830 470 propheta

1046 483 1137 514 docet,
1165 481 1279 509 dicens:
1303 481 1394 509 Estote
1408 481 1587 508 misericordes
1609 482 1682 508 sicut
1702 486 1729 508 et
1759 480 1832 508 Pam

1045 532 1129 555 uester
1140 526 1252 553 celestis
1279 527 1427 553 misericors
1441 530 1490 558 est,
1513 527 1559 561 qui
1581 527 1650 553 oriri
1667 526 1736 560 facit
1758 526 1831 553 solem

1045 581 1120 602 suum
1135 581 1213 607 super
1225 572 1306 600 bonos
1320 578 1345 600 et
1360 574 1456 605 malos,
1472 578 1497 600 et
1515 573 1582 607 pluit
1603 580 1685 607 super
1697 572 1789 607 justas
1810 578 1831 600 et

1045 618 1157 652 injustas
1172 617 1204 644 ".
1217 616 1296 644 Hunc
1309 625 1373 653 ergo
1383 617 1527 645 imitamini
1539 623 1565 645 et
1575 618 1651 644 hunc
1665 617 1775 651 timete,
1785 618 1832 644 sic-

1046 667 1076 690 ut
1093 662 1251 689 mandatum
1275 661 1356 688 datur
1382 661 1558 690 hominibus:
1582 662 1733 689 Dominum
1756 661 1832 689 Dant

1047 715 1119 736 tuum
1135 708 1271 739 adorabis,
1282 711 1308 733 et
1322 708 1372 742 ipsi
1385 708 1436 735 sali
1461 709 1556 736 servies
1574 709 1608 736 ⁸³.
1625 707 1749 743 Expedit
1766 709 1833 735 enim

1045 755 1124 783 vobis
1143 755 1207 782 huic
1231 754 1279 781 uni
1296 753 1410 781 Domino
1434 754 1548 786 servire,
1571 757 1602 780 ut
1615 761 1666 788 per
1688 753 1835 788 ipsamco-

1045 805 1207 836 gnoseentes
1229 809 1314 829 unum
1344 800 1440 834 Deum,
1458 807 1473 827 a
1495 799 1591 828 multis
1604 807 1676 834 quos
1702 799 1835 826 inutiliter

1046 847 1195 879 tiinebatis,
1208 847 1372 875 liberemini.
1394 845 1445 878 Qui
1456 846 1529 873 enim
1548 851 1703 873 creatorem
1716 846 1835 873 omnium

1046 900 1100 920 non
1116 893 1193 920 timet
1204 892 1300 924 Deum,
1318 892 1366 920 sed
1386 899 1435 919 eos
1448 892 1525 919 timet
1540 899 1612 926 quos
1633 892 1694 926 ipse
1710 891 1835 919 manibus
1870 923 1871 929 κ

1046 939 1105 967 suis
1127 938 1208 970 fecit,
1228 938 1293 974 quid
1324 938 1377 966 nisi
1400 945 1472 965 vano
1494 943 1522 965 et
1542 937 1634 964 inutili
1656 938 1834 973 semetipsum

1045 985 1194 1013 obnoxium
1205 984 1271 1011 facit
1288 983 1398 1011 timori?
1413 983 1594 1017 vilioremque
1609 990 1641 1010 se
1664 986 1690 1009 et
1705 983 1836 1017 abjectio-

1045 1038 1102 1059 rem
1114 1030 1204 1058 reddit
1215 1037 1297 1065 quam
1312 1033 1377 1056 sunt
1403 1028 1450 1055 illa
1471 1028 1543 1063 ipsa,
1566 1035 1687 1063 quorum
1710 1027 1835 1054 timorem

1045 1080 1136 1105 mente
1147 1076 1280 1111 concepit.
1293 1075 1365 1108 Quin
1380 1075 1472 1110 potius
1485 1082 1534 1109 per
1548 1074 1704 1101 bonitatem
1719 1075 1782 1109 ejus
1793 1073 1835 1108 qui

1044 1122 1208 1154 vosinvitat,
1222 1122 1308 1149 redite
1323 1121 1357 1148 ad
1379 1121 1496 1156 priorem
1510 1120 1686 1147 nobilitatem
1708 1124 1835 1151 vestram,

1044 1172 1072 1196 et
1094 1175 1126 1195 ex
1141 1167 1222 1196 bonis
1243 1166 1363 1198 actibus,
1391 1165 1462 1200 quod
1488 1165 1576 1201 ipsius
1595 1166 1739 1193 creatoris
1758 1166 1836 1193 vestri

1045 1214 1190 1250 imaginem
1201 1214 1327 1249 portetis,
1340 1213 1489 1245 ostendite,
1501 1217 1530 1240 ut
1544 1221 1578 1240 ex
1601 1212 1835 1247 contemplatione

1045 1260 1235 1288 similitudinis
1263 1260 1351 1295 ipsius
1379 1260 1461 1288 etiam
1492 1259 1540 1286 ﬁlii
1567 1259 1631 1294 ejus
1659 1266 1726 1287 esse
1746 1259 1835 1286 creda-

1044 1307 1122 1334 mini.

1079 1351 1150 1379 ιιν.
1165 1351 1280 1386 Incipite
1294 1358 1360 1386 ergo
1371 1359 1386 1378 a
1405 1350 1532 1379 sensibus
1542 1350 1645 1378 vestris
1660 1350 1785 1385 abjicere
1795 1359 1835 1377 va-

1044 1406 1095 1426 nas
1108 1398 1243 1426 idolorum
1257 1398 1364 1434 species
1375 1403 1456 1433 atque
1466 1398 1581 1426 inutiles
1601 1402 1629 1425 et
1644 1398 1750 1426 inanes
1765 1398 1837 1425 timo-

1044 1451 1099 1477 res,
1125 1449 1155 1472 ut
1181 1445 1264 1472 simul
1284 1445 1365 1472 etiam
1387 1443 1574 1471 conditionem
1597 1444 1718 1478 possitis
1743 1444 1837 1479 iniqu:

1045 1490 1186 1520 servitutis
1196 1489 1324 1525 eﬁ‘ugere.
1336 1489 1444 1517 Domini
1457 1490 1558 1517 etenim
1569 1491 1659 1518 vestri
1670 1490 1767 1518 eﬁ‘ecti
1779 1495 1837 1518 sunt

207 1535 316 1562 rissima
327 1534 474 1562 traditione
488 1539 678 1570 susceperant,
689 1539 717 1561 et
728 1534 851 1569 quotidie
861 1535 995 1562 meditan-
1007 1548 1028 1579 ο
1046 1538 1095 1571 illi,
1103 1538 1150 1573 qui
1167 1545 1200 1565 ne
1213 1537 1284 1564 servi
1296 1536 1405 1571 quidem
1414 1537 1497 1564 utiles
1508 1537 1587 1564 vobis
1596 1545 1661 1565 esse
1673 1538 1837 1572 potuissent.

207 1582 250 1606 tes
260 1586 291 1605 ac
307 1578 528 1614 prospicientes,
556 1579 666 1614 quando
680 1579 741 1614 ejus
758 1579 833 1606 ﬁeret
849 1579 992 1612 adventus.

207 1625 254 1653 ubi
273 1625 370 1653 adesse
383 1633 446 1653 eum
458 1625 588 1652 viderunt
600 1626 716 1661 etsigna
732 1632 764 1653 ac
776 1625 911 1661 prodigia,
924 1626 996 1654 sicut

207 1673 242 1698 de
256 1679 290 1699 eo
301 1672 432 1706 scriptum
446 1671 537 1699 fuerat
547 1691 554 1702 ,
568 1671 772 1707 adimplentem,
791 1672 892 1700 invidia
908 1680 995 1700 esca!-

207 1717 261 1745 cati
274 1725 420 1752 agnoscere
431 1718 612 1752 nequiverunt
627 1721 798 1752 praesentem,
813 1718 841 1745 in
855 1718 935 1753 cujus
945 1726 994 1754 spe

208 1763 370 1791 laetabantur
381 1763 520 1797 absentis;
539 1763 722 1791 intelleximus
741 1767 832 1792 tamen
846 1764 926 1800 pauci
942 1773 994 1793 nos

207 1810 254 1844 qui
277 1809 311 1836 ab
321 1817 355 1836 eo
366 1809 446 1836 electi
461 1817 567 1836 sumus.

244 1854 302 1883 XII.
317 1854 375 1882 Hoc
389 1859 478 1882 autem
499 1854 671 1890 providentia
702 1853 751 1882 Dei
767 1853 871 1882 factum
891 1859 943 1887 est,
965 1859 995 1883 ut

209 1902 312 1936 agnitio
323 1901 387 1928 boni
407 1900 489 1935 hujus
506 1901 588 1928 etiam
600 1900 728 1936 gentibus
743 1900 909 1934 traderetur,
925 1905 952 1929 et
967 1902 994 1929 hi

209 1949 256 1984 qui
271 1955 410 1982 nunquam
424 1947 457 1975 de
474 1955 506 1974 eo
520 1947 663 1975 audierant
688 1955 740 1975 nec
760 1955 776 1974 a
801 1947 941 1983 prophetis
953 1948 996 1975 di-

209 1995 344 2026 dicerant,
358 1998 537 2029 agnoscerent
548 2000 621 2027 eum,
640 1993 679 2021 illi
693 2001 758 2020 vero
769 1993 815 2028 qui
829 1993 995 2028 quotidianis

210 2041 437 2070 meditationibus
451 2044 630 2076 agnoverant,
650 2040 819 2074 ignorarent.
836 2039 904 2067 Ecce
921 2040 994 2067 enim

212 2095 260 2124 per
271 2095 320 2114 vos
331 2094 404 2114 nunc
416 2085 461 2121 qui
473 2089 622 2121 praesentes
633 2085 701 2112 estis
709 2104 717 2116 ,
731 2088 758 2112 et
771 2085 934 2112 desideratis
946 2092 994 2112 au-

211 2134 271 2162 dire
282 2133 434 2160 doctrinam
447 2131 507 2158 ﬁdei
520 2131 581 2166 ejus
591 2135 618 2158 et
641 2138 789 2165 agnoscere
799 2130 872 2166 quis,
893 2135 920 2158 et
939 2138 995 2166 quo

212 2180 304 2210 modo,
318 2182 345 2206 et
356 2178 446 2213 qualis
458 2177 493 2204 sit
505 2177 565 2211 ejus
587 2176 720 2204 adventus
729 2196 736 2207 ,
752 2176 910 2212 prophetica
921 2177 993 2204 veri-

211 2229 255 2252 tas
279 2223 452 2258 adimpletur.
472 2221 529 2249 Hoc
549 2225 592 2250 est
614 2221 688 2248 enim
709 2221 781 2256 quod
809 2222 993 2257 praedixerunt
1008 2217 1030 2246 Ῑ)

212 2270 362 2306 prophetae,
375 2268 441 2304 quia
456 2275 471 2294 a
484 2267 562 2295 vobis
579 2267 745 2302 quaerendus
763 2272 847 2300 esset,
858 2269 905 2303 qui
918 2269 951 2297 de
962 2276 995 2296 eo

212 2322 352 2349 nunquam
372 2313 489 2341 audistis
497 2313 529 2340 '°.
546 2312 580 2339 Et
591 2312 653 2339 ideo
663 2311 787 2340 videntes
797 2313 824 2339 in
836 2313 914 2340 vobis
927 2313 995 2349 ipsis

213 2357 373 2394 prophetica
387 2357 460 2384 dicta
476 2356 617 2391 compleri,
632 2356 696 2383 huic
718 2356 765 2383 uni
788 2361 862 2384 recte
872 2358 994 2390 creditis.

213 2403 288 2432 hunc
299 2407 372 2430 recte
394 2403 570 2438 exspectatis,
584 2402 618 2429 de
644 2401 697 2429 hoc
712 2407 786 2430 recte
799 2403 948 2438 inquii-itis,
966 2409 996 2432 ut

213 2457 269 2478 non
280 2449 368 2476 solum
385 2448 548 2483 exspectetis
562 2455 636 2479 eum,
651 2448 698 2475 sed
714 2452 741 2476 et
756 2448 940 2477 haereditatem
949 2457 994 2477 re-

214 2496 261 2531 gni
280 2495 340 2530 ejus
351 2495 493 2523 credentes
515 2494 731 2529 conscquamiui,
757 2495 906 2522 secundum
922 2497 996 2531 quod

250 2573 273 2589 “
285 2571 353 2611 _Gen.
366 2581 438 2611 stis,
452 2573 495 2601 10.
533 2573 555 2590 ³ο
568 2572 620 2601 lsa.
636 2581 698 2605 va,
714 2573 740 2600 1.
779 2573 800 2589 ³¹
813 2573 891 2602 Joan.
908 2583 968 2607 vm,
982 2575 1027 2603 54.
1066 2576 1071 2592 ¹

1080 2577 1088 2592 ¹
1104 2575 1169 2604 Luc.
1183 2585 1221 2610 v1,
1235 2577 1291 2611 56;
1321 2577 1416 2605 Matth.
1430 2586 1456 2610 v,
1482 2578 1528 2606 45.

216 2608 312 2636 Matth.
330 2616 366 2640 tv,
383 2609 426 2636 lt).

1044 1583 1186 1618 Quomodo
1200 1583 1273 1610 enim
1288 1582 1436 1610 simulacra
1458 1583 1586 1610 exanima
1601 1584 1647 1610 vel
1669 1584 1706 1611 ad
1722 1584 1836 1611 servitu-

1044 1633 1098 1656 tem
1114 1628 1194 1655 vobis
1208 1628 1367 1655 viderentur
1385 1627 1496 1660 idonea,
1513 1635 1576 1655 cum
1598 1636 1694 1664 neque
1715 1630 1837 1658 audiant.

1045 1683 1133 1710 neque
1143 1674 1264 1706 videant,
1286 1681 1375 1709 neque
1397 1674 1501 1709 aliquid
1521 1675 1667 1702 sentiant?
1690 1676 1748 1704 nisi
1772 1675 1838 1711 quod

1045 1721 1104 1756 ipsa
1116 1720 1212 1748 saltem
1223 1720 1338 1747 materia
1350 1727 1382 1746 ex
1393 1727 1447 1755 qua
1457 1720 1530 1747 facta
1540 1724 1616 1752 sunt,
1628 1721 1692 1749 sive
1705 1723 1839 1751 auri.si\e

1045 1767 1162 1802 argenti,
1173 1766 1215 1794 vel
1238 1766 1320 1793 etiam
1342 1766 1406 1793 teris
1425 1769 1472 1792 aut
1487 1766 1565 1802 ligni,
1578 1774 1642 1794 cum
1661 1769 1756 1802 possit
1767 1769 1839 1795 vobis

1044 1813 1077 1840 ad
1093 1820 1159 1841 usus
1172 1811 1347 1839 necessarios
1361 1811 1502 1846 prodesse,
1525 1819 1574 1839 vos
1589 1820 1623 1840 ex
1645 1821 1680 1840 ea
1695 1813 1840 1841 formando

1044 1858 1122 1891 deos,
1135 1859 1250 1886 otiosam
1262 1865 1310 1894 per
1321 1859 1413 1885 omnia
1429 1865 1489 1884 eam
1502 1863 1584 1893 atque
1601 1858 1736 1886 inutilem
1752 1860 1839 1887 reddi-

1044 1904 1137 1934 distis.
1157 1904 1214 1932 Nos
1237 1911 1304 1939 ergo
1326 1903 1522 1932 annuntiamus
1551 1904 1632 1932 vobis
1668 1913 1772 1932 verum
1796 1905 1838 1932 Dei

1044 1952 1160 1983 cultum,
1176 1951 1312 1987 simulque
1331 1957 1474 1979 monemus
1493 1953 1521 1976 et
1547 1950 1699 1977 hortamur
1708 1952 1836 1978 cultores.

1045 2001 1074 2024 ut
1085 2004 1134 2032 per
1147 1997 1233 2024 bonos
1243 2003 1320 2025 actus
1332 1997 1472 2024 imitentur
1481 2003 1544 2024 eum
1555 2003 1638 2031 quem
1651 1997 1764 2027 colunt,
1776 2002 1801 2025 et
1810 1999 1836 2023 ad

1045 2042 1189 2078 imaginem
1204 2050 1236 2070 ac
1249 2042 1459 2070 similitudinem
1473 2042 1545 2077 ejus,
1566 2045 1598 2068 ut
1617 2043 1758 2076 superius
1773 2043 1835 2070 dixi~

1045 2097 1118 2121 mus,
1132 2089 1222 2117 redire
1234 2089 1376 2117 festinent.

1079 2133 1137 2162 XV.
1153 2133 1240 2162 Velim
1253 2137 1343 2162 autem
1355 2134 1480 2162 dicerent
1498 2134 1564 2162 mihi
1585 2134 1614 2161 hi
1639 2135 1691 2169 qui
1703 2134 1781 2162 idola
1792 2142 1833 2162 ro-

1047 2181 1116 2213 lunt,
1127 2180 1151 2207 si
1162 2183 1258 2216 Optant
1272 2180 1376 2208 similes
1387 2180 1444 2207 ﬁeri
1461 2180 1503 2207 his
1521 2187 1592 2216 quos
1603 2180 1714 2207 colunt.
1738 2180 1833 2207 Vultus

1045 2227 1143 2261 aliquis
1156 2229 1275 2254 vestrum
1292 2226 1333 2254 sic
1352 2225 1445 2253 videre
1462 2225 1600 2260 quomodo
1620 2225 1661 2252 illi
1674 2226 1790 2253 vident?
1811 2230 1833 2251 et

1045 2274 1085 2300 sic
1094 2273 1195 2300 audire‘
1205 2273 1342 2307 quomodo
1358 2272 1397 2299 illi
1408 2271 1540 2299 audiunt'l
1552 2272 1594 2299 sic
1608 2271 1717 2299 habere
1728 2279 1833 2299 sensum

1044 2317 1182 2352 quomodo
1194 2317 1233 2344 illi
1247 2317 1371 2345 habent?
1385 2317 1464 2344 Absit
1481 2317 1532 2344 hoc
1541 2317 1576 2344 ab
1600 2324 1776 2353 unoquoque
1791 2324 1833 2343 au-

1045 2363 1193 2396 dientium;
1209 2362 1261 2390 hoc
1270 2362 1344 2390 enim
1356 2362 1530 2390 maledictum
1542 2362 1634 2397 potius
1643 2367 1673 2390 et
1684 2364 1833 2390 convicium

1045 2408 1211 2436 credendum
1225 2413 1268 2436 est
1284 2408 1340 2444 (Π)
1355 2407 1470 2439 homini,
1483 2407 1531 2442 qui
1548 2408 1699 2443 imaginem
1711 2408 1761 2436 Dei
1774 2409 1800 2436 in
1811 2416 1834 2434 se

1048 2454 1128 2489 gerit,
1152 2454 1259 2482 etiamsi
1275 2453 1481 2481 similitudinem
1506 2454 1640 2488 perdidit.
1657 2454 1764 2488 Quales
1777 2462 1834 2488 ergo

1049 2499 1088 2526 dii
1099 2498 1217 2526 habendi
1231 2503 1295 2525 sunt
1305 2498 1363 2530 isti,
1381 2505 1452 2533 quos
1479 2497 1582 2525 imitari
1608 2499 1786 2527 exsecrabile
1805 2503 1833 2526 sst

1585 2577 1704 2607 "Deut.
1726 2587 1767 2612 vi,
1796 2579 1832 2610 l3;

863 2653 1048 2683 COTELERII
1063 2654 1181 2683 ΝΟΤᾸΕ.

251 2725 307 2760 (Π)
328 2725 385 2752 Hoc
407 2725 475 2760 enim
501 2724 669 2752 maledictum
690 2725 776 2760 politis
805 2723 997 2760 etrcongicium

216 2758 372 2787 credendum
382 2766 430 2787 est.
449 2759 500 2792 Qui
516 2761 584 2787 solet
601 2760 731 2795 appellari
745 2758 999 2795 VEusebiusEmis’e-

217 2794 397 2826 nus,homilia
407 2795 480 2828 quod
494 2795 565 2821 idola
576 2793 628 2821 coli
639 2793 692 2822 non
708 2794 824 2821 debeant
838 2803 843 2820 :
859 2793 909 2820 Dic
923 2794 997 2826 mihi,

218 2837 276 2864 cum
294 2830 393 2863 lignum
407 2830 537 2856 veneraris
553 2837 584 2856 ac
599 2829 722 2864 lapidem,
744 2829 768 2864 si
787 2828 833 2855 tibi
847 2828 996 2864 diceretur:

221 2863 295 2890 Talis
310 2864 346 2890 sis
365 2864 450 2899 qualis
468 2863 530 2891 deus
553 2869 630 2897 tum;
653 2863 768 2899 nunquid
786 2872 837 2891 non
854 2863 996 2891 convicium

1048 2726 1184 2753 crederes?
1200 2724 1316 2760 nunquid
1326 2733 1377 2752 non
1388 2725 1500 2758 iniurias
1512 2731 1681 2760 computum
1689 2728 1702 2755 .’
1716 2727 1751 2754 Et
1762 2729 1831 2754 illul

1049 2764 1074 2786 te
1084 2769 1134 2787 non
1147 2760 1225 2794 pudet
1240 2761 1368 2791 venerari.
1387 2760 1462 2794 cujus
1483 2768 1508 2787 Ie
1530 2761 1615 2788 nolles
1635 2762 1829 2789 similitudine-

1048 2795 1112 2825 dici,
1123 2795 1166 2822 cui
1177 2800 1199 2822 te
1208 2794 1371 2822 erubescens
1382 2796 1534 2830 comparari
1543 2797 1556 2823 2’
1572 2795 1606 2822 Et
1622 2797 1664 2823 illi
1678 2797 1774 2823 tribuis
1789 2797 1829 2823 Dei

1048 2830 1156 2865 mltum.
1179 2831 1222 2856 cui
1241 2835 1264 2857 te
1280 2829 1424 2858 assimilcri
1446 2831 1636 2865 gravissimum
1660 2837 1767 2862 putares
1781 2838 1827 2859 rut

1050 2864 1236 2893 maledictum?
