1873 3095
48 113 106 142 I357

631 108 913 139 RECOGNITIONUM
930 111 996 140 LIB.
1016 111 1048 140 ν.

1585 115 1655 143 I338

45 170 181 198 cultoribus
192 169 260 202 suis,
273 177 390 205 quorum
416 169 624 198 similitudinem
642 171 743 198 habere
754 178 816 198 con—
829 172 852 199 Α
867 171 989 203 stiones,
1004 171 1050 206 qui
1066 171 1143 206 quasi
1167 178 1216 207 per
1238 171 1408 206 prudentiam
1428 172 1529 208 decipit
1553 181 1611 206 vos,
1627 178 1655 203 et

45 217 143 244 tumelia
156 220 198 244 est
209 216 220 243 Τ
231 217 301 249 Quid
317 218 399 252 ergo?
414 215 518 244 Solvite
534 217 682 244 simulacra
696 217 814 248 inutilia,

42 267 64 290 et
75 262 150 289 facile
162 269 227 289 vasa
239 262 317 289 utilia
329 262 402 299 (I8);
416 262 514 290 solvite
527 262 643 290 otiosam
654 262 817 297 pigramque

43 308 182 340 materiam,
196 313 222 336 et
245 308 326 336 facite
350 308 470 336 humano
488 308 550 335 usui
572 312 635 344 apta
652 309 814 336 ministeria.

43 354 89 382 Sed
103 363 154 382 non
168 355 274 387 sinunt,
288 355 388 390 inquit,
415 355 488 390 leges
503 355 638 382 humanae.
656 355 738 388 Bene,
753 355 816 390 quia

42 398 155 426 humanae
163 399 246 433 leges,
259 404 285 427 et
298 407 351 426 non
361 399 482 434 ipsorum
495 399 742 433 virtus.Quomodo
752 407 817 434 ergo

41 444 73 470 dii
84 449 145 471 sunt
167 445 215 480 qui
236 445 364 472 humanis
388 445 493 480 legibus
515 449 541 472 et
556 453 610 473 non
635 446 693 473 suis
710 446 816 473 viribus

40 488 232 517 defenduntur?
243 490 339 526 sicque
355 494 382 518 et
400 498 415 517 a
428 490 537 518 furibus
559 499 659 518 canum
670 491 771 526 vigiliis
788 495 816 519 et

39 535 212 562 claustrorum
240 535 436 562 munitionibus
449 542 664 568 conservantur,
676 540 703 564 et
723 537 775 564 hoc
791 537 815 564 si

38 581 130 610 fuerint
140 587 271 619 argentea
286 584 328 611 vel
345 591 428 611 aurea
438 584 481 611 vel
493 585 576 612 etiam
589 593 680 617 azrea;
696 593 758 613 nam
777 586 816 613 la-

38 627 108 662 pidea
118 634 145 656 et
155 628 253 657 fictilia
270 630 330 664 ipsa
354 630 397 657 sui
414 631 519 658 vilitate
540 632 714 663 muniuntur,
734 639 816 659 nemo

37 674 101 700 enim
119 674 256 709 lapideum
283 680 330 704 aut
359 677 469 704 fictilem
490 677 570 704 deum
598 677 713 705 furatur.
737 677 815 705 Unde

38 721 244 750 miserabiliores
265 722 391 751 videntur
408 723 446 755 hi,
473 723 574 758 quibus
597 724 746 759 pretiosius
763 732 816 753 me.

37 767 121 794 talium
135 769 258 803 pericula
271 769 404 796 viciniora
417 770 566 804 conquirit.
585 769 637 803 Qui
651 778 717 806 ergo
729 771 815 798 furari

37 819 152 847 possunt,
164 816 211 850 qui
227 815 262 842 ab
274 815 431 844 hominibus
441 816 586 848 cuStodiri,
597 817 644 852 qui
658 816 770 844 conﬂari
788 820 815 844 et

36 861 142 896 appendi
155 865 183 889 et
198 862 305 890 malleis
317 862 398 896 caedi,
412 863 459 890 isti
470 863 627 891 hominibus
640 871 752 892 sensum
763 865 814 892 ha-

35 907 154 935 bentibus
165 908 205 935 dii
220 908 322 936 debent
333 909 441 936 videri?

65 953 131 981 XVI.
149 953 171 980 0
186 954 216 982 in
236 959 367 989 quantam
382 955 522 983 miseriam
538 956 698 984 mortalium
713 957 814 986 decidit

34 999 219 1035 intelligentia!
234 1000 301 1028 Nam
318 1002 342 1029 si
357 1006 482 1030 mortuos
495 1001 592 1030 timere
614 1010 730 1031 summa:
746 1005 814 1032 stul-

33 1046 93 1073 titiae
104 1045 225 1079 ducitur,
248 1047 312 1082 quid
329 1048 484 1083 iudicemus
509 1049 542 1076 de
563 1049 605 1077 his
626 1051 673 1085 qui
693 1050 814 1080 deterius

33 1090 137 1125 aliquid,
149 1099 234 1126 quam
249 1097 313 1119 sunt
328 1094 440 1126 mortui,
451 1094 566 1121 timent?
578 1094 628 1121 ista
641 1095 714 1122 enim
728 1096 814 1123 simu-

33 1136 99 1164 lacra
109 1145 159 1165 nec
170 1138 200 1165 in
210 1142 381 1166 mortuorum
396 1147 511 1166 numero
520 1139 645 1167 habenda
659 1145 734 1173 sunt,
748 1142 812 1176 quia

32 1190 163 1219 nunquam
173 1184 311 1212 vixerunt.
336 1184 508 1214 Praeferenda
527 1191 592 1214 sunt
613 1187 653 1215 eis
670 1187 754 1215 etiam
768 1195 812 1216 se-

32 1229 118 1262 pulcra
129 1233 460 1267 mortuorum,quoniam,
471 1233 534 1261 licet
545 1241 617 1261 nunc
624 1235 724 1262 mortui
736 1239 812 1268 sunt,

31 1275 178 1304 habuerunt
193 1281 284 1305 tamen
296 1279 443 1313 aliquando
453 1279 536 1306 vitam
549 1288 557 1313 ;
578 1279 623 1307 isti
636 1285 725 1308 autem
742 1289 811 1316 quos

30 1321 122 1353 colitis,
133 1329 184 1351 nec
200 1330 260 1350 eam
273 1323 384 1359 quidem
410 1332 471 1359 qua:
493 1329 535 1352 est
547 1324 574 1352 in
587 1326 715 1354 omnibus
729 1330 812 1354 teter-

31 1366 104 1398 rima.
118 1375 248 1396 ranarum
260 1376 293 1396 ac
303 1369 443 1397 bubonum
458 1371 542 1398 vitam
562 1371 709 1406 aliquando
718 1379 811 1408 gesse.

31 1416 97 1440 runt.
106 1411 234 1449 Sedquid
246 1422 316 1450 opus
327 1419 370 1444 est
382 1416 416 1443 de
426 1416 470 1444 his
484 1417 563 1452 plura
575 1425 810 1451 memorare,cum

31 1458 139 1486 subiciat
151 1460 245 1489 dicere
264 1461 290 1489 ei
310 1461 357 1497 qui
380 1461 477 1490 adorat
495 1470 528 1490 ea
552 1472 558 1490 :
578 1462 638 1490 Non
657 1463 735 1491 vides
745 1464 810 1499 quia

866 218 941 245 velut
966 218 1072 245 ratione
1095 218 1213 252 quadam
1235 218 1320 253 serpit
1343 226 1393 254 per
1413 226 1512 246 sensus
1533 224 1652 252 vestros,

867 267 949 297 atque
959 262 994 289 ab
1009 262 1068 297 ipso
1081 262 1184 290 vertice
1203 262 1336 297 incipiens
1357 270 1406 300 per
1427 262 1570 291 interiores
1584 263 1654 293 dila-

866 309 940 336 bitur
954 309 1096 339 medullas.
1112 309 1218 336 lucrum
1238 317 1364 344 magnum
1388 314 1550 344 computans
1571 310 1653 337 dece-

867 356 986 390 ptiouem
1010 359 1138 383 vestram.
1160 355 1302 383 Iuterserit
1325 363 1391 391 ergo
1413 356 1540 383 sensibus
1554 357 1653 384 vestris

866 403 1010 438 opiniones
1030 410 1257 437 quorumcunque
1278 403 1407 435 deorum,
1427 407 1532 430 tantum
1555 407 1585 430 ut
1604 412 1653 432 vos

866 449 900 477 ab
915 450 994 477 unius
1007 449 1054 477 Dei
1070 453 1178 477 revocet
1194 450 1256 482 fide,
1273 450 1363 478 sciens
1378 455 1516 485 peccatum
1532 455 1652 478 vestrum

865 503 945 524 suum
962 503 1023 524 esse
1036 496 1174 524 solatium.
1195 495 1242 523 Ille
1255 496 1327 524 enim
1344 504 1393 531 pro
1414 497 1535 532 nequitia
1553 504 1603 524 sua
1618 497 1654 525 ab

866 542 945 569 initio
959 547 1057 569 terram
1073 541 1154 570 edere
1177 541 1374 570 condemnatus
1394 547 1445 573 est.
1466 547 1576 578 propter
1589 551 1653 571 eum

865 596 946 623 quem
961 588 995 616 de
1014 592 1088 616 terra
1111 593 1296 624 assumptum,
1313 589 1411 616 iterum
1428 590 1526 617 resolvi
1545 590 1610 617 fecit
1624 590 1653 618 in

864 638 977 667 terram,
997 643 1084 670 usque
1108 636 1142 663 ad
1163 639 1271 670 tempus
1291 643 1346 671 quo
1368 636 1466 663 anima:
1485 641 1583 664 vestra:
1604 645 1654 673 per

865 681 954 717 ignem
969 682 1100 709 traductae
1115 687 1286 717 reparentur,
1301 683 1373 710 sicut
1386 683 1454 710 alias
1473 682 1507 710 de
1521 683 1573 710 hoc
1592 684 1652 719 ple-

865 726 928 754 nius
942 726 1129 754 edocebimus.
1141 726 1181 754 Ex
1195 727 1255 762 ipso
1269 735 1334 762 ergo
1355 731 1419 755 sunt
1434 735 1529 755 omnes
1544 735 1652 757 errores

864 777 892 801 et
902 773 1105 808 ambiguitates,
1118 773 1218 808 quibus
1231 773 1267 800 ab
1284 773 1367 800 unius
1382 772 1428 800 Dei
1445 773 1497 801 [ide
1511 778 1538 801 et
1552 773 1652 802 credu-

865 818 941 845 litate
951 817 1165 846 conturbamini.

901 862 994 891 XVIII.
1011 863 1043 890 Et
1058 863 1146 898 primo
1161 863 1283 890 omnium
1307 863 1419 897 subjicit
1439 863 1651 898 cogitationibus

863 909 1017 941 hominum.
1034 913 1064 936 ut
1079 916 1114 937 ne
1129 909 1243 936 audiant
1264 909 1346 937 verba
1368 909 1501 940 veritatis.
1522 917 1570 944 per
1590 917 1652 944 qua:

863 955 998 982 malorum
1020 954 1203 990 ignorantiam
1228 953 1333 990 fugent.
1356 954 1388 982 Et
1410 954 1462 982 hoc
1485 955 1550 982 facit
1571 955 1651 990 quasi

862 1000 1007 1028 occasione
1028 1000 1142 1028 alterius
1166 1000 1299 1032 scientiae,
1323 1007 1484 1028 asseverans
1508 1000 1549 1028 eis
1576 1000 1649 1027 illam

863 1046 1019 1081 opinionem
1033 1053 1086 1081 qua
1101 1049 1216 1072 utuntur
1233 1045 1355 1081 plurimi,
1377 1050 1406 1072 ut
1428 1049 1524 1080 putent
1538 1053 1568 1073 se
1588 1053 1651 1073 reos

863 1092 970 1120 futuros
981 1100 1036 1119 non
1047 1099 1108 1120 esse
1123 1092 1146 1119 si
1161 1092 1188 1119 in
1203 1092 1356 1127 ignarantia
1372 1091 1483 1123 fuerint,
1498 1099 1549 1119 nec
1563 1091 1652 1118 reddi-

861 1141 939 1165 turos
953 1143 1014 1166 eSSc
1026 1138 1160 1165 rationem
1180 1145 1230 1173 pro
1247 1137 1290 1165 his
1306 1145 1367 1172 quae
1391 1145 1445 1164 nou
1460 1137 1608 1170 audierint,
1623 1141 1651 1164 et

861 1183 923 1211 ideo
937 1190 953 1210 a
965 1183 1047 1211 verbo
1060 1183 1199 1210 declinare
1213 1191 1260 1211 eos
1277 1183 1373 1211 suadet
1384 1183 1516 1210 auditum.
1534 1182 1587 1210 Sed
1604 1191 1651 1210 ac-

861 1230 943 1265 cipite
955 1233 1051 1257 contra
1064 1230 1120 1257 haec
1135 1239 1142 1257 :
1158 1230 1216 1265 ipsa
1231 1237 1280 1265 per
1300 1230 1475 1264 semetipsam
1493 1229 1650 1264 ignorantia

860 1275 1057 1303 validissimum
1075 1283 1209 1303 venenum
1223 1279 1280 1308 est,
1296 1275 1369 1310 quod
1382 1275 1499 1302 sufﬁciat
1519 1276 1649 1308 animam,

861 1321 935 1348 nulla
950 1321 1120 1348 extrinsecus
1134 1321 1248 1356 quaesita
1263 1320 1417 1355 adjectione
1428 1340 1435 1352 ,
1456 1320 1600 1354 perimere.
1619 1320 1651 1348 Et

860 1368 922 1396 ideo
937 1375 1018 1395 nemo
1033 1371 1075 1396 est
1087 1367 1135 1402 qui
1148 1368 1289 1402 ignorans,
1306 1375 1355 1402 per
1373 1367 1424 1394 hoc
1438 1366 1511 1402 quod
1530 1367 1648 1402 ignorat,

860 1413 969 1446 evadat,
990 1413 1039 1441 sed
1053 1417 1158 1441 certum
1174 1417 1217 1440 est
1236 1413 1310 1448 quod
1334 1413 1461 1440 intereat.
1484 1412 1651 1440 Naturaliter

860 1460 932 1488 enim
959 1464 1134 1494 peccatorum
1156 1459 1198 1487 vis
1222 1459 1355 1486 interimit
1385 1463 1570 1494 peccatorem.
1597 1458 1651 1488 Sed

31 1512 103 1538 quem
115 1506 228 1539 adoras.
250 1515 306 1534 non
320 1507 409 1536 videt?
429 1507 492 1535 audi
511 1509 576 1543 quia
595 1516 677 1543 quem
697 1509 808 1545 adoras,
822 1520 846 1551 ο
860 1506 989 1542 quoniam
1002 1506 1138 1540 judicium
1152 1506 1315 1534 rationabile
1326 1505 1388 1538 erit,
1405 1509 1461 1534 tam
1477 1506 1648 1542 ignorantia,

30 1559 79 1578 non
95 1553 183 1583 audit.
207 1558 235 1582 et
258 1554 378 1590 iutellige
402 1555 467 1590 quia
489 1563 544 1583 non
569 1555 713 1591 intelligit;
740 1564 810 1592 opus

30 1598 95 1635 enim
108 1599 235 1627 mortalis
250 1607 348 1627 manus
371 1604 424 1631 est.
441 1603 468 1628 et
490 1601 649 1628 necessario
663 1609 745 1629 sensu
763 1609 811 1629 ca-

31 1648 75 1670 ret.
87 1643 126 1670 Tu
135 1652 202 1679 ergo
213 1644 313 1672 adoras
330 1645 518 1673 insensibilem
527 1665 534 1678 ,
547 1653 608 1674 cum
622 1647 811 1683 unusquisque

30 1687 125 1717 habens
140 1698 264 1723 sensum,
285 1698 336 1718 nec
363 1699 394 1718 ea
409 1691 518 1726 quidem
546 1692 640 1719 credat
659 1693 809 1725 adoranda,

30 1743 108 1769 quam
130 1735 186 1764 Deo
202 1737 271 1764 facta
286 1741 387 1765 suntet
404 1738 504 1766 habent
520 1746 629 1766 sensum
646 1739 713 1774 (19),
726 1739 753 1766 id
768 1744 811 1768 est

29 1780 108 1809 soian
129 1787 157 1810 et
171 1783 275 1816 lunam,
290 1783 333 1810 vel
348 1783 452 1815 stellas,
468 1784 614 1819 omniaque
628 1792 688 1819 qua:
700 1785 728 1812 in
741 1785 811 1814 coelo

30 1832 89 1855 sunt
104 1835 131 1857 et
141 1838 224 1865 super
235 1834 347 1858 terram.
367 1829 476 1857 Iustum
499 1830 572 1858 enim
588 1835 697 1866 putant,
713 1839 767 1858 non
778 1839 811 1858 ea

29 1883 83 1909 quae
97 1883 147 1911 pro
160 1877 256 1904 mundi
280 1877 433 1905 ministerio
449 1877 522 1904 facta
536 1880 611 1909 sunt,
630 1877 677 1905 sed
689 1877 811 1912 ipsorum

28 1926 52 1948 et
69 1923 162 1950 mundi
188 1923 274 1952 totius
288 1924 448 1952 Creatorem
464 1925 564 1952 debere
579 1925 703 1952 venerari
717 1933 724 1958 ;
743 1932 811 1960 gau-

28 1967 87 1994 dent
101 1969 174 1996 enim
191 1970 272 1997 etiam
296 1970 365 2002 haec,
380 1978 442 1998 cum
454 1971 499 1998 ille
516 1971 647 1998 adoratur
661 1974 688 1998 et
699 1971 809 2003 colitur,

28 2020 74 2040 nec
88 2014 203 2042 libenter
219 2016 368 2051 accipiunt,
378 2020 409 2043 ut
424 2017 513 2044 honor
523 2016 664 2044 Creatoris
676 2020 811 2043 creaturae

27 2059 173 2090 deferatur.
199 2061 336 2097 Exceptus
359 2063 431 2090 enim
453 2066 495 2090 est
520 2062 568 2090 Dei
591 2062 676 2090 solius
706 2062 809 2094 cultus,

26 2108 68 2141 qui
85 2109 161 2137 solus
172 2110 311 2137 increatus
323 2112 376 2140 est,
385 2109 478 2136 omnia
493 2113 584 2136 autem
597 2112 694 2136 caetera
706 2107 810 2135 factura

26 2154 82 2187 ejus
95 2159 171 2182 sunt.
190 2155 267 2182 Sicut
277 2163 342 2190 ergo
365 2155 507 2190 proprium
530 2159 573 2182 est
593 2154 653 2189 ejus
667 2154 714 2189 qui
733 2154 809 2182 solus

27 2207 76 2226 non
91 2204 134 2228 est
151 2200 250 2232 lactus,
267 2200 351 2228 Deum
371 2209 442 2234 esse,
465 2201 504 2228 ita
514 2208 595 2228 omne
617 2200 690 2235 quod
707 2201 807 2228 factum
823 2196 846 2223 Ι)

25 2251 74 2279 est,
87 2246 159 2275 Deus
175 2255 238 2274 vere
253 2255 307 2274 non
319 2252 372 2275 est.

59 2315 138 2344 XVII.
153 2316 222 2344 Ante
243 2317 334 2343 omnia
357 2323 421 2351 ergo
442 2315 595 2350 intelligere
611 2313 716 2342 debetis
728 2313 810 2342 dece-

26 2363 142 2396 ptioneui
164 2363 298 2397 serpentis
320 2362 424 2397 antiqui
445 2365 472 2388 et
492 2360 606 2388 callidas
626 2360 686 2395 ejus
712 2367 810 2394 sugge-

861 1560 943 1588 quam
958 1552 1176 1587 uniuscujusque
1186 1552 1292 1588 peccati
1305 1560 1388 1580 causa
1401 1557 1426 1580 et
1438 1552 1515 1588 origo
1527 1553 1650 1588 require?

860 1603 916 1627 tur.
934 1598 959 1626 Is
972 1606 1038 1634 ergo
1051 1599 1097 1633 qui
1115 1598 1188 1626 scire
1200 1598 1288 1625 noluit
1304 1598 1440 1633 quomodo
1454 1599 1542 1634 possit
1555 1599 1649 1626 venire

861 1644 894 1671 ad
907 1643 1001 1676 vitam,
1017 1643 1064 1670 sed
1082 1642 1175 1670 maluit
1187 1642 1313 1677 ignorare
1330 1650 1364 1669 ne
1382 1650 1430 1677 per
1446 1642 1497 1670 hoc
1512 1650 1576 1670 reus
1590 1642 1649 1670 fieri

859 1689 1008 1719 videretur,
1021 1696 1055 1715 ex
1066 1688 1117 1716 hoc
1132 1688 1190 1722 ipso
1203 1688 1270 1722 jam,
1289 1687 1369 1722 quasi
1387 1687 1433 1722 qui
1446 1687 1539 1714 scierit
1553 1692 1580 1714 et
1599 1687 1650 1714 ha-

859 1735 949 1763 buerit
962 1734 1115 1766 scientiam,
1125 1734 1274 1769 judicatur.
1286 1733 1402 1769 Agnovit
1413 1732 1485 1760 enim
1497 1733 1562 1768 quid
1574 1736 1648 1760 esset

845 1794 847 1796 -
859 1782 931 1817 quod
944 1781 1053 1808 nolebat
1065 1780 1169 1814 audire,
1182 1785 1209 1808 et
1223 1780 1291 1807 nihil
1309 1779 1333 1807 e'i
1345 1778 1467 1806 conferet
1483 1779 1517 1806 ad
1532 1787 1648 1806 excusa-

859 1830 961 1856 tionem
986 1828 1122 1863 serpentis
1145 1827 1260 1855 artilictr
1276 1826 1391 1862 quaesita
1413 1825 1563 1858 calliditas;
1584 1832 1646 1852 cum

860 1883 894 1904 eo
907 1877 979 1902 enim
992 1874 1045 1902 erit
1059 1873 1083 1901 ei
1099 1873 1170 1900 ratio
1185 1880 1265 1907 quem
1284 1879 1338 1899 non
1354 1872 1419 1898 latet
1431 1879 1488 1898 cor.
1506 1870 1542 1898 Ut
1556 1875 1647 1897 autem

860 1920 931 1948 scias
944 1919 1008 1954 quia
1023 1918 1174 1953 ignorantia
1189 1925 1237 1952 per
1252 1917 1423 1951 semetipsam
1432 1919 1544 1951 generat
1561 1916 1648 1942 inter-

860 1966 939 1996 itum,
964 1964 1054 1990 anima
1077 1970 1139 1990 cum
1161 1962 1320 1990 discesserit
1343 1969 1357 1988 a
1379 1969 1510 1995 corpore.
1543 1960 1566 1988 si
1585 1960 1648 1988 talis

859 2016 937 2040 exeat
952 2017 1012 2045 qua:
1026 2009 1131 2045 ignoret
1142 2016 1203 2036 eum
1225 2015 1240 2035 a
1263 2015 1317 2043 quo
1336 2011 1428 2035 creata
1448 2012 1499 2040 est,
1518 2014 1533 2033 a
1549 2014 1603 2042 quo
1618 2007 1647 2034 in

859 2057 911 2085 hoc
925 2055 1027 2083 mundo
1040 2054 1130 2082 omnia
1149 2062 1209 2089 quae
1224 2053 1318 2080 usibus
1332 2052 1391 2080 suis
1402 2057 1480 2080 erant
1492 2052 1646 2079 necessaria

859 2105 1006 2131 consecuta
1031 2104 1091 2133 est,
1108 2103 1236 2135 tauquam
1249 2099 1356 2134 ingrata
1374 2103 1401 2126 et
1411 2097 1527 2126 infidelis
1541 2105 1555 2124 a
1569 2098 1645 2133 regni

859 2149 919 2184 ejus
931 2149 992 2175 luce
1009 2147 1165 2183 projicitur.

894 2215 965 2243 XIX.
981 2214 1098 2250 Subjicit
1114 2214 1211 2242 iterum
1227 2213 1412 2249 nequissimus
1429 2220 1542 2248 serpens
1564 2212 1646 2240 aliam

860 2262 1017 2290 hominibus
1033 2261 1201 2296 opinionem,
1220 2267 1302 2296 quam
1321 2260 1413 2295 plures
1436 2263 1557 2287 vestrum
1582 2266 1646 2293 pro-

860 2310 931 2338 lerre
946 2309 1034 2337 solent
1046 2316 1053 2334 :
1071 2307 1159 2335 Unum
1173 2315 1235 2335 esse
1250 2311 1277 2334 et
1290 2314 1341 2334 nos
1359 2305 1475 2333 dicimus
1488 2305 1585 2338 Deum,
1598 2304 1646 2340 qui

859 2359 902 2383 est
923 2354 1046 2382 omnium
1070 2353 1220 2386 Dominus;
1242 2352 1289 2380 sed
1312 2357 1339 2380 et
1363 2351 1428 2384 isti,
1454 2351 1592 2386 inquiunt,
1606 2350 1646 2377 dii

671 2425 855 2455 COTELERII
873 2424 991 2453 ΝΟΤιΕ.

58 2512 113 2547 (l8)
139 2511 236 2539 Solvite
247 2510 392 2538 simulacra
401 2507 522 2547 inutilia,
537 2510 561 2532 et
581 2505 736 2547 faciteya‘sa

26 2544 69 2576 tta.
85 2540 155 2574 Il'uic
177 2553 323 2582 germanus
341 2549 384 2573 est
401 2545 477 2572 locus
485 2540 684 2572 Commodiaui,
702 2540 806 2567 instru-

25 2585 110 2611 ctione
124 2583 173 2609 20:

74 2619 108 2645 Et
122 2618 182 2645 deos
195 2618 296 2645 audetis
312 2616 436 2644 momine
449 2613 535 2651 dicere
552 2610 636 2651 fusos.

73 2654 209 2682 Solueritis
225 2662 268 2680 eos
286 2653 369 2686 "togis
382 2653 409 2678 in
423 2649 531 2687 nascula
547 2646 628 2687 vobis.
702 2686 707 2687 γ
725 2686 729 2687 ν
747 2685 753 2687 Α

58 2689 113 2724 (19)
135 2688 167 2715 Et
181 2689 275 2715 habent
289 2685 404 2714 senium.
419 2685 499 2724 Astra
513 2685 642 2724 animata,
649 2686 711 2724 esse
724 2685 805 2724 piat-rei

24 2713 388 2753 Paiiihféiigiilu'av'émnt.
412 2718 512 2757 secutin
523 2715 709 2757 philosophos.
739 2713 804 2757 Item

24 2762 143 2796 p'erique
154 2758 346 2796 Hebrazoruin._
353 2752 485 2796 “contrat.
492 2752 804 2796 Constitzttionuin‘scrli:

41 2784 245 2827 bifida—tiu;
254 2784 314 2828 cap.
332 2791 377 2822 Mi,
388 2794 415 2817 et
437 2785 546 2828 reliqui.
564 2784 803 2828 Jupge‘cumrlhoe

34 2819 161 2858 ὄέὀίιὶἔεί
172 2819 475 2864 όὶέὶιίεὶιιῖιιοηιίῖξςδιθ
485 2819 506 2864 ῑῖ
517 2830 557 2864 '3."
582 2819 630 2848 555
650 2820 696 2864 ἐξ.
712 2819 801 2864 τεὶέῑῆίὲ

26 2853 334 2901 ὲὶὲὲἕιίέὲἷῖιιέἱέῆἰξίῆωε
350 2853 354 2854 ⁷
369 2853 501 2895 δρίεῑιιιρίί
521 2857 552 2890 II,
571 2864 630 2892 pag.
650 2855 698 2883 371
719 2864 724 2881 ς
744 2853 802 2881 Πα-

858 2502 948 2530 bemus
960 2510 1023 2530 snne
1035 2502 1137 2530 libellos
1150 2508 1196 2528 sex
1212 2501 1299 2528 sancti
1315 2499 1414 2527 Hilarii
1427 2499 1540 2534 episcopi
1553 2499 1644 2526 Picta-

858 2538 964 2570 viemis,
979 2546 1044 2573 quos
1061 2537 1093 2564 de
1107 2536 1197 2573 Crwco
1215 2536 1337 2573 Origenis
1353 2537 1381 2563 in
1401 2535 1526 2573 Latinum
1547 2536 1643 2573 vertit;

858 2573 902 2600 sed
921 2581 970 2599 non
985 2569 1081 2600 omnia
1098 2572 1241 2599 secundum
1263 2569 1381 2598 ordinem
1399 2570 1461 2597 libri
1482 2570 1568 2598 sancti
1591 2569 1642 2597 Job

857 2608 986 2643 exposuit.
1014 2608 1048 2635 Et
1070 2608 1137 2635 satis
1165 2607 1249 2634 miror
1268 2607 1398 2643 hominem
1417 2605 1596 2643 doctissimnm
1618 2609 1644 2632 ct

857 2640 987 2675 sanctum,
1010 2648 1039 2670 ut
1053 2644 1085 2670 de
1105 2642 1188 2670 stellis
1208 2643 1310 2669 nwnias
1334 2641 1455 2675 Origenis
1475 2640 1642 2674 transferret.

859 2678 937 2710 Mihi,
953 2679 1119 2706 sanctissime
1135 2677 1227 2708 Pater,
1240 2677 1313 2703 nullo
1331 2681 1407 2711 pacto
1423 2675 1530 2702 suaderi
1546 2679 1641 2709 potest,

858 2719 887 2740 ut
905 2714 1009 2740 credam
1021 2719 1096 2740 astra
1114 2712 1172 2740 creti
1187 2712 1296 2746 spiritus
1310 2711 1465 2741 rationales,
1488 2718 1545 2744 qua:
1563 2717 1644 2746 nequc

857 2757 916 2775 cum
931 2748 1041 2784 angelis,
1056 2757 1136 2784 neque
1153 2744 1211 2774 cuni
1230 2747 1377 2784 ltominibus
1402 2744 1643 2784 {afta_e§se_8cri-

856 2790 935 2818 plura
955 2778 1047 2810 {quem
1074 2778 1201 2810 declarat.
1227 2781 1297 2809 Sunt
1318 2778 1407 2809 verba
1427 2778 1564 2808 Liciniani
1581 2779 1642 2816 epi-

856 2820 942 2854 scopi,
962 2819 995 2846 ad
1008 2819 1167 2853 Gregorium
1179 2825 1287 2854 papam.
