1873 3095
215 129 286 159 1339

636 131 665 164 S,
686 132 884 161 CLEMENTIS
903 133 913 162 Ι
933 133 1016 163 BOM.
1037 134 1139 164 ΡΟΝΤ.
1159 135 1273 164 OPERA
1292 137 1408 167 DUBIA.

1770 142 1832 171 156⁸)

212 191 288 217 sunt.
301 186 379 214 Sicut
392 187 464 214 enim
481 195 554 215 unus
566 192 608 216 est
622 188 731 223 Caesar,
751 195 778 218 et
799 191 879 219 habet
903 192 955 219 sub
970 200 1000 220 se
1013 198 1037 226 Α
1051 193 1201 222 diebamus.
1211 191 1245 220 Ει
1254 194 1352 224 Petrus
1365 206 1372 224 :
1399 195 1523 231 Ridetis,
1539 197 1644 233 inquit,
1658 206 1712 227 vos
1725 200 1833 229 aliorum

212 234 315 261 multos
335 233 454 268 judices,
477 233 551 261 verbi
571 235 658 268 gratia
679 235 837 270 praefectos,
858 238 996 269 consules,

211 279 339 306 tribunos
360 283 387 306 et
411 283 524 307 caeteras
545 283 704 314 potestates,
728 282 810 308 simili
832 283 997 310 arbitramur

211 324 304 356 modo,
323 331 385 351 cum
412 333 483 352 unus
509 325 545 352 sit
569 326 656 360 major
676 327 797 354 omnium
818 327 899 360 Deus,
914 329 995 356 etiam

212 371 280 398 istos
296 370 328 397 ad
348 370 555 397 similitudinem
571 378 663 398 earum
683 380 752 407 quas
775 372 903 404 diximus,
919 377 995 408 pote-

210 421 312 445 statum
326 417 468 444 ordinatos
494 425 556 445 esse
582 418 608 445 in
638 419 690 446 hoc
715 419 816 446 mundo
844 420 921 452 deos,
955 421 994 448 illi

210 463 320 498 quidem
333 463 429 496 majori
445 463 594 497 subjectos,
611 471 661 491 nos
684 468 772 492 tamen
788 470 815 492 et
828 473 887 501 qua:
902 466 929 493 in
943 466 995 494 hoc

210 510 313 536 mundo
335 513 399 536 sunt
424 510 625 544 dispensantes.
650 510 748 538 Audite
767 519 833 546 ergo
860 513 893 539 ad
918 513 992 545 hinc,

209 555 348 590 quomodo
368 555 395 581 in
416 555 459 582 his
482 555 549 590 ipsis
569 563 629 590 quae
646 555 679 582 ad
693 555 879 591 deceptionem
895 566 994 593 propo-

210 602 288 632 nitis,
303 601 427 628 veritatis
442 602 594 628 rationibus
613 601 802 631 conlutemini.
818 602 913 631 Dicitis
929 605 993 639 quia

211 646 300 673 locum
317 645 432 674 Czesaris
447 650 537 674 teneat
553 646 640 679 Deus,
660 647 783 681 judicum
803 656 869 675 vero
887 649 947 683 ejus
966 653 993 676 et

209 696 372 726 potestatum
396 692 514 726 speciem
541 696 649 720 servent
671 693 697 719 hi
721 693 767 728 qui
788 693 917 721 dicuntur
934 687 992 729 dii;

209 741 315 764 servate
328 744 404 772 ergo,
420 741 448 763 ut
463 738 654 772 proposuistis,
663 739 817 774 exemplum
826 739 953 773 Caesaris.
965 744 992 768 et

208 782 307 809 scitote
328 783 391 816 quia
426 783 498 810 sicut
520 783 588 810 nulli
603 791 637 810 ex
657 784 796 818 judicibus
819 786 860 812 vel
874 787 991 814 admini‘

208 829 372 856 stratorihus
386 827 513 859 Ctesaris,
537 829 563 856 id
585 834 627 856 est
640 830 792 864 praefectis,
811 831 850 858 vel
874 839 991 866 procon-

207 875 325 907 sulibus,
340 875 381 902 vel
395 875 522 907 ducibus,
543 875 585 903 vel
609 876 740 908 tribunis,
765 877 806 904 las
821 881 862 905 est
876 878 992 906 Caesaris

207 928 306 947 nomen
328 920 448 955 imponi;
467 920 587 955 alioquin
609 926 637 948 et
658 921 703 948 ille
725 922 771 956 qui
795 924 946 958 susceperit
964 929 993 951 et

207 966 246 993 illi
261 966 307 1001 qui
322 965 482 998 detulerint,
500 966 601 1000 pariter
614 966 763 993 interibunt
779 976 785 994 :
803 968 840 994 ita
855 971 882 994 et
896 968 929 994 de
940 968 992 996 hoc

206 1013 313 1040 debetis
335 1012 487 1044 advertere,
509 1011 582 1046 quod
605 1011 628 1039 si
650 1012 713 1047 quis
729 1020 827 1040 nomen
848 1014 894 1041 Dei
909 1015 991 1042 alicui

205 1067 288 1095 quam
311 1062 410 1093 praeter
426 1058 513 1092 ipsum
529 1058 704 1092 imposuerit,
729 1063 755 1085 et
776 1059 821 1086 ille
845 1061 990 1094 receperit,

207 1112 291 1132 unum
305 1103 484 1139 eumdemque
502 1104 651 1131 sortientur
670 1104 808 1131 interitum
820 1125 826 1136 ,
843 1106 928 1133 multo
942 1106 991 1134 de-

204 1152 307 1179 teriore
323 1155 396 1179 sorte
420 1159 500 1186 quam
516 1151 632 1178 ministri
647 1149 773 1178 Caesaris.
787 1149 837 1177 Hic
856 1153 929 1178 enim
942 1152 988 1187 qui

206 1198 320 1233 deliquit
328 1198 354 1224 in
361 1197 506 1229 Caesarem,
516 1197 654 1223 interitum
664 1197 793 1231 suscipiet
800 1199 988 1232 temporalem;

206 1243 254 1278 qui
261 1250 324 1270 vero
331 1243 357 1269 in
368 1250 451 1269 unum
460 1241 506 1276 qui
514 1242 590 1268 solus
596 1246 622 1269 et
629 1249 708 1268 verus
715 1245 756 1269 est
765 1241 835 1269 Deus
842 1243 986 1278 delinquit,

206 1290 235 1317 in
250 1290 379 1317 saeculum
395 1289 448 1316 luet
461 1296 573 1324 poenas,
596 1293 623 1316 et
643 1290 750 1321 merito,
768 1294 797 1316 ut
818 1291 864 1325 qui
888 1299 987 1320 nomen

203 1337 278 1373 quod
300 1341 341 1364 est
362 1336 471 1363 unicum
494 1335 625 1370 injuriosa
650 1336 807 1364 conditione
833 1337 984 1366 violaverit.

243 1382 299 1409 XX.
315 1381 445 1414 Quamvis
460 1381 511 1408 hoc
525 1381 625 1416 ipsum.
644 1380 733 1413 Deus,
750 1389 803 1409 non
827 1390 926 1411 nomen
950 1385 987 1412 sit

205 1428 252 1456 Dei
272 1427 340 1463 (20),
364 1426 411 1454 sed
427 1425 583 1453 hominibus
598 1426 707 1453 interim
725 1428 887 1456 vocabulum
913 1430 985 1458 istud

202 1475 284 1510 quasi
298 1481 348 1509 pro
362 1473 471 1500 nomine
485 1473 544 1507 ejus
557 1480 718 1500 concessum
734 1478 789 1507 est;
799 1475 871 1509 quod
881 1480 984 1510 tamen,

204 1523 235 1547 ut
248 1520 316 1551 dixi,
333 1525 395 1546 cum
418 1517 615 1545 contumeliose
635 1521 784 1550 tractatur,
802 1519 834 1546 ad
853 1521 910 1547 veri
926 1521 986 1556 ejus
999 1532 1020 1560 ο

203 1564 325 1592 nominis
336 1563 455 1590 refertur
478 1562 615 1597 injuriam.
638 1562 756 1598 Denique
773 1567 880 1592 veteres
899 1565 984 1602 Egy-

203 1611 322 1646 ptiorum
339 1609 407 1645 (21),
420 1609 466 1643 qui
479 1608 513 1636 de
525 1608 629 1636 cmlesti
645 1616 728 1636 cursu
743 1613 770 1636 et
785 1615 919 1637 astrorum
936 1619 985 1638 na-

201 1661 265 1683 tura
282 1655 415 1682 rationem
437 1654 490 1682 sibi
515 1654 566 1682 visi
588 1658 651 1682 sunt
675 1650 825 1689 reperisse,
843 1656 985 1685 obsidente

201 1709 303 1730 sensus
314 1708 408 1728 eorum
423 1699 559 1733 daemone,
576 1699 702 1727 omnibus
723 1700 901 1728 nihilominus
919 1710 986 1729 con-

203 1746 324 1774 tumeliis
335 1752 433 1772 nomen
450 1744 704 1772 incommunicabile
717 1744 899 1779 subjecernnt.
916 1745 983 1774 Nam

202 1793 249 1820 alii
264 1799 357 1819 eorum
372 1791 478 1822 bovem,
491 1789 537 1824 qui
555 1790 620 1824 Apis
635 1790 746 1822 dicilur,
761 1791 903 1818 colendum
926 1796 985 1819 tra-

202 1838 309 1869 didere,
329 1836 374 1862 alii
390 1835 507 1867 hircum,
520 1835 566 1861 alii
581 1838 669 1862 cattas
685 1834 754 1870 (2‘2),
767 1837 890 1863 nonnulli
907 1836 984 1871 ibim,

203 1882 316 1918 quidam
340 1884 513 1915 serpentem.
533 1879 635 1914 piscem
659 1887 778 1914 quoque,
798 1884 825 1907 et
846 1888 944 1915 caepas,
958 1887 985 1909 et

202 1929 323 1959 cloacas,
342 1926 463 1961 crepitus
482 1925 585 1952 ventris
603 1924 671 1960 (25),
687 1933 735 1960 pro
758 1926 915 1954 numinibus
936 1927 984 1954 ha-

202 1974 306 2002 bendos
328 1980 388 2000 esse
406 1972 572 2002 docuerunt,
587 1974 614 1998 et
637 1971 689 1997 alia
705 1971 913 1999 innumerabilia
925 1981 984 2008 qme

202 2019 288 2056 pudet
300 2018 381 2046 etiam
399 2016 552 2044 nominare.

240 2057 310 2091 XXI.
330 2062 392 2089 Haec
404 2062 509 2089 dicente
521 2059 612 2093 Petro,
625 2061 745 2088 riserunt
764 2069 859 2090 omnes
872 2063 918 2098 qui
933 2070 982 2091 au-

1048 238 1195 271 dedecora,
1210 241 1274 275 quia
1293 243 1372 277 longa
1387 243 1587 271 consuetudine
1602 245 1720 280 propria
1734 254 1787 274 non
1799 248 1834 274 vi-

1048 283 1129 311 detis.
1145 283 1213 311 Nam
1227 284 1419 320 Egyptiorum
1442 287 1553 322 quidem
1570 289 1726 316 stultitiam
1746 292 1833 318 merito

1046 329 1153 361 ridetis,
1167 331 1212 365 qui
1224 335 1299 357 muta
1310 333 1450 366 animalia,
1468 333 1521 368 ipsi
1539 341 1604 361 cum
1621 335 1680 362 sint
1694 336 1834 363 rationabi-

1047 375 1096 408 les,
1112 376 1214 403 colunt.
1228 377 1327 405 Audite
1340 381 1430 405 tamen
1446 379 1585 414 quomodo
1599 384 1630 407 et
1650 381 1693 407 illi
1716 389 1766 409 vos
1781 382 1835 409 irri-

1047 422 1139 454 deant,
1155 423 1231 450 aiunt
1248 424 1320 450 enim
1335 434 1341 451 :
1356 424 1411 452 Nos
1430 425 1547 452 viventia
1562 427 1687 454 colimus
1702 429 1832 463 animalia,

1047 468 1110 495 licet
1136 469 1278 502 moritura,
1307 477 1356 498 vos
1383 478 1447 498 vero
1477 480 1537 506 qua:
1554 480 1706 508 nunquam
1731 475 1832 502 omnino

1046 514 1137 542 vixere
1149 535 1156 545 ,
1185 515 1242 542 haec
1268 516 1358 544 colitis
1377 520 1404 543 et
1419 517 1550 545 adoratis.
1574 519 1696 546 Addunt
1712 525 1835 555 praeterea

1045 559 1126 586 etiam
1142 559 1219 592 illud,
1236 560 1336 595 ﬁguras
1348 568 1409 588 csse
1422 565 1449 588 et
1464 563 1610 598 allegorias
1624 564 1766 592 virtutum
1780 574 1836 601 qua—

1045 604 1179 636 rumdam,
1193 605 1294 640 quibus
1309 606 1489 640 adjutricibus
1505 613 1620 643 regatur
1634 609 1783 637 hominum
1796 619 1835 646 ge-

1044 656 1113 681 nus;
1133 649 1180 676 sed
1192 649 1304 684 pudoris
1318 651 1442 686 perfugio
1461 652 1518 680 hac
1541 657 1569 680 et
1590 655 1734 681 nonnulla
1751 656 1791 683 his
1804 658 1836 684 si-

1043 694 1117 720 milia
1131 699 1335 728 connectentes,
1347 704 1468 724 errorem
1481 706 1562 725 suum
1586 700 1686 727 velare
1703 702 1833 728 nituntur.

1044 737 1097 766 Sed
1111 747 1166 766 non
1179 743 1220 767 est
1239 748 1311 767 nunc
1327 745 1434 776 tempus
1451 742 1590 778 Egyptiis
1613 747 1800 780 respondere,
1813 754 1836 774 et

1042 784 1172 812 derelicta
1203 793 1268 813 cura
1296 787 1489 821 praesentium,
1512 789 1674 817 absentium
1710 793 1835 820 medicari

1043 831 1199 866 languor-es.
1224 833 1335 860 Certum
1361 842 1479 870 namque
1501 837 1639 865 indicium
1667 844 1715 867 est
1738 847 1787 868 vos
1806 841 1836 867 ab

1009 864 1029 893 Β
1044 864 1200 912 hujusmodi
1213 880 1372 914 :egriludine
1385 864 1480 909 haberi
1495 864 1835 920 alienosiqui—eam‘noa

1042 923 1167 952 doluistis
1183 929 1212 951 ut
1224 927 1373 961 propriam,
1388 927 1435 954 sed
1451 928 1548 957 risistis
1565 935 1595 956 ut
1608 931 1747 958 alienam.

1078 969 1158 997 XXII.
1172 969 1225 997 Sed
1239 972 1382 1000 redeamus
1396 973 1430 1000 ad
1447 981 1507 1006 vos,
1520 976 1624 1010 quibus
1637 977 1735 1011 placet
1748 978 1836 1006 haberi

1041 1015 1125 1043 Deum
1140 1021 1168 1043 ut
1181 1017 1327 1050 Caesarem,
1340 1019 1407 1046 deos
1421 1024 1512 1048 autent
1526 1025 1555 1048 ut
1572 1024 1726 1051 ministros
1737 1029 1765 1051 et
1780 1033 1837 1060 pro-

1041 1066 1183 1089 curatores
1213 1063 1349 1098 Caasaris;
1374 1066 1522 1100 sequimini
1547 1075 1591 1095 tne
1620 1071 1788 1102 attentius,
1814 1076 1836 1098 et
1872 1067 1873 1075 ¹

1039 1107 1121 1135 modo
1133 1108 1211 1136 vobis
1227 1109 1369 1137 ostendam
1392 1111 1511 1140 latebras
1534 1115 1689 1148 serpentis,
1712 1116 1743 1143 in
1760 1124 1836 1151 argu-

1039 1153 1122 1179 menti
1139 1153 1220 1187 hujus
1239 1155 1331 1182 cuwis
1351 1156 1522 1185 anlractibus
1542 1159 1710 1188 collocatas.
1728 1161 1835 1189 Certum

1038 1199 1110 1232 apud
1125 1206 1220 1227 omnes
1235 1207 1296 1228 esse
1310 1200 1633 1238 debet,etindubitatum,
1651 1205 1728 1238 Deo,
1744 1208 1811 1242 quia
1822 1216 1834 1235 ε
1872 1223 1873 1226 η

1038 1245 1114 1271 nullo
1138 1245 1226 1273 lactus
1249 1250 1292 1274 est
1314 1248 1360 1275 sed
1382 1248 1440 1283 ipse
1465 1249 1529 1277 fecit
1550 1251 1705 1284 universa,
1724 1254 1796 1281 nihil
1807 1262 1834 1281 ex
1872 1257 1873 1284 ἰ

1038 1289 1155 1316 iacturis
1172 1290 1230 1318 suis
1246 1298 1327 1326 posse
1340 1294 1494 1328 coaequari;
1513 1303 1603 1329 neque
1619 1297 1700 1324 enim
1724 1298 1764 1325 ita
1779 1301 1835 1333 quis
1872 1303 1873 1333 ᾖ

1036 1335 1201 1362 irrationalis
1216 1336 1331 1364 inveniri
1354 1342 1452 1373 potest,
1467 1340 1513 1375 qui
1531 1346 1605 1375 putet
1620 1343 1701 1377 quod
1716 1345 1834 1371 conferri
1872 1349 1873 1381 ξ

1035 1382 1122 1416 possit
1145 1383 1248 1419 factura
1272 1383 1379 1412 faetori.
1406 1385 1433 1412 Si
1449 1393 1514 1421 ergo
1536 1387 1657 1415 humana
1682 1397 1769 1418 mens
1785 1399 1834 1418 non
1872 1383 1873 1404 ἶ

1036 1428 1125 1455 solum
1148 1429 1254 1456 ratione
1269 1429 1317 1457 sed
1333 1434 1360 1458 et
1375 1432 1491 1458 naturali
1510 1433 1629 1467 quodam
1650 1440 1747 1468 motu.
1766 1442 1834 1465 recte

1036 1473 1107 1501 hanc
1121 1475 1275 1510 opinionem
1289 1480 1372 1508 tenet,
1389 1477 1454 1504 illud
1468 1478 1521 1505 dici
1539 1478 1637 1511 Deum,
1652 1482 1703 1508 cui
1717 1483 1835 1510 conferti
1872 1468 1873 1498 Ῑ

1038 1522 1085 1546 aut
1099 1520 1234 1554 exaequari
1250 1521 1316 1548 nihil
1328 1525 1425 1556 potest,
1442 1523 1488 1550 sed
1499 1524 1572 1558 quod
1585 1527 1701 1554 cunctis
1717 1529 1835 1556 emineat

1037 1567 1064 1592 et
1087 1569 1185 1592 cuncta
1201 1567 1335 1601 praecellat
1354 1568 1510 1602 :quomodo
1530 1577 1631 1598 nomen
1659 1571 1736 1600 illud
1764 1575 1834 1609 quod

1038 1616 1120 1644 super
1130 1613 1220 1638 omnia
1237 1619 1297 1639 esse
1319 1612 1448 1645 creditur,
1467 1617 1540 1642 recte
1555 1615 1597 1642 his
1620 1617 1751 1645 creditur
1764 1619 1835 1650 dari,

1037 1663 1107 1690 quos
1135 1656 1168 1682 ad
1191 1657 1371 1684 ministerium
1394 1662 1421 1686 et
1449 1662 1672 1693 procurationem
1705 1664 1835 1692 humana

1036 1701 1099 1728 vitae
1112 1702 1214 1736 putatis
1225 1710 1285 1730 esse
1300 1703 1466 1737 dispositos?
1480 1703 1533 1732 Sed
1549 1710 1577 1733 et
1591 1707 1659 1735 illud
1673 1709 1833 1738 addemus:

1037 1747 1155 1773 mundus
1168 1747 1211 1773 hic
1225 1748 1283 1774 sine
1304 1747 1387 1775 dubio
1405 1748 1493 1777 factus
1507 1755 1549 1778 est
1563 1755 1590 1778 et
1603 1757 1648 1780 est
1660 1757 1836 1790 corruptibi-

1038 1791 1082 1823 lis,
1097 1791 1168 1819 sicut
1182 1792 1262 1819 etiam
1274 1794 1445 1828 postmodum
1464 1795 1545 1823 latius
1567 1798 1776 1834 ostendemus;
1794 1803 1834 1828 in-

1037 1838 1116 1865 terim
1131 1842 1158 1865 et
1180 1838 1279 1865 factum
1303 1847 1364 1866 eum
1389 1843 1416 1867 et
1440 1842 1646 1876 corruptibilem
1661 1851 1790 1874 constat.
1808 1848 1833 1874 Si

1036 1891 1101 1919 ergo
1117 1885 1234 1913 mundus
1256 1885 1327 1914 Deus
1342 1886 1394 1914 dici
1422 1895 1477 1915 non
1501 1894 1600 1924 potest,
1624 1896 1654 1919 et
1675 1900 1760 1923 recte
1782 1904 1831 1923 non

1036 1933 1126 1964 potest
1140 1931 1203 1966 quia
1217 1932 1401 1967 corruptibilis
1412 1938 1463 1966 est,
1477 1937 1614 1970 quomodo
1627 1943 1728 1973 partes
1738 1944 1831 1969 mundi

1035 1973 1083 2002 Dei
1097 1982 1194 2002 nomen
1214 1977 1366 2012 accipient?
1380 1980 1452 2014 quod
1472 1982 1545 2008 enim
1561 1986 1637 2011 totus
1660 1993 1723 2013 non
1744 1993 1830 2022 potest

1034 2027 1095 2047 esse
1110 2021 1237 2052 mundus,
1255 2022 1339 2049 multo
1355 2024 1441 2058 magis
1462 2032 1517 2052 non
1537 2027 1588 2053 erit
1606 2036 1674 2062 pars
1686 2021 1764 2064 ejus.
1782 2031 1829 2067 lgi-

1034 2068 1079 2092 tur
1092 2066 1114 2092 si
1127 2066 1269 2094 redeamus
1280 2068 1313 2095 ad
1328 2070 1480 2106 exemplum
1492 2070 1622 2106 Caesaris,
1638 2075 1738 2104 videte
1751 2066 1827 2113 quam

855 2140 1036 2168 COTELERll
1048 2141 1163 2171 NOTAE.

239 2207 295 2243 (20)
307 2206 440 2250 rQuamvis
454 2205 500 2250 hoc
511 2205 608 2240 ipsum,
622 2205 700 2247 Deus,
711 2215 762 2233 non
773 2215 865 2250 vro-men
875 2209 913 2248 sit
927 2208 984 2237 Dei.
1000 2211 1023 2241 D
1036 2211 1265 2250 tarcbum,_libro
1275 2249 1279 2250 ν
1290 2212 1327 2240 De
1341 2213 1412 2242 Iside
1423 2220 1448 2242 et
1477 2215 1593 2248 Osiride,
1612 2223 1824 2250 convenientia

203 2243 288 2270 Deum
307 2242 408 2277 Deique
422 2245 547 2268 naturam
562 2242 671 2269 nomine
688 2249 780 2269 carere
795 2243 918 2270 doctrina
943 2250 984 2272 est

202 2278 334 2309 Patrum,
363 2281 390 2304 et
421 2276 512 2310 opinio
546 2277 779 2312 philosophorum.
816 2277 983 2306 Testimonia

202 2313 365 2344 omittimus,
387 2312 486 2345 ubique
499 2312 589 2339 obvia.

239 2348 303 2384 (2η
320 2345 635 2384 νειθνεκ-Αἰςνῃιὶονωω
647 2346 850 2384 ειαλείςῑβωιίε
862 2348 982 2384 scientiae

202 2381 387 2411 inventionem
410 2381 546 2416 Egyptiis
559 2382 648 2413 multi,
669 2382 714 2408 alii
732 2383 793 2410 aliis
816 2383 956 2417 assignant
973 2394 978 2411 :

203 2419 242 2446 uti
259 2418 314 2445 fere
329 2417 450 2444 variatur
472 2417 499 2442 in
527 2425 616 2444 rerum
637 2418 820 2451 repertoribus
837 2427 843 2444 :
864 2426 979 2452 quorum

202 2453 422 2481 enumerationes
446 2451 576 2487 exhibent
600 2452 707 2479 codices
725 2451 798 2487 Regii
815 2451 880 2481 9l9I
901 2453 981 2485 1769,

203 2489 272 2516 2216
299 2488 376 2515 duas.
393 2502 428 2507 -—
445 2486 498 2514 Eas
528 2487 611 2514 habes
648 2488 676 2514 in
703 2486 821 2521 Appénd.
849 2487 982 2520 Μοηιιηιη

202 2531 230 2552 ιι.
246 2525 273 2554 4,
299 2522 383 2550 infra.

237 2559 294 2595 (22,
325 2558 380 2585 Alii
408 2562 504 2595 cattus.
532 2557 603 2595 Fuit
626 2558 820 2595 cultus_felis,
847 2558 981 2595 generalis

202 2592 519 2635 {Egyptiorumpmnium
530 2593 708 2635 religio,teste
715 2592 848 2635 Strabone
915 2601 980 2621 xvn.

203 2627 303 2658 Fuiiet
321 2629 467 2664 peculiaris
509 2627 668 2655 uorumdam
689 2636 695 2652 2
718 2632 746 2655 ut
769 2628 979 2668 Bubastitarum.

203 2665 351 2690 801361610:
365 2664 437 2690 enim
450 2671 482 2690 ex
489 2636 644 2690 ίἓιθυῒιειῐιο.
661 2672 711 2690 vox
723 2662 880 2690 [Eavutlaca
893 2663 979 2689 αἴλου-

199 2662 352 2703 Βούὸαστῖξί
365 2664 437 2691 enim
450 2671 482 2691 ex
495 2662 711 2703 Stephanong
723 2662 880 2703 [Egyptiac'a
893 2663 982 2703 enou-

200 2709 247 2737 pov
265 2699 399 2737 signiﬁcat
419 2703 487 2737 _:_et
512 2699 539 2737 in
560 2698 756 2737 urbeuBubasto
780 2699 836 2737 sive
846 2698 977 2737 _Dubasli,

199 2732 493 2773 sepeliebantur_l'eles,
513 2734 603 2773 inquit
620 2733 772 2760 Herodotus
787 2733 832 2773 1η-
843 2732 955 2773 Euterpe
969 2741 978 2760 :

198 2767 250 2798 nec
266 2778 319 2797 non
334 2775 392 2797 erat
407 2769 496 2796 Dianae
511 2767 652 2808 templum.
662 2777 728 2808 ⁵(ιιμε
739 2773 766 2794 et
786 2767 978 2808 Bubastisjio-

198 2812 261 2832 men
278 2806 393 2839 accepit,
411 2808 507 2838 estque
522 2802 601 2839 luna.
621 2802 788 2830 Fabii-lantur
808 2807 895 2829 autem
915 2803 977 2830 Dia-

199 2847 263 2866 nam
278 2840 304 2866 in
320 2838 539 2874 (.‘iganlonmr/tiu
552 2846 581 2865 se
596 2838 627 2874 in,
637 2844 739 2866 cattqu
756 2842 976 2874 tnuislm'msrssc,

216 2870 416 2902 ddisceréest
431 2874 464 2901 ab
479 2873 702 2912 llygino._Leges
721 2875 801 2902 etiam
825 2874 896 2908 apud
915 2873 978 2901 Plu-

1036 2247 1164 2281 physicas
1178 2247 1256 2274 felem
1273 2249 1345 2275 inter
1359 2255 1385 2276 et
1403 2251 1504 2277 lunam.

1070 2281 1282 2327 (‘23)‘Cfepaset
1296 2283 1533 2327 cloarasucre'pilus
1551 2289 1663 2327 centris.
1679 2289 1721 2327 De
1743 2300 1821 2327 θίξιν,

1034 2316 1193 2355 superstitio
1216 2321 1257 2343 est
1273 2318 1352 2355 longe
1367 2316 1509 2355 notissima
1530 2331 1536 2348 :
1553 2329 1613 2355 qua:
1627 2324 1671 2355 (ut
1691 2316 1821 2354 discimus

1034 2324 1193 2375 supfrsuuo
1216 2324 1257 2343 est
1273 2324 1352 2378 tor;ge
1367 2324 1509 2358 notissima
1530 2331 1536 2348 :
1553 2329 1613 2355 qua:
1627 2324 1671 2365 (ut
1691 2324 1821 2354 discimus

1031 2357 1063 2376 ex
1098 2357 1247 2389 ieronymo,
1259 2359 1278 2377 ιι
1287 2360 1306 2389 _a
1327 2360 1414 2389 versus
1424 2352 1608 2389 Iovinianum,
1622 2358 1652 2388 ί),
1665 2363 1695 2385 et
1706 2362 1741 2386 ad
1754 2360 1822 2387 Isaia

1031 2389 1113 2424 caput
1127 2392 1186 2425 ῃ.ιί
1200 2393 1209 2425 ;_
1228 2384 1348 2425 Luciano
1362 2387 1386 2413 in
1397 2387 1463 2425 _J_ove
1477 2384 1608 2425 tragoedo,
1618 2384 1653 2419 ac
1666 2384 1822 2421 salsis;

1032 2420 1122 2459 pineo.
1131 2419 1374 2460 Pyrrhﬂuimturum
1393 2419 1604 2458 llypolyposeou'
1611 2427 1661 2453 lib.
1680 2419 1821 2460 [iiiis]

1031 2455 1141 2492 proprie
1162 2455 1194 2481 ad
1212 2454 1365 2492 Pelusiotas
1385 2454 1546 2491 pertinebat.
1572 2460 1609 2487 De
1635 2454 1819 2492 ειοεέὶέὲὲὼ

1032 2489 1282 2531 (ὀχετούς-κιρρυιιβι
1293 2489 1408 2531 scriptor
1419 2493 1654 2531 tjlememinorum)
1667 2489 1741 2526 nihil
1751 2489 1819 2526 nunc

1031 2525 1175 2563 succurrit,
1188 2527 1260 2563 quod
1276 2526 1308 2552 ad
1324 2525 1463 2562 Egyptios
1477 2536 1589 2563 spectet.
1605 2525 1676 2558 Nam
1692 2525 1819 2561 Cloacina

1030 2560 1091 2599 dea,
1107 2559 1230 2599 ethDeus.
1244 2559 1459 2599 Sterculum—aut
1480 2559 1619 2592 Sterculus
1631 2587 1638 2596 .
1656 2559 1818 2599 διὰ·ξῇιῖᾲᾷ

1032 2595 1192 2630 Sterculius,
1210 2595 1265 2622 sive
1280 2596 1395 2628 Sterces,
1412 2598 1596 2627 Romanorum
1612 2595 1679 2629 sunt
1695 2595 1816 2630 numina.

1031 2629 1152 2664 Dunique
1173 2631 1244 2657 circa
1263 2631 1387 2657 ultimum
1408 2638 1538 2661 notarunt
1558 2637 1648 2664 critici
1671 2629 1731 2665 loca

1031 2665 1215 2702 iulfroliibere
1235 2667 1356 2702 comitia;
1382 2666 1523 2702 Theophili
1546 2670 1713 2699 Antiocheni
1741 2674 1789 2700 lib.
1809 2681 1817 2699 ι

1030 2700 1063 2726 ad
1079 2700 1235 2734 Autolycum
1245 2700 1491 2744 ,‘nliiinuciifelicis
1505 2705 1534 2744 in
1550 2705 1682 2744 Octavia»;
1694 2708 1818 2744 Origenis

1029 2741 1096 2778 to‘m.
1114 2742 1129 2775 ις
1143 2741 1235 2762 contra
1248 2735 1369 2768 Celsum;
1385 2736 1535 2778 μτξιςιτιιηιῆιὶὶἔ
1546 2748 1572 2778 v,
1584 2741 1638 2774 20;
1659 2735 1817 2778 liieroiiymt

1030 2770 1063 2812 ad
1081 2771 1156 2810 lsaiee
1170 2778 1304 2812 caelat.”
1316 2777 1364 2812 ς..οι
1383 2773 1494 2812 Caesarii
1511 2770 1618 2810 dialogo
1631 2770 1664 2807 ἰ,
1691 2773 1814 2812 respons.

1030 2806 1068 2868 pili)
1081 2806 1217 2868 interrog.1
1222 2807 1266 2868 (li-1i.
1280 2807 1383 2840 Quibus
1397 2809 1532 2836 addentur
1548 2806 1619 2838 nunc
1637 2806 1813 2845 Clemaitiu,

1042 2850 1048 2868 l
1072 2861 1077 2868 .
1092 2849 1119 2868 κ.
1133 2849 1191 2868 can.

1031 2842 1077 2869 lib.
1092 2849 1119 2875 Χ,
1133 2849 1191 2876 cap.
1208 2842 1244 2869 lii.
