1873 3095
41 112 100 140 1541

634 112 916 142 RECOCNITIONUM
937 113 1000 142 LIB.
1021 113 1053 140 V.

1595 115 1664 142 1362

39 172 111 205 longe
132 171 248 200 erretis.
270 170 381 204 Czesari,
401 172 523 207 ejusdem
545 173 610 201 licet
621 178 726 201 natum
741 173 828 200 homl-
841 176 865 204 Α
880 180 940 200 rum
957 176 1016 200 erat
1029 172 1056 199 in
1076 172 1127 199 hoc
1143 171 1254 199 mundo.
1269 168 1338 204 Quid
1361 171 1434 199 enim
1453 175 1495 198 est
1513 170 1584 206 quod
1600 172 1663 199 reli-

37 223 94 242 nem
109 216 192 250 cuius
207 216 269 251 ipse
285 221 342 250 est,
361 217 480 244 conferri
495 221 585 245 tamen
597 218 730 245 neminem
745 218 826 251 licet;

36 261 97 293 Deo,
113 262 161 297 qui
177 261 234 289 hoc
250 262 309 297 ipso
319 263 392 298 quod
405 270 420 289 a
432 263 506 289 nullo
518 263 616 294 factus.
630 263 677 291 sed
692 263 750 297 ipse
763 262 826 290 fecit

35 307 131 338 omnia,
145 311 250 335 cuncta
263 309 456 342 supereminet,
468 308 585 336 conferri
597 309 694 336 debere
707 309 824 344 aliquem

34 354 162 381 creditis?
174 354 231 382 Sed
246 354 363 383 Ctesaris
378 355 487 390 quidem
504 363 602 382 nomen
624 355 690 382 nulli
711 356 756 382 alii
772 363 823 382 au-

32 399 98 426 detis
117 399 265 435 imponere
275 421 283 433 ,
299 401 364 436 quia
379 409 457 428 reum
472 409 552 429 suum
564 402 655 428 statim
667 401 762 436 punit;
775 401 823 428 Dei

32 453 92 472 vero
121 445 256 479 audetis,
293 446 357 481 quia
387 454 464 474 reum
486 455 566 476 suum
593 449 690 484 punire
713 452 823 483 propter

31 491 221 525 pcenitentiam
239 491 350 519 ditl'ert?

61 534 156 564 XXIII.
172 535 230 564 Per
242 537 309 565 alios
324 538 387 565 item
402 546 516 573 serpens
536 539 580 566 ille
603 540 725 574 proferre
738 541 821 568 verba

29 581 224 615 hujuscemodi
241 583 310 610 solet
327 593 333 610 :
350 583 405 611 Nos
420 584 453 610 ad
472 584 602 612 honorem
616 586 760 615 invisibilis
773 587 820 615 Dei

28 627 158 661 imagines
172 628 299 656 visibiles
322 629 488 664 adoramus;
505 631 576 666 quod
601 633 754 661 certissime
770 632 820 660 fal-

27 680 82 699 tum
97 676 150 701 est.
170 673 199 701 Si
215 675 288 702 enim
304 683 367 703 vere
381 676 471 704 velitis
491 676 538 704 Dei
558 678 702 713 imaginem
716 679 817 711 colere,

27 718 127 746 homini
141 719 348 748 benefacientes
361 729 453 749 veram
466 723 493 750 in
505 731 538 750 eo
553 723 598 751 Dei
613 725 755 760 imaginem
771 733 819 753 co-

27 763 122 792 lcretis.
140 763 170 792 In
187 766 265 792 omni
278 767 348 793 enim
361 767 471 796 homine
486 774 528 796 est
543 769 633 805 imago
650 770 707 802 Dei,
723 773 816 800 nonin

26 809 150 838 omnibus
165 819 235 838 vero
260 812 420 845 similitudo,
444 814 492 842 sed
518 815 563 842 ubi
588 815 705 851 benigna
726 817 816 845 anima

26 859 63 882 est
75 859 102 883 et
115 864 196 899 mens
212 865 281 892 pura
294 858 360 893 (24).
379 858 407 886 Si
423 867 488 895 ergo
507 868 570 888 vere
585 861 667 889 vultis
681 862 816 890 honorare

25 901 167 937 imaginem
183 902 250 936 Dei,
264 912 314 932 nos
328 905 405 932 vobis
416 907 488 940 quod
504 915 593 935 verum
609 912 650 936 est
666 910 814 944 aperimus,

24 950 51 973 ut
66 947 169 975 homini
185 949 235 984 qui
257 949 291 976 ad
316 949 462 986 imaginem
485 951 532 979 Dei
547 953 635 981 factus
650 959 691 981 est
705 954 816 982 benefa-

24 992 97 1020 ciatis
109 1012 116 1024 ,
137 993 275 1022 honorem
291 998 318 1022 et
332 997 512 1023 reverentiam
528 997 668 1030 deferatis,
683 1000 814 1028 esurienti

24 1037 122 1069 cibum,
139 1039 247 1067 sitienti
261 1041 400 1075 poculum,
423 1042 498 1069 nudo
519 1043 719 1076 indumentum,
739 1054 813 1081 aegro

24 1083 217 1118 ministerium,
245 1087 389 1122 peregrino
414 1087 573 1123 hospitium,
599 1094 626 1117 et
651 1091 678 1118 in
704 1099 814 1120 carcere

23 1129 108 1162 posito
122 1132 284 1159 necessaria
305 1133 477 1166 ministretis,
494 1138 520 1161 et
543 1135 595 1162 hoc
609 1141 652 1163 est
666 1138 738 1171 quod
752 1146 814 1165 vero

24 1173 75 1202 Deo
89 1175 212 1204 delatum
229 1179 410 1213 reputabitur.
426 1179 488 1208 Haec
506 1186 594 1208 autem
617 1182 643 1209 in
661 1187 763 1210 tantum
779 1185 811 1212 ad

24 1220 149 1250 honorem
166 1223 215 1251 Dei
232 1224 360 1259 imaginis
372 1225 481 1258 cedunt,
495 1232 524 1254 ut
542 1227 587 1262 qui
603 1227 654 1255 ista
671 1236 724 1256 non
740 1229 813 1257 fece-

23 1266 64 1295 rit.
81 1269 277 1296 contumeliam
290 1270 401 1306 imagini
414 1272 512 1299 divina:
527 1273 651 1301 intulisse
670 1275 810 1304 credatur.

23 1311 85 1343 Quis
95 1320 160 1348 ergo
174 1315 227 1342 iste
246 1315 332 1343 honor
343 1316 389 1350 Dei
401 1321 453 1348 est,
470 1326 519 1353 per
532 1319 652 1354 lapideas
663 1324 690 1348 et
708 1320 811 1356 ligneas

25 1357 120 1386 formas
134 1359 302 1394 discurrere,
318 1366 345 1389 ct
356 1363 450 1391 inanes
463 1368 545 1400 atque
555 1366 695 1394 exanimes
710 1367 811 1402 ﬁguras

24 1407 146 1438 tanquam
162 1407 277 1434 numina
288 1409 422 1441 venerari,
437 1414 463 1436 et
486 1409 622 1438 hominem
636 1411 662 1438 in
679 1420 732 1446 quo
748 1421 810 1440 vere

24 1449 107 1485 imago
122 1451 168 1479 Dei
192 1457 234 1480 est
255 1454 403 1488 spernere?
425 1455 478 1481 imo
501 1456 593 1490 potius
618 1458 685 1484 certi
710 1463 808 1491 estote,

876 218 988 252 quistis,
1000 216 1072 252 quod
1089 224 1143 244 non
1155 215 1308 243 adorastis?
1324 215 1420 246 solem,
1438 215 1540 246 lunam,
1557 215 1661 247 stellas,

877 269 986 296 aquam,
1001 266 1112 292 terram,
1128 265 1244 291 montes,
1261 260 1384 289 arbores.
1402 259 1515 294 lapides.
1526 259 1661 291 homines,

877 308 942 334 nihil
959 307 1056 334 borum
1072 311 1114 334 est
1134 306 1206 341 quod
1228 313 1281 332 non
1296 305 1442 332 adorastis.
1459 304 1584 338 Oportuit
1596 312 1662 339 ergo

873 354 952 388 juxta
972 360 1066 380 vocem
1082 356 1198 379 vestram
1222 351 1289 378 nihil
1314 350 1410 377 horum
1426 350 1482 376 ﬁeri
1508 358 1522 376 a
1545 349 1609 380 Deo,
1627 357 1661 377 ne

875 398 1012 425 haberetis
1036 397 1109 432 quod
1135 397 1252 432 possetis
1270 395 1404 429 adorare;
1424 395 1471 423 sed
1486 403 1519 422 ne
1535 395 1660 422 homines

874 444 982 478 quidem
1010 444 1084 478 ipsos
1108 451 1170 470 esse
1188 443 1318 477 opertuit,
1341 442 1387 477 qui
1414 441 1569 470 adorarent.
1590 440 1660 468 Vere

873 489 926 517 hoc
940 493 983 517 est
997 489 1069 524 quod
1088 488 1226 516 desiderat
1247 488 1291 516 ille
1313 488 1358 522 qui
1374 488 1444 514 intra
1461 495 1510 514 vos
1522 487 1587 514 latet
1601 495 1660 514 ser-

872 543 949 570 pens,
964 535 1031 562 nulli
1043 539 1163 562 vestrum
1177 534 1274 569 parcit,
1293 534 1397 561 nullum
1420 533 1476 560 vult
1494 532 1611 567 effugere
1625 532 1659 559 de

871 582 1002 615 interitu;
1020 582 1068 609 sed
1093 589 1149 608 non
1175 581 1212 608 ita
1228 581 1290 608 erit.
1314 580 1413 607 Audite
1427 579 1510 610 enim,
1523 579 1586 613 quia
1603 587 1658 606 non

870 626 1004 662 delinquit
1020 627 1085 654 illud
1101 626 1175 661 quod
1190 626 1330 657 adoratur.
1353 626 1400 653 sed
1426 625 1471 652 ille
1486 625 1531 660 qui
1549 625 1656 653 adorat.

867 671 976 700 Iustum
992 680 1109 707 namque
1122 676 1164 700 est
1179 672 1251 707 apud
1273 671 1357 699 Deum
1371 671 1516 706 judicium,
1532 676 1559 698 et
1578 671 1658 698 aliter

869 718 997 753 injuriam
1013 719 1159 753 patiean
1173 718 1288 752 judicat,
1304 718 1382 745 aliter
1399 717 1571 745 inferentem.

904 763 986 792 XXV.
1001 764 1053 791 Sed
1070 765 1139 792 diris
1156 774 1162 791 :
1179 763 1328 798 Oportebat
1341 771 1406 798 ergo
1419 771 1466 790 eos
1479 763 1525 797 qui
1541 763 1657 789 adorant

868 811 941 846 quod
956 819 1009 837 non
1027 811 1089 838 licet
1104 810 1224 841 adorari,
1239 811 1329 837 statim
1348 810 1443 844 pcrimi
1460 817 1474 835 a
1491 809 1555 841 Deo,
1575 818 1608 836 ne
1629 814 1656 836 et

868 858 941 884 alius
958 857 1009 884 hoc
1026 857 1136 884 faceret.
1150 856 1203 883 Sed
1221 864 1312 883 nonne
1324 864 1353 883 es
1370 860 1397 882 tu
1412 855 1572 890 prudentior
1587 855 1653 888 Deo,

866 907 897 930 ut
911 903 935 930 ei
949 902 1062 930 consilia
1078 910 1207 937 suggeras
1224 901 1265 928 "‘1
1278 902 1329 929 scit
1343 902 1388 928 ille
1399 902 1463 936 quid
1482 901 1572 928 faciat.
1589 901 1655 928 0m-

865 948 948 976 nibus
962 948 1061 976 etenim
1085 948 1112 975 in
1134 948 1286 983 ignorantia
1304 948 1399 983 positis
1412 948 1570 982 patientiam
1585 955 1654 982 prae-

865 999 932 1026 stat,
947 996 1009 1030 quia
1023 995 1179 1022 misericors
1200 999 1226 1022 et
1242 995 1303 1030 pius
1317 998 1370 1026 est.
1386 998 1413 1022 et
1433 994 1572 1029 praevidet,
1588 994 1653 1030 quia

865 1050 898 1070 ex
915 1043 1006 1078 impiis
1018 1042 1095 1069 multi
1112 1041 1265 1069 eﬂiciuntur
1284 1041 1332 1076 pii,
1348 1046 1375 1069 et
1389 1049 1422 1068 ex
1444 1041 1510 1076 ipsis
1534 1042 1581 1076 qui
1602 1041 1653 1067 im-

864 1096 932 1123 pura
946 1088 1072 1124 ﬁgmenta
1085 1091 1113 1115 et
1126 1088 1243 1122 pollutas
1253 1087 1383 1123 imagines
1395 1091 1568 1119 venerantur,
1583 1096 1653 1115 non‘

865 1135 933 1162 nulli
951 1134 1077 1162 conversi
1093 1134 1127 1160 ad
1140 1133 1235 1165 Deum,
1252 1137 1278 1160 et
1290 1139 1449 1160 revocantes
1463 1141 1492 1160 se
1503 1141 1517 1159 a
1533 1135 1652 1168 peccatis

863 1184 890 1207 et
906 1183 1016 1214 agentes
1035 1179 1104 1206 bona
1119 1186 1212 1215 opera,
1226 1179 1388 1214 perveniunt
1403 1179 1436 1206 ad
1452 1179 1578 1206 salutem.
1597 1179 1651 1207 Sed

863 1225 1019 1256 debuimus,
1033 1225 1131 1260 inquit,
1148 1225 1260 1251 omnino
1280 1232 1331 1252 nec
1354 1225 1388 1251 ad
1409 1225 1599 1259 cogitationem
1613 1225 1652 1253 is-

863 1273 918 1297 tam
944 1271 1047 1302 venire,
1066 1275 1096 1297 ut
1118 1271 1174 1297 haec
1192 1270 1355 1297 faceremus.
1380 1269 1513 1304 lgnoratis
1530 1271 1594 1306 quid
1608 1275 1652 1298 est

863 1317 975 1344 libertas
991 1317 1109 1348 arbitrii,
1129 1320 1157 1344 et
1182 1316 1248 1343 latet
1264 1324 1312 1344 vos
1327 1317 1391 1351 quia
1414 1317 1459 1344 ille
1483 1325 1546 1344 vere
1561 1317 1651 1345 bonus

861 1367 915 1394 est,
930 1363 977 1398 qui
995 1370 1045 1391 suo
1057 1364 1197 1398 proposito
1212 1363 1299 1390 bonus
1316 1366 1371 1396 est;
1389 1363 1434 1398 qui
1449 1367 1539 1390 autem
1553 1371 1651 1391 neces-

862 1409 943 1436 sitate
954 1408 1087 1436 retinetur
1097 1409 1123 1435 in
1140 1409 1221 1441 bono,
1239 1409 1327 1436 bonus
1340 1416 1394 1435 non
1405 1411 1494 1442 potest
1505 1409 1569 1439 dici.
1585 1409 1650 1444 quia

862 1463 917 1482 non
939 1459 981 1482 est
1003 1462 1083 1482 suum
1103 1454 1176 1490 quod
1200 1459 1252 1482 est.
1269 1454 1338 1487 Quia
1352 1462 1417 1489 ergo
1438 1454 1465 1482 in
1484 1462 1650 1490 unoquoque

26 1496 92 1529 quod
105 1498 152 1532 qui
169 1498 346 1526 homicidium
359 1499 423 1527 facit
439 1505 485 1528 aut
496 1501 670 1535 adulterium,
685 1508 713 1531 et
727 1505 807 1540 quid-
822 1512 843 1540 ε
861 1501 976 1528 libertas
991 1504 1033 1528 est
1046 1501 1073 1527 in
1085 1500 1218 1527 electione
1230 1500 1363 1527 bonorum
1376 1500 1417 1528 vel
1433 1500 1578 1533 malorum,
1590 1501 1649 1536 ipse

26 1542 86 1573 quid
101 1543 127 1570 in
149 1544 292 1571 hominum
309 1553 416 1580 poenam
432 1547 473 1574 vel
500 1547 626 1582 iniuriam
648 1549 760 1583 geritur,
779 1550 807 1577 in

24 1582 61 1611 his
76 1587 204 1615 omnibus
228 1587 275 1615 Dei
303 1588 391 1624 imago
414 1590 541 1618 violatur.
558 1582 741 1627 Magnaicnim
757 1595 808 1621 im-

23 1629 103 1662 pietas
117 1631 144 1659 in
165 1632 250 1660 Deum
274 1637 326 1666 est,
343 1634 440 1662 laedere
463 1637 621 1665 hominem:
639 1646 719 1666 omne
743 1647 807 1675 ergo

22 1676 88 1719 quod
99 1676 156 1712 ipse
169 1679 225 1714 pati
242 1686 296 1706 non
309 1680 360 1712 vis,
373 1688 434 1707 cum
450 1681 518 1710 facis
531 1683 587 1716 alii,
601 1683 744 1719 imaginem
759 1685 806 1713 Dei

23 1718 116 1754 iniquis
131 1725 299 1753 mmroribus
322 1725 419 1754 foedas.
438 1727 580 1763 Intelligite
598 1718 672 1765 ergo,
685 1731 749 1766 quia
764 1732 806 1759 la-

23 1767 99 1794 tentis
114 1768 284 1798 intrinsecus
300 1774 434 1807 serpentis
448 1778 490 1801 est
513 1775 564 1802 ista
580 1777 729 1812 suggestio.
743 1785 804 1812 quae

23 1814 161 1844 persuadet
183 1816 244 1851 pios
269 1825 316 1845 vos
340 1819 424 1845 videri
441 1828 531 1854 posse,
554 1829 616 1848 cum
635 1823 803 1851 insensibilia

21 1856 114 1890 colitis,
129 1864 157 1886 et
172 1869 228 1889 non
247 1862 332 1890 videri
349 1864 457 1899 impios,
479 1873 541 1892 cum
557 1866 700 1895 sensibiles
719 1872 745 1896 et
761 1876 806 1896 ra-

21 1902 158 1935 tionabiles
176 1908 283 1936 laeditis.

52 1948 142 1980 XXIV.
156 1953 209 1982 Sed
226 1955 259 1981 ad
273 1955 330 1983 haec
341 1957 394 1984 alio
407 1957 485 1985 nobis
501 1966 613 1994 serpens
628 1967 675 1987 ore
691 1968 806 1995 respon-

20 1993 60 2021 det
73 2002 98 2024 et
113 1999 197 2028 dicit:
213 2001 242 2029 Si
254 2003 363 2030 nolebat
384 2003 441 2031 haec
455 2012 517 2032 esse
534 1993 617 2037 Deus,
637 1993 802 2041 utique-non

20 2046 101 2070 erant.
119 2043 245 2074 Nondum
261 2048 339 2075 vobis
349 2048 422 2081 dico,
435 2050 571 2085 quomodo
584 2051 617 2078 ad
628 2052 804 2087 uniuscujus-

21 2093 68 2119 (llle
80 2092 178 2120 mentis
195 2094 384 2128 probationem
406 2095 434 2122 in
452 2095 504 2123 hoc
519 2097 622 2124 mundo
639 2098 803 2132 permittun-

21 2134 59 2178 tur
74 2142 134 2163 esse
151 2139 236 2165 multa
251 2141 404 2174 contraria;
421 2142 470 2169 sed
485 2142 552 2169 illud
573 2146 616 2171 est
640 2144 712 2178 quod
728 2151 802 2171 nunc

861 1547 912 1574 sibi
927 1547 968 1574 vel
988 1546 1099 1581 prmmia
1119 1547 1159 1573 vel
1187 1546 1326 1573 interitum
1344 1545 1451 1581 quaerit.
1468 1545 1535 1578 lmo,
1548 1546 1647 1581 inquit,

859 1592 992 1627 quidquid
1009 1592 1171 1627 cogitamus,
1190 1591 1262 1618 Deus
1286 1591 1366 1619 nobis
1387 1591 1499 1619 adducit
1518 1592 1550 1619 ad
1568 1599 1647 1619 men—

859 1643 925 1666 tem.
941 1638 1012 1671 Quid
1024 1639 1114 1673 agitis,
1126 1646 1143 1663 ι)
1158 1637 1299 1664 homines?
1309 1637 1520 1672 blasphematis;
1535 1638 1558 1665 si
1572 1638 1647 1665 enim

858 1692 939 1712 omne
950 1684 1022 1719 quod
1048 1684 1209 1718 cogitamus,
1233 1684 1291 1718 ipse
1305 1683 1383 1710 nobis
1395 1682 1506 1710 adducit
1516 1683 1550 1710 ad
1567 1692 1645 1711 tuen—

857 1735 923 1762 tem,
941 1730 999 1764 ipse
1013 1737 1079 1764 ergo
1089 1729 1167 1756 nobis
1181 1729 1361 1763 cogitationes
1371 1729 1497 1756 adulterii
1512 1730 1644 1765 suggerit,

857 1782 884 1804 et
899 1776 1030 1806 avaritiae.
1043 1779 1070 1802 et
1083 1775 1268 1809 blasphemim,
1280 1774 1424 1809 omnisque
1443 1775 1576 1802 luxuriae?
1590 1776 1643 1804 De--

858 1821 950 1853 sinite,
965 1828 1068 1856 quieso,
1080 1820 1114 1847 ab
1132 1820 1287 1854 hujusmodi
1300 1820 1488 1855 blasphemiis,
1503 1825 1529 1849 et
1541 1822 1588 1857 qui
1608 1823 1645 1850 sit

857 1867 913 1894 Deo
926 1867 1024 1902 dignus
1038 1867 1125 1894 honor
1144 1866 1296 1901 intelligite.
1314 1866 1369 1893 Nec
1381 1867 1492 1899 dicatis.
1510 1873 1540 1895 ut
1555 1869 1644 1896 solent

856 1912 966 1948 quidam
982 1915 1114 1944 Vestrum,
1130 1912 1193 1946 quia
1209 1911 1281 1939 Deus
1293 1912 1448 1939 mortalium
1469 1913 1572 1941 honore
1587 1922 1641 1942 non

855 1957 967 1992 indiget.
992 1957 1038 1984 Ille
1061 1956 1171 1992 quidem
1196 1964 1259 1984 vere
1281 1957 1383 1984 nullius
1398 1958 1510 1992 indiget,
1527 1960 1574 1987 sed
1591 1968 1642 1988 vos

857 2005 960 2033 debetis
976 2011 1134 2039 agnoscere,
1156 2003 1219 2038 quia
1236 2003 1313 2031 vobis
1333 2004 1444 2039 prodest
1462 2006 1549 2032 honor
1560 2014 1641 2040 quem

855 2051 910 2079 Deo
926 2050 1048 2078 defertis.
1066 2049 1137 2083 Quid
1160 2050 1231 2077 enim
1248 2054 1302 2076 tam
1327 2051 1503 2082 exsecrabile,
1518 2059 1597 2086 quam
1618 2053 1642 2080 si

855 2098 970 2134 gratiam
984 2097 1087 2125 referre
1102 2097 1208 2124 nesciat
1222 2096 1302 2123 homo
1313 2098 1424 2132 proprio
1435 2098 1589 2126 conditori?

891 2143 985 2172 XXVI.
1001 2143 1053 2171 Sed
1065 2143 1172 2175 melius,
1185 2143 1283 2178 inquit,
1297 2143 1411 2171 facimus
1421 2151 1481 2176 nos,
1492 2145 1538 2179 qui
1551 2149 1577 2171 et
1589 2145 1641 2180 ipsi

20 2175 119 2225 interim
136 2185 266 2211 convenit
277 2185 342 2217 dici.
357 2187 380 2214 si
399 2188 549 2214 secundum
569 2196 616 2216 vos
632 2196 713 2215 omne
726 2189 799 2224 quod
818 2180 842 2211 Ι)
854 2195 881 2218 et
896 2190 1023 2218 omnibus
1042 2197 1105 2217 cum
1129 2189 1188 2225 ipso
1202 2189 1305 2224 gratias
1328 2190 1444 2225 agimus.
1465 2189 1494 2217 In
1510 2191 1561 2218 hoc
1577 2192 1642 2219 sub-

20 2222 177 2256 adorandum
193 2233 251 2257 erat
267 2238 327 2258 esse
347 2239 403 2259 non
425 2232 536 2266 debuit,
550 2234 618 2261 nihil
638 2241 708 2269 pene
722 2222 797 2261 futu-

51 2281 71 2297 "
82 2281 160 2313 Rom.
176 2294 216 2319 ιι,
229 2286 275 2315 54.

851 2235 1005 2264 versionem
1020 2234 1118 2263 salutis
1140 2238 1237 2263 vestra:
1261 2243 1316 2262 non
1337 2235 1499 2270 intelligitis.
1520 2235 1585 2264 Tale
1596 2241 1640 2266 cst

668 2368 856 2398 COTELERII
872 2370 988 2399 NOTE.

51 2429 102 2473 (ἓξ)
117 2432 150 2460 1η
169 2435 324 2473 ογῃυιί-εηὶηι
339 2436 488 2465 homine....
507 2442 533 2466 et
553 2447 626 2466 mens
641 2446 720 2473 pura.
736 2439 796 2468 Cle-

21 2469 120 2504 f'tetltin.
138 2477 165 2500 π,
195 2470 220 2497 'l.
241 2470 323 2498 Juxta
350 2474 513 2500 sententiam
540 2473 571 2501 B.
597 2469 707 2502 Maximi
731 2483 797 2502 cen-

137 2499 329 2545 De‘cltaritale,
344 2515 371 2545 ῃ.
439 2517 445 2534 :
463 2499 707 2545 Kair‘
724 2499 799 2537 τξᾶξα

21 2536 191 2580 ξξξξὲηλογξκή
211 2541 268 2580 ἐστι
284 2536 330 2580 τοῦ
344 2542 422 2570 θεοῦ.
438 2544 506 2570 Καθ’
525 2536 654 2579 ὁμοίωσιῦ
669 2536 707 2576 Bs;
724 2536 798 2580 pdvot

22 2566 262 2615 ςξςςῇῗξξχκᾶὶροξφρέ.
504 2566 707 2615 tavn‘ieitwi'm’ag;
719 2566 796 2608 ﬁsi":

22 2603 134 2658 Itlilitudo
163 2603 219 2637 θεῖ’
235 2612 262 2638 in
288 2603 794 2650 hoiiiiﬁe',“ili'éiﬁr'elée'"'ﬁ‘iniaﬁiﬁi.

33 2642 126 2658 ,mnmln
148 2646 235 2658 ,διπη-
251 2646 372 2658 Luae”;
397 2649 425 2658 η-
446 2657 451 2658 ,
468 2650 499 2658 νιν
611 2650 638 2658 μ.
698 2650 714 2658 ι.

251 2642 602 2693 lsidorunt'IIispaletts'ettt,.
611 2642 730 2693 li‘b'ro'De
751 2642 796 2693 ei;

39 2678 274 2720 fi‘f:¢teatu[arttm,
291 2690 351 2720 cap.
370 2684 432 2720 ult.,
447 2678 517 2711 tom.
537 2678 688 2720 ISp'icilt-gii
711 2686 795 2713 Ache-

99 2715 214 2764 BLEOG‘:
236 2710 349 2744 Si'eniin
370 2719 402 2746 de
414 2710 793 2764 riemetipsowcaritri'animani)

102 2748 393 2788 fecisset,_nequaquam
415 2748 550 2788 possibilia
569 2760 594 2781 et
613 2748 747 2782 ululabilis
767 2748 792 2783 ei

24 2781 107 2824 ξ’ξξδξῖα
116 2791 192 2824 esset.
205 2781 278 2814 'lten't
288 2789 311 2824 si
320 2781 360 2815 ἐι
375 2781 503 2817 creaturis
518 2781 789 2824 carporalibusrillam

23 2816 130 2859 ξςξαεξει.
141 2826 164 2847 et
179 2823 317 2859 corporale
333 2824 432 2859 aliquid
448 2826 474 2851 in
488 2833 536 2851 sua
555 2816 651 2852 natura
667 2816 789 2857 haberet}

24 2852 71 2880 συί»
85 2851 182 2883 incitam
199 2851 281 2890 (male
292 2851 445 2895 nunqu'am),
461 2860 573 2887 calorem
591 2860 622 2888 de
638 2851 789 2897 firmamen;

847 2442 941 2478 ﬂatum
955 2450 987 2469 ei:
1007 2451 1093 2473 aerea,
1106 2447 1152 2469 aut
1164 2441 1298 2470 [tumorem
1312 2451 1345 2470 ea:
1359 2443 1492 2478 aquatica,
1505 2449 1552 2470 aut
1563 2453 1635 2471 cras-

849 2477 991 2504 situdinem
1006 2483 1030 2504 et
1046 2477 1207 2505 soliditatem
1222 2486 1255 2505 ex
1273 2484 1374 2505 terrena
1391 2480 1501 2505 materia
1513 2479 1637 2511 haberet;

849 2513 971 2573 scdjuia
986 2513 1026 2540 Itis
1041 2513 1160 2540 omnibus
1181 2518 1262 2545 caret,
1283 2515 1463 2548 incorpoream
1479 2515 1554 2540 illam
1581 2523 1638 2542 esse

850 2555 898 2573 con
919 2549 984 2573 itam
1000 2549 1134 2573 conuenit:
1149 2553 1173 2573 et
1186 2557 1231 2573 ver
1241 2549 1326 2573 insani
1343 2549 1594 2573 incornnralitutrm.
1611 2555 1636 2573 et

850 2549 984 2574 conditam
1000 2549 1134 2579 conuenit;
1149 2553 1173 2574 et
1186 2549 1326 2583 peripsam
1343 2549 1595 2583 iucorporalitutem,
1611 2555 1636 2576 et

850 2588 1032 2614 wtermtatcm,
1054 2589 1079 2610 et
1095 2583 1309 2613 mutabilitatem.
1330 2589 1354 2610 et
1369 2583 1445 2610 liberi
1467 2584 1570 2610 arbitrii
1589 2592 1637 2617 po-

849 2622 983 2649 testatem,
1008 2619 1124 2645 eamdem
1144 2627 1202 2645 tum
1222 2619 1321 2654 angelis
1340 2618 1435 2654 Italici-3
1457 2619 1635 2654 substantiam

847 2654 1002 2689 creandique
1029 2654 1144 2681 ordinem
1176 2654 1347 2689 dignoscitur.
1376 2653 1439 2680 11(ιέ
1463 2658 1560 2682 autem.
1588 2653 1637 2689 Dei

847 2688 933 2724 imago
947 2697 997 2715 non
1014 2689 1077 2724 μεθ,
1099 2688 1250 2725 imaginem]
1265 2689 1292 2716 in
1307 2690 1462 2725 a'temitate,
1479 2688 1634 2725 similitudi-

846 2732 904 2750 nem
924 2725 950 2750 in
965 2723 1076 2751 arbitrio
1101 2723 1181 2751 libero
1206 2723 1257 2759 (sic
1283 2723 1408 2757 restituo)
1436 2723 1578 2759 possidet:
1603 2724 1635 2750 de

844 2767 896 2794 qua
911 2759 1034 2794 imaginis
1046 2759 1094 2786 Dei
1105 2757 1276 2786 similitudine
1290 2760 1416 2792 impressa
1429 2757 1552 2792 prop/veta
1563 2766 1635 2784 com-

844 2793 982 2826 memorat,
999 2795 1105 2823 diceus:
1125 2794 1278 2830 «Signatum
1291 2801 1370 2827 super
1383 2800 1430 2819 nos
1447 2794 1533 2820 (auten
1547 2793 1634 2821 ruit!“

843 2831 890 2857 tui.
912 2840 920 2855 ι
