1873 3095
256 145 328 173 «διδ

685 142 714 171 S.
735 142 931 171 CLEMENTIS
950 142 959 169 1
979 141 1063 170 ΒΟΜ.
1082 139 1183 168 ΡΟΝῙ.
1203 138 1318 168 OPERA
1337 137 1452 167 DUBIA.

1769 138 1812 166 l5“

254 203 328 230 enim
343 202 406 234 hoc,
418 201 499 236 quale
521 201 543 228 si
562 201 624 236 quis
639 207 710 236 ager
723 200 758 228 ad
781 200 913 228 medelam
930 200 972 228 sui
986 207 1044 227 me-
1057 201 1081 230 Α
1093 198 1172 226 vobis
1186 197 1315 226 dicemus
1336 205 1398 234 qua:
1421 197 1449 224 in
1469 203 1499 224 re
1521 195 1601 224 sunt?
1612 194 1720 230 nunquid
1733 199 1814 224 tacentes

255 249 347 276 dieum
365 248 468 283 pariter
477 251 505 275 et
519 247 682 275 venenarios
693 247 797 278 invitet,
814 254 876 274 cum
891 246 928 273 illi
945 253 1044 273 nocere

254 294 365 330 quidem
387 293 504 329 possint,
525 301 622 320 curare
637 300 691 320 non
715 293 833 328 possint,
850 299 932 319 verus
952 295 1042 318 autem

255 340 380 367 medicus
394 339 507 367 venenis
523 339 630 366 illorum
651 343 759 366 recuset
782 345 831 366 sua
847 338 1043 364 medicamenta

255 386 382 416 miscere,
399 393 432 412 ne
447 388 493 411 aut
513 384 650 419 pernicies
669 385 742 412 bono
758 387 804 411 aut
826 384 930 412 sanitas
941 390 1042 410 nocen-

253 431 328 458 tibus
339 430 504 457 ascribatur.
520 429 612 457 Dicis:
629 429 700 464 Ergo
716 430 873 464 indignatur
883 428 1042 456 autinvidet

253 476 337 508 Deus,
359 478 382 504 si
396 483 458 503 cum
479 476 537 511 ipse
554 475 719 508 benefaciat,
732 476 794 502 aliis
806 475 900 510 gratiae
919 474 1041 502 referan-

254 523 320 550 tur?
343 521 456 548 Etiamsi
479 528 533 548 non
551 521 718 556 indignetur.
738 528 792 547 non
808 521 866 547 vult
887 524 979 548 tamen
995 527 1041 547 er-

253 567 325 595 roris
340 570 437 594 auctor
450 566 578 597 existere,
596 570 626 593 ut
651 566 694 593 sui
709 566 802 601 operis
816 565 948 593 beneficio
964 564 1041 592 inani

254 613 328 641 idolo
343 612 410 640 ﬁdes
427 612 517 640 detur.
534 612 604 645 Quid
621 616 694 639 certe
709 616 762 638 tam
783 612 914 647 impium,
930 615 985 638 tam
998 611 1040 638 in-

252 662 373 694 gratum,
385 664 467 692 quam
488 665 503 683 a
525 656 581 684 Deo
597 657 758 684 beneﬁcium
773 657 903 691 consequi
915 675 922 688 ,
938 660 965 684 et
979 656 1040 683 red-

251 704 319 732 dere
345 704 426 738 lignis
449 710 482 730 ac
509 703 646 738 lapidibus
667 703 802 738 gratiam?
826 702 940 738 Propter
965 702 1040 737 quod

251 749 474 785 expergiscimini
487 753 514 776 et
529 749 671 784 intelligite
685 749 800 776 salutem
816 752 954 782 vestram;
968 747 1040 776 Deus

250 796 324 824 enim
336 795 438 822 nullius
450 794 564 830 indiget,
581 802 670 829 neque
692 795 793 829 aliquid
809 794 934 830 requirit,
951 802 1040 829 neque

251 841 280 870 in
298 841 390 876 aliquo
406 840 525 872 laeditur,
541 840 588 868 sed
604 849 655 868 nos
671 849 766 868 sumus
781 841 828 876 qui
845 845 893 868 aut
911 841 1040 875 juvamur

252 891 299 915 aut
316 873 441 914 lzedimur
457 887 484 913 in
501 894 534 914 eo
559 887 633 922 quod
658 887 727 922 grati
755 873 803 913 aut
818 873 919 922 ingrati
933 894 1038 914 sumus.
1056 873 1078 902 Β

250 931 319 960 Nam
345 931 400 959 Deo
423 931 491 967 quid
505 932 647 959 confertur
667 940 699 959 ex
715 932 841 959 laudibus
858 933 979 960 nostris?
994 936 1041 960 aut

250 978 317 1014 quid
333 977 457 1005 aufertur
472 985 505 1004 ex
520 977 715 1012 blasphemiis?
736 978 788 1005 nisi
805 977 878 1013 quod
894 977 967 1006 Deus
981 978 1041 1004 ani-

249 1032 323 1053 mam
343 1024 396 1051 sibi
412 1024 514 1058 gratias
528 1027 664 1058 agentem,
680 1024 831 1059 proximam
850 1024 902 1051 sibi
917 1027 944 1051 et
962 1024 1042 1051 fami-

249 1071 344 1099 liarem
360 1070 436 1101 facit,
453 1070 586 1105 ingratam
602 1077 666 1098 vero
681 1070 770 1098 malus
786 1070 907 1106 possidet
922 1070 1039 1099 daemon.

284 1115 393 1144 XXVII.
411 1116 462 1144 Sed
478 1120 506 1144 et
522 1116 588 1143 illud
607 1116 679 1144 scire
695 1124 745 1144 vos
768 1117 839 1148 volo,
854 1117 928 1152 quod
944 1116 1041 1144 adva-

249 1170 311 1190 sum
326 1162 485 1197 hujusmodi
500 1162 607 1190 animas
624 1170 680 1190 non
695 1163 753 1198 ipse
769 1162 839 1190 Deus
856 1171 904 1198 per
917 1171 946 1190 se
963 1163 1042 1190 ultio-

249 1217 311 1237 nem
327 1208 440 1244 profert,
458 1208 505 1236 sed
521 1209 649 1236 universa
664 1214 790 1236 creatura
804 1209 866 1243 ejus
880 1209 998 1244 insurgit
1013 1212 1041 1236 et

249 1262 345 1290 poenas
360 1254 394 1281 de
420 1254 512 1289 impiis
536 1254 638 1287 sumit;
663 1258 690 1281 et
712 1254 837 1289 quamvis
863 1254 890 1281 in
912 1254 1040 1289 praesenti

250 1301 353 1328 stcculo
369 1300 416 1328 Dei
434 1300 543 1327 bonitas
557 1300 700 1335 aequaliter
718 1300 770 1335 piis
783 1304 810 1327 et
824 1300 916 1336 impiis
943 1300 1040 1328 mundi

248 1346 337 1373 lucem
364 1352 396 1372 ac
424 1350 503 1372 terra:
523 1345 676 1372 ministeria
700 1345 843 1381 largiatur,
869 1351 958 1373 tamen
983 1353 1039 1373 non

249 1391 354 1427 absque
364 1390 459 1418 dolore
475 1391 518 1418 sui
532 1390 620 1418 lucem
635 1391 677 1418 sol
692 1391 784 1426 impiis
799 1391 911 1426 praebet,
928 1395 1039 1419 caetera-

248 1444 302 1472 que
318 1437 455 1464 elementa
467 1436 599 1464 exhibent
615 1436 786 1464 servitutem.
809 1436 932 1472 Denique
953 1438 1039 1466 inter-

248 1482 313 1510 dum
335 1483 419 1509 etiam
445 1486 541 1509 contra
561 1482 710 1510 bonitatem
731 1483 907 1515 Conditoris,
926 1483 1038 1520 fatigata

249 1527 399 1556 sceleribus
421 1527 566 1562 impiorum
591 1527 738 1555 vincuntur
758 1529 902 1561 elementa,
919 1533 947 1556 et
975 1530 1039 1558 inde

247 1577 291 1602 est
306 1573 380 1608 quod
401 1577 448 1600 aut
463 1577 545 1601 terra;
560 1573 667 1601 fructus
687 1575 882 1610 corrumpitur,
903 1579 951 1602 aut
966 1577 1039 1604 aeris

248 1619 396 1654 temperies
413 1623 574 1651 temeratur,
589 1623 636 1646 aut
655 1627 738 1655 supra
763 1620 873 1648 modum
896 1621 978 1649 ardor
993 1629 1040 1650 so-

247 1664 283 1692 lis
301 1664 468 1696 iucenditur,
494 1665 536 1692 vel
559 1665 688 1692 imbrium
710 1673 742 1693 ac
767 1665 898 1701 frigorum
923 1668 966 1695 vis
987 1668 1039 1695 im-

247 1718 342 1739 mensa
359 1710 530 1738 diffunditur.
552 1710 616 1738 Inde
640 1711 710 1743 lues,
733 1716 760 1740 et
775 1712 880 1745 fames,
895 1717 923 1740 et
943 1714 1038 1743 mortis

247 1757 333 1784 facies
349 1757 458 1784 diversa
482 1758 633 1792 percurrit.
654 1757 766 1786 festinat
781 1759 854 1786 enim
871 1763 995 1787 creatura
1010 1760 1038 1788 in

247 1802 347 1838 impios
369 1810 478 1830 movere
499 1803 662 1831 vindictam.
684 1803 731 1831 Dei
748 1808 840 1831 tamen
866 1805 976 1834 bonitas
995 1814 1038 1834 re-

246 1848 341 1883 primit
355 1855 426 1879 eam,
440 1852 467 1876 et
481 1849 516 1876 ab
531 1848 719 1884 indignatione
743 1849 889 1885 impiorum
907 1851 1037 1886 refrenat,

246 1901 280 1922 ac
295 1902 352 1921 sua).
371 1894 570 1922 misericordiae
587 1895 700 1923 obedire
725 1896 812 1931 cogit,
840 1896 928 1932 magis
953 1905 1037 1932 quam

246 1939 368 1975 peccatis
384 1939 526 1967 hominum
539 1943 566 1967 et
577 1940 728 1968 sceleribus
743 1941 924 1974 inﬂammari;
943 1949 1038 1978 exspe-

246 1986 304 2010 ctat
318 1983 391 2010 enim
409 1984 540 2018 patientia
556 1983 614 2016 Dei,
629 1984 694 2012 dum
718 1984 747 2012 in
768 1985 820 2012 hoc
833 1993 947 2020 corpore
961 1989 1036 2019 sunt,

247 2027 387 2055 hominum
402 2029 620 2057 conversionem.

282 2073 400 2102 XXVIII.
416 2074 494 2108 Quod
509 2075 533 2103 si
547 2077 593 2110 qui
608 2076 642 2103 ad
656 2077 759 2104 exitum
780 2077 840 2105 vitae
860 2078 887 2105 in
900 2078 1038 2112 impietate

245 2122 426 2156 perstiterint,
444 2126 500 2149 tum
510 2123 566 2157 jam
583 2123 728 2152 discedens
742 2124 834 2152 anima
850 2133 911 2160 quae
925 2125 1037 2153 immor-

245 2167 309 2194 talis
322 2172 376 2200 est,
389 2175 439 2202 pro
455 2168 602 2203 impietatis
616 2176 672 2196 sua:
690 2170 892 2204 perseverantia
909 2171 964 2197 luet
978 2177 1038 2205 pcn-

247 2219 308 2239 nas.
323 2210 494 2240 immortales
507 2221 627 2248 namque
642 2219 706 2241 sunt
719 2214 800 2242 etiam
816 2215 962 2250 impiorum
976 2216 1036 2243 ani-

245 2265 308 2290 mat,
319 2266 388 2292 quas
409 2258 460 2293 ipsi
482 2259 597 2286 fortasse
614 2260 697 2288 velint
719 2261 822 2296 pariter
836 2270 898 2288 cum
915 2262 1037 2297 corpori-

245 2304 298 2332 bus
321 2305 383 2332 suis
400 2305 473 2332 finiri
496 2305 570 2340 (25);
595 2306 643 2334 sed
669 2315 723 2334 non
747 2307 784 2334 ita
809 2312 870 2340 est,
893 2308 1035 2344 perferunt

243 2349 318 2376 enim
333 2350 404 2385 ignis
420 2351 514 2377 aeterni
536 2350 597 2378 sine
613 2351 666 2379 fine
686 2352 828 2388 supplicia,
848 2358 874 2381 et
894 2354 928 2381 ad
944 2355 1036 2389 perni-

244 2395 314 2422 ciem
333 2395 375 2423 sui
393 2400 520 2423 naturam
538 2405 591 2424 non
617 2397 718 2426 habent
739 2399 883 2428 moriendi.
902 2399 954 2428 Sed
977 2400 1035 2428 for-

244 2444 319 2470 tasse
333 2442 430 2470 dicetis
442 2443 508 2470 mihi
524 2452 531 2470 :
547 2442 646 2472 Terres
660 2452 722 2477 nos,
737 2444 828 2473 Petre.
846 2445 879 2472 Et
896 2446 1034 2481 quomodo

281 2532 305 2552 "
317 2533 351 2560 Ill
366 2531 433 2570 Heg.
447 2541 515 2566 xvn,
531 2542 619 2569 xvtn;
635 2534 697 2564 Jac.
715 2544 742 2568 ι’,
760 2535 804 2568 l7,
820 2535 864 2563 18.

1053 1551 1074 1580 C

1052 2236 1075 2267 υ

879 2626 1063 2654 COTELERII

282 2712 335 2749 (ΞΒ)
357 2713 430 2746 Quae
454 2714 506 2747 ipsi
519 2713 634 2748 fortasse
651 2714 730 2741 velint
744 2715 846 2748 pariter
861 2723 921 2741 cum
937 2723 1032 2749 corpo-

242 2749 316 2776 ribus
327 2749 392 2784 suis
413 2749 497 2782 ﬁniri.
521 2749 674 2784 Eleganter,
690 2754 720 2776 ut
735 2750 813 2781 solet,
835 2749 970 2777 Minucius
982 2750 1034 2778 Fe-

244 2785 281 2820 lix
297 2792 305 2810 :
321 2782 377 2810 Nec
391 2785 483 2819 ignoro
497 2782 634 2820 plerosque
644 2785 804 2812 conscientia
815 2786 979 2817 meritorum,
995 2787 1033 2813 ni-

243 2818 281 2855 hil
292 2825 319 2855 se
338 2823 466 2855 esscrpost
489 2818 598 2846 mortem
622 2820 705 2855 magis
719 2825 810 2854 optare
826 2829 905 2855 quam
916 2821 1029 2848 credere.

1095 245 1259 272 annuntiare
1279 251 1427 279 possumus
1446 242 1607 269 veritatem?
1626 241 1684 274 Quae
1695 245 1753 273 sunt,
1765 242 1814 269 aliter

1094 299 1177 326 quam
1194 295 1269 322 sunt,
1286 289 1410 325 proferre
1429 288 1577 316 nescimus.
1597 287 1669 321 Quod
1681 287 1701 314 si
1712 291 1814 319 taceamus.

1094 344 1204 364 causam
1223 336 1302 363 vobis
1324 334 1486 370 perniciosa:
1501 333 1656 369 ignorantia:
1671 340 1714 360 nos
1723 333 1814 361 dabimus.

1094 386 1121 410 et
1132 382 1335 410 satisfaciemus
1347 381 1439 408 latenti
1455 381 1527 407 intra
1537 387 1585 407 vos
1597 384 1623 406 et
1633 378 1745 406 obsidenti
1754 386 1817 405 sensus

1094 433 1200 456 vestros
1216 428 1346 462 serpenti,
1359 427 1406 463 qui
1423 427 1481 454 btec
1495 426 1573 454 vobis
1587 425 1677 453 callide
1690 425 1789 460 suggerit.
1800 430 1817 450 ut

1094 481 1201 509 semper
1223 481 1272 502 vos
1295 473 1423 501 inimicos
1448 472 1531 500 faciat
1554 471 1618 500 Deo.
1634 470 1681 498 Sed
1694 478 1735 498 nos
1751 471 1776 497 ad
1786 470 1817 497 hoc
1844 476 1845 500 γ

1092 520 1169 548 missi
1187 528 1294 552 sumus.
1316 524 1346 548 ut
1364 520 1513 555 prodamus
1530 518 1607 545 vobis
1629 518 1732 545 latebras
1742 518 1792 551 ejus,
1803 522 1818 543 et

1093 567 1266 595 absolventes
1288 566 1448 594 inimicitias
1471 564 1675 592 reconciliemus
1694 570 1735 590 vos
1744 561 1790 593 Deo,
1801 567 1818 588 ut

1093 613 1127 640 ad
1143 613 1233 647 ipsum
1249 610 1448 639 convertamini
1464 613 1491 637 et
1511 609 1641 644 placeatis
1656 608 1678 635 ei
1698 608 1720 635 in
1733 608 1819 642 operibus

1092 658 1183 685 bonis.
1200 656 1352 684 Inimicitiae
1372 663 1491 690 namque
1511 659 1576 682 sunt
1597 653 1692 681 homini
1714 653 1741 680 ad
1753 652 1819 683 Deum,

1092 704 1289 732 irrationabilis
1309 706 1336 730 et
1358 702 1458 738 impius
1482 709 1580 729 sensus
1596 707 1744 736 pravumque
1756 707 1820 735 pmpo-
1845 690 1846 767 ‘

1093 750 1175 767 atrum
1206 748 1325 767 ηιατὶηω
1341 755 1403 767 num
1431 747 1540 767 υἰιιρίιπ·
1566 747 1616 767 εΗιί
1634 745 1697 767 scire
1716 745 1791 767 alianid
1805 750 1821 767 et

1092 750 1187 781 situm,
1206 748 1325 776 maxime
1341 755 1404 775 cum
1431 747 1540 775 videtur
1566 747 1617 775 sibi
1634 745 1697 773 scire
1716 745 1792 780 aliquid
1805 750 1821 772 ct

1091 799 1134 822 est
1157 795 1185 822 in
1202 794 1366 830 ignorantia.
1394 792 1446 820 Uhi
1469 796 1560 819 autem
1587 791 1693 826 abjectis
1709 789 1745 818 his
1761 791 1821 818 eadem

1091 841 1170 869 vobis
1189 841 1296 876 placere
1318 839 1452 874 ceperint
1465 846 1526 874 qua:
1538 837 1594 865 Deo
1611 837 1716 872 placent,
1727 841 1748 863 et
1761 837 1820 863 eadem

1093 887 1239 922 displicere
1255 886 1344 918 vobis,
1362 889 1444 920 atque
1457 892 1490 912 ea
1506 883 1647 919 cmperitis
1661 883 1721 911 velle
1733 890 1780 918 qua:
1788 882 1823 909 vult

1093 933 1175 965 Deus,
1192 937 1259 960 tunc
1272 940 1336 960 vere
1351 931 1433 959 amici
1450 931 1510 966 ejus
1525 930 1663 959 dicemini.

1129 979 1222 1007 XXIX.
1237 978 1291 1006 Sed
1307 977 1434 1006 fortassis
1447 977 1532 1012 aliqui
1545 984 1581 1004 ex
1595 977 1671 1004 vobis
1680 974 1823 1004 dicentziiilul

1092 1034 1165 1054 cune
1178 1029 1221 1053 est
1232 1024 1288 1052 Deo
1304 1024 1339 1052 de
1354 1024 1436 1052 rebus
1450 1023 1590 1053 humanis.
1602 1026 1628 1050 et
1640 1022 1712 1057 cujus
1726 1030 1752 1049 ne
1763 1021 1823 1048 λάω-
1846 1035 1847 1039 η

1090 1072 1179 1099 titiam
1202 1071 1311 1106 quidem
1336 1077 1483 1105 possumus
1509 1068 1664 1104 pervenire,
1687 1067 1794 1104 quomodo
1805 1067 1823 1093 ad

1091 1117 1227 1145 amicitias
1253 1115 1462 1151 perveniemus?
1486 1114 1566 1148 Quod
1591 1114 1660 1142 Deus
1681 1122 1760 1142 curam
1779 1118 1824 1148 gent

1091 1162 1274 1190 humanarum
1289 1169 1393 1193 rerum,
1415 1161 1501 1197 ipsius
1517 1161 1614 1188 mundi
1630 1161 1768 1196 gubernatio
1777 1160 1824 1186 testis

1090 1214 1142 1241 est,
1160 1209 1205 1236 cui
1229 1208 1271 1236 sol
1294 1207 1417 1242 quotidie
1442 1207 1580 1239 deservit,
1606 1207 1650 1234 cui
1671 1207 1757 1234 imbres
1776 1205 1824 1232 mini-

1091 1256 1191 1286 strant,
1204 1252 1249 1280 cui
1269 1251 1370 1284 fontes,
1386 1251 1511 1283 ﬂumina,
1535 1251 1667 1287 ventique
1689 1257 1713 1280 et
1727 1249 1824 1279 omniah-

1091 1300 1232 1327 nuilantur
1245 1299 1391 1331 elementa,
1403 1306 1463 1334 quae
1481 1303 1588 1334 quanto
1602 1299 1704 1326 notiora
1717 1298 1824 1325 hominibus

1089 1345 1229 1377 videntur,
1244 1349 1321 1372 tanto
1338 1353 1433 1372 curam
1449 1344 1497 1372 Dei
1514 1353 1578 1373 esse
1599 1352 1662 1380 erga
1674 1345 1776 1372 homines
1784 1343 1825 1371 indt-

1089 1396 1164 1420 cant.
1183 1391 1241 1419 Nisi
1253 1392 1325 1419 enim
1338 1395 1473 1426 potestate
1486 1390 1608 1423 Excelsi,
1622 1398 1748 1426 nunquam
1760 1390 1825 1425 potiori

1090 1438 1269 1466 inferioribus
1290 1439 1494 1472 ministrarent;
1518 1443 1546 1466 et
1573 1446 1624 1474 per
1648 1438 1698 1466 hoc
1715 1445 1760 1465 non
1771 1437 1826 1463 solun

1089 1492 1184 1513 curam
1200 1484 1273 1512 Deus
1287 1492 1351 1520 erga
1366 1485 1503 1517 homines,
1521 1484 1572 1512 sed
1594 1484 1718 1520 grandem
1730 1482 1826 1518 quemdam

1090 1531 1191 1559 habere
1213 1531 1328 1559 docetur
1350 1531 1488 1563 affectum,
1512 1538 1631 1566 quorum
1654 1529 1783 1558 ministerio
1795 1534 1826 1554 tm

1090 1578 1222 1613 praeclara
1245 1577 1412 1613 maneipavit
1433 1577 1582 1606 elementa.
1600 1577 1677 1611 Quod
1691 1581 1766 1604 autem
1777 1575 1827 1602 etiam

1089 1623 1125 1651 ad
1141 1623 1277 1650 amicitias
1299 1622 1346 1651 Dei
1365 1623 1526 1659 perveniant
1538 1624 1676 1656 homines,
1690 1621 1790 1656 exemplo
1799 1626 1828 1646 ne

1090 1670 1132 1698 bis
1148 1674 1212 1698 sunt
1227 1670 1254 1698 lii
1270 1678 1388 1706 quorum
1402 1670 1530 1706 precibus
1549 1675 1656 1698 tantum
1670 1669 1766 1697 indulsit
1780 1668 1802 1697 ³⁵.
1813 1670 1829 1691 ut

1089 1715 1230 1744 clauderet
1244 1716 1377 1743 imbribus
1392 1715 1491 1744 etelum
1515 1716 1580 1744 eum
1604 1716 1710 1746 vellent,
1723 1719 1745 1742 et
1757 1719 1829 1740 rursum

1090 1770 1152 1790 cum
1174 1766 1298 1798 peterent
1321 1763 1472 1795 relaxaret;
1489 1765 1517 1790 et
1540 1763 1630 1790 multa
1645 1763 1694 1790 alia
1708 1762 1828 1788 voluntatem

1089 1815 1166 1836 suam
1182 1807 1347 1835 facientibus
1362 1808 1500 1843 praestitit,
1515 1816 1579 1843 qua
1593 1816 1649 1836 non
1669 1807 1716 1835 nisi
1736 1804 1828 1833 amicissi-

1089 1854 1142 1882 mis
1163 1858 1367 1890 przestarentur.
1396 1853 1450 1881 Sed
1472 1853 1570 1882 dices:
1588 1854 1659 1887 Quid
1686 1854 1749 1882 enim
1761 1852 1829 1879 lzedilur

1089 1897 1172 1932 Deus,
1189 1900 1213 1927 si
1233 1903 1260 1927 et
1275 1899 1326 1927 ista
1350 1899 1476 1926 colantur
1490 1908 1506 1928 a
1521 1900 1622 1928 nobis?
1637 1899 1664 1927 Si
1681 1900 1736 1934 quis
1747 1902 1828 1925 vestrum

1089 1944 1223 1972 honorem
1245 1945 1315 1981 patri
1339 1945 1473 1978 debitum,
1492 1954 1507 1973 a
1526 1954 1583 1981 quo
1607 1947 1718 1982 plurima
1739 1943 1827 1972 beneﬁci:

1088 1995 1256 2019 consecutus
1265 1995 1318 2023 est,
1334 1992 1381 2019 alii
1394 1991 1509 2025 deferat,
1522 1996 1549 2020 et
1560 1993 1681 2020 alienum
1693 1997 1762 2026 atque
1771 1994 1827 2017 extra

1088 2045 1170 2065 neum
1187 2038 1265 2072 quasi
1281 2043 1384 2073 patrem
1407 2038 1497 2070 colat,
1518 2046 1574 2066 non
1590 2039 1640 2066 tibi
1655 2039 1752 2066 videtur
1761 2034 1825 2069 impiné

1089 2084 1207 2111 existere
1223 2084 1250 2111 in
1266 2089 1382 2119 patrem,
1411 2087 1438 2112 et
1448 2084 1671 2112 exharedatione
1682 2078 1826 2118 dignissimus?

1124 2127 1208 2155 XXX.
1224 2128 1278 2156 Alii
1295 2129 1391 2156 dicunt
1404 2138 1411 2156 :
1426 2129 1539 2164 lmpium
1555 2134 1601 2157 est
1616 2129 1683 2165 (26).
1698 2129 1717 2156 si
1730 2136 1772 2156 non
1783 2126 1827 2152 coli-

1088 2181 1150 2201 mus
1164 2182 1195 2201 ea
1210 2182 1272 2209 quae
1286 2175 1365 2202 nobis
1386 2175 1486 2202 tradita
1501 2179 1568 2203 sunt
1587 2183 1603 2202 a
1625 2175 1740 2211 patribus
1753 2171 1825 2200 nostris.

1088 2223 1115 2246 et
1137 2220 1295 2254 religionem
1322 2221 1534 2255 praevaricamur
1558 2230 1573 2248 a
1600 2222 1743 2256 majoribus
1761 2219 1825 2246 datam.

1089 2263 1146 2291 llac
1156 2264 1272 2297 ratione,
1292 2266 1314 2292 si
1336 2266 1415 2300 cujus
1431 2270 1506 2301 pater
1527 2266 1601 2294 latro
1624 2267 1685 2299 fuit,
1700 2269 1740 2293 aut
1751 2273 1769 2292 sl
1778 2263 1825 2295 cui“5

1088 2310 1162 2342 leno,
1179 2318 1193 2337 a
1214 2311 1340 2346 patribus
1354 2311 1405 2339 sibi
1422 2312 1550 2339 traditam
1576 2311 1780 2341 consuetudinem
1791 2315 1825 2334 1³η·

1088 2359 1147 2383 tare
1164 2364 1219 2384 non
1234 2357 1325 2389 debet,
1341 2365 1392 2385 nec.
1407 2358 1441 2385 ad
1466 2358 1608 2387 meliorem
1633 2360 1702 2386 viam
1718 2365 1730 2384 a
1745 2359 1824 2391 paternis

1087 2401 1229 2429 erroribus
1245 2404 1379 2434 revocari,
1394 2408 1420 2429 et
1440 2403 1553 2438 impium
1570 2403 1690 2435 ducitur,
1704 2404 1724 2432 si
1735 2402 1781 2438 quis
1792 2406 1824 2426 non

1087 2455 1150 2476 cum
1166 2448 1326 2484 parentibus
1340 2453 1446 2485 peccet,
1468 2454 1516 2478 aut
1539 2459 1597 2479 non
1614 2459 1676 2479 cum
1693 2451 1750 2486 ipsis

1095 2626 1199 2656 ΝΟΤίΕ
1204 2651 1210 2657 .

1085 2717 1215 2757 reparari.
1232 2717 1480 2757 Ad_quem_lneum_
1492 2720 1594 2749 doctus
1609 2714 1823 2757 iuterpresrapt!“nil

1083 2752 1254 2793 consimilem
1275 2752 1408 2793 Hieroclis
1419 2756 1446 2793 i_n
1461 2755 1592 2793 Carmina
1609 2752 1774 2793 Pythagorici.

1118 2787 1176 2824 (26)
1194 2788 1250 2824 Atii
1271 2789 1365 2824 dicunt
1379 2797 1389 2816 :
1416 2790 1531 2821 lmpium
1556 2797 1610 2824 est,
1632 2787 1822 2824 Etc.'Cleaatip.

1082 2830 1121 2861 at.
1152 2822 1196 2851 t3.
1224 2822 1348 2852 Videnda
1372 2827 1484 2854 omnino
1512 2821 1635 2861 Epistola
1662 2828 1690 2856 8.
1721 2825 1768 2853 Nili
1789 2821 1820 2852 51.

247 2852 350 2880 Malunt
366 2854 434 2880 enim
446 2855 577 2892 exstingui
600 2852 713 2891 penu—us,
735 2852 818 2890 quam
832 2852 873 2883 "ad
900 2856 1031 2891 supplicia
1082 2852 1128 2886 lib.
1150 2866 1180 2888 ιι.
