1873 3095
33 121 94 148 1585

620 121 906 152 RECOGNITIONUM
925 123 990 151 LIB.
1012 123 1044 151 ν.

1580 121 1650 150 1346

31 180 187 213 perseveret.
200 177 252 205 Alii
267 177 362 205 dicunt
379 187 386 206 :
401 177 460 205 Non
476 178 610 206 debemus
625 179 732 207 molesti
750 186 812 207 esse
827 179 850 208 Α
863 179 930 214 quid
946 179 1000 207 nisi
1015 187 1077 215 quae
1091 177 1220 211 libidinis,
1237 186 1298 214 quae
1311 177 1461 213 injustitire,
1475 186 1536 214 qua
1555 178 1651 206 crude~

31 223 88 255 Deo,
103 228 130 251 et
144 224 234 259 ipsum
249 231 357 259 semper
367 229 415 252 aut
430 225 602 253 miseriarum
618 226 746 261 querelis.
763 230 809 253 aut

30 270 182 305 petitionum
196 275 352 298 nostrarum
368 271 575 299 necessitatibus
586 279 708 300 onerare.
721 272 809 305 Quam

29 316 103 343 stulta
125 320 153 342 et
178 316 281 351 absque
308 316 383 343 omni
408 317 464 344 sale
482 317 640 352 responsiol
665 316 807 345 Molestum

28 361 77 388 Deo
100 365 192 396 putas.
210 362 233 389 si
257 361 281 389 ei
307 369 356 396 pro
381 361 520 390 beneﬁciis
544 363 602 390 suis
616 363 718 398 gratias
732 370 807 398 agas,

27 407 65 434 cui
79 407 223 435 molestum
239 414 294 435 non
309 411 403 443 putas,
423 408 445 435 si
469 415 518 442 pro
534 408 621 443 ipsius
637 409 806 442 muneribus,

27 453 100 488 lignis
124 457 152 480 et
177 453 314 488 lapidibus
338 454 442 488 gratias
468 453 589 481 referas?
604 454 635 480 Et
659 455 805 489 quomodo,

26 505 82 525 cum
97 497 166 525 forte
182 498 269 526 imber
284 499 364 533 longa
380 499 526 526 serenitate
545 499 731 534 suspenditur,
748 507 807 526 om-

26 553 68 572 nes
82 544 114 572 ad
136 546 237 573 ctelum
253 546 346 573 oculos
362 546 509 577 tendimus,
524 550 551 574 et
567 546 602 573 ab
621 548 806 581 omnipotente

25 591 73 618 Deo
88 591 243 626 pluviarum
266 600 379 620 munera
401 593 566 628 ﬂagitamus,
581 600 729 628 omnesque
742 600 804 620 cum

24 637 148 671 parvulis,
174 637 209 664 ad
231 636 315 665 Deum
341 637 412 665 fusis
439 638 586 673 precibus,
615 638 804 666 miserationes

24 683 101 717 ipsius
115 683 285 711 exoramus?
305 683 358 711 Sed
379 691 474 711 revera
495 683 607 719 ingrata:
624 684 721 711 anima:
742 692 803 712 cum

23 728 233 763 impetraverint,
256 729 311 757 cito
337 729 557 763 obliviscuntur;
580 731 703 758 collectis
731 731 803 758 enim

23 773 149 801 messibus
164 778 212 801 aut
226 774 382 807 vindemiis,
394 775 525 802 continuo
539 775 573 802 ad
589 775 672 802 surda
687 779 713 803 et
728 779 803 803 muta

23 818 160 844 simulacra
186 818 322 853 primitias
347 819 457 854 frugum
485 819 629 852 deterunt,
646 824 674 847 et
690 828 739 855 pro
760 821 802 849 his

859 224 943 252 litatis
955 231 1019 252 sunt
1032 228 1190 260 operentur,
1207 228 1234 252 et
1254 224 1286 251 ad
1305 224 1394 251 omnia
1410 232 1459 252 vos
1475 224 1575 259 quibus
1597 224 1650 259 ipsi

859 270 1041 303 delectantur,
1059 271 1186 307 subigant
1209 270 1340 298 obedire?
1361 271 1536 305 permittente
1552 276 1648 297 revera

858 316 911 344 hoc
926 317 981 344 Deo
996 319 1051 353 pati
1068 325 1116 345 vos
1131 318 1165 345 ab
1176 318 1216 345 eis
1226 318 1303 352 justo
1317 318 1435 352 quodam
1445 317 1560 352 judicio,
1573 320 1602 343 ut
1614 324 1648 344 ex

857 363 918 398 ipso
932 363 1066 391 dedecore
1077 368 1186 391 actuum
1199 371 1384 398 sensuumque
1400 367 1553 390 vestrorum
1567 363 1648 390 intel-

858 408 957 443 ligatis,
980 416 1061 443 quam
1076 409 1219 443 indignum
1239 408 1274 435 sit
1294 408 1463 435 daemonibus
1478 412 1505 434 et
1521 415 1576 434 non
1591 407 1648 434 Deo

857 462 918 482 esse
933 454 1080 489 subjectos.
1097 454 1166 482 Hinc
1182 458 1208 481 et
1223 454 1256 481 ad
1272 454 1418 482 indecoros
1429 459 1455 481 ct
1470 454 1556 481 foedos
1568 457 1647 480 actus

856 508 905 535 per
919 500 1053 527 amicitias
1069 500 1221 527 demonum
1237 501 1411 534 pervenitur;
1432 500 1495 526 hinc
1509 507 1596 534 usque
1612 499 1646 526 ad

856 547 941 582 ipsius
956 548 1017 574 vita:
1031 547 1177 581 perniciem
1194 546 1235 573 vel
1251 554 1299 580 per
1315 545 1450 572 [laminam
1464 545 1583 572 libidinis
1598 553 1647 572 ac-

856 592 972 625 ceditur,
987 593 1030 620 vel
1052 599 1100 627 per
1119 592 1269 619 iracundia:
1294 592 1397 618 rabiem
1414 595 1460 617 aut
1476 592 1646 618 nimietatem

855 639 971 666 tristitia:
983 639 1149 674 pervenitur,
1158 641 1188 665 ut
1199 645 1270 672 saepe
1282 641 1376 664 notum
1387 641 1439 668 est,
1453 637 1535 663 etiam
1547 644 1647 664 manus

855 683 907 711 sibi
923 684 1047 711 intulisse
1066 684 1228 716 nonnullos;
1254 683 1338 718 quod,
1363 686 1392 708 ut
1414 683 1543 715 diximus,
1570 682 1645 716 justa

854 729 971 766 quadam
986 729 1034 758 Dei
1050 731 1183 758 sententia
1204 729 1262 757 ﬁeri
1278 730 1312 756 ab
1328 729 1370 756 bis
1387 737 1440 756 non
1467 729 1641 763 prohibetur,

854 779 884 803 ut
895 781 921 803 et
934 776 1034 811 quibus
1047 784 1076 803 se
1090 775 1272 808 subdiderint,
1288 775 1450 810 intelligant,
1463 778 1490 802 et
1504 782 1585 809 quem
1596 774 1642 802 de)

854 822 989 849 seruerint
1004 825 1213 856 recognoscant.

21 870 74 897 qua:
91 862 162 891 Deus
177 851 327 897 concessit,
343 864 371 891 in
388 851 498 900 templis
517 869 564 892 aut
578 866 648 894 lucis
663 851 725 893 vota
740 875 802 902 per-
817 851 839 878 Β
887 867 1007 895 XXXIV.
1029 851 1084 895 Sed
1101 867 1173 894 dicet
1186 867 1299 901 aliquis:
1315 865 1463 893 Passiones
1480 866 1539 892 istae
1561 865 1641 892 inter-

21 909 135 942 solvunt,
150 912 179 937 et
205 910 242 937 ibi
258 910 392 937 sacriﬁcia
409 907 551 939 daemoniis
571 911 704 944 oderunt,
721 917 802 947 atque

20 959 120 989 accepts
135 955 226 991 gratia
239 959 395 990 permutant
409 956 503 991 gratia:
518 957 686 992 largitorem.

49 1000 136 1028 XXXI.
157 1001 212 1029 Sed
223 1001 335 1036 quidam
347 1001 440 1029 dicunt
457 1011 464 1029 :
480 1001 544 1030 Haec
558 1003 657 1031 laetitiae
671 1004 758 1039 gratia
773 1008 800 1032 et

20 1047 47 1073 ad
59 1047 216 1075 relevandos
232 1048 339 1075 animos
362 1048 487 1076 instituta
497 1068 505 1081 ,
519 1053 546 1077 et
561 1050 594 1076 ad
610 1049 661 1077 hoc
676 1051 796 1084 inventa,

20 1097 43 1119 ut
56 1093 171 1120 humana
187 1102 265 1122 mens
281 1095 480 1130 aliquantulum
497 1095 572 1122 curis
588 1099 616 1122 et
632 1097 796 1125 mmroribus

20 1140 154 1167 relaxetur.
176 1140 271 1168 Videte
292 1140 430 1176 quomodo
456 1141 508 1176 ipsi
534 1146 709 1170 accusatores
729 1143 796 1170 estis

20 1192 102 1212 eorum
117 1194 178 1221 quae
194 1187 298 1222 geritis.
318 1185 346 1214 Si
362 1186 420 1214 haec
442 1187 549 1214 levandi
566 1188 692 1215 mceroris
706 1192 732 1214 et
748 1189 795 1216 lae—

20 1232 74 1259 titia:
87 1233 225 1268 capienda:
237 1241 320 1261 causa
331 1237 438 1269 reperta
452 1238 526 1265 sunt,
537 1234 675 1269 quomodo
686 1235 713 1262 in
726 1235 795 1263 lucis

20 1282 40 1304 et
54 1279 125 1306 silvis
141 1279 331 1307 invocationes
342 1279 495 1307 daamonum
507 1280 592 1308 ﬁunt?
604 1281 741 1316 quomodo
753 1281 795 1308 in-

20 1325 68 1351 sani
86 1329 191 1353 rotatus
207 1326 360 1358 hominum,
383 1327 576 1362 sectionesque
596 1328 791 1361 membrorum,

20 1374 40 1396 et
53 1371 218 1400 abscisiones
239 1372 440 1400 verendorum?
453 1374 590 1408 quomodo
612 1374 640 1401 in
659 1374 702 1402 his
718 1374 794 1402 furor

20 1416 116 1444 rabidus
140 1417 314 1453 concipitur?
342 1418 480 1452 quomodo
508 1419 639 1446 invitatur
669 1419 794 1447 insania?

20 1463 141 1497 quomodo
161 1464 292 1492 mulieres
308 1464 411 1499 sparsis
430 1464 554 1492 crinibus
579 1464 732 1492 furibunda:
749 1465 794 1499 ja-

20 1509 133 1537 ctentur?
147 1509 220 1537 unde
243 1510 345 1538 stridor
359 1515 386 1538 et
409 1509 533 1538 fremitus
558 1510 700 1538 dentium?
721 1511 792 1538 unde

20 1555 126 1590 mugitus
141 1555 235 1583 cordis
250 1559 277 1583 et
291 1556 440 1588 viscerum,
456 1559 483 1584 et
503 1556 596 1584 omnia
613 1557 659 1584 illa
675 1565 737 1592 quae
752 1557 794 1585 vel

20 1601 141 1634 simulata,
157 1601 202 1629 vel
220 1602 303 1629 etiam
320 1601 473 1630 ministerio
486 1602 640 1630 daemonum
656 1603 794 1638 compagi-

20 1650 81 1677 nata,
100 1646 132 1674 ad
147 1651 279 1674 terrorem
297 1647 443 1675 stultorum
462 1651 490 1675 et
505 1648 689 1683 ignorantium
705 1649 793 1677 homi-

20 1698 73 1717 num
84 1692 271 1726 proferuntur‘l
280 1693 337 1720 haec
349 1693 455 1720 levandi
465 1694 549 1721 animi
564 1695 651 1730 gratia
665 1695 743 1727 ﬁunt,
757 1703 793 1722 an

20 1737 97 1770 potius
110 1739 296 1774 opprimendi?
306 1738 431 1767 Nondum
446 1740 553 1768 sentitis
565 1749 653 1776 neque
664 1741 793 1776 intelligi-

20 1782 48 1810 lis
63 1783 167 1813 latentis
184 1785 255 1812 intra
278 1793 327 1813 vos
355 1786 489 1821 serpentis
506 1785 564 1812 haec
586 1794 646 1813 esse
661 1786 793 1814 consilia?

20 1830 57 1863 qui
65 1838 108 1859 vos
115 1839 162 1866 per
173 1831 376 1860 irrationabiles
386 1840 509 1860 errorum
519 1833 708 1867 suggestiones
717 1840 731 1859 a
748 1841 791 1859 ra-

20 1875 82 1903 tione
95 1878 216 1905 veritatis
232 1877 352 1910 abducit,
371 1882 402 1904 ut
417 1886 466 1905 vos
477 1878 600 1905 libidinis
610 1882 637 1905 et
645 1879 791 1914 concupis-

20 1923 102 1949 centiae
111 1931 141 1951 ac
148 1924 234 1951 totius
241 1924 384 1952 dedecoris
393 1931 487 1952 servos
495 1928 586 1951 teneat
595 1932 627 1951 ac
636 1925 788 1952 ministros.

46 1967 146 1997 XXXII.
166 1969 220 1997 Sed
241 1977 291 2005 ego
313 1969 389 1996 clara
412 1977 461 1997 vos
478 1977 574 1997 omnes
590 1970 791 2004 pradicationis

20 2020 73 2041 voce
83 2020 229 2048 contestor,
245 2016 318 2051 quod
331 2023 346 2043 e
361 2016 500 2043 contrario
521 2016 616 2051 religio
632 2016 680 2043 Dei
694 2016 727 2042 ad
742 2024 789 2043 so-

20 2058 143 2089 brietatem
159 2069 208 2090 vos
224 2065 334 2090 revocat
348 2066 376 2090 et
390 2061 568 2097 pudicitiam,
585 2069 600 2089 a
626 2062 733 2090 luxuria
757 2069 790 2089 ac

20 2105 98 2134 lurore
110 2108 187 2143 jubet
202 2116 264 2136 esse
278 2109 462 2142 continentes,
477 2114 504 2136 et
518 2116 566 2143 per
583 2109 742 2144 patientiam
757 2117 789 2136 ac

20 2155 239 2183 mansuetudinem
252 2163 376 2183 reseCai-e
389 2156 481 2190 lapsus
496 2155 654 2187 iracundiae,
670 2156 789 2190 propriis

806 1523 830 1555 ο

852 913 917 941 dum
930 913 1058 940 accidunt
1068 913 1150 940 etiam
1167 912 1210 939 his
1226 912 1272 947 qui
1290 911 1374 938 Deum
1389 911 1494 938 colunt.
1517 909 1576 937 Non
1600 914 1642 938 est

852 966 963 992 verum;
979 958 1081 986 etenim
1095 965 1146 985 nos
1165 958 1242 984 illum
1264 957 1311 984 Dei
1334 957 1454 984 dicimus
1469 964 1530 983 esse
1553 957 1642 984 culto-

850 1013 918 1038 rem,
936 1005 983 1040 qui
1001 1004 1168 1031 voluntatem
1183 1002 1230 1030 Dei
1244 1003 1308 1030 l'acit
1322 1007 1348 1030 et
1365 1003 1432 1038 legis
1449 1007 1581 1038 praecepta
1592 1010 1642 1029 cu-

850 1051 946 1078 stodit.
961 1050 1039 1085 Apud
1056 1049 1142 1076 Deum
1157 1049 1230 1076 enim
1242 1057 1296 1076 non
1312 1049 1358 1075 ille
1371 1050 1418 1084 qui
1431 1049 1502 1084 apud
1515 1049 1643 1076 homines

848 1096 959 1124 Judmus
973 1096 1082 1128 dicitur,
1098 1094 1208 1122 Iudaeus
1224 1099 1276 1127 est,
1299 1103 1387 1129 neque
1409 1095 1455 1130 qui
1470 1095 1578 1129 gentilis
1594 1103 1641 1121 νο⁹

847 1146 935 1175 catur,
952 1143 998 1170 ille
1010 1142 1118 1177 gentilis
1128 1146 1169 1168 est
1178 1141 1210 1174 ",
1229 1141 1275 1168 sed
1289 1141 1334 1176 qui
1351 1140 1406 1167 Deo
1421 1141 1537 1168 credens
1554 1141 1641 1176 legem

847 1188 1000 1224 impleverit
1017 1195 1048 1214 ac
1062 1187 1233 1214 voluntatem
1253 1186 1312 1221 ejus
1336 1186 1442 1219 fecerit,
1458 1187 1568 1214 etiamsi
1584 1194 1641 1214 non

846 1235 883 1263 sit
897 1233 1181 1262 circumcisus.Verus
1196 1232 1244 1259 Dei
1259 1233 1351 1259 cultor
1364 1238 1406 1260 est
1418 1233 1452 1265 is,
1468 1233 1514 1267 qui
1529 1241 1583 1260 non
1599 1241 1644 1260 so.

846 1281 903 1308 lum
919 1281 977 1315 ipse
989 1288 1004 1307 a
1018 1279 1193 1315 passionibus
1207 1280 1276 1306 liber
1291 1283 1343 1312 est,
1363 1287 1457 1306 verum
1473 1283 1500 1306 et
1513 1280 1582 1306 alios
1605 1280 1639 1308 aI:

844 1326 885 1354 eis
906 1325 1007 1353 liberos
1021 1325 1120 1358 reddit,
1137 1325 1244 1352 etiamsi
1258 1325 1314 1352 sint
1333 1325 1371 1352 ita
1386 1332 1484 1359 graves
1498 1328 1527 1352 ut
1542 1326 1642 1352 monti-

844 1371 895 1399 bus
919 1376 1112 1406 coazqucntur;
1136 1378 1185 1405 per
1200 1371 1279 1397 ﬁdem
1292 1378 1345 1405 qua
1361 1370 1447 1398 credit
1465 1371 1530 1404 Deo,
1546 1375 1640 1399 trans-

845 1418 897 1445 fert
909 1425 966 1451 eas,
982 1417 1030 1445 sed
1042 1422 1069 1445 et
1084 1421 1191 1444 montes
1205 1425 1268 1444 vere
1288 1424 1351 1443 cum
1368 1417 1513 1445 arboribus
1530 1417 1598 1450 suis,
1615 1417 1639 1445 si

843 1471 957 1492 necesse
972 1464 1018 1497 sit,
1036 1471 1084 1498 per
1098 1463 1177 1491 ﬁdem
1195 1462 1325 1491 transfert
1333 1463 1364 1490 ³⁷.
1381 1463 1433 1496 Qui
1454 1467 1545 1490 autem
1562 1464 1640 1491 vide-

845 1514 890 1537 tur
903 1510 1012 1545 quidem
1027 1511 1116 1537 colere
1129 1509 1225 1543 Deum,
1240 1510 1288 1537 sed
1301 1517 1388 1545 neque
1400 1509 1452 1537 lide
1459 1510 1538 1544 plena
1549 1518 1640 1544 neque

845 1555 973 1590 operibus
1000 1556 1191 1582 mandatorum
1218 1555 1351 1588 munitur,
1369 1554 1415 1582 sed
1437 1559 1479 1582 est
1498 1559 1638 1590 peccator,

845 1608 895 1636 pro
911 1601 1029 1636 peccatis
1044 1601 1134 1628 locum
1149 1601 1222 1628 dedit
1239 1602 1267 1628 in
1282 1601 1432 1635 semetipso
1448 1601 1638 1635 passionibus.

844 1655 904 1682 quae
918 1648 951 1674 ad
971 1654 1078 1682 poenam
1094 1648 1265 1682 peccantium
1283 1648 1441 1674 constitutae
1457 1651 1522 1674 sunt
1538 1654 1553 1674 a
1568 1647 1634 1679 Deo,

843 1698 873 1722 ut
894 1695 929 1722 ab
941 1694 981 1722 eis
999 1702 1048 1729 per
1061 1694 1137 1721 illata
1154 1693 1289 1728 supplicia
1304 1694 1415 1728 exigant
1431 1693 1522 1720 debita
1538 1700 1637 1728 pecca-

842 1743 944 1773 torum,
964 1743 991 1767 et
1018 1739 1187 1775 purgatiores
1212 1747 1261 1766 eos
1285 1739 1318 1766 ad
1333 1739 1468 1774 judicium
1486 1739 1551 1766 illud
1575 1746 1636 1765 om-

843 1787 918 1814 nium
946 1786 1072 1822 generale
1098 1786 1260 1820 perducant,
1279 1785 1302 1812 si
1318 1790 1409 1812 tamen
1425 1785 1636 1820 castigationem

842 1841 937 1860 eorum
953 1840 1007 1860 non
1021 1832 1131 1859 deserat
1146 1831 1222 1860 lides.
1239 1831 1307 1858 Nam
1320 1831 1471 1858 inﬁdelium
1488 1831 1634 1866 castigatio

842 1880 870 1907 in
886 1880 1012 1915 praesenti
1026 1879 1080 1906 vita
1091 1878 1225 1913 judicium
1240 1882 1293 1911 est,
1318 1886 1372 1914 quo
1397 1878 1479 1906 alieni
1514 1878 1634 1906 existere

843 1927 978 1962 incipiunt
994 1934 1008 1953 a
1021 1926 1120 1953 futuris
1133 1926 1227 1958 bonis;
1240 1925 1324 1952 Deum
1341 1933 1404 1952 vero
1423 1925 1570 1952 colentium
1585 1933 1633 1952 ca-

842 1973 953 2009 stigatio
967 1980 1030 2000 cum
1051 1980 1101 2007 pro
1113 1973 1233 2007 peccatis
1245 1981 1305 2007 qua:
1318 1972 1469 1999 acciderint
1484 1972 1525 1999 eis
1546 1971 1632 1998 infcr-

841 2023 896 2053 tur,
911 2019 1050 2046 commissi
1065 2018 1100 2045 ab
1112 2018 1153 2046 eis
1166 2018 1250 2053 exigit
1261 2018 1392 2051 debitum,
1414 2021 1443 2045 ut
1464 2017 1635 2052 praevenien-

840 2069 882 2093 tes
892 2064 1025 2100 judicium
1038 2064 1064 2090 in
1077 2064 1203 2098 praesenti
1215 2064 1315 2091 saeculo
1325 2063 1430 2099 peccati
1441 2063 1563 2090 debitum
1575 2063 1631 2089 sol-

841 2115 915 2143 vant,
927 2114 954 2138 et
971 2110 1122 2137 liberentur
1139 2109 1180 2136 vel
1192 2117 1224 2136 ex
1241 2113 1320 2144 parte
1341 2109 1430 2136 media
1452 2109 1487 2136 ab
1507 2109 1631 2142 aeternis,

841 2164 902 2192 qua:
913 2156 969 2183 illic
980 2159 1138 2190 prmparatte
1150 2160 1225 2188 sunt,
1238 2155 1337 2189 pontis.

20 2205 68 2226 esse
84 2205 235 2234 contentos,
252 2205 279 2229 et
295 2201 395 2229 virtute
410 2201 596 2237 parcimonize,
613 2209 648 2229 ne
668 2205 789 2237 egestate
806 2201 827 2228 D
876 2200 983 2228 XXXV.
1006 2200 1057 2240 Sed
1069 2201 1125 2228 haec
1138 2201 1174 2227 ita
1187 2208 1247 2244 esse
1258 2208 1313 2227 non
1324 2199 1432 2235 recipit,
1444 2199 1490 2235 qui
1503 2207 1558 2227 non
1568 2207 1630 2227 cre-

20 2245 112 2278 quidem
125 2248 282 2283 compulsos
297 2248 385 2276 aliena
409 2248 536 2284 diripere.
554 2247 602 2275 sed
617 2248 645 2275 in
662 2248 788 2276 omnibus

20 2297 111 2319 servare
123 2292 267 2327 justitiam,
279 2293 314 2321 ab
328 2293 462 2321 idolorum
478 2301 526 2322 vos
541 2294 727 2321 immolatione
742 2302 789 2329 pe-

20 2334 78 2363 nitus
91 2344 244 2372 removere;
268 2347 317 2374 per
341 2340 400 2366 hac
423 2339 496 2366 enim
513 2339 636 2366 invitatis
650 2340 788 2367 daemones

20 2380 43 2407 ad
63 2386 245 2420 vosmetipsos,
261 2389 288 2413 et
313 2385 468 2413 introeundi
494 2387 533 2413 eis
558 2386 662 2414 aditum
691 2390 788 2421 sponte

20 2428 137 2461 praebetis,
154 2434 181 2458 et
196 2438 229 2458 ex
245 2431 295 2458 hoc
308 2431 365 2466 jam
378 2431 421 2459 vel
436 2431 538 2460 furoris
559 2440 658 2460 causas
678 2433 719 2460 vel
739 2433 788 2462 illi-

20 2474 53 2500 :iti
66 2477 160 2505 amoris
174 2478 308 2513 accipitis.

45 2518 151 2551 XXXIII.
172 2523 242 2552 Hinc
265 2524 354 2552 omnis
375 2524 523 2560 impietatis
539 2526 617 2561 origo
633 2526 783 2559 descendit.

20 2568 68 2592 lunc
80 2567 231 2601 homicidia.
245 2570 390 2603 adulteria,
405 2570 489 2602 furta,
501 2575 528 2599 et
541 2572 718 2599 seminarium
730 2581 786 2599 ma-

20 2609 90 2638 lorum
102 2615 220 2642 omnium
236 2615 454 2651 ﬂagitiorumque
468 2617 630 2651 concipitur,
647 2618 711 2644 dum
725 2626 785 2653 pro-

20 2657 75 2685 latus
95 2659 268 2690 Iibaminibus
286 2670 313 2690 et
328 2665 459 2691 odoribus
476 2664 633 2699 indulgetis,
647 2671 679 2691 ac
694 2665 784 2692 locum

20 2701 155 2734 dominandi
166 2708 194 2735 in
208 2717 256 2737 vos
269 2715 296 2737 et
306 2710 352 2744 jus
362 2710 563 2745 quodammodo
575 2711 714 2738 obtinendi
726 2719 784 2738 ma-

20 2748 84 2782 ιιιηίε
92 2753 230 2788 spiritibus
245 2759 326 2783 uatis.
342 2754 460 2791 lngressi
471 2756 543 2784 enim
554 2764 652 2784 sensus
666 2762 781 2789 vestros,

839 2247 880 2275 dit
891 2248 1012 2274 futurum
1024 2247 1227 2281 essejudicium
1241 2243 1298 2278 Dei,
1316 2249 1343 2273 et
1361 2246 1397 2273 ob
1416 2246 1468 2273 hoc
1486 2249 1632 2280 praesentis

839 2293 931 2322 saeculi
941 2293 1128 2326 voluptatibus
1139 2292 1284 2327 obligatus,
1299 2292 1334 2319 ab
1352 2292 1461 2319 aeternis
1472 2292 1631 2319 excluditur

839 2339 930 2368 bonis.
942 2338 975 2366 Et
989 2339 1050 2366 ideo
1061 2346 1112 2365 nos
1124 2346 1178 2365 non
1191 2338 1353 2374 negligimus
1370 2338 1519 2373 praedicare
1535 2337 1628 2370 vobis,

839 2392 899 2420 qua:
912 2385 992 2412 saluti
1003 2387 1101 2411 vestrae
1111 2384 1214 2411 scimus
1226 2391 1288 2410 esse
1299 2384 1465 2416 necessaria,
1477 2387 1505 2410 et
1523 2383 1571 2418 qui
1590 2383 1627 2410 sit

837 2439 920 2458 verus
940 2429 988 2458 Dei
1007 2431 1098 2457 cultus
1116 2430 1269 2462 ostendere,
1290 2435 1319 2456 ut
1337 2429 1480 2458 credentes
1498 2429 1554 2458 Deo
1577 2437 1631 2464 per

837 2484 919 2512 opera
930 2476 1002 2504 bona
1016 2476 1128 2511 possitis
1141 2484 1194 2503 una
1208 2477 1348 2503 nnbiscum
1363 2476 1446 2503 futuri
1459 2476 1552 2503 saeculi
1573 2476 1615 2503 ha:

836 2523 915 2550 redes
924 2522 1135 2555 existere.Quod
1147 2523 1170 2549 si
1181 2523 1301 2550 nondum
1313 2523 1384 2558 apud
1396 2531 1445 2550 vos
1455 2526 1559 2551 certum
1570 2528 1627 2556 est,

834 2576 898 2596 vera
910 2577 971 2596 esse
982 2576 1043 2604 quae
1053 2569 1180 2601 dicimus,
1194 2569 1302 2596 interim
1320 2577 1370 2604 pro
1392 2569 1444 2596 hoc
1460 2569 1549 2604 primo
1568 2576 1623 2597 non

835 2615 939 2643 debetis
952 2623 1023 2651 aegre
1033 2615 1156 2650 accipere
1166 2619 1192 2643 et
1205 2615 1295 2643 infesti
1307 2624 1378 2649 esse,
1390 2616 1453 2651 quia
1471 2623 1531 2650 qua:
1543 2620 1623 2650 puta-

835 2670 896 2689 mus
913 2662 994 2695 bona,
1015 2661 1073 2689 haec
1091 2662 1169 2689 vobis
1187 2662 1390 2695 annuntiamus,
1404 2667 1430 2689 et
1449 2662 1521 2696 quod
1543 2661 1623 2690 nobis

835 2709 956 2736 salutare
978 2716 1040 2736 esse
1063 2708 1210 2741 credimus,
1229 2708 1281 2735 hoc
1302 2711 1384 2735 etiam
1397 2707 1474 2734 vobis
1493 2707 1621 2735 conferre

834 2763 888 2782 non
899 2754 1062 2788 invidemus,
1075 2757 1158 2789 omni,
1172 2758 1202 2782 ut
1213 2754 1280 2786 dixi,
1292 2753 1382 2781 studio
1392 2754 1620 2790 laborantes,quo

47 2850 66 2865 ⁸⁸
81 2850 155 2883 Rom.
173 2862 202 2888 ιι,
218 2855 272 2890 28;
288 2854 371 2892 Apoc.
385 2863 414 2889 tt,
431 2855 458 2884 9.
497 2855 518 2872 ³⁷
538 2855 634 2883 Matth.
650 2864 718 2890 xvu,
732 2856 784 2891 I9;

263 2864 272 2890 ;
288 2854 371 2892 Apoc.
385 2863 414 2889 tt,
431 2855 458 2884 9.
497 2855 518 2872 ³⁷
538 2855 634 2883 Matth.
650 2864 718 2890 xvu,
732 2856 784 2891 I9;
802 2855 868 2883 Luc.
885 2863 950 2889 xvu,
971 2855 997 2883 6.
