1873 3095
255 152 321 180 1547

686 154 716 185 S.
735 154 932 182 CLEMENTIS
950 154 959 182 Ι
981 154 1063 182 ROM.
1082 155 1183 184 PONT.
1203 154 1317 183 OPERA
1338 154 1451 184 DUBIA.

1764 160 1807 188 15M
1836 173 1837 180 ι

251 220 410 248 coliteredes
430 229 479 258 vos
501 222 647 255 bonorum,
660 230 722 257 quae
742 223 794 258 ipsi
815 223 893 251 nobis
912 227 1042 250 eventura
1057 220 1079 245 Α
1094 215 1178 246 tione,
1195 218 1276 249 atque
1291 214 1327 241 ita
1344 215 1438 242 turbas
1452 214 1566 246 dimisit,
1580 214 1710 243 admonens
1718 217 1808 244 ululan-

252 266 402 299 credimus,
416 267 575 295 habeamus.
590 267 687 295 Utrum
708 273 798 296 autem
818 277 868 303 pro
885 273 960 296 certo
980 276 1042 296 vera

252 311 307 338 sint
319 319 380 346 quae
391 313 587 341 annuntiamus
601 314 687 347 vobis,
702 322 755 341 non
768 315 848 341 aliter
860 315 930 342 scire
941 314 1043 349 poteri-

251 357 298 390 tis,
311 358 364 385 nisi
376 362 405 385 ut
425 359 586 386 obedientcs
598 359 640 386 his
653 368 714 394 qua:
726 361 902 392 mandantur,
919 362 978 395 ipso
1000 368 1043 387 re-

251 410 313 430 rum
328 403 402 430 exitu
415 408 442 430 et
456 404 633 433 beatitudinis
646 406 801 433 certissimo
813 405 865 432 ﬁne
876 405 1039 432 doceamini.

288 447 407 476 XXXVI.
429 449 462 476 Et
478 450 538 477 ideo
556 451 665 478 etiamsi
690 451 776 478 latens
803 451 970 478 intrinsecus
985 459 1042 477 ser-

251 502 319 530 pens
334 501 433 522 sensus
446 500 553 523 vestros
575 497 649 523 mille
663 496 827 531 depravandi
843 496 949 523 artibus
960 504 1043 522 oceu-

251 542 307 574 pet,
321 545 348 567 et
364 541 556 575 impedimenta
573 542 646 570 mille
659 543 804 577 subjiciat,
820 542 920 577 quibus
935 549 950 568 a
968 542 1044 569 salu-

251 585 303 611 tari
328 585 452 612 doctrina
477 591 598 614 vestrum
622 587 739 614 declinet
754 587 888 618 auditum,
903 596 936 614 eo
956 587 1043 622 magis

250 630 386 658 obsistere
409 632 434 658 ei
458 632 573 663 debetis,
588 637 614 660 et
633 633 733 668 spretis
747 633 806 667 ejus
821 633 1042 667 suggestionibus

251 676 285 702 ad
306 677 471 704 audiendum
496 685 511 704 a
536 678 615 705 nobis
642 679 755 705 verbum
782 678 1039 713 suscipiendamque

250 720 403 748 doctrinam
417 722 587 758 frequentius
601 725 758 757 convenire,
770 725 834 759 quia
851 732 930 752 nemo
949 729 1039 759 potest

250 767 357 794 discere
372 768 473 803 aliquid
482 770 527 804 qui
544 777 599 797 non
615 770 738 797 docetur.
750 769 874 805 Cumque
888 770 946 797 hate
958 770 1041 797 dixis-

250 817 302 844 εει,
317 813 400 847 jussit
415 815 467 842 sibi
480 823 528 842 eos
541 817 587 850 qui
605 817 783 851 languoribus
807 817 849 844 vel
869 816 1040 844 daamonibus

1094 259 1224 287 diendum
1243 260 1356 288 verbum
1371 259 1467 288 diebus
1491 260 1590 294 quibus
1604 260 1664 287 inibi
1677 262 1808 289 demoraturus

1093 310 1176 337 esset,
1195 306 1409 341 frequentarent.
1427 306 1511 341 Igitur
1531 306 1576 333 ubi
1599 306 1675 333 turbae
1694 307 1808 339 abscessere,

1094 349 1191 378 Petrus
1206 351 1283 385 aquis
1296 358 1357 385 quae
1377 351 1405 378 in
1421 351 1501 378 horto
1519 350 1632 377 ﬂuebant
1646 359 1727 386 corpus
1742 352 1809 378 dilutas

1094 404 1148 423 una
1165 403 1227 423 cum
1241 397 1348 423 caeteris
1361 396 1528 427 volentibus,
1544 396 1616 423 humi
1627 397 1699 423 sterni
1709 397 1768 430 jussit
1779 397 1810 423 sub

1093 441 1191 468 arbore
1210 441 1328 476 quadam
1344 442 1424 476 cuius
1443 441 1539 469 umbra
1564 445 1619 468 erat
1640 441 1743 476 plurima,
1758 447 1811 468 ειπε-
1836 463 1837 467 η

1091 487 1220 514 eumbere
1244 495 1295 514 nos
1322 488 1473 515 secundum
1497 487 1617 514 ordinem
1640 487 1700 522 apud
1710 487 1811 514 Caesarem
1836 479 1837 483 Ἴ

1091 536 1223 559 statutum
1236 534 1373 568 praecepit.
1392 534 1480 568 Atque
1495 533 1532 559 ita
1547 533 1607 560 cibo
1620 537 1720 567 sumpto,
1729 532 1812 559 Hebrao-
1836 567 1837 573 η

1092 586 1152 604 rum
1168 579 1222 605 ritu
1237 579 1339 613 gratias
1359 586 1443 613 agens
1459 578 1526 610 Deo,
1538 579 1601 613 quia
1615 578 1692 605 adhuc
1705 578 1811 612 aliquantu-
1836 590 1837 593 η

1092 625 1147 651 lum
1165 624 1219 652 diei
1237 629 1391 660 supererat,
1406 625 1484 659 jubet
1510 632 1561 651 nos
1587 623 1617 651 de
1639 624 1722 658 quibus
1740 624 1813 650 velimus

1093 672 1258 706 percontari.
1277 671 1402 706 Cumque
1415 678 1541 698 essemus
1558 678 1648 697 omnes
1661 677 1712 696 cum
1724 677 1748 696 eo
1761 669 1814 703 vigin-
1836 683 1837 692 ι

1091 718 1124 748 ti.
1140 718 1288 753 unicuique
1300 718 1334 745 de
1345 726 1400 751 quo
1410 724 1534 752 quaerere
1543 717 1628 744 voluit
1637 715 1770 751 explanavit,
1777 723 1815 749 qun-
1836 727 1837 753 ς

1092 771 1153 791 rum
1168 764 1274 799 singula
1288 770 1403 799 quaeque
1421 763 1520 790 libellis
1540 762 1721 797 comprehensa
1733 761 1767 788 tibi
1778 764 1814 786 ante

1091 812 1148 846 jam
1163 811 1236 838 misi.
1254 809 1373 845 Vespere
1392 814 1483 837 autem
1495 809 1553 844 jam
1569 809 1639 836 facto
1651 807 1746 843 ingressi
1757 807 1815 841 hospi-

251 859 420 893 urgebantur
434 860 536 894 oﬂerri,
553 867 580 889 et
595 862 726 897 imposuit
739 862 780 890 eis
795 870 892 890 manus
904 870 966 890 cum
980 869 1043 890 ora-
1058 856 1079 883 Β
1094 860 1162 886 tium
1178 865 1240 886 cum
1254 859 1325 894 ipso.
1342 858 1399 885 suis
1418 857 1521 892 quique
1535 856 1604 884 Ῑοείδ
1616 855 1773 891 τθίιυίονίωυε-

254 934 1811 946 _——_—___________—_____—

824 999 1007 1043 LIBER
1042 997 1294 1042 SEXTUS.

285 1146 306 1174 1.
329 1146 380 1174 Ubi
405 1154 470 1174 vero
491 1147 695 1175 rarescentibus
710 1147 831 1175 tenebris
847 1147 965 1183 primum
985 1147 1044 1174 dies

250 1192 335 1226 cmpit
352 1192 474 1226 proferre
489 1193 693 1226 crepusculum,
710 1192 809 1220 Petrus
828 1193 960 1220 orationis
982 1201 1044 1228 gra-

251 1236 289 1263 tia
302 1237 412 1264 hortum
428 1238 580 1272 ingressus,
596 1242 623 1265 et
635 1238 698 1265 inde
710 1238 853 1273 egrediens
862 1242 943 1273 atque
952 1239 1042 1274 ingre-

250 1282 329 1310 diens
346 1283 419 1310 velut
433 1291 563 1311 excusa-re
580 1284 660 1311 nobis
676 1284 828 1317 videbatur,
844 1285 916 1319 quod
936 1285 1041 1312 tardius

251 1329 333 1356 solito
347 1330 478 1364 evigilans
498 1331 619 1358 venisset
639 1330 673 1357 ad
689 1339 749 1358 nos.
773 1331 869 1358 Aiebat
884 1339 948 1366 ergo
964 1341 970 1358 :
990 1331 1040 1358 Ubi

251 1375 325 1402 veris
339 1379 448 1410 tempus
463 1377 612 1411 longiorem
625 1376 720 1404 fecerit
734 1377 816 1409 diem,
831 1385 944 1405 necesse
959 1382 999 1405 est
1012 1383 1042 1405 ut

251 1428 304 1447 nox
323 1421 431 1448 brevior
445 1422 510 1455 ﬁat;
526 1423 549 1450 si
565 1424 627 1458 quis
644 1431 710 1456 ergo
724 1423 877 1450 studiorum
893 1431 975 1451 causa
996 1432 1044 1451 no-

250 1467 303 1494 ctis
317 1467 420 1502 aliquid
436 1476 571 1503 occupare
585 1469 733 1500 desiderat,
757 1478 810 1496 non
833 1470 859 1496 in
875 1471 949 1497 omni
972 1475 1041 1499 tem-

251 1518 317 1545 pore
331 1513 439 1539 easdem
455 1513 537 1541 horas
551 1514 697 1541 observare
713 1514 791 1542 debet
808 1515 841 1541 ad
856 1516 1034 1551 vigilandum,

1095 1152 1122 1176 et
1138 1147 1198 1175 ideo
1213 1147 1397 1176 festinandum
1413 1152 1454 1175 est
1469 1147 1503 1174 ad
1522 1147 1648 1179 salutem,
1671 1154 1701 1174 ne
1717 1145 1769 1172 forte
1779 1152 1817 1171 cut-

1094 1197 1213 1221 ctantem
1231 1201 1305 1221 mors
1317 1194 1458 1229 repentina
1471 1194 1629 1229 praeveniat.

1129 1238 1174 1266 ΙΙΙ.
1186 1238 1218 1266 Et
1228 1239 1263 1266 ob
1275 1239 1326 1266 hoc
1339 1239 1429 1266 acrius
1442 1238 1639 1266 intendendum
1648 1241 1695 1270 est,
1715 1236 1818 1264 utdumcst

1091 1285 1224 1320 temporis
1237 1284 1366 1320 spatium,
1379 1285 1494 1311 collecta
1509 1285 1587 1311 malae
1596 1283 1773 1312 consuetudinis
1782 1282 1817 1307 vim

1091 1334 1262 1359 resecentur.
1279 1330 1357 1363 Quod
1372 1338 1426 1357 non
1442 1331 1522 1357 aliter
1537 1330 1628 1358 facere
1640 1330 1754 1365 poteritis,
1763 1327 1817 1354 nisiut

1093 1377 1251 1404 irascamini
1265 1376 1465 1411 quodammodo
1480 1376 1628 1403 adversum
1639 1374 1786 1408 vosmetipsos
1793 1378 1818 1405 pm

1093 1424 1136 1451 his
1164 1430 1225 1458 qua:
1241 1422 1373 1449 inutiliter
1387 1421 1512 1456 gessistis
1526 1429 1560 1448 ac
1575 1421 1695 1456 turpiter.
1709 1419 1759 1446 Hec
1774 1417 1815 1443 enim

1091 1474 1134 1497 est
1149 1469 1223 1504 justa
1238 1471 1264 1494 et
1281 1467 1434 1494 necessaria
1448 1467 1602 1498 iracundia,
1621 1473 1672 1501 qua
1689 1462 1819 1498 unusquisque

1090 1515 1119 1542 in
1134 1514 1177 1542 his
1190 1514 1289 1549 quibus
1304 1512 1404 1540 erravit
1417 1516 1443 1539 et
1457 1519 1602 1547 perperam
1619 1512 1706 1547 gessit,
1717 1510 1819 1543 indignatur

251 1558 298 1584 sed
315 1558 408 1586 eadem
427 1560 557 1594 temporis
569 1561 667 1595 spatia,
680 1561 737 1589 sive
751 1561 857 1588 brevior
868 1562 925 1589 sive
933 1562 1039 1597 longior
1052 1556 1074 1585 C
1090 1566 1117 1588 et
1134 1561 1309 1594 semetipsum
1325 1559 1443 1591 incusat,
1460 1565 1492 1585 ex
1507 1565 1563 1593 qua
1580 1556 1749 1592 indignatione
1760 1560 1819 1597 accere

251 1603 288 1631 sit
298 1604 525 1636 nox,dormiendo
537 1614 709 1640 consumere,
717 1612 744 1634 et
756 1615 852 1634 curare
864 1615 1038 1643 magnopere,

251 1658 286 1677 ne
301 1658 469 1685 praesumens
483 1660 516 1678 ex
532 1651 574 1679 his
585 1653 681 1687 spatiis
695 1661 755 1688 quae
766 1653 867 1681 habere
879 1654 912 1680 ad
927 1653 1040 1681 studen-

251 1695 317 1722 dum
333 1697 412 1729 solet,
427 1696 508 1724 addat
523 1705 621 1725 somno
638 1702 664 1725 et
681 1698 809 1734 vigilandi
828 1702 934 1733 tempus
951 1699 1040 1725 immi-

251 1744 330 1768 nuat.
346 1739 551 1768 Observandum
567 1750 686 1778 namque
708 1747 735 1770 et
761 1744 827 1770 illud
850 1750 904 1775 est,
921 1751 955 1771 ne
971 1743 1041 1771 forte

252 1787 276 1814 si
289 1787 409 1814 nondum
421 1788 542 1816 decoctis
556 1789 626 1816 cibis
638 1790 852 1825 interrumpatur
862 1798 987 1822 somnus,
1000 1791 1042 1817 in—

252 1831 390 1866 digestum
404 1840 504 1867 corpus
519 1838 647 1868 aggravet
659 1839 788 1868 mentem,
803 1835 937 1862 etcrudos
952 1836 1041 1862 adhuc

251 1877 385 1905 exhalans
397 1879 511 1913 spiritus
524 1880 680 1907 interiorem
696 1888 807 1908 sensum
823 1881 967 1908 confusum
984 1881 1042 1908 τεᾶς

253 1922 300 1949 dat
325 1930 357 1950 ac
379 1924 530 1952 turbidum.
546 1924 660 1952 Rectum
682 1934 748 1962 ergo
765 1930 808 1953 est
827 1931 857 1953 ut
878 1927 1041 1961 competenti

253 1968 335 1995 etiam
351 1977 415 2003 pars
430 1970 480 1997 ista
492 1971 584 2006 quiete
596 1971 728 2005 foveatur,
741 1979 797 2007 quo
811 1973 898 2007 possit
907 1972 1043 2000 suﬂicien-

253 2018 296 2041 ter
311 2014 354 2042 his
371 2023 431 2050 qua:
445 2016 498 2043 sibi
514 2017 649 2044 debentur
668 2025 770 2054 corpus
788 2019 915 2053 expletis,
936 2018 1042 2053 justum

251 2059 283 2088 in
302 2061 413 2096 reliquis
430 2062 514 2089 menti
531 2062 660 2091 exhibere
671 2064 865 2093 ministerium.

291 2106 323 2133 ll.
344 2105 454 2133 Etcum
467 2107 524 2135 haec
542 2107 670 2141 dixisset,
697 2110 822 2144 plurimis
834 2110 891 2144 jam
911 2114 1043 2138 consueto

254 2150 284 2178 in
303 2151 373 2178 horti
397 2153 457 2179 loco
472 2153 507 2180 ad
528 2153 694 2182 audiendum
714 2155 898 2190 congregatis,
911 2155 1044 2190 processit

254 2195 363 2230 Petrus,
380 2201 407 2225 et
423 2199 548 2227 salutatis
557 2207 590 2227 ex
602 2208 677 2228 more
692 2201 780 2228 turbis
793 2201 883 2228 dicere
897 2201 948 2229 hoc
962 2202 1043 2229 modo

255 2244 339 2279 erepit
355 2254 362 2272 :
383 2244 516 2277 Quoniam
533 2247 653 2281 quidem,
668 2247 739 2275 sicut
755 2251 827 2274 terra
845 2255 861 2274 a
875 2247 981 2275 cultore
996 2256 1044 2276 ne-

256 2291 344 2326 glecta
360 2292 453 2326 spinas
477 2297 505 2320 et
527 2294 645 2322 tribulos
665 2295 823 2322 necessario
846 2295 983 2330 producit,
1006 2296 1044 2322 ita

257 2346 357 2367 sensus
380 2344 469 2367 vester
496 2341 569 2375 longi
596 2341 726 2375 temporis
750 2341 867 2373 incuria,
892 2342 992 2368 multas
1017 2345 1044 2369 et

256 2385 355 2412 noxias
369 2385 512 2420 opiniones
524 2394 615 2416 rerum
624 2390 651 2414 et
663 2387 857 2422 intelligentias
873 2386 947 2414 falsaa
958 2387 1046 2414 scien—

256 2430 302 2457 tiae
315 2431 494 2465 germinavit;
509 2439 578 2466 opus
603 2435 645 2459 est
667 2440 741 2459 nunc
755 2433 838 2459 multa
855 2432 994 2468 diligentia
1010 2432 1043 2460 ad

257 2475 436 2503 excolendum
461 2485 508 2505 rus
536 2478 634 2505 mentis
648 2483 755 2510 vestrm,
771 2482 802 2505 ut
816 2478 843 2505 id
862 2486 952 2506 sermo
973 2478 1045 2506 veri-

258 2521 333 2555 tatis,
347 2522 395 2557 qui
407 2526 449 2550 est
462 2531 543 2550 verus
557 2527 583 2550 et
593 2523 710 2558 diligens
723 2524 814 2551 cordis
829 2525 954 2557 colonus,
975 2524 1045 2552 assi-

257 2566 320 2594 duis
335 2567 441 2595 excolat
453 2567 617 2603 disciplinis.
633 2567 761 2596 Vestrum
778 2576 844 2604 ergo
860 2573 902 2596 est
923 2569 1045 2604 praebere

257 2611 282 2640 ei
297 2611 492 2645 obedientiam,
503 2617 530 2640 et
540 2613 735 2648 occupationes
747 2621 779 2641 ac
790 2614 990 2642 sollicitudines
1001 2623 1046 2642 su-

256 2656 376 2692 perﬂuas
399 2662 552 2693 amputare,
567 2666 601 2686 ne
615 2659 716 2686 bonum
740 2659 814 2687 verbi
836 2666 928 2686 semen
950 2663 1045 2686 enecet

256 2705 370 2732 noxium
389 2713 510 2740 germen.
523 2705 618 2733 Potest
629 2705 702 2733 enim
719 2705 786 2738 ﬁeri,
803 2710 833 2733 ut
846 2706 923 2733 multi
940 2710 1046 2742 tempo-

255 2750 295 2778 l‘is
306 2751 500 2786 negligentiam
512 2752 603 2779 brevis
615 2756 642 2779 et
654 2753 764 2780 assidua
775 2757 882 2787 reparet
892 2753 1043 2788 diligentia;

257 2796 394 2824 incertum
421 2806 541 2834 namque
554 2802 596 2826 est
615 2798 835 2834 uniuscujusque
848 2800 910 2827 vitae
922 2803 1043 2834 tempus,

1090 1607 1164 1634 ditur
1179 1606 1207 1633 in
1222 1605 1300 1632 nobis
1316 1604 1386 1639 ignis
1401 1603 1522 1638 quidam.
1540 1603 1589 1638 qui
1614 1603 1684 1629 velut
1698 1608 1752 1636 agro
1769 1595 1820 1626 sterili

1091 1653 1242 1684 immissus,
1260 1651 1431 1685 consumptis
1451 1654 1479 1677 et
1501 1651 1625 1678 excoctis
1640 1648 1760 1677 radicibus
1768 1653 1821 1681 pessi-

1091 1707 1142 1726 ma:
1160 1698 1318 1732 voluptatis,
1341 1697 1413 1724 bono
1428 1697 1524 1724 semini
1539 1697 1617 1724 verbi
1631 1696 1677 1723 Dei
1691 1694 1822 1722 fecundiora

1091 1745 1183 1772 cordis
1208 1747 1341 1779 praeparat
1364 1743 1480 1778 glebam.
1505 1742 1577 1769 Puto
1603 1745 1690 1769 autem
1710 1739 1767 1776 quod
1784 1741 1822 1764 Si“

1092 1789 1188 1824 dignas
1201 1788 1324 1815 habeatis
1339 1795 1436 1814 causas
1450 1787 1612 1819 iracundias,
1626 1795 1658 1814 ex
1672 1787 1757 1821 quibus
1765 1784 1822 1817 jusw

1093 1835 1179 1861 simus
1195 1834 1265 1869 ignis
1282 1833 1333 1860 iste
1348 1832 1494 1864 coalescat,
1513 1832 1536 1860 si
1553 1831 1726 1859 consideretis
1738 1830 1759 1856 in
1770 1834 1821 1862 quur

1093 1883 1136 1907 tos
1147 1887 1195 1907 vos
1209 1886 1317 1907 errores
1329 1879 1440 1906 deduxit
1456 1879 1618 1913 ignorantiae
1626 1879 1728 1908 malum,
1739 1877 1822 1910 quam?

1093 1933 1146 1961 que
1158 1925 1250 1960 lapsus
1264 1929 1291 1952 et
1306 1929 1407 1960 quanta
1423 1925 1573 1959 praeipitia
1592 1925 1626 1952 ad
1642 1921 1782 1959 peccandum
1796 1918 1821 1944 de

1094 1971 1144 2003 dit,
1161 1978 1176 1997 a
1193 1971 1303 2006 quantis
1318 1979 1365 1998 vos
1382 1970 1461 1998 bonis
1481 1971 1618 1998 abstraxit
1632 1974 1658 1997 et
1672 1970 1696 1996 in
1709 1975 1758 2004 quae
1767 1972 1822 2010 prere
1836 1978 1837 2010 ἦ

1094 2016 1190 2051 pilavit
1203 2016 1284 2047 mala,
1294 2020 1321 2043 et
1335 2015 1407 2051 quod
1422 2020 1465 2043 est
1479 2024 1564 2051 super
1574 2016 1667 2043 omnia
1677 2014 1774 2050 gravius.
1782 2014 1820 2046 ἰξυῖ

1094 2069 1143 2088 vos
1158 2062 1186 2088 in
1201 2061 1293 2088 futuro
1310 2062 1410 2088 sarculo
1425 2062 1534 2089 aeternis
1551 2063 1642 2097 poenis
1656 2060 1770 2088 obnoxios
1781 2058 1821 2083 [εει

1091 2105 1188 2134 Nonne
1211 2114 1260 2141 pro
1279 2107 1322 2136 his
1334 2109 1473 2141 omnibus,
1488 2108 1533 2136 ubi
1555 2109 1637 2137 vobis
1651 2107 1756 2135 veritatis
1767 2105 1817 2131 lum
1836 2116 1837 2132 ξ

1091 2152 1213 2183 obfulsit,
1224 2153 1460 2189 ignisjustissima:
1470 2155 1667 2190 indignationis
1677 2152 1819 2181 accenditur,d

1096 2200 1244 2227 iracundiae
1260 2199 1313 2227 Deo
1333 2200 1437 2235 placita:
1461 2201 1534 2227 intra
1557 2208 1608 2228 vos
1629 2198 1755 2233 consurgit
1771 2196 1820 2222 ἱππί·

1095 2245 1169 2272 dium
1180 2264 1188 2277 ,
1210 2253 1264 2280 quo
1286 2251 1464 2273 consumatur
1479 2250 1506 2273 et
1522 2246 1658 2273 radicitus
1675 2245 1770 2273 intereat
1779 2246 1822 2267 cum

1094 2298 1215 2325 germen,
1233 2291 1256 2318 si
1271 2291 1344 2326 quod
1358 2291 1428 2319 forte
1442 2292 1513 2318 intra
1528 2299 1577 2320 vos
1595 2292 1673 2319 malae
1684 2289 1821 2324 concupisti?

1095 2338 1140 2364 tiae
1154 2337 1320 2371 pullulavit?

1131 2382 1175 2409 IV.
1197 2382 1219 2398 ³⁸
1229 2381 1305 2410 Unde
1325 2386 1352 2410 et
1373 2383 1431 2418 ipse
1446 2384 1492 2418 qui
1507 2384 1582 2411 misit
1597 2392 1660 2416 nos,
1682 2390 1735 2410 cum
1751 2379 1821 2407 venisse

1095 2432 1122 2457 et
1137 2436 1244 2457 omnem
1261 2429 1391 2456 mundum
1401 2429 1513 2457 vidisset
1526 2430 1560 2457 ad
1573 2430 1705 2457 malitiam
1715 2426 1822 2456 declinis“—

1095 2483 1151 2502 non
1163 2475 1294 2503 continuo
1309 2483 1403 2511 pacem
1416 2476 1441 2504 ei
1455 2476 1483 2503 in
1497 2476 1642 2504 erroribus
1656 2476 1736 2512 posito
1745 2468 1821 2517 dedit!

1096 2531 1157 2550 eum
1172 2522 1345 2550 confirmaret
1363 2523 1391 2550 in
1406 2523 1496 2554 malis,
1509 2523 1556 2551 sed
1571 2523 1729 2559 ignoranti:
1740 2520 1821 2555 ejusm'

1096 2569 1140 2596 uis
1154 2569 1296 2596 scientiam
1311 2569 1433 2597 veritatis
1444 2570 1582 2604 opposuit,
1597 2574 1639 2602 ut,
1659 2570 1682 2597 si
1698 2568 1753 2595 forte
1767 2563 1821 2594 mili"

1097 2619 1205 2643 seerent
1217 2619 1244 2642 et
1260 2615 1351 2643 lumen
1366 2615 1490 2643 veritatis
1502 2617 1667 2650 aspicerent,
1675 2615 1778 2648 deceptos
1786 2608 1823 2635 id

1096 2661 1125 2688 in
1141 2661 1288 2696 praecipitia
1302 2662 1405 2689 erroris
1420 2661 1573 2690 abstractos
1589 2662 1688 2690 merito
1705 2655 1822 2686 dolw‘v”

1098 2707 1250 2734 iracundia:
1263 2707 1392 2735 salutaris
1418 2708 1509 2742 ignem
1533 2708 1680 2736 adversum
1699 2699 1822 2738 vicesimi“

1096 2753 1139 2779 sui
1152 2753 1326 2788 conciperent
1337 2753 1528 2788 ignorantiam.
1543 2753 1583 2782 0b
1594 2754 1649 2781 hoc
1660 2746 1822 2787 itaquedicebiii

1097 2798 1188 2834 Ignem
1203 2800 1259 2826 veni
1275 2799 1377 2827 mittere
1391 2800 1417 2827 in
1431 2803 1540 2834 terram,
1551 2804 1575 2827 et
1585 2807 1668 2835 quam
1682 2798 1733 2827 uolo
1744 2795 1820 2823 καθ’

299 2882 320 2898 ³·
340 2882 406 2916 Qua:
417 2891 474 2920 cap.
496 2885 561 2913 4-H
579 2886 605 2912 in
620 2884 682 2913 edd.
695 2885 832 2920 leguntur,
845 2885 945 2914 desunt
957 2887 983 2913 in
997 2885 1076 2913 codd.
1090 2893 1156 2914 mss.
1170 2885 1274 2922 Lipss._
