1873 3095
28 160 61 186 sis
77 158 133 184 sive
155 157 288 192 injustas,
306 157 460 192 baptismus
483 156 532 183 tibi
549 164 596 191 per
611 157 702 184 omnia
717 164 810 184 neces-
824 163 846 190 Α

26 205 106 231 sarius
119 207 172 231 est.
186 202 266 231 Justo
280 203 402 238 quidem,
419 206 447 229 ut
459 202 638 236 adimpleatur
649 202 676 229 in
698 210 731 229 eo
746 209 808 237 per-

26 251 98 277 fectio
113 252 141 276 et
156 251 336 284 regeneretur
354 247 428 279 Deo;
446 247 551 282 injuste
567 255 641 278 vero,
663 252 693 274 ut
710 254 807 282 pecea—

24 302 105 324 torum
116 303 179 330 quae
195 295 279 330 gessit
290 295 317 321 in
329 294 483 330 ignorantia
493 293 619 322 remissio
630 294 805 322 concedatur.

23 343 147 370 Omnibus
163 349 230 376 ergo
244 340 430 369 festinandum
453 345 495 367 est
517 340 576 368 sine
601 347 676 367 mora
699 339 806 367 renasci

23 390 79 419 Deo,
90 388 153 423 quia
169 387 292 414 incertus
307 390 348 414 est
359 386 578 420 uniuscujusque
590 386 680 413 exitus
693 385 766 413 vitae.

53 433 82 460 Χ.
101 433 172 460 Cum
190 436 282 460 autem
298 436 475 468 regeneratus
491 431 575 459 fueris
588 439 636 466 per
650 438 760 466 aquam,
773 437 807 458 ex

23 481 142 515 operibus
160 480 242 507 bonis
258 478 373 506 ostende
400 478 428 505 in
453 482 479 505 te
502 477 708 505 similitudinem
733 477 804 511 ejus,

23 527 60 562 qui
73 531 99 553 te
116 526 212 562 genuit
225 525 326 553 Patris.
342 524 482 560 Agnovisti
499 524 571 551 enim
589 522 683 554 Deum,
700 523 806 550 honora

23 576 137 607 patrem;
152 571 245 598 honor
265 575 356 598 autem
376 570 438 604 ejus
452 573 504 600 est,
522 572 552 595 ut
574 568 611 595 ita
636 568 711 595 vivas
733 568 808 595 sicut

23 620 72 653 ipse
83 619 151 646 vult.
169 617 235 645 Vult
246 620 337 644 autem
348 621 374 644 te
386 616 424 643 ita
448 615 550 646 vivere,
577 619 605 640 ut
618 613 804 643 homicidium,

23 664 174 691 adulterium
183 660 556 694 nescias,odium,avaritiam
568 659 667 694 fugias.
677 659 756 689 iram,
764 666 807 685 su-

23 710 313 745 perbiam,jactantiam
328 714 454 743 respuas.
462 710 489 734 et
497 705 650 734 exsecreris
663 705 805 736 invidiam,

23 761 166 791 ceteraque
184 756 228 783 his
242 755 340 782 similia
352 753 462 790 penitus
474 760 490 780 a
505 756 532 780 te
547 751 631 779 duras
643 751 742 778 aliena.
759 750 807 778 Est

23 810 77 830 sane
90 801 202 837 propria
213 800 336 836 quaedam
354 803 454 827 nostra:
470 796 609 832 religionis
620 795 805 826 observantia,

23 855 70 882 qua:
84 855 138 874 non
157 850 216 873 tam
242 846 391 880 imponitur
414 843 582 874 hominibus,
597 849 678 877 quam
694 841 802 876 proprie

23 894 46 920 li)
59 900 225 928 unoquoque
242 891 326 919 Deum
340 891 446 918 colente
459 896 543 916 causa
557 888 684 923 puritatis
699 887 804 921 expeti-

23 949 64 968 .ur.
80 939 258 971 Castumniae
279 938 340 968 dico
366 945 459 970 causa.
485 936 564 974 cujus
584 935 689 972 species
711 934 802 960 multae

23 994 89 1023 aint;
104 990 152 1017 sed
166 989 257 1024 primo
272 991 301 1014 ut
315 987 442 1014 observet
456 983 655 1019 unusquisque,
671 990 705 1009 ne
725 987 802 1008 men-

23 1040 119 1063 .truatae
141 1035 253 1062 mulieri
275 1034 433 1063 misceatur,
457 1033 510 1059 hoc
534 1031 607 1058 enim
633 1028 801 1057 exsecrabile

23 1083 85 1110 luxit
98 1083 140 1110 lex
152 1081 214 1109 Dei.
223 1080 301 1113 Quod
313 1080 364 1107 etsi
380 1081 423 1106 lex
434 1079 467 1105 de
480 1077 522 1105 his
533 1084 588 1104 non
602 1075 799 1105 admonuisset,

25 1136 59 1155 nos
72 1131 100 1154 ut
111 1126 240 1155 canthari
251 1126 366 1153 libenter
377 1124 547 1151 volveremur
559 1122 586 1149 in
600 1119 742 1149 stercore?
754 1119 802 1146 De-

23 1181 103 1200 iemus
123 1173 243 1207 amplius
263 1170 366 1206 aliquid
390 1169 490 1197 habere
510 1167 684 1200 animalibus,
707 1170 801 1201 utpote

23 1219 184 1247 ationabiles
199 1218 323 1246 homines
331 1221 358 1245 et
367 1216 519 1244 celestium
533 1221 663 1243 sensuum
673 1220 803 1248 capaces,

23 1266 106 1301 iuibus
120 1265 224 1294 summi
247 1264 330 1292 studii
351 1271 412 1291 esse
433 1263 523 1294 debet,
539 1262 574 1289 ab
587 1260 661 1288 omni
673 1260 800 1295 inquina-

23 1316 100 1339 nento
115 1312 210 1339 cordis
223 1310 421 1338 conscientiam
435 1307 584 1335 custodire.

46 1357 88 1385 Xl.
108 1358 215 1385 Bonum
240 1360 283 1384 est
304 1360 394 1382 autem
423 1358 450 1382 et
474 1354 587 1390 puritati
610 1352 797 1383 conveniens,

23 1405 89 1431 aliam
112 1411 216 1438 corpus
239 1409 309 1437 aqua
330 1401 444 1428 diluere.
459 1399 563 1427 Bonum
579 1406 643 1426 vero
656 1398 728 1428 dico.
743 1405 798 1424 non

23 1451 85 1485 Iuasi
100 1449 250 1485 priniipale
265 1448 331 1475 illud
348 1449 374 1474 in
397 1455 451 1482 quo
466 1454 542 1474 mens
563 1446 732 1480 purificatur,
750 1443 798 1471 sed

23 1497 80 1530 mod
95 1496 207 1532 sequela
224 1495 259 1523 sit
275 1495 349 1521 illius
367 1494 432 1521 boni
446 1493 500 1520 hoc
516 1493 544 1519 in
559 1500 614 1527 quo
631 1499 696 1519 caro
716 1490 799 1518 dilui—

616 97 903 126 RECOGNITIONUM
921 96 986 125 LIB.
1007 96 1050 123 Vl.

1581 95 1651 123 153$

862 160 888 182 et
899 153 982 183 Deum
994 155 1148 182 colentibus
1159 156 1328 183 observetur.
1336 156 1366 182 In
1388 159 1494 183 tantum
1505 159 1594 182 autem
1607 164 1654 183 ca-

861 201 991 228 stimonia
1003 209 1097 228 verum
1112 200 1159 228 Dei
1171 201 1274 228 cultum
1286 201 1505 236 tenentibus,per
1519 201 1569 229 has
1583 209 1653 236 quas

859 254 942 282 supra
952 247 1072 284 diximus
1080 247 1201 281 aliasque
1210 247 1307 274 horum
1318 247 1534 282 similesspecies
1541 253 1654 274 conser-

860 293 948 320 vanda
960 296 1011 324 est,
1028 296 1058 319 ut
1071 293 1153 320 etiam
1166 293 1237 328 apud
1249 300 1297 320 eos
1310 293 1357 328 qui
1369 301 1385 320 a
1396 293 1506 320 diabolo
1521 292 1611 320 adhuc
1624 293 1653 320 in

858 339 1000 366 erroribus
1013 339 1180 369 detinentur.
1193 340 1324 367 attentius
1333 340 1511 372 observetur;
1527 343 1570 367 est
1579 339 1653 366 enim

859 384 930 419 apud
955 385 1017 412 illos
1038 385 1170 412 nonnulla
1185 386 1360 413 observantia
1376 386 1555 413 castimoniae.
1581 383 1653 418 Quid

858 438 933 465 ergo,
949 431 1024 465 quod
1039 435 1165 459 errantes
1181 431 1389 463 custodiebatis,
1407 431 1458 458 hoc
1480 439 1535 459 non
1554 431 1651 460 obser-

858 476 957 503 vabitis
974 477 1131 503 emendati?

894 521 964 549 XIII.
986 522 1039 549 Sed
1056 523 1174 550 fortasse
1186 523 1258 550 dicet
1274 523 1374 558 aliquis
1385 528 1506 551 vestrum
1520 533 1526 551 :
1540 523 1653 559 Oportet

857 575 922 603 ergo
936 576 986 596 nos
1001 569 1092 596 omnia
1117 577 1178 604 quae
1193 570 1307 597 fecimus
1322 570 1386 597 dum
1399 571 1553 598 coleremus
1567 571 1651 603 idola,

857 615 1016 642 custodire?
1029 614 1087 641 Non
1099 615 1204 647 omnia;
1217 615 1267 642 sed
1279 623 1451 651 quaecunque
1459 617 1529 644 bene
1540 617 1651 649 ﬁebant,

857 660 914 687 Ιιίιευ
928 661 1009 687 etiam
1033 668 1106 687 nunc
1121 662 1249 688 convenit
1264 662 1412 689 observare
1425 683 1432 694 ,
1457 663 1522 697 quia
1545 662 1567 690 si
1584 662 1650 697 quid

857 710 930 733 recte
947 706 974 732 lit
994 706 1028 733 ab
1045 706 1088 733 his
1102 706 1148 740 qui
1170 707 1196 733 in
1211 715 1306 735 errore
1321 712 1401 738 sunt,
1417 712 1522 735 eertum
1537 712 1579 737 est
1593 708 1619 735 id
1634 716 1652 735 a

857 751 971 778 veritate
986 757 1136 786 sumptum.
1152 751 1221 785 Quia
1236 757 1264 780 et
1280 753 1304 780 si
1320 754 1385 788 quid
1399 754 1427 780 in
1441 761 1504 781 vera
1519 754 1651 789 religione

857 805 912 824 non
930 801 1003 825 recte
1020 797 1065 830 iit,
1087 806 1142 825 non
1157 803 1199 826 est
1214 799 1327 826 dubium
1344 800 1412 835 quin
1430 800 1464 827 ab
1479 807 1574 827 errore
1589 806 1651 826 mu-

818 833 839 860 B
855 847 960 870 tuatum
978 845 1034 874 sit:
1058 844 1161 872 bonum
1181 853 1300 880 namque
1318 847 1426 873 etiamsi
1443 847 1478 873 ah
1492 846 1649 874 errantibus

854 893 960 924 gestum
975 890 1068 923 fuerit,
1084 891 1187 917 bonum
1201 895 1259 922 est.
1277 895 1303 919 et
1317 892 1420 918 malum
1432 892 1541 919 etiamsi
1557 892 1591 919 ab
1606 892 1649 919 his

853 936 899 971 qui
914 936 1057 964 veritatem
1072 941 1227 972 sequuntur
1243 942 1349 972 gestum
1367 938 1459 969 fuerit,
1476 939 1578 964 malum
1594 943 1647 965 est.

852 982 906 1009 Aut
922 983 1044 1017 nunquid
1060 983 1097 1010 ita
1115 983 1302 1018 desipiemus,
1325 989 1353 1010 ut
1374 983 1397 1011 si
1421 983 1562 1011 videamus
1585 992 1648 1011 eum

852 1028 899 1065 qui
914 1028 986 1057 idola
998 1029 1064 1057 colit
1076 1037 1138 1058 esse
1151 1029 1286 1063 sobrium,
1300 1037 1351 1057 nos
1362 1029 1412 1065 qui.
1423 1029 1506 1057 Deum
1519 1030 1647 1062 colimus,

853 1076 940 1104 sobrii
955 1083 1017 1104 esse
1032 1083 1211 1108 recusemus,
1233 1084 1268 1104 ne
1281 1075 1377 1104 eadem
1395 1075 1502 1107 facere.
1519 1083 1580 1111 qua:
1602 1076 1648 1104 ilie

851 1122 898 1156 qui
912 1122 978 1149 colit
989 1121 1074 1156 idola,
1085 1122 1247 1150 videamur!
1263 1121 1323 1150 Non
1338 1122 1375 1150 ita
1387 1126 1440 1154 est,
1453 1122 1501 1150 sed
1517 1123 1553 1150 sit
1567 1123 1647 1150 nobis

851 1168 990 1201 studium,
1007 1172 1037 1195 ut
1057 1169 1082 1196 si
1100 1168 1140 1195 illi
1155 1168 1203 1204 qui
1218 1174 1322 1201 errant,
1338 1167 1516 1196 homicidium
1532 1175 1586 1195 nun
1607 1168 1648 1195 fa-

855 1218 938 1249 ciunt,
958 1223 1009 1243 nos
1025 1223 1059 1242 ne
1076 1215 1228 1242 irascamur
1247 1214 1375 1249 quidem;
1398 1218 1425 1242 et
1444 1214 1467 1242 si
1483 1214 1520 1241 illi
1538 1215 1644 1242 adulte-

855 1263 924 1290 rium
936 1270 990 1290 non
1004 1261 1160 1292 admittunt,
1176 1269 1227 1288 nos
1242 1268 1276 1288 ne
1291 1261 1518 1295 concupiscamus
1531 1261 1643 1296 quidem

854 1308 969 1334 alienam
983 1307 1141 1339 mulierem;
1157 1307 1180 1334 si
1193 1306 1230 1333 illi
1243 1310 1336 1333 amant
1349 1307 1489 1340 proximos
1499 1314 1576 1337 suos.
1593 1314 1645 1334 nos

853 1355 999 1388 diligamus
1014 1354 1096 1380 etiam
1112 1352 1238 1379 inimicos
1255 1356 1384 1385 nostros;
1399 1352 1443 1385 “;
1462 1352 1484 1379 si
1498 1352 1535 1379 illi
1549 1357 1645 1380 mutuo

849 1399 916 1425 dant
933 1399 977 1426 his
993 1399 1038 1433 qui
1055 1399 1156 1426 habent
1173 1399 1245 1426 unde
1267 1399 1401 1431 reddant,
1427 1406 1479 1425 nos
1502 1399 1583 1424 etiam
1603 1397 1648 1424 bis

850 1444 948 1472 demus
958 1452 973 1471 a
986 1445 1087 1479 quibus
1102 1445 1223 1480 recipere
1238 1452 1292 1472 non
1307 1452 1460 1479 speramus.
1475 1444 1510 1470 Et
1524 1451 1572 1478 per
1586 1451 1647 1470 om-

850 1491 896 1518 nia
911 1499 962 1519 nos
977 1491 1023 1526 qui
1038 1492 1134 1518 azterni
1157 1491 1249 1519 saeculi
1270 1491 1458 1518 llzereditatem
1483 1497 1626 1526 speramus
1637 1508 1645 1521 ,

23 1551 63 1569 ιη’.
80 1542 123 1570 Sic
143 1542 218 1570 enim
233 1546 259 1569 et
275 1541 404 1576 Magister
426 1544 520 1567 noster
543 1538 676 1574 quosdam
700 1536 798 1564 Phari-
813 1547 833 1573 (ς
850 1537 982 1565 debemus
996 1538 1153 1572 praecellere
1167 1545 1215 1565 eos
1229 1537 1275 1572 qui
1293 1544 1415 1572 praesens
1433 1540 1541 1563 tantum
1560 1543 1647 1563 saecue

23 1597 124 1616 amorum
138 1594 166 1616 et
179 1588 351 1618 Scribarum.
365 1586 412 1621 qui
436 1585 600 1613 videbantur
611 1592 672 1611 esse
692 1582 799 1610 exteris

25 1634 133 1661 neliores
148 1638 176 1661 et
190 1641 205 1660 ιι
220 1633 301 1668 vulgo
311 1631 443 1667 separati,
459 1629 629 1665 increpabat,
641 1629 737 1657 dicens
751 1635 799 1655 eos

25 1680 176 1714 ivpocritas,
192 1679 255 1713 quia
268 1686 299 1705 ea
314 1678 402 1705 solum
416 1684 476 1712 qum
494 1676 652 1703 hominibus
667 1675 798 1702 videban-

23 1733 65 1756 ,ur,
80 1725 272 1760 purilieabant,
291 1723 374 1750 corda
390 1730 455 1750 vero
470 1730 530 1758 quae
551 1723 626 1750 solus
642 1721 714 1749 Deus
725 1721 798 1755 aspi-

23 1770 58 1801 :it,
73 1771 214 1806 inquinata
228 1769 419 1804 relinquebant
430 1773 457 1796 et
472 1768 593 1796 sordida.
612 1768 651 1795 Ad
665 1767 797 1802 quosdam

23 1823 72 1851 τεο
80 1825 112 1844 ex
125 1817 268 1852 ipsis,rion
284 1816 317 1843 ad
329 1823 425 1843 omnes
439 1815 567 1842 dicebat:
582 1814 625 1841 γω
637 1813 719 1845 vobis,
728 1812 799 1839 Scri-

23 1870 50 1888 ue
62 1868 85 1889 et
102 1863 234 1889 Pharisaei
262 1861 422 1897 hypocritw,
450 1862 512 1896 quia
541 1860 677 1887 mundatis
704 1859 797 1886 colicis

23 1914 36 1934 rt
56 1910 203 1944 puropsidis
231 1909 300 1944 quod
317 1908 416 1943 deforis
445 1912 494 1939 est,
511 1908 582 1934 intus
608 1912 696 1933 autem
719 1906 797 1940 plena

23 1960 69 1980 runt
93 1955 226 1983 sordibus.
244 1954 381 1982 Pliariswe
392 1962 468 1986 casce,
486 1953 602 1980 emunda
628 1953 701 1987 prius
727 1952 797 1987 quod

26 2005 79 2027 uiua
94 2006 144 2033 est,
171 2006 197 2028 et
213 2000 282 2036 quod
299 2000 398 2034 deforis
412 2004 452 2027 est
476 2000 525 2027 erit
540 1999 668 2026 mundum
678 1999 711 2026 ⁸⁵.
728 1998 798 2026 Vere

23 2047 80 2073 :nim
95 2047 118 2074 si
133 2055 212 2074 mens
226 2047 372 2074 mundetur
384 2047 444 2073 luce
456 2046 587 2078 scientiae,
597 2054 659 2073 cum
672 2045 730 2080 ipsa
742 2045 799 2072 fue-

23 2091 155 2120 'itmunda
177 2100 209 2120 ac
230 2093 380 2127 splendida,
400 2096 466 2119 tunc
482 2092 564 2119 etiam
580 2092 640 2126 ejus
660 2092 706 2126 qui
721 2091 797 2119 defo-

23 2139 49 2167 -is
64 2145 104 2168 est
116 2141 238 2168 hominis
249 2141 307 2175 ipsa
319 2139 476 2167 necessario
492 2147 586 2166 curam
602 2139 682 2175 gerit,
706 2139 732 2166 id
754 2142 798 2166 est

23 2187 98 2215 :nrnis
121 2195 188 2218 suae,
211 2190 240 2214 ut
258 2190 285 2213 et
301 2187 357 2221 ipsa
374 2186 543 2221 puriﬁcetur.
563 2184 614 2213 Ubi
630 2190 721 2212 autem
743 2185 795 2212 ista

851 1584 908 1611 lum
919 1588 1032 1614 norunt,
1050 1584 1168 1611 scientes
1184 1584 1259 1619 quia.
1277 1584 1299 1611 si
1317 1590 1401 1618 opera
1415 1583 1525 1609 illorum
1543 1582 1647 1609 nostris

849 1630 980 1665 operibus
993 1631 1109 1662 collata,
1134 1631 1161 1657 in
1177 1630 1221 1657 die
1236 1630 1335 1664 judicii
1350 1629 1451 1657 similia
1469 1629 1646 1656 inveniantur

850 1683 881 1703 ac
896 1677 984 1711 paria,
1001 1676 1128 1703 confusio
1144 1676 1224 1703 nobis
1236 1675 1300 1706 erit,
1316 1675 1389 1710 quod
1406 1675 1525 1709 aequales
1540 1675 1645 1702 inveni-

850 1729 911 1748 mur
925 1722 952 1748 in
968 1722 1098 1756 operibus
1114 1722 1157 1748 bis
1172 1722 1219 1757 qui
1241 1726 1353 1756 propter
1376 1722 1560 1756 ignorantiam
1575 1729 1643 1748 eon-

849 1767 1025 1800 demnantur,
1032 1771 1059 1794 et
1066 1767 1170 1794 nullam
1185 1775 1260 1802 spem
1273 1767 1357 1794 futuri
1372 1769 1463 1795 weuli
1479 1769 1642 1797 habuerunt.

885 1812 954 1840 XIV.
968 1813 1000 1839 Et
1010 1821 1073 1840 vere
1084 1813 1166 1848 digna
1179 1813 1305 1841 confusio
1318 1817 1371 1847 est,
1387 1814 1432 1841 ubi
1444 1814 1513 1842 nihil
1526 1816 1643 1850 amplius

849 1859 985 1894 gessimus
998 1859 1032 1886 ab
1045 1859 1089 1886 his
1101 1860 1202 1894 quibus
1216 1861 1334 1895 amplius
1349 1861 1544 1888 intelleximus.
1564 1862 1643 1894 Quod

848 1907 872 1933 si
887 1906 1013 1933 confusio
1028 1906 1109 1934 nobis
1123 1906 1174 1933 erit
1188 1907 1309 1942 aequales
1322 1907 1362 1935 eis
1375 1907 1492 1935 inveniri
1509 1908 1537 1934 in
1552 1908 1643 1942 operi-

848 1953 901 1980 bus
915 1953 1005 1985 bonis,
1022 1953 1087 1988 quid
1102 1953 1155 1980 erit
1170 1954 1261 1987 nobis,
1278 1954 1301 1981 si
1317 1954 1462 1981 inferiores
1477 1962 1528 1982 nos
1545 1963 1577 1982 ac
1592 1955 1642 1982 de-

849 2000 964 2027 teriores
985 2000 1152 2028 examinatio
1176 2000 1269 2027 futura
1290 2001 1432 2035 reperiat?
1454 2001 1553 2029 Audite
1576 2009 1642 2036 ergo

848 2046 985 2082 quomodo
996 2046 1029 2073 de
1049 2046 1091 2073 his
1107 2054 1157 2074 nos
1172 2047 1230 2081 ipse
1243 2055 1326 2074 verus
1338 2046 1475 2082 Propheta
1498 2048 1640 2080 docuerit;

849 2093 883 2120 ad
897 2100 945 2120 eos
959 2093 1031 2120 enim
1047 2093 1094 2128 qui
1111 2094 1254 2128 negligunt
1273 2094 1368 2120 audire
1382 2094 1465 2121 verba
1482 2094 1639 2129 sapientiae,

849 2139 885 2166 ita
901 2139 939 2166 ait
952 2148 958 2166 :
977 2138 1076 2174 Regina
1092 2140 1179 2166 austri
1194 2145 1284 2175 surget
1299 2141 1326 2166 in
1338 2140 1442 2174 judicio
1456 2148 1516 2166 cum
1531 2148 1640 2175 genera-

849 2185 918 2212 tione
930 2185 980 2212 bac
995 2191 1017 2212 et
1033 2185 1215 2212 condemnabit
1237 2194 1296 2213 eam
1309 2206 1315 2218 ,
1336 2187 1398 2222 quia
1416 2187 1485 2213 renit
1506 2195 1522 2213 a
1543 2187 1640 2221 ﬁnibus

23 2239 67 2266 rae
77 2232 178 2260 deforis
195 2237 237 2259 est
248 2231 400 2267 puriﬁcatio
415 2231 507 2258 carnis
518 2230 673 2266 negligitur,
688 2234 793 2258 certum
812 2226 832 2253 Ι)
846 2237 923 2259 terra:
936 2232 1028 2259 audire
1042 2233 1198 2266 sapientiam
1211 2231 1373 2264 Salomonis,
1384 2237 1410 2259 et
1421 2241 1479 2260 ecce
1492 2233 1552 2268 plus
1559 2241 1640 2268 quam

23 2282 51 2305 est
64 2279 98 2306 ibi
109 2287 199 2314 neque
210 2278 243 2306 de
256 2279 375 2313 puritate
387 2277 495 2308 mentis,
509 2284 541 2304 ac
555 2276 687 2303 munditia
704 2276 796 2304 cordis

23 2332 100 2352 turam
115 2326 184 2362 geri.
197 2325 236 2352 Ita
249 2333 316 2361 ergo
326 2325 365 2355 ﬁt,
385 2328 415 2352 ut
430 2325 453 2351 is
474 2324 583 2359 quidem
602 2323 649 2358 qui
663 2322 796 2350 intrinse-

23 2378 58 2398 :us
77 2373 195 2400 mundus
217 2376 269 2403 est,
281 2371 429 2399 mundetur
444 2371 503 2397 sine
516 2369 601 2397 dubio
620 2372 647 2396 et
660 2369 797 2396 extrinse-

23 2424 67 2449 tus.
80 2426 132 2446 non
144 2426 252 2453 semper
262 2422 353 2445 autem
365 2418 387 2445 is
397 2417 442 2452 qui
453 2417 601 2444 mundatur
611 2416 795 2448 extrinsecus,

23 2463 88 2490 ‘liam
112 2465 281 2492 intrinsecus
301 2464 419 2492 mundus
440 2467 493 2496 est,
510 2463 637 2491 videlicet
661 2471 725 2490 eum
739 2462 794 2497 agit

23 2515 66 2534 uec
82 2512 109 2535 ut
124 2509 252 2536 omnibus
267 2509 383 2543 placeat.

45 2553 98 2581 ΧΠ.
119 2554 172 2582 Sed
198 2559 225 2582 et
245 2555 290 2582 illa
313 2554 419 2589 species
438 2553 606 2581 castimoniae
623 2552 793 2580 observanda

23 2603 61 2630 est,
87 2604 114 2626 ut
129 2609 164 2628 ne
179 2601 281 2636 passim
303 2604 330 2628 et
348 2600 469 2627 libidinis
484 2600 570 2627 solius
585 2607 669 2627 causa
684 2598 793 2626 feminis

23 2650 126 2678 meatur,
141 2647 188 2674 sed
202 2647 370 2682 posteritatis
384 2645 543 2681 reparandas
557 2646 654 2681 gratia.
666 2644 732 2678 Quae
743 2645 793 2672 ob-

23 2694 143 2721 Icrvantia
151 2702 213 2721 eum
223 2695 251 2721 in
261 2694 402 2721 nonnullis
417 2694 498 2721 etiam
506 2693 656 2729 pecudibus
669 2693 792 2720 invenia-

23 2739 182 2774 tur,pudoris
192 2744 235 2768 est
257 2740 280 2767 si
293 2748 348 2768 non
363 2741 398 2768 ab
409 2740 568 2769 hominibus
579 2741 792 2769 rationabilibus

46 2816 264 2862 "-iiiatth.xxlii.
282 2820 328 2862 ἓξ,
347 2819 394 2848 26.
432 2820 454 2837 “
467 2820 560 2849 Matth.
574 2830 601 2856 ν,
614 2820 659 2854 2i,
670 2821 713 2854 22,
728 2820 763 2848 28
773 2819 859 2862 ;.Luc.
874 2830 910 2857 vt,
925 2821 971 2850 27.
1008 2821 1029 2838 "
1045 2820 1140 2848 Matth.
1154 2819 1252 2853 xu,i‘2;
1267 2818 1331 2846 Luc.
1349 2826 1387 2852 xl,
1404 2819 1448 2846 5L

23 2859 51 2885 ti,
62 2853 109 2889 32;
126 2856 220 2883 Matth.
232 2863 281 2888 χιι,
292 2855 339 2884 61.

167 2905 304 2945 Parant.
322 2904 381 2935 Gn.
405 2904 428 2934 Ι.

847 2278 976 2305 Salomon
992 2279 1032 2305 hic
1043 2299 1050 2310 ,
1068 2283 1092 2305 et
1103 2287 1156 2306 non
1170 2279 1283 2306 audiunt
1292 2279 1325 2307 ⁵⁷.
1343 2279 1384 2306 Ad
1400 2287 1448 2307 eos
1464 2287 1530 2306 vero
1543 2280 1590 2315 qui
1606 2280 1640 2307 de

846 2324 926 2352 malis
941 2324 1049 2352 actibus
1064 2333 1159 2360 gerere
1174 2325 1365 2360 paenitentiam
1382 2325 1582 2356 detrectabant.
1602 2326 1639 2352 ita

846 2371 907 2397 ait:
930 2371 986 2398 Viri
1003 2371 1131 2399 Ninivitw
1151 2377 1258 2408 surgent
1279 2373 1307 2399 in
1325 2371 1428 2406 judicio
1448 2380 1508 2398 cum
1529 2381 1640 2407 genera-

846 2418 915 2444 tione
933 2417 982 2444 ltac
1004 2423 1027 2445 et
1043 2418 1255 2445 condemnabam
1276 2427 1346 2450 eam,
1372 2419 1435 2454 quia
1459 2419 1640 2453 paenilenlium

845 2469 953 2499 egerunt
979 2465 1008 2490 in
1028 2464 1217 2498 praedicatione
1238 2464 1333 2497 Jona',
1359 2470 1385 2492 et
1406 2473 1464 2492 ecce
1484 2465 1544 2500 plus
1559 2473 1640 2499 quam

845 2511 931 2538 Jonas
946 2511 988 2538 hic
1008 2510 1167 2539 ‘3-‘9.Vides
1177 2519 1241 2546 ergo
1256 2511 1394 2546 quomodo
1409 2518 1457 2538 eos
1470 2511 1516 2546 qui
1531 2510 1640 2538 erudie-

846 2559 947 2586 bantur
954 2566 987 2586 ex
994 2557 1189 2593 lege,adduetis
1202 2557 1236 2584 ad
1242 2557 1396 2592 exemplum
1411 2558 1465 2584 illis
1472 2557 1518 2592 qui
1531 2565 1563 2584 ex
1572 2565 1639 2592 geu—

846 2605 886 2631 tili
903 2605 1055 2640 ignorantia
1077 2604 1232 2636 veniebant,
1247 2606 1274 2630 et
1289 2603 1439 2631 ostendens
1454 2611 1502 2630 eos
1519 2611 1570 2630 nec
1583 2603 1637 2629 illis

846 2651 965 2686 aequales
976 2658 1037 2677 esse
1049 2650 1094 2685 qui
1107 2650 1135 2676 in
1144 2656 1237 2677 errore
1251 2649 1333 2684 positi
1346 2649 1519 2680 videbantur,
1532 2657 1564 2676 ex
1578 2649 1636 2684 ipsa

846 2699 951 2723 tantum
967 2698 1173 2732 comparatione
1188 2696 1362 2723 condemnat.
1378 2695 1418 2722 Ex
1434 2695 1533 2730 quibus
1548 2696 1637 2722 omni-

845 2742 898 2770 bus
913 2750 1003 2771 sermo
1014 2750 1093 2778 quem
1106 2741 1301 2777 proposuimus
1316 2741 1492 2775 approbatur,
1508 2744 1539 2767 ut
1552 2740 1636 2768 casti—

1496 2819 1554 2841 δυ’
1567 2819 1633 2846 Luc.

1395 2904 1434 2936 1&3
