1873 3095
194 91 263 119 1355

592 89 621 116 ὃ.
642 86 840 115 CLEMENTIS
859 86 869 113 l
890 86 974 115 ROM.
994 87 1096 116 PONT.
1118 86 1233 114 Ol'EllA
1252 85 1369 114 DUBIA.

1767 85 1833 112 1556

194 149 297 179 monia,
314 155 375 183 qua:
388 147 563 182 aliquatenus
577 146 660 174 etiam
676 146 710 172 ab
725 145 769 172 his
786 145 833 180 qui
847 145 875 172 in
889 152 984 173 errore
999 150 1021 177 Α
1034 144 1242 180 prazcedendum
1255 144 1363 172 fuerant
1370 141 1653 178 ordinati,proﬁcisci
1661 141 1833 168 Antiochiam

194 199 260 224 sunt
271 194 352 230 positi
364 193 532 225 custoditur,
546 192 632 220 multo
646 192 741 227 purius
753 195 780 219 et
793 192 922 220 attentius
936 199 984 226 per

194 241 318 276 singulas
332 247 472 276 quasque,
493 240 565 268 sicut
581 245 664 274 supra
681 238 862 270 ostendimus,
879 239 984 273 species

195 295 210 314 a
225 287 305 315 nobis
320 287 368 322 qui
383 286 526 314 veritatem
543 285 685 320 sequimur
699 288 834 316 teneatur,
849 292 882 311 eo
897 284 984 319 magis

194 341 249 368 quo
282 333 354 368 apud
368 340 419 360 nos
431 332 612 360 observantia:
622 331 683 366 eius
694 331 805 365 praemia
820 334 922 358 (eterna
935 338 984 366 po-

198 380 246 407 tita
260 383 333 407 sunt.

230 425 290 454 XV.
306 425 369 454 Haec
379 429 407 454 et
417 425 461 453 his
472 425 572 453 similia
584 431 646 452 cum
658 423 784 456 dixisset,
797 422 893 450 turbas
903 422 984 450 dimi-

199 472 231 500 sit
244 493 251 505 ,
267 476 294 500 et
307 480 340 500 cx
357 479 433 499 more
448 478 511 499 cum
527 470 709 498 familiaribus
724 470 782 497 suis
797 469 860 496 cibo
875 473 984 503 sumpto

195 520 310 555 quievit.
321 519 379 546 Hoc
394 522 486 546 autem
497 517 579 547 modo
590 525 637 553 per
648 521 705 545 tres
715 517 862 544 continuos
875 523 984 543 menses

195 573 257 592 cum
268 565 382 593 verbum
393 564 440 592 Dei
454 564 565 592 doceret
577 568 604 591 et
619 564 752 598 plurimos
767 565 938 590 converteret
950 560 984 588 ad

196 610 288 644 Iidem,
310 609 345 638 ad
363 610 489 637 ultimum
504 610 629 645 jejunare
645 617 687 637 me
699 609 801 644 jussit,
821 613 848 636 et
867 613 929 644 post
943 608 985 643 je-

193 657 302 691 junium
326 657 355 684 in
379 657 500 684 fontibus
521 655 567 692 qui
590 656 712 691 contigui
733 656 869 683 habentur
892 655 982 687 mari,

196 703 325 737 perennis
336 710 415 738 aquae
428 703 494 730 mihi
513 702 678 737 baptismum
693 701 779 730 dedit.
797 701 919 736 Cumque
934 708 984 735 pro

196 748 411 784 regenerationis
425 749 513 784 gratia
525 748 659 776 divinitus
675 748 742 775 mihi
756 747 854 775 collata
867 767 874 779 ,
893 746 983 774 feriati

196 802 258 822 cum
281 795 413 823 fratribus
435 795 489 822 laeti
510 795 681 830 egissemus,
705 793 802 822 Petrus
821 800 869 820 eos
886 792 933 828 qui
948 792 983 820 ad

1033 191 1110 226 jubet
1121 194 1203 226 atque
1214 191 1250 218 ibi
1262 195 1319 218 tres
1331 190 1399 218 alios
1412 194 1577 225 exspectare
1589 195 1717 216 menses.
1729 187 1835 220 Quibus

1034 236 1167 272 profectis
1177 256 1185 269 ,
1200 237 1258 271 ipse
1271 244 1319 264 eos
1334 236 1382 271 qui
1397 235 1478 263 ﬁdem
1494 235 1606 263 Domini
1622 235 1707 270 plene
1722 242 1834 270 recepe-

1034 288 1107 314 rant,
1124 283 1263 310 deducens
1277 282 1312 309 ad
1323 282 1412 309 fontes
1424 290 1494 317 quos
1506 283 1579 309 mari
1590 281 1743 316 contiguos
1755 289 1835 316 supra

1035 330 1157 358 diximus
1172 329 1322 364 baptizavit
1334 348 1342 361 ,
1361 332 1388 356 et
1408 328 1607 356 eucharistiam
1625 328 1761 362 fratuens
1775 335 1835 354 uim

1035 376 1087 409 eis,
1097 375 1233 403 Maronem
1245 376 1293 410 qui
1306 383 1369 403 eum
1384 375 1504 410 hospitio
1520 379 1664 411 receperat
1680 374 1834 409 perfectum

1033 422 1090 457 jam
1106 422 1134 449 in
1150 422 1296 454 omnibus,
1313 422 1455 448 constituit
1470 422 1511 450 eis
1527 422 1710 456 episcopum,
1728 424 1757 448 et
1770 421 1835 448 duo-

1035 469 1123 495 decim
1139 476 1202 495 cum
1218 475 1251 495 eo
1268 468 1444 504 presbyteros
1455 487 1463 499 ,
1483 468 1625 502 simulque
1638 467 1780 494 diaconos
1795 475 1836 494 or—

1035 515 1122 542 dinat.
1153 514 1276 542 Instituit
1302 514 1385 542 etiam
1413 514 1538 542 ordinem
1570 513 1725 541 viduarum
1758 519 1837 548 atque

1035 561 1127 588 omnia
1143 560 1273 588 Ecclesiae
1295 560 1448 588 ministeria
1462 560 1603 596 disponit,
1630 560 1838 594 universosque

1035 607 1166 634 admonet
1188 606 1293 634 Maroni
1315 607 1446 642 episcopo
1468 608 1497 634 in
1512 607 1646 634 omnibus
1661 614 1729 641 qua:
1745 607 1838 641 prati.

1035 657 1111 688 peret
1125 653 1246 680 obedire.
1263 652 1295 679 Et
1306 652 1343 679 ita
1354 653 1462 680 cunctis
1473 657 1667 688 competenter
1680 652 1836 688 dispositis,

1035 706 1097 725 cum
1113 699 1196 726 trium
1212 699 1347 726 mensium
1362 702 1470 733 tempus
1489 698 1589 726 fuisset
1611 699 1773 733 expletum,
1794 705 1838 724 va-

1035 745 1186 773 ledicentes
1201 745 1244 778 his
1258 745 1306 781 qui
1319 749 1397 772 erant
1408 744 1482 780 apud
1495 744 1645 780 Tripolim,
1662 743 1836 771 Antiochiam

1035 791 1245 827 proﬁciscimur.

209 871 1084 879 —__.__—_—————.—-—
1091 871 1194 876 —_

725 929 905 973 LIBER
942 928 1262 973 SEPTIMUS.

234 1071 254 1098 l.
276 1069 387 1106 Egressi
401 1069 511 1097 tandem
526 1069 609 1097 etiam
630 1068 763 1104 Tripolim
783 1069 922 1097 Phcenicis
942 1077 989 1097 ur-
1004 1074 1025 1102 Β
1040 1069 1162 1097 triduum
1190 1073 1323 1104 quantum
1345 1069 1380 1096 ad
1397 1069 1568 1105 propositum
1593 1077 1692 1098 meum
1715 1077 1833 1107 spectat.

196 1120 258 1146 hem
269 1139 277 1151 ,
301 1117 417 1153 primam
441 1116 469 1144 in
490 1115 635 1144 Ortosiade
651 1116 725 1143 haud
740 1116 836 1151 procul
852 1123 868 1143 a
882 1115 987 1151 Tripoli

197 1164 314 1192 fecimus
334 1163 522 1195 mansionem,
547 1162 594 1190 ubi
617 1163 742 1198 sequenti
758 1169 868 1198 quoque
883 1162 928 1190 die
944 1170 988 1190 re-

197 1211 307 1242 morati,
323 1210 390 1245 quia
402 1217 499 1237 omnes
514 1216 583 1244 pene
597 1209 644 1245 qui
662 1208 779 1236 Domino
795 1209 986 1242 crediderant,

196 1256 262 1284 dum
275 1256 366 1284 divelli
378 1263 393 1282 a
404 1255 486 1283 Petro
496 1258 645 1292 nequeunt,
658 1255 706 1283 illo
716 1263 805 1291 usque
815 1255 902 1283 secuti
912 1259 987 1290 sunt;

197 1303 261 1330 inde
284 1301 472 1329 Antbaradum
496 1301 632 1330 venimus.
661 1300 715 1329 Sed
739 1301 813 1337 quod
835 1302 913 1329 multi
937 1309 989 1330 nos

197 1348 408 1380 comitarentur,
423 1347 462 1374 ait
481 1346 582 1375 Petrus
601 1346 637 1374 ad
659 1346 782 1375 Nicetam
802 1347 885 1375 simul
908 1352 990 1383 atque

198 1394 324 1429 Aquilam
337 1403 345 1422 τ
361 1394 496 1427 Quoniam
508 1393 619 1428 quidem
633 1393 758 1428 plurimae
771 1393 888 1421 fratrum
902 1394 990 1422 turba

198 1440 343 1468 nobiscum
361 1444 443 1472 sunt,
465 1444 493 1468 et
514 1440 700 1474 ingredientes
721 1440 845 1474 singulas
867 1447 991 1476 quasque

199 1486 282 1513 urbes
292 1493 350 1513 non
362 1493 460 1522 parum
471 1485 582 1514 invidia:
592 1486 793 1518 contrahimus,
803 1486 912 1514 videtur
922 1487 990 1514 mihi

198 1532 410 1567 providendum,
425 1536 456 1560 ut
470 1539 560 1568 neque
574 1532 643 1567 ipsis
657 1532 795 1568 ingratum
808 1532 846 1560 sit
861 1533 885 1560 si
897 1533 991 1568 probi-

199 1579 317 1606 beantur
332 1578 422 1614 sequi,
439 1586 528 1614 neque
541 1579 621 1606 nobis
635 1586 742 1614 pompae
757 1579 875 1614 alicujus
888 1579 990 1608 excitet

199 1624 337 1660 malignus
349 1624 491 1652 invidiam.
508 1625 613 1653 Censeo
627 1624 721 1660 itaque
736 1628 763 1652 te
773 1624 896 1653 Nicetam
909 1630 992 1661 atque

198 1670 325 1705 Aquilam
339 1671 493 1706 pracedere
507 1679 558 1699 nos
573 1679 636 1699 cum
651 1671 730 1706 ipsis.
746 1672 784 1699 ita
799 1675 830 1699 ut
845 1672 926 1699 etiam
942 1679 991 1700 vos

201 1717 229 1744 in
251 1717 320 1744 duas
336 1712 428 1752 partes
449 1716 567 1744 divisam
587 1717 789 1745 multitudinem
810 1717 917 1746 ducatis
930 1738 937 1749 ,
961 1722 992 1745 ut

200 1763 318 1798 sparsim
342 1763 429 1799 magis
453 1771 536 1799 quam
559 1764 611 1791 sub
628 1771 683 1791 una
704 1763 916 1799 congregatione
939 1765 992 1792 iter

199 1813 322 1844 agentes,
334 1810 458 1845 singulas
470 1817 593 1845 quasque
605 1810 776 1838 introeamus
786 1810 908 1846 gentium
921 1811 991 1839 civi-

201 1859 281 1883 tates.

237 1901 270 1929 l-l.
288 1901 353 1930 Scio
367 1906 457 1930 autem
483 1902 548 1938 quia
572 1903 650 1930 triste
676 1901 753 1930 vobis
779 1901 898 1934 videtur,
918 1902 992 1938 quod

201 1947 331 1975 videmini
346 1955 362 1975 a
377 1956 421 1976 me
434 1949 553 1976 duorum
574 1949 670 1977 saltem
683 1948 790 1976 dierum
805 1949 896 1984 spatio
913 1957 993 1986 sepa-

203 1993 275 2027 rari;
291 1994 394 2022 credite
409 1994 477 2022 mihi
489 2014 496 2026 ,
515 1995 580 2030 quia
594 2003 648 2031 qua
664 2003 792 2024 mensura
807 1996 922 2032 diligitis
937 2006 991 2029 me,

201 2040 318 2075 decuplo
331 2041 448 2077 amplior
461 2041 529 2069 mihi
543 2049 653 2077 quoque
668 2050 734 2077 erga
745 2050 795 2070 vos
810 2040 925 2071 affectus
938 2048 991 2076 est,

201 2086 250 2114 sed
265 2087 288 2113 si
302 2092 352 2122 pro
366 2086 465 2115 allecto
477 2107 484 2120 ,
509 2095 590 2123 quem
606 2088 759 2116 adinvicem
773 2089 895 2124 gerimus
905 2110 913 2123 ,
937 2098 993 2118 non

201 2131 337 2160 faciamus
350 2139 412 2168 quae
425 2133 618 2162 convenientia
632 2137 659 2162 et
675 2133 790 2162 honesta
810 2139 893 2168 sunt,
923 2136 994 2163 irra-

200 2177 341 2206 tionabilis
362 2179 522 2213 huiusmodi
544 2187 622 2207 amor
640 2180 788 2208 videbitur.
814 2180 848 2208 Et
869 2181 931 2209 ideo
945 2190 994 2210 ne-

200 2231 340 2258 quaquam
366 2225 445 2252 titulo
467 2225 612 2253 charitatis
635 2226 802 2259 imminuto,
832 2235 893 2262 qua:
915 2228 994 2255 utilia

205 2269 330 2297 videntur
343 2277 377 2298 ac
392 2271 550 2299 necessaria
564 2279 761 2307 procuremus,
788 2274 907 2301 maxime
931 2281 994 2301 eum

201 2316 295 2344 nullus
309 2317 369 2344 dies
383 2318 472 2352 possit
486 2318 666 2351 intercedere,
683 2327 738 2354 quo
756 2327 813 2347 non
827 2320 994 2356 disputatio-

1040 1116 1169 1151 insequar
1180 1123 1240 1144 vos.
1259 1114 1443 1150 Opperiemini
1460 1119 1552 1143 autem
1564 1123 1611 1144 me
1627 1117 1664 1143 ad
1683 1118 1834 1152 proximum

1039 1166 1125 1198 portae
1142 1161 1262 1189 civitatis
1275 1161 1412 1189 stabulum
1423 1182 1430 1195 ,
1455 1166 1483 1189 et
1499 1161 1562 1189 inde
1578 1162 1687 1190 iterum
1702 1164 1833 1196 similiter,

1039 1216 1102 1236 cum
1115 1208 1174 1236 dies
1191 1208 1228 1235 ibi
1242 1208 1346 1243 aliquot
1360 1209 1589 1243 transegerimus,
1611 1211 1780 1244 praecedetis
1798 1220 1834 1238 me

1040 1256 1073 1283 ad
1084 1256 1228 1284 ulteriores
1236 1254 1371 1288 civitates;
1381 1259 1408 1282 et
1422 1255 1474 1282 hoc
1484 1262 1533 1282 vos
1545 1255 1639 1283 facere
1652 1264 1705 1291 per
1717 1257 1834 1291 singulas

1040 1302 1132 1338 cupio,
1144 1301 1313 1330 declinanda;
1322 1305 1455 1337 quantum
1467 1301 1495 1329 in
1506 1302 1588 1330 nobis
1600 1308 1646 1330 est
1656 1304 1770 1331 invidia:
1778 1312 1834 1339 gn-

1040 1349 1089 1382 tia,
1096 1352 1123 1377 et
1130 1353 1160 1376 ut
1168 1349 1266 1376 fratres
1276 1349 1322 1384 qui
1329 1348 1473 1376 nobiscum
1482 1352 1557 1381 sunt,
1567 1350 1656 1376 vestri
1667 1351 1833 1384 providenti:

1041 1403 1090 1431 per
1104 1395 1229 1431 singulas
1243 1395 1366 1423 civitates
1382 1399 1476 1430 parata
1499 1395 1678 1423 invenientes
1700 1396 1832 1432 hospitia.

1041 1441 1133 1469 minus
1144 1442 1237 1477 vagari
1251 1441 1406 1468 videantur.

1077 1486 1122 1515 ΠΙ.
1143 1487 1206 1515 Haec
1223 1487 1330 1515 dicente
1345 1486 1437 1519 Petro,
1458 1487 1616 1515 necessario
1641 1488 1833 1523 acquiescant,

1041 1534 1165 1562 dicentes
1181 1543 1188 1562 :
1203 1533 1264 1561 Non
1281 1534 1359 1561 valde
1374 1541 1425 1561 nos
1445 1534 1591 1562 contristat
1606 1534 1662 1562 hoc
1678 1543 1763 1570 agere
1776 1544 1834 1571 quzi

1042 1587 1057 1606 a
1073 1584 1099 1608 te
1110 1580 1248 1615 jubemur,
1265 1580 1311 1615 qui
1327 1579 1418 1606 omnia
1432 1585 1459 1607 et
1471 1580 1540 1607 bene
1553 1587 1635 1616 agere
1648 1585 1677 1609 et
1689 1582 1761 1609 bene
1775 1589 1835 1608 con-

1043 1627 1133 1655 sulere
1151 1634 1199 1662 per
1212 1625 1314 1654 Christi
1332 1626 1530 1661 providentiam
1549 1627 1658 1654 electus
1674 1635 1706 1655 es
1717 1648 1726 1660 ,
1749 1627 1796 1654 sed
1813 1634 1835 1654 et

1042 1680 1097 1700 una
1115 1672 1160 1700 die
1173 1677 1219 1699 aut
1234 1672 1258 1700 sl
1271 1672 1386 1699 multum
1401 1671 1502 1705 biduo,
1520 1673 1650 1707 quamvis
1668 1673 1777 1709 grande
1792 1674 1834 1703 sit,

1043 1718 1071 1746 in
1089 1719 1141 1747 hoc
1154 1719 1228 1746 omni
1245 1718 1334 1754 spatio
1355 1726 1410 1746 non
1428 1718 1522 1746 videre
1543 1719 1690 1746 dominum
1714 1725 1834 1747 nostrum

1042 1764 1153 1792 Petrum
1164 1784 1172 1797 ,
1188 1769 1278 1792 tamen
1291 1765 1433 1792 tolerabile
1447 1769 1499 1792 est.
1521 1764 1745 1794 Consideramus
1768 1768 1833 1794 enim

1042 1811 1109 1847 quid
1134 1811 1274 1846 patiantur
1298 1811 1337 1838 illi
1360 1810 1507 1838 duodecim
1534 1810 1636 1839 fratres
1657 1812 1770 1843 nostri.
1793 1813 1834 1846 qni

1042 1857 1201 1893 praecedunt
1212 1864 1273 1889 nos,
1289 1860 1316 1884 et
1332 1864 1453 1884 mensem
1466 1863 1535 1891 pene
1548 1857 1689 1892 integrum
1701 1866 1739 1885 ex
1754 1860 1833 1885 tritus

1043 1903 1194 1936 mensibus,
1207 1902 1306 1938 quibus
1317 1910 1365 1938 per
1376 1910 1598 1937 unamquamque
1608 1903 1710 1930 urbem
1724 1905 1831 1932 resilla.

1042 1953 1121 1977 tanto
1142 1949 1216 1977 bono
1234 1949 1345 1976 auditus
1357 1949 1397 1976 tui
1411 1948 1583 1983 visionisque
1607 1949 1788 1978 fraudantur.
1804 1951 1831 1978 [ι

1044 2003 1109 2031 ergo
1122 1995 1213 2030 jubes,
1229 1995 1294 2030 quia
1307 1999 1380 2023 recte
1392 1995 1484 2023 omnia
1498 1995 1594 2030 jubes,
1611 2003 1698 2031 agere
1713 2005 1770 2025 non
1784 2006 1831 2024 ωο-

1043 2042 1179 2069 rabimur.
1200 2041 1233 2068 Et
1247 2041 1290 2069 his
1309 2041 1392 2070 dictis
1413 2049 1590 2077 praecessere,
1615 2044 1744 2078 acceptis
1765 2052 1830 2071 mas-

1044 2088 1137 2122 datis,
1163 2093 1193 2116 ut
1217 2092 1293 2116 extra
1317 2088 1414 2116 urbem
1435 2089 1643 2123 alloquerentur
1671 2089 1775 2118 fratres
1792 2090 1830 2125 qui

1044 2142 1139 2162 secum
1159 2135 1212 2162 iter
1236 2134 1362 2170 agebant,
1384 2141 1420 2162 ne
1441 2135 1589 2169 constipati
1613 2140 1642 2162 et
1667 2137 1753 2170 quasi
1779 2144 1829 2163 cum

1044 2181 1176 2213 tumultu,
1190 2180 1238 2208 sed
1249 2180 1366 2216 sparsim
1376 2184 1404 2208 et
1417 2180 1444 2208 in
1457 2181 1538 2208 binos
1549 2181 1632 2209 divisi
1647 2181 1830 2218 ingrediantur

1045 2227 1185 2255 civitates.

1079 2273 1124 2301 Ν.
1140 2273 1242 2301 Verum
1253 2273 1309 2309 (35)
1322 2273 1368 2301 ubi
1379 2273 1417 2301 illi
1427 2273 1544 2309 profecti
1558 2278 1633 2305 sunt,
1647 2281 1702 2309 ego
1711 2274 1828 2302 Clemens

1044 2319 1123 2348 valde
1137 2320 1248 2355 gavisus
1270 2327 1331 2347 sum
1366 2320 1440 2355 quod
1461 2327 1504 2347 me
1527 2327 1622 2347 secum
1637 2328 1702 2349 esse
1721 2321 1795 2351 fecit,
1808 2325 1828 2347 et

199 2363 284 2391 nibus
308 2364 377 2392 meis
403 2365 536 2393 interesse
560 2366 684 2401 possitis.
695 2365 751 2394 Per
774 2367 897 2402 singulas
919 2368 993 2395 enim
1045 2366 1089 2393 aio
1104 2366 1138 2393 ad
1152 2373 1215 2393 cum
1231 2375 1237 2393 :
1254 2365 1309 2394 Deo
1320 2367 1422 2401 gratias
1438 2373 1499 2401 ago,
1512 2366 1587 2401 quod
1600 2374 1644 2393 me
1656 2374 1714 2394 non
1731 2368 1828 2402 praemi-

201 2418 327 2446 quasque
338 2411 486 2440 nobiliores
497 2413 700 2447 provinciarum
710 2413 835 2440 civitates
845 2412 988 2448 proposui,
1006 2422 1028 2449 ι)
1045 2412 1106 2440 sisti
1117 2419 1179 2439 cum
1188 2412 1259 2444 aliis,
1268 2419 1331 2439 nam
1343 2412 1455 2440 tristitia
1468 2412 1715 2441 interissem.Tum
1723 2412 1825 2440 Petrus:

202 2457 274 2484 sicut
288 2457 371 2485 etiam
381 2466 430 2486 vos
442 2458 531 2489 scitis,
543 2458 631 2486 ternis
643 2458 757 2486 docendi
771 2459 859 2494 gratia
871 2459 992 2487 residere
1044 2459 1078 2486 Et
1095 2459 1158 2494 quid
1178 2457 1233 2491 fiet,
1252 2459 1356 2494 inquit,
1378 2459 1403 2486 si
1417 2459 1570 2486 necessitas
1588 2461 1712 2494 exegerit
1726 2460 1794 2486 mitti
1807 2465 1826 2484 Ic

203 2504 356 2532 mensibus.
382 2504 460 2532 Nunc
487 2512 553 2540 ergo
572 2504 752 2538 Laodiciam,
785 2513 846 2540 quae
863 2510 907 2533 est
926 2506 992 2533 urbs
1045 2506 1136 2541 aliquo
1148 2506 1279 2533 doctrinae
1293 2505 1395 2541 gratia?
1411 2510 1555 2540 separatus
1569 2513 1585 2532 a
1601 2513 1644 2533 me
1657 2506 1708 2541 pro
1721 2507 1824 2533 utilitate

204 2550 339 2585 proxima,
354 2551 497 2586 praecedite
522 2559 579 2585 me,
606 2555 634 2579 et
655 2559 706 2586 ego
717 2554 783 2587 post
804 2551 919 2579 biduum
944 2556 992 2578 aut
1044 2552 1188 2580 morieris?
1206 2560 1258 2580 nec
1271 2552 1430 2587 tibimetipsi
1446 2551 1596 2587 imperabis
1618 2551 1690 2579 ferre
1702 2553 1825 2587 patienter

854 2662 1039 2692 COTELERII
1057 2662 1175 2692 ΝΟΤᾸΕ.

242 2734 299 2770 (33)
325 2733 431 2766 Verum,
446 2736 500 2770 etc.
511 2731 713 2770 Prazpqnuntur
725 2732 750 2770 in
763 2730 857 2758 codice
866 2730 918 2770 PP.
933 2730 997 2770 Car:
1048 2731 1135 2770 Petrq
1152 2730 1281 2770 apostolo,
1307 2728 1420 2765 quodam
1444 2729 1486 2770 die
1498 2729 1561 2770 rdixi
1575 2730 1610 2757 ad
1629 2738 1687 2770 eum
1699 2738 1708 2756 :
1723 2729 1817 2756 Gratim

207 2765 361 2796 inclitarum
378 2765 435 2796 haec
460 2765 582 2795 intrusaS
600 2767 631 2793 lu
652 2771 704 2793 oct.
724 2766 784 2802 [pro
803 2766 881 2802 sept.]
907 2767 996 2802 saucii
1048 2775 1096 2801 ago
1115 2766 1179 2796 Deo,
1196 2765 1264 2800 quod
1281 2773 1321 2791 me
1334 2773 1385 2793 non
1395 2766 1536 2800 permittas
1550 2766 1670 2802 separari
1684 2778 1700 2793 ει
1716 2771 1756 2799 te;
1768 2771 1816 2791 est:

209 2804 359 2832 Clementis.
377 2804 432 2839 Ego
449 2803 569 2831 Clemens
583 2802 645 2830 dum
667 2801 749 2830 essent
768 2810 826 2829 cum
844 2801 994 2829 beatissimo
1047 2802 1158 2829 tristitia
1168 2802 1324 2830 interissem.
