1873 3095
12 188 64 216 I357

555 185 837 214 RECOGNITIONUM
857 184 920 212 LIB.
941 184 983 211 VII

1531 182 1600 210 1558

12 252 56 280 qua
68 244 208 271 necessitas
219 241 400 278 imposuerit?
413 247 460 270 aut
472 242 582 278 ignoras
591 262 598 274 ,
610 243 674 277 quia
686 242 766 268 amici
781 245 804 272 Α
818 249 880 268 cum
891 241 1011 268 oleribus
1022 241 1048 268 in
1060 249 1110 269 usu
1123 245 1163 269 est
1171 241 1237 276 (55),
1250 241 1437 268 indumentum
1447 244 1537 267 autem
1549 240 1601 268 hoc

12 297 95 326 semper
104 289 181 316 simul
201 291 266 316 sunt
276 307 284 319 ,
300 293 326 316 et
341 288 405 315 licet
417 288 579 323 corporibus
593 291 765 322 separentur,

12 335 118 363 memoria
131 333 404 369 tamenjunguntur?
428 334 499 361 sicut
521 333 675 361 econtrario
698 341 766 360 non-

12 382 60 408 nulli
73 380 230 415 corporibus
244 387 298 407 una
314 380 405 414 positi,
420 380 519 406 animis
535 379 704 407 dividuntur.

35 427 61 456 ν,
79 426 109 453 Et
120 434 167 462 ego
182 426 309 460 respondi
324 435 331 454 :
344 425 403 452 Non
417 431 506 460 putes,
524 425 559 452 mi
575 425 694 457 domine,
709 425 766 452 haec

12 482 39 500 ne
52 473 263 500 irrationabiliter
282 471 349 506 pati,
366 471 413 498 scd
426 476 499 498 certa
513 475 540 498 et
554 478 638 498 causa
654 475 681 497 et
695 471 766 498 ratio

12 524 37 546 ~st
54 520 127 553 hujus
139 526 202 553 erga
222 522 248 545 te
262 518 375 544 afl‘eetus
397 517 460 544 mei.
476 516 514 544 Te
526 517 598 544 enim
613 517 700 543 solum
716 524 766 551 pro

12 565 111 592 minibus
121 566 188 593 meis
197 564 338 591 affectibus
350 564 501 598 habeo,pro
511 567 596 598 patre,
607 569 656 597 pro
667 566 763 594 matre,

12 618 43 637 πο
52 610 183 643 fratribus;
193 618 275 645 super
286 610 343 636 hzec
353 613 443 636 autem
452 609 543 636 omnia
555 612 606 639 est.
618 608 689 643 quod
699 608 765 635 mihi

12 657 166 684 alutiscausa
172 660 199 683 et
205 655 382 690 agnoscenda:
390 655 512 682 veritatis
523 659 551 681 tu
561 654 635 681 solus
656 654 763 682 existis.

12 702 45 730 ied
63 708 87 730 et
107 702 171 729 illud
191 710 245 729 non
270 702 335 728 mihi
356 701 383 728 in
404 705 542 735 postremo
562 700 678 727 habetur
693 700 762 732 loco,

12 749 59 783 ιιιού
70 748 194 783 juvenilis
205 753 271 775 tetas
285 755 346 783 quae
362 747 390 774 in
404 755 447 774 me
461 750 513 778 est.
529 746 764 780 concupiscentia-

12 803 49 820 um
63 794 164 822 insidiis
178 794 317 828 subjacet,
332 797 360 819 et
373 800 468 819 vereor
485 799 546 819 esse
560 791 621 818 sine
634 795 670 822 te.
684 791 764 825 cujus

13 841 47 866 ola
57 839 194 875 prazseutia
214 839 304 866 omnis
324 839 431 865 luxuria
451 837 577 872 quamvis
601 837 706 864 ratione
720 844 764 863 ca-

12 890 55 916 cat,
69 885 217 918 erubescit;
236 885 298 912 licet
309 884 444 912 confidam
458 883 491 911 de
503 883 690 911 misericordia
703 883 761 914 Dei,

15 931 58 958 uod
72 931 148 958 etiam
162 938 260 958 sensus
275 937 351 958 meus
366 938 399 957 ex
415 929 459 956 his
476 937 536 964 quae
548 937 596 963 per
610 929 762 955 doctrinam

12 985 59 1003 nam
73 977 193 1011 concepit
207 996 214 1008 ,
239 977 312 1003 aliud
327 976 382 1010 jam
397 975 500 1010 aliquid
516 975 549 1002 ad
570 976 763 1011 cogitationem

12 1023 100 1057 ccipere
114 1031 167 1050 non
183 1023 279 1057 possit.
297 1021 430 1049 Praeterea
444 1021 554 1049 memini
573 1026 599 1048 te
614 1021 684 1055 apud
705 1021 763 1049 Cre-

12 1076 86 1095 aream
100 1069 211 1100 dixisse,
227 1072 256 1095 ut
269 1068 293 1095 si
305 1068 367 1104 quis
386 1068 441 1094 vult
456 1075 499 1095 me
513 1068 587 1095 salva
604 1068 703 1102 pietate
714 1076 762 1094 co-

12 1114 84 1147 nitari,
96 1115 251 1142 comitetur.
273 1114 355 1141 Salva
377 1118 466 1140 autem
484 1113 585 1148 pietate
599 1113 720 1145 dicebas,
734 1117 763 1140 ut

13 1161 115 1188 eminent
128 1161 305 1188 contristaret
319 1160 364 1187 cui
385 1159 536 1187 secundum
551 1159 634 1187 Deum
653 1158 764 1187 deberet

12 1206 134 1240 maerere,
149 1207 225 1234 verbi
242 1206 331 1242 gratia
343 1226 350 1237 ,
369 1213 403 1234 ne
418 1213 530 1233 uxorem
550 1205 656 1232 fidelem
678 1205 763 1232 relin-

12 1257 77 1280 ueret
87 1253 127 1280 vel
139 1256 267 1287 parentes
280 1252 322 1279 vel
335 1252 403 1279 alias
416 1250 603 1285 hujuscemodi
619 1258 762 1286 personas,

19 1299 109 1334 qubus
123 1307 174 1334 ego
187 1299 267 1326 valde
286 1298 356 1325 liber
369 1306 428 1326 sum
449 1301 476 1325 et
496 1297 558 1324 ideo
572 1301 651 1332 aptus
667 1296 701 1324 ad
719 1305 763 1325 se-

12 1346 115 1373 uendum
131 1350 176 1379 te;
199 1348 283 1380 atque
302 1345 406 1372 utinam
429 1344 496 1371 mihi
513 1343 649 1371 concedas
672 1349 700 1371 ut
714 1343 763 1371 tibi

12 1392 63 1419 liam
75 1392 143 1419 servi
160 1392 341 1420 ministerium
357 1391 511 1418 exhibeam.

23 1437 62 1465 Vl.
81 1437 147 1465 Tum
159 1437 257 1465 Petrus
271 1437 304 1464 ad
315 1437 374 1464 haec
385 1437 478 1464 ridens
490 1437 542 1465 ait:
551 1436 584 1464 Et
595 1437 659 1472 quid
671 1442 763 1472 putas,

14 1483 120 1516 lemens,
136 1483 211 1518 quod
233 1491 288 1510 non
311 1487 339 1510 te
358 1484 417 1518 ipsa
433 1484 584 1512 necessitas
599 1483 666 1510 mihi
682 1484 764 1510 faciat

12 1530 108 1556 arvum?
128 1529 196 1557 Nam
209 1530 272 1564 quis
289 1529 355 1556 mihi
372 1529 471 1564 poterit
487 1529 557 1556 alius
570 1533 693 1557 sternere
707 1530 763 1557 sin-

818 291 860 315 est
878 287 943 314 mihi
959 288 1029 322 quod
1045 288 1130 320 vides,
1147 288 1239 314 tunica
1251 295 1313 314 cum
1326 287 1424 322 pallio.
1439 291 1466 313 et
1483 286 1539 313 haec
1552 287 1602 313 ha-

817 333 895 365 bens,
914 334 987 361 aliud
1002 334 1068 361 nihil
1092 335 1211 369 requiro.
1234 333 1292 360 Hoc
1311 333 1378 360 mihi
1401 332 1513 363 sufficit,
1536 333 1601 367 quia

817 387 894 407 mens
919 387 979 407 mea
999 388 1052 407 non
1077 380 1110 407 ad
1132 380 1189 407 haec
1213 379 1430 415 praesentia,sed
1441 378 1475 405 ad
1486 379 1531 405 illa
1541 387 1601 414 quae

816 429 918 452 aeterna
934 430 998 452 sunt
1012 427 1120 460 aspicit,
1133 429 1160 452 et
1173 426 1233 453 idco
1244 425 1310 452 nihil
1323 433 1365 452 me
1376 433 1467 452 rerum
1482 432 1601 460 praesen-

816 472 884 499 tium
906 472 1111 507 visibiliumque
1136 472 1264 499 delectat.
1294 471 1370 499 Unde
1391 474 1467 498 tuum
1491 471 1600 506 quidem

816 525 879 552 erga
895 525 938 544 me
952 518 1052 545 bonum
1068 519 1188 545 animum
1204 517 1353 552 amplector
1368 521 1396 544 et
1411 517 1506 548 miror,
1527 524 1559 542 ac
1575 521 1601 543 te

816 564 903 598 magis
917 564 1008 595 laudo,
1031 565 1167 599 quomodo
1180 571 1241 591 cum
1257 564 1295 590 sis
1307 564 1348 590 vir
1359 571 1390 590 cx
1403 562 1601 590 consuetudine

815 610 906 636 multa:
926 609 1098 637 abundantia:
1114 611 1243 641 veniens,
1263 614 1319 636 tam
1335 610 1390 637 cito
1408 608 1558 636 transferre
1574 614 1602 634 et

815 660 909 690 aptare
920 660 947 682 te
960 657 1081 691 potueris
1094 658 1126 684 ad
1139 657 1210 684 hanc
1222 657 1305 684 vitam
1317 660 1451 686 nostram.
1464 662 1525 690 quae
1536 654 1603 681 solis

815 702 979 729 necessariis
993 703 1088 729 utitur.
1103 702 1158 729 Nos
1173 703 1245 730 enim
1261 710 1276 729 a
1290 709 1387 737 puero,
1403 702 1430 728 id
1443 705 1495 730 est.
1512 707 1562 734 ego
1576 704 1603 725 et

815 747 898 775 frater
913 756 1059 783 germanus
1075 756 1151 775 meus
1164 749 1360 780 Andreas,non
1377 747 1465 774 solum
1475 745 1601 780 orphani,

815 793 863 821 sed
876 797 904 821 et
919 794 997 821 valde
1012 802 1147 829 pauperes
1162 794 1299 821 crevimus
1315 798 1341 821 et
1356 793 1522 821 necessitate
1537 799 1602 826 ope-

814 839 881 866 rarii
895 847 957 867 esse
971 841 1176 871 consuevimus,
1193 840 1266 868 unde
1285 844 1312 867 et
1332 848 1406 867 nunc
1424 839 1503 866 facile
1519 845 1602 865 vexa-

815 886 904 913 tiones
916 886 1043 913 itinerum
1057 886 1179 914 ferimus.
1192 885 1245 914 Sed
1260 887 1350 922 potius
1363 887 1386 913 si
1411 886 1478 913 mihi
1491 885 1603 919 acquie-

816 939 909 959 sceres
932 936 959 958 et
982 933 1155 966 permitteres
1165 954 1172 965 ,
1184 940 1234 968 ego
1250 933 1336 968 magis
1352 933 1433 959 homo
1448 930 1600 966 operarius,

815 976 923 1005 facilius
936 978 983 1004 tibi
999 986 1109 1013 possem
1123 979 1195 1006 servi
1209 978 1323 1013 implere
1334 978 1530 1006 ministerium.
1623 971 1627 975 ’

848 1022 906 1050 Vll.
926 1023 960 1049 At
974 1031 1025 1058 ego
1039 1024 1096 1051 haec
1116 1024 1230 1051 audiens
1245 1024 1409 1056 contremui,
1426 1029 1452 1051 et
1473 1024 1602 1058 lacrymze

814 1068 881 1096 mihi
896 1070 1028 1097 continuo
1043 1074 1230 1105 proruperunt
1241 1090 1249 1102 ,
1272 1071 1343 1105 quod
1357 1071 1440 1097 talem
1463 1069 1529 1096 mihi
1544 1076 1602 1096 ser-

814 1124 922 1144 monem
935 1116 1035 1144 dixerit
1049 1117 1091 1144 vir
1106 1121 1198 1144 tantus
1208 1136 1215 1148 ,
1231 1123 1286 1151 quo
1301 1115 1391 1142 omnis
1411 1114 1529 1142 mundus
1553 1115 1601 1141 ha—

815 1162 894 1190 betur
909 1163 1032 1191 inferior.
1054 1162 1123 1189 Tum
1145 1163 1191 1190 ille
1213 1163 1409 1198 lacrymantem
1429 1169 1472 1188 me
1486 1161 1599 1193 videns,

814 1215 924 1236 causam
934 1212 1118 1244 percontatur.
1131 1208 1182 1235 Cui
1193 1215 1244 1243 ego
1255 1207 1383 1242 respondi
1396 1216 1403 1234 :
1413 1206 1483 1239 Quid
1494 1210 1600 1233 tantum

815 1253 842 1280 in
863 1258 890 1282 te
910 1254 1020 1289 peccavi
1033 1257 1064 1281 ut
1078 1261 1122 1281 me
1138 1253 1183 1280 tali
1202 1261 1328 1281 sermone
1344 1253 1494 1281 onerares?
1507 1257 1534 1279 et
1548 1252 1600 1279 Pe-

814 1303 875 1327 trus
892 1310 898 1327 :
914 1299 942 1326 Si
958 1300 1059 1326 malum
1076 1305 1135 1331 est,
1158 1300 1257 1334 inquit,
1274 1300 1346 1335 quod
1363 1300 1419 1327 dixi
1438 1304 1467 1327 ut
1481 1300 1601 1335 serviam

814 1346 882 1377 tibi,
909 1350 937 1372 tu
960 1346 1034 1380 prior
1049 1346 1169 1381 peccasti
1192 1346 1244 1372 hoc
1259 1346 1324 1373 mihi
1341 1345 1467 1372 dicendo.
1484 1345 1517 1372 Et
1532 1354 1600 1381 ego:

814 1391 874 1419 Non
889 1396 947 1423 est.
971 1392 1099 1427 inquam,
1123 1391 1230 1425 simile;
1249 1399 1292 1419 me
1306 1392 1379 1419 enim
1394 1391 1470 1419 decet
1486 1392 1538 1419 hoc
1553 1392 1602 1419 tibi

814 1437 915 1469 facere,
932 1442 961 1464 tu
972 1441 1061 1465 autem
1075 1438 1122 1473 qui
1138 1437 1183 1464 Dei
1196 1438 1296 1465 summi
1309 1445 1398 1473 praeco
1408 1438 1441 1465 ad
1456 1439 1602 1467 salvandas

815 1484 921 1512 animas
935 1485 1076 1512 hominum
1095 1485 1196 1512 missus
1211 1492 1241 1512 es
1251 1504 1259 1517 ,
1272 1492 1354 1520 grave
1370 1490 1412 1512 est
1427 1489 1457 1512 ut
1471 1485 1524 1513 hoc
1537 1487 1603 1514 mihi

815 1530 902 1557 dicas.
918 1529 951 1557 Et
964 1530 1083 1558 Petrus:
1103 1530 1311 1565 Acquiescerem
1333 1531 1399 1563 tibi,
1423 1532 1528 1566 inquit,
1549 1532 1603 1559 nisi

12 1582 66 1602 nues
80 1580 105 1603 et
117 1576 238 1611 stragula
252 1576 364 1611 pulchra
376 1575 560 1610 componere?
574 1574 641 1608 Quis
655 1583 765 1603 servare
777 1579 800 1608 C
816 1577 948 1605 Dominus
960 1581 1054 1604 noster
1068 1577 1114 1612 qui
1129 1577 1161 1604 ad
1177 1577 1292 1604 salutem
1306 1577 1391 1604 totius
1406 1577 1502 1604 mundi
1515 1578 1601 1610 venit,

12 1623 96 1650 anulos
121 1627 148 1650 et
174 1623 335 1650 indumenta
357 1631 418 1658 quae
443 1622 555 1650 assidue
580 1626 687 1649 mutare
716 1622 764 1649 de-

12 1676 59 1695 :am
74 1670 138 1705 (34),
156 1669 342 1704 praeparabit!
356 1669 424 1702 Quis
438 1669 520 1696 etiam
533 1669 607 1696 cocis
621 1668 764 1703 imperabit

12 1734 14 1740 .
28 1715 127 1743 diversa
146 1720 230 1752 atque
251 1716 336 1744 electa
359 1716 497 1750 pulmenta
514 1714 668 1750 providebit
680 1734 687 1746 ,
703 1721 764 1750 quae

12 1765 42 1788 rte
54 1762 196 1790 scitissima
214 1765 241 1790 et
258 1762 332 1790 varia
347 1765 544 1797 praeparentur,
565 1766 593 1788 el.
611 1761 701 1787 omnia
718 1760 764 1787 illa

12 1815 43 1834 uze
57 1808 211 1836 hominibus
224 1808 341 1835 molliter
356 1808 501 1839 institutis,
516 1807 571 1835 imo
584 1808 675 1843 potius
690 1807 765 1842 cupi-

12 1854 60 1880 ltati
75 1862 167 1883 eorum
182 1855 255 1883 velut
273 1854 478 1882 immanissima:
490 1853 597 1881 cuidam
614 1854 707 1881 bestiae
723 1854 765 1880 in—

12 1901 61 1928 Istis
70 1901 183 1935 quaesita
195 1900 349 1936 sumptibus
359 1900 572 1928 convectantur?
584 1899 636 1927 Sed
649 1899 765 1927 fortasse

12 1947 103 1975 namvis
118 1955 224 1975 mecum
238 1948 344 1983 positus
361 1947 489 1979 videaris,
503 1954 557 1974 non
570 1946 712 1981 agnoveris
726 1945 765 1972 vi-

16 2000 38 2020 m
49 2001 147 2029 meam;
159 1995 241 2031 panis
251 1994 315 2022 mihi
327 1994 403 2022 solus
412 1993 561 2021 cumolivis
572 1997 599 2021 et
610 2000 673 2020 raro
681 1993 763 2020 etiam

817 1626 843 1650 et
858 1623 905 1658 qui
919 1627 978 1650 erat
991 1623 1064 1650 omni
1081 1627 1209 1650 creatura
1224 1622 1356 1655 nobilior,
1381 1622 1485 1650 servire
1505 1630 1603 1657 passus

816 1673 898 1701 esset,
933 1672 963 1695 ut
985 1676 1036 1696 nos
1055 1668 1182 1695 suaderet
1205 1675 1261 1695 non
1284 1668 1447 1696 erubescere
1471 1668 1602 1696 fratribus

817 1714 919 1742 nostris
937 1721 1076 1742 servorum
1091 1714 1220 1741 exhibere
1236 1713 1429 1741 ministerium.
1449 1713 1517 1741 Tum
1532 1722 1600 1749 ego:

818 1759 846 1786 Si
861 1763 927 1795 puto
940 1759 1012 1795 quod
1029 1759 1132 1794 possim
1147 1763 1175 1786 te
1186 1760 1307 1792 vincere,
1321 1759 1399 1788 valde
1412 1760 1512 1788 stultus
1523 1768 1600 1794 sum;

816 1810 1002 1833 verumtamen
1018 1813 1069 1841 ago
1081 1806 1183 1840 gratias
1195 1805 1373 1840 providentia
1388 1805 1451 1838 Dei,
1466 1806 1539 1841 quod
1553 1814 1601 1842 pa-

816 1856 924 1879 rentum
941 1852 1001 1878 loco
1020 1852 1119 1879 habere
1132 1855 1159 1879 te
1175 1851 1272 1879 merui.

852 1896 919 1925 Vlll.
941 1897 1009 1924 Tum
1028 1897 1125 1925 Petrus
1142 1907 1149 1925 :
1165 1896 1251 1925 Nemo
1265 1897 1337 1925 enim
1347 1917 1355 1930 ,
1370 1897 1476 1933 inquit,
1490 1905 1553 1926 vere
1567 1906 1601 1926 ex

816 1952 914 1980 genere
924 1945 974 1972 tibi
986 1944 1130 1980 superest?
1144 1943 1284 1978 Respondi
1300 1952 1306 1970 :
1321 1943 1391 1970 Sunt
1400 1943 1509 1979 quidem
1522 1945 1601 1971 multi

815 1995 941 2026 potentes
962 1991 1013 2019 viri
1036 1999 1069 2018 ex
1090 1989 1205 2018 Caesaris
1223 1989 1349 2026 prosapia
1363 1989 1419 2025 ('56)
1439 1990 1599 2025 venientes;

628 2068 812 2097 COTELERII
828 2067 944 2096 ΝΟΤᾹΞ.

14 2142 79 2185 μή).
105 2141 275 2185 Indumenta,
303 2150 361 2185 qua;
383 2141 493 2185 fsaidue
517 2147 619 2184 mutare
645 2139 761 2185 debeam.

12 2177 158 2213 Γποδὺματα.
187 2177 256 2204 forte
275 2181 323 2203 aut
351 2176 496 2211 ἐνδύματα,
516 2184 568 2203 non
592 2175 762 2210 ὑποδήματα,

12 2213 129 2251 reﬁcere.
147 2212 303 2251 Clementia.
313 2219 365 2251 μη,
383 2211 409 2242 6.
423 2212 503 2251 epist:
521 2211 566 2251 74.
614 2244 642 2251 Μ
739 2243 745 2250 ,

16 2221 48 2238 τοο
66 2221 129 2244 σεις.
147 2221 303 2241 humerum.
317 2221 365 2243 XII,
383 2221 409 2242 0.
423 2221 503 2246 CplSl.
527 2221 564 2237 HII.

91 2247 177 2287 Panis
193 2246 257 2273 mihi
277 2246 350 2274 solus
364 2254 422 2287 eum
440 2246 526 2287 etim}.
543 2249 596 2273 etc.
612 2244 653 2285 0b
669 2243 761 2271 consi-

12 2322 61 2344 etro
74 2313 165 2345 victus
181 2313 313 2351 e'lupinis
328 2313 459 2343 tribuitur
473 2323 521 2351 per
534 2315 694 2351 Gregorium
710 2313 763 2340 Na-

12 2360 148 2384 anzenum,
164 2349 286 2378 carmine
301 2351 332 2378 l8
346 2361 352 2378 ε
368 2351 419 2377 Τὸν
433 2349 689 2386 ὲκὉέρμωψμὸνῳν
701 2357 765 2386 τρυ-

12 2387 70 2413 ὂντα
80 2388 194 2423 Πέτρον,
208 2386 418 2423 ει-ρῐζειίοηςᾌῦ
428 2395 434 2412 :
446 2384 550 2423 Πέτρος
558 2384 685 2420 ἀσσαρίου
701 2384 763 2419 Θέρ-

12 2430 41 2453 nc
53 2420 228 2458 τρεφόμενος.
235 2421 284 2458 Ubi
291 2429 348 2458 cur
355 2420 470 2458 ‘Nicetas
477 2420 625 2458 ᾀσσάριφν,
636 2427 765 2458 ιιιξηηιξυυ

15 2465 47 2486 m.
63 2454 188 2484 emendis
212 2456 314 2490 lupinis
335 2456 398 2483 vilis
417 2456 494 2490 pretii
512 2455 691 2490 mercimonio
705 2454 764 2481 ido—

12 2499 70 2523 tum,
86 2492 217 2520 metiatur
231 2488 321 2518 decem
338 2488 473 2522 nummis,
492 2493 557 2524 quot
581 2488 702 2524 ἀργυρίῳ
727 2489 766 2516 le-

12 2533 78 2553 Intur
94 2527 237 2561 assignata
258 2526 426 2561 νομίσματα,
442 2526 468 2552 id
484 2532 548 2552 vero
568 2525 645 2561 clam
655 2531 698 2549 me
712 2528 764 2561 est.

12 2534 78 2553 Illllll'
94 2534 237 2561 asstgnata
258 2534 426 2587 νοδησματα,
443 2534 468 2552 lu
484 2534 548 2552 vero
568 2534 638 2551 ctam
656 2534 698 2549 Ille
712 2534 764 2550 est.

12 2561 89 2604 έτροῆι
106 2562 275 2604 inscite?!
305 2561 395 2604 έρμων
408 2558 764 2604 ,μάνρν.τρυφῶ;έέῖῗοξρέίέἓ

170 2596 223 2632 [aL
238 2596 298 2640 ἦνὺὲ
309 2594 492 2640 ιρύουὲιίέἳωνλ
501 2595 586 2635 ’ήγουξ
599 2594 710 2640 denegati
715 2602 764 2635 μου

13 2604 140 2640 Νημενων
170 2604 223 2632 [ιιι.
238 2604 296 2626 ενος
309 2604 492 2656 ωνουὲιενωη,
501 2604 583 2629 ηγουν
599 2604 764 2627 οεκανουμου

13 2632 35 2657 el
48 2630 262 2666 οεκανούμμου].
277 2630 362 2666 Τοῦτο
393 2630 406 2656 ὲ
423 2630 454 2656 ἐκ
462 2638 539 2666 Ξινος
554 2629 606 2655 τῶν
620 2629 656 2664 μὴ
667 2628 766 2666 ξκκλη-

12 2666 146 2701 αζομένων
162 2663 260 2701 emus
276 2665 444 2701 ἀνείληπιεαι.
462 2665 547 2701 Habet
570 2663 662 2701 tamen
669 2663 765 2701 forsan

12 2698 174 2735 tipulatore's
184 2701 340 2732 nonnullos,
348 2698 375 2727 in
384 2700 495 2731 Catena.
505 2700 600 2727 Matth.
609 2707 637 2730 x,
648 2698 693 2730 29,
701 2698 765 2735 dum

12 2733 109 2771 πσᾶριον
133 2736 314 2771 Βεωιοειιιην
328 2736 473 2771 θὶιθεοῇευ
488 2736 734 2771 interpretantur;

12 2769 121 2806 regorio,
132 2769 280 2799 dissentire
291 2770 398 2806 videtur
417 2770 594 2806 Epiphanius,
609 2769 706 2806 haeresi
720 2769 763 2806 5t),

25 2804 66 2838 {5,
83 2813 117 2834 ac
131 2806 290 2833 existimare
303 2804 495 2839 abstinentiam
509 2805 581 2832 Petri
593 2805 626 2830 ab
637 2804 765 2830 animatis

23 2848 112 2873 carne,
121 2841 280 2876 ﬁgmentum
294 2848 356 2868 esse
371 2840 566 2876 Ebionitarum,
574 2847 621 2876 qui
640 2839 764 2876 Periurus

12 2873 256 2911 etrigdeprivarint.
269 2876 359 2910 Atque
379 2873 624 2911 hancrscntentiam
643 2873 766 2911 aliquan-

14 2917 37 2936 ιι]
52 2909 182 2940 fortassis
196 2909 324 2946 adjuvant
347 2919 407 2946 quae
430 2910 474 2938 hic
496 2910 630 2937 habentur
643 2909 689 2937 lib.
706 2915 763 2941 vui,

817 2146 842 2165 c.
858 2139 907 2172 48;
932 2138 978 2165 lib.
994 2146 1031 2169 lx,
1054 2145 1078 2165 c.
1093 2138 1110 2166 6
1125 2144 1151 2166 et
1165 2138 1210 2166 20.
1224 2137 1316 2166 Potuit
1335 2138 1514 2166 nihilominus
1536 2145 1602 2172 apo~

817 2175 950 2201 stolorum
965 2173 1091 2208 princeps
1107 2174 1236 2201 carnibus
1249 2174 1428 2201 animantium
1445 2181 1499 2200 non
1517 2173 1600 2201 vesci.

815 2209 903 2236 instar
916 2208 1033 2235 Mattl-aai
1051 2208 1225 2236 inClemente
1243 2208 1427 2236 Alexandrino
1451 2208 1563 2242 Pwdag.
1580 2213 1601 2234 ll

813 2251 839 2271 c.
849 2244 909 2276 l,et
924 2243 1109 2270 instarJacobi
1122 2243 1193 2271 Justi
1202 2245 1273 2278 apud
1287 2243 1445 2275 Eusebium,
1458 2243 1559 2270 Hister.
1571 2251 1601 2276 ιι,

16 2276 71 2309 ilem
86 2283 243 2317 pariterque
255 2281 439 2317 apocryphum
457 2281 553 2317 locum~
562 2281 655 2317 nescio
669 2287 760 2317 quem,
777 2276 801 2305 ἰ)
813 2279 1176 2317 23;~Epiphanium_,_h$res.
1188 2276 1391 2317 78—,__num._15;
1406 2278 1602 2317 Hieronymum

815 2314 842 2340 in
862 2313 1044 2348 Catalogo,ex
1058 2313 1220 2348 Hegesippo.
1230 2313 1278 2340 Est
1291 2314 1390 2349 quippe
1408 2318 1505 2349 praeter
1521 2313 1603 2340 Ebio-

815 2349 927 2384 niticam
943 2347 1113 2384 aliorumque
1128 2347 1450 2381 ltaireticorumfn’ecnnn
1466 2347 1602 2384 Pythago-

815 2392 852 2410 rae
876 2383 1079 2415 abstinentiam,
1107 2384 1261 2418 superbam,
1288 2384 1518 2418 superstitiosam,
1547 2383 1601 2410 Deo

815 2419 892 2454 quasi
907 2419 1040 2445 malorum
1056 2419 1161 2446 auctori
1177 2418 1347 2453 injuriosam,
1358 2419 1454 2446 animae
1470 2423 1499 2444 ut
1513 2418 1539 2444 in
1557 2419 1601 2445 bc.-

815 2453 929 2481 Stiarum
939 2460 1053 2488 corpora
1070 2454 1216 2481 devolubili
1226 2454 1465 2486 contumeliosam;
1475 2454 1527 2479 alia
1539 2454 1601 2480 abs-

816 2488 944 2520 tinentia,
968 2489 1030 2522 pia,
1045 2488 1217 2520 Christiana,
1244 2489 1365 2521 humilis,
1389 2497 1443 2515 non
1459 2488 1534 2522 .Deo,
1554 2491 1601 2514 aut
1642 2502 1645 2505 λ

815 2524 958 2558 creaturis,
973 2523 1021 2558 sed
1033 2523 1261 2558 concupiscentiae
1276 2523 1397 2558 inimica.

852 2558 909 2594 (316)
931 2557 970 2594 Ea:
981 2557 1096 2586 Cesaris
1111 2557 1246 2594 prosapia,
1258 2557 1428 2594 etc.Tiberii,
1443 2558 1599 2585 Clementin.

816 2600 854 2624 tv,
871 2593 907 2629 7:
921 2593 1000 2629 epist.
1021 2601 1080 2628 cap.
1097 2593 1131 2620 46
1144 2597 1174 2629 ct
1196 2593 1257 2620 M5.
1276 2593 1355 2629 llinc.
1372 2594 1424 2620 hoc
1436 2597 1525 2629 εει-ᾳ
1536 2600 1602 2629 apo-

816 2624 926 2663 cryphis
938 2624 976 2655 ἐι
998 2624 1120 2660 incertis,
1136 2628 1262 2656 Clemens
1282 2624 1417 2655 Eucherio
1430 2628 1464 2654 ad
1479 2624 1600 2654 Valeria-

816 2671 880 2690 num
896 2664 1027 2690 scribenti
1041 2663 1159 2694 dicitur,
1173 2668 1274 2690 vetusta
1287 2663 1411 2697 prosapia
1435 2668 1598 2692 senatorum,

816 2703 892 2733 atque
905 2698 985 2725 etiam
999 2706 1030 2725 ex
1043 2699 1122 2732 stirpe
1133 2698 1434 2725 Cwsarumllonsensit
1448 2704 1599 2733 anonymus

815 2732 862 2768 qui
891 2733 923 2760 de
951 2734 1157 2764 certaminibus,
1186 2733 1461 2768 peregrinationibus,
1484 2732 1600 2768 _vi_ta_ct

815 2764 904 2795 morte
920 2767 992 2795 Petri
1006 2772 1032 2796 et
1047 2768 1122 2795 Pauli
1136 2764 1263 2802 scripsit;
1273 2768 1373 2794 citatus
1383 2775 1402 2802 ra
1417 2766 1537 2793 Patricio
1551 2764 1599 2792 Ju-

816 2803 872 2835 nio,
887 2803 915 2829 in
929 2803 1126 2830 Clementinam
1146 2801 1292 2836 Epistulam
1315 2802 1349 2827 ad
1371 2801 1532 2832 Corinthios,
1548 2808 1600 2827 nec

816 2845 869 2867 non
883 2838 1062 2872 Nicephorus,
1076 2838 1122 2865 lib.
1140 2845 1238 2872 u.cap.
1255 2837 1458 2872 ὄὸιριὶἰὺηιιι,
1475 2844 1536 2872 cap.
1555 2836 1599 2872 18.

817 2872 868 2899 Sed
898 2871 1015 2900 fabulam
1040 2873 1157 2907 produnt
1176 2871 1286 2899 nomina
1303 2871 1464 2902 Matthidize,
1493 2871 1597 2904 Fausti,

818 2908 948 2942 Faustini,
964 2908 1143 2942 Faustiniuni,
1163 2916 1222 2942 qua:
1246 2907 1326 2934 OLIOSl
1351 2907 1492 2942 uugatoris
1519 2914 1596 2933 som-
