1873 3095
29 109 80 137 util

26 165 144 196 tissimus,
165 162 324 198 acquiescit,
341 160 389 189 sed
412 161 517 188 monuit
539 168 600 193 nos,
616 169 678 188 cum
694 168 789 188 navem
805 164 827 191 Α

26 209 259 240 descendissemus,
274 215 329 235 non
343 214 396 234 una
412 214 508 234 omnes
523 214 688 234 concurrere
703 205 737 233 ad
753 206 793 232 vi-

25 256 147 289 dendum;
172 254 235 281 nolo
258 254 344 285 enim,
371 252 470 288 inquit,
487 253 576 280 notari
592 259 642 280 vos
662 259 678 279 a
702 252 792 280 turba.

25 303 82 330 Cum
96 308 157 336 ergo
171 300 216 328 die
230 304 340 335 postera
359 299 422 326 navi
437 299 489 326 sub
503 303 641 326 momento
660 298 734 325 horae
748 306 794 325 ve-

24 350 143 376 nissemus
165 346 199 373 ad
223 346 354 376 insulam.
378 345 509 372 continuo
525 344 559 371 ad
582 345 670 371 locum
691 344 719 370 in
738 351 794 378 quo

24 398 88 422 erant
98 393 226 420 columna:
239 392 388 423 mirabiles,
404 398 595 426 properamus.
606 389 691 417 Erant
701 394 793 416 autem

24 441 46 467 in
58 440 108 467 :ede
120 438 237 474 quadam
257 437 363 473 positae,
388 437 416 464 in
440 444 494 472 qua
517 436 620 463 Phidiae
634 443 716 471 opera
732 443 794 470 per—

23 485 150 521 magnifica
166 485 347 516 habebantur,
367 483 467 519 quibus
482 483 588 511 intento
603 482 793 517 unusquisque

23 535 130 559 nostrum
145 531 318 558 detinebatur
333 533 455 564 aspectu.

51 588 112 615 Xlll.
131 587 228 616 Petrus
240 594 305 615 vero
320 587 366 615 ubi
380 586 454 614 solas
467 586 609 614 columnas
623 586 739 613 miratus
750 589 793 612 est

22 636 109 666 viteas,
125 642 294 670 nequaquam
310 637 404 669 raptus
420 633 534 668 pictura:
548 632 646 668 gratia,
665 639 792 668 egressus

22 681 77 708 vidit
91 688 137 716 pro
157 681 261 708 foribus
278 679 465 707 mulierculam
481 678 627 714 quamdam
647 678 744 713 stipem
759 678 793 704 ab

23 726 208 754 introeuntibus
224 726 435 761 deposcentem;
459 732 540 760 quam
557 725 686 752 attentius
702 724 793 752 consi-

24 773 108 800 derans
121 772 158 799 ait
174 782 180 800 :
196 771 454 807 Dic,mulier,quod
469 771 516 798 tibi
530 770 680 798 membrum
696 777 793 806 corpo-

25 820 53 846 ris
65 819 144 851 deest,
158 819 233 854 quod
249 819 313 846 huic
329 823 355 846 te
369 818 478 854 injuriae
493 817 634 852 subjeeisti
648 821 677 844 ut
694 817 791 852 stipem

26 869 96 897 actas,
110 869 136 892 et
150 873 206 892 non
221 865 312 900 potius
327 865 453 892 manibus
464 864 520 891 tuis
531 871 600 899 quas
613 871 628 890 a
643 863 698 891 Deo
713 871 792 892 acce-

29 911 75 938 iisti
88 919 204 946 operans
219 911 310 938 cibum
326 911 453 946 quaeras?
468 910 504 938 At
516 910 562 937 illa
577 911 720 946 suspirans
735 911 789 939 ait:

30 956 117 984 Itinam
140 957 207 984 mihi
233 957 343 993 quidem
367 961 459 984 essent
484 964 582 984 manus
607 965 667 992 quae
690 959 792 986 moveri

31 1006 137 1035 nossent,
158 1010 234 1030 nunc
256 1006 345 1030 autem
367 1003 473 1038 species
495 1006 603 1030 tantum
627 1007 735 1031 servata
750 1007 793 1031 est

32 1056 146 1081 ianuum,
160 1057 224 1076 nam
233 1049 298 1084 ipsa:
308 1053 373 1076 sunt
383 1052 525 1080 emortua),
537 1051 565 1076 et
576 1049 645 1076 meis
655 1049 792 1077 morsibus

35 1094 108 1122 ebiles
121 1099 148 1122 et
161 1095 224 1122 sine
239 1103 322 1123 sensu
338 1094 460 1122 reddit-a3.
478 1093 511 1121 Et
526 1094 622 1122 Petrus
636 1104 643 1122 :
656 1094 732 1128 Quae,
750 1095 794 1122 ii-

35 1140 76 1174 uit,
94 1139 143 1168 fuit
157 1148 254 1173 causa,
265 1145 294 1168 ut
309 1140 361 1167 hoc
385 1140 435 1167 tibi
449 1144 556 1167 tantum
571 1140 634 1167 mali
652 1140 711 1175 ipsa
727 1148 793 1168 con-

36 1186 113 1213 erres?
135 1185 245 1222 Ignavia
258 1206 265 1219 ,
291 1187 397 1222 inquit,
418 1193 469 1214 nec
482 1186 556 1213 aliud
575 1186 743 1221 quidquam;
768 1188 791 1215 si

37 1231 80 1257 τίω
95 1232 188 1260 fuisset
203 1233 232 1260 in
245 1240 288 1259 me
302 1231 405 1267 aliquid
418 1232 539 1264 virtutis,
553 1232 627 1266 potui
640 1232 682 1260 vel
696 1234 792 1268 praeci-

37 1277 76 1304 itio
90 1278 127 1305 uti
147 1279 188 1306 vel
209 1277 346 1313 profundo
364 1278 450 1306 maris
466 1277 578 1313 injicere
591 1278 791 1313 memetipsam,

39 1342 42 1347 .
57 1324 129 1351 ﬁnem
144 1324 210 1352 dare
226 1323 368 1352 doloribus
381 1324 460 1352 meis.

25 1424 27 1426 ς
47 1384 110 1413 XIV.
122 1385 190 1414 Tum
202 1385 426 1422 PetruszEcquid
438 1390 530 1422 putas,
541 1386 590 1419 ait,
602 1386 711 1419 mulier,
720 1387 792 1423 quod

23 1433 26 1434 ⁷
43 1431 58 1458 Ii
72 1433 231 1468 semetipsos
252 1432 410 1467 perimunt,
430 1441 445 1460 a
460 1433 602 1468 suppliciis
619 1434 794 1462 liberantur?

25 1476 28 1480 ’
45 1478 65 1505 si
76 1479 136 1513 quia
151 1479 301 1514 majoribus
316 1479 458 1513 subiacent
479 1479 569 1514 poenis
586 1479 684 1507 animae
697 1488 792 1508 eorum

24 1516 59 1550 ίίἰ
74 1525 120 1552 sibi
143 1525 211 1560 ipsis
233 1525 376 1552 intulerint
397 1533 505 1552 manus.
529 1524 564 1552 At
581 1526 647 1554 illa:
663 1526 772 1553 Utinam
784 1546 792 1558 ,
807 1513 828 1541 Ο

20 1576 22 1578 ·
45 1570 104 1605 quit,
120 1570 193 1598 istud
209 1570 276 1597 mibi
289 1575 394 1598 eertum
410 1570 496 1603 fieret,
512 1571 577 1606 quia
591 1572 686 1599 vivunt
698 1572 796 1599 animm

18 1608 40 1626 ‘3‘
55 1615 171 1648 inferno,
187 1616 305 1644 libenter
321 1617 500 1652 amplecterer
516 1617 598 1644 etiam
613 1624 710 1652 pmnas
723 1617 795 1645 ferre

20 1658 31 1673 τ
46 1663 104 1690 ortis
118 1663 199 1690 illata:
209 1683 217 1696 ,
241 1666 347 1689 tantum
370 1666 400 1689 ut
414 1662 509 1690 dulces
524 1662 591 1689 mihi
608 1666 686 1690 natos
699 1663 794 1690 horam

48 1708 105 1735 ltem
117 1717 196 1736 unam
213 1709 342 1736 viderem.
360 1708 392 1735 Et
407 1708 504 1736 Petrus
525 1708 616 1742 :Quid
634 1713 741 1736 tantum
755 1709 794 1737 is-

34 1754 61 1797 Ltl
75 1758 124 1787 est,
139 1755 212 1790 quod
228 1759 253 1782 te
270 1759 325 1781 tam
340 1755 416 1790 gravi
430 1754 511 1782 afﬁcit
525 1754 647 1787 tristitia,
663 1755 736 1782 seire
746 1763 792 1782 ve-

93 1800 118 1827 Si
137 1801 209 1829 enim
232 1801 346 1828 doceres
369 1808 412 1828 me
430 1807 554 1833 causam,
579 1807 688 1835 possem
704 1800 752 1827 tibi
767 1804 793 1827 et

19 1859 28 1877 ,x
48 1852 63 1872 η
75 1847 210 1875 evidenter
226 1846 380 1878 ostendere,
397 1854 413 1873 ο
427 1845 536 1879 mulier,
552 1845 626 1881 quod
643 1846 670 1873 in
687 1845 793 1873 inferno

20 1892 30 1913 r?
49 1896 100 1919 (ant
119 1893 226 1925 animae,
242 1897 270 1919 et
285 1899 335 1927 pro
354 1891 505 1927 praecipitio
520 1891 562 1919 vel
578 1891 715 1926 profundo
730 1899 793 1926 pos-

22 1931 36 1970 ἶ
49 1944 68 1964 ω
84 1938 131 1965 tibi
147 1939 214 1966 dare
229 1938 456 1965 medicamentum
475 1937 598 1973 aliquod,
615 1941 645 1965 ut
659 1937 718 1964 sine
733 1945 789 1965 cru-

20 1984 83 2010 ‘..ttu
98 1985 187 2012 valeas
202 1984 286 2012 vitam
301 1983 389 2011 finire.

52 2044 102 2073 ιν.
116 2046 191 2074 Tunc
207 2046 305 2073 mulier
317 2045 499 2081 promissione
522 2044 573 2072 bac
589 2048 729 2080 gratanter
743 2053 792 2072 ac~

26 2081 87 2125 ata
99 2093 180 2127 ccepit
207 2092 315 2119 dicere:
336 2091 427 2119 Genus
442 2091 551 2127 quidem
569 2091 636 2117 mihi
659 2095 686 2119 et
705 2092 791 2126 patria

25 2153 26 2158 η
51 2143 71 2176 ι
86 2137 129 2169 sit,
141 2145 191 2165 nec
203 2137 276 2164 credi
291 2137 379 2169 facile,
389 2145 439 2164 nec
453 2136 506 2165 dici
521 2137 705 2164 necessarium
716 2142 791 2172 puto,

596 102 879 131 BECOGNITIONUM
899 102 961 130 LIB.
980 102 1036 130 VII.

1558 104 1637 132 “63'

842 160 912 188 alius
929 167 994 188 sane
1023 159 1094 186 ﬁlius
1110 163 1244 194 quatenus
1269 158 1340 194 patri
1368 162 1489 188 maneret
1505 159 1539 187 ad
1554 160 1626 187 sola.

844 206 923 239 tium,
937 205 1064 241 cogitavi.

880 252 947 280 XVI.
967 251 1021 279 Sed
1051 255 1081 279 ut
1110 251 1168 279 haec
1184 251 1222 278 ita
1253 250 1311 279 ﬁeri
1338 256 1461 287 possent,
1489 252 1625 280 somnium

844 298 922 330 tinxi,
938 297 1019 332 quasi
1032 297 1180 324 assistenle
1194 296 1259 323 mihi
1278 304 1326 332 per
1348 298 1436 324 visum
1449 297 1566 332 quodam
1579 306 1627 324 nu-

843 343 916 370 rnine
938 347 966 370 et
992 343 1109 373 dicente.
1124 346 1155 369 ut
1177 341 1319 369 confestim
1336 349 1398 369 cum
1427 343 1542 378 geminis
1560 343 1628 371 meis

840 391 911 421 Urbe
927 391 1095 418 discederem
1122 395 1149 418 et
1172 391 1268 417 tandiu
1292 391 1425 424 abessem,
1440 391 1527 419 donec
1539 392 1628 419 redire

843 444 887 464 me
906 436 965 471 ipse
980 436 1140 472 praeciperet
1148 445 1157 470 ;ι
1173 436 1246 471 quod
1263 435 1287 464 si
1320 444 1376 463 non
1407 436 1535 468 facerem,
1565 444 1627 464 cum

843 483 938 511 liberis
953 482 1080 510 omnibus
1107 490 1150 509 me
1172 482 1274 518 pariter
1299 483 1457 518 perituram.
1486 482 1518 510 Et
1534 483 1571 510 ita
1588 483 1628 510 fas

843 533 917 556 ctum
931 531 983 556 est.
1003 528 1101 556 Statim
1116 529 1189 555 enim
1207 532 1238 555 ut
1266 529 1403 556 somnium
1419 529 1478 556 viro
1491 530 1627 561 enarravi,

844 574 978 606 extimuit,
996 579 1023 602 et
1037 575 1149 602 sociatis
1165 575 1231 601 mihi
1247 575 1354 602 duobus
1370 574 1443 606 filiis,
1461 575 1548 602 servis
1562 583 1628 610 quo-

844 628 897 656 que
908 625 934 648 et
948 621 1067 652 ancillis,
1086 621 1201 656 pecunia
1216 621 1297 648 etiam
1320 620 1470 648 abundanti
1489 621 1562 652 data,
1579 629 1629 649 na-

844 665 936 701 vigare
951 666 1158 702 Athenasjubet
1170 666 1216 694 ubi
1230 667 1313 694 simul
1343 671 1371 695 et
1394 667 1504 695 erudire
1529 668 1629 695 liberos

845 719 961 747 possem,
980 719 1121 745 mansura,
1139 712 1239 748 inquit,
1257 713 1294 740 ibi
1307 720 1451 748 usquequo
1471 713 1557 741 visqu
1570 713 1629 740 fue-

844 758 879 784 rit
895 757 921 785 ei
937 757 985 793 qui
1000 759 1127 793 praecepit
1139 759 1225 791 exire,
1244 762 1273 786 ut
1286 758 1386 786 redeas
1396 758 1430 786 ad
1447 766 1508 787 nos.
1523 758 1629 786 Interea

844 803 975 839 navigans
989 811 1044 832 una
1060 812 1122 832 eum
1140 804 1210 832 meis
1238 805 1311 832 natis
1334 809 1478 832 ventorum
1502 805 1628 833 violentia

843 849 876 876 ad
892 848 945 877 hos
957 849 1051 877 infelix
1067 854 1202 877 nocturno
1223 849 1366 886 naufragio
1380 850 1492 885 depulsa
1507 858 1566 878 sum
1588 850 1629 877 lo-

842 902 901 926 cos,
915 898 942 922 et
957 902 1020 922 cum
1037 902 1133 923 omnes
1150 895 1317 927 interissent,
1338 899 1474 931 arreptam
1494 903 1538 924 me
1565 903 1630 923 cru-

841 938 929 967 delem
946 946 1029 975 supra
1043 947 1139 967 saxum
1160 939 1297 975 quoddam
1323 940 1508 968 vehementior
1529 939 1628 968 ﬂuctus

842 984 934 1020 ejecit,
962 985 1010 1013 ubi
1036 993 1099 1013 cum
1125 986 1249 1014 sederem
1267 993 1300 1013 ea
1325 987 1384 1014 sola
1411 994 1460 1021 spe
1475 993 1529 1021 qua
1552 993 1629 1014 meos

842 1037 951 1064 possem
970 1029 1039 1058 forte
1053 1034 1134 1058 natos
1146 1030 1279 1062 invenire,
1290 1030 1317 1057 in
1332 1030 1497 1066 profundum
1514 1038 1558 1058 me
1573 1037 1628 1058 non

842 1074 1021 1110 praecipitavi,
1056 1080 1122 1103 tunc
1147 1083 1210 1103 cum
1242 1075 1332 1104 adhuc
1357 1076 1516 1111 perturbata
1538 1076 1629 1103 anima

843 1123 871 1147 et
887 1118 1029 1148 doloribus
1051 1120 1127 1148 ebria
1155 1119 1245 1148 facere
1273 1120 1327 1149 hoc
1350 1123 1379 1148 et
1406 1120 1523 1148 audebat
1537 1123 1565 1147 et
1579 1127 1630 1156 po-

843 1169 923 1193 terat.

877 1211 960 1240 XVII.
976 1211 1078 1241 Verum
1094 1213 1142 1241 ubi
1167 1213 1226 1241 dies
1245 1217 1357 1241 exortus
1381 1217 1434 1245 est,
1452 1217 1479 1241 et
1495 1221 1545 1248 ego
1564 1221 1628 1241 cum

843 1258 963 1287 clamore
978 1262 1006 1287 et
1030 1259 1136 1288 ululatu
1159 1258 1308 1287 infelicium
1327 1263 1452 1286 natorum
1468 1259 1630 1295 circumspio

843 1313 932 1334 cerem
954 1306 1043 1334 sicubi
1068 1306 1111 1334 vel
1126 1305 1214 1341 ejecta
1232 1305 1336 1341 possim
1363 1305 1455 1333 videre
1484 1305 1629 1338 cadavera,

844 1351 1020 1381 miseratione
1035 1352 1165 1380 commoti
1180 1351 1291 1387 quidam
1308 1359 1342 1379 ex
1359 1351 1402 1379 bis
1423 1351 1471 1387 qui
1490 1359 1534 1379 me
1555 1350 1631 1378 vide-

844 1401 916 1430 rant,
929 1397 1018 1433 primo
1045 1405 1094 1433 per
1117 1397 1240 1432 pelagus.
1257 1400 1316 1424 tum
1342 1397 1425 1424 etiam
1444 1397 1520 1424 circa
1537 1397 1630 1424 littora

844 1443 999 1478 requirunt,
1016 1443 1039 1470 si
1059 1451 1140 1479 quem
1169 1441 1239 1470 foi‘te
1260 1442 1294 1470 de
1318 1443 1387 1470 meis
1418 1442 1570 1470 infantibus
1586 1443 1629 1470 in-

845 1489 979 1516 venirent.
998 1488 1052 1517 Sed
1069 1489 1116 1516 ubi
1127 1496 1262 1524 nuSquam
1281 1488 1353 1516 ullus
1369 1488 1497 1516 inventus
1514 1492 1566 1520 est,
1579 1490 1632 1516 mi-

845 1539 969 1563 serantes
983 1543 1026 1562 me
1042 1535 1171 1562 mulieres
1178 1535 1231 1562 loci
1243 1534 1381 1562 consolari
1390 1539 1632 1570 cmperunt,enar-

845 1585 937 1608 rantes
954 1581 1069 1616 singulas
1079 1589 1145 1609 suas
1161 1588 1277 1616 qumque
1293 1580 1429 1611 miserias,
1445 1584 1475 1607 ut
1502 1589 1534 1608 ex
1552 1581 1631 1609 simi-

844 1626 960 1654 litudine
974 1625 1162 1654 calamitatum
1179 1625 1307 1653 solatium
1329 1632 1472 1659 caperem;
1489 1624 1560 1659 quod
1587 1633 1631 1652 me

843 1671 931 1706 magis
945 1670 1137 1701 contristabat,
1154 1677 1209 1696 non
1226 1669 1299 1696 enim
1318 1669 1372 1696 tale
1386 1669 1453 1696 mihi
1468 1672 1528 1696 erat
1552 1668 1630 1704 inge-

843 1717 930 1749 nium,
946 1721 976 1744 ut
992 1716 1108 1743 aliorum
1123 1716 1195 1742 mala
1219 1723 1278 1742 mea
1295 1722 1356 1742 esse
1377 1715 1474 1742 solatia
1489 1714 1627 1742 ducerem.

844 1763 876 1790 l~t
892 1770 955 1790 cum
981 1769 1024 1790 me
1041 1762 1133 1789 multa:
1147 1761 1266 1796 hospitio
1281 1764 1411 1796 cuperent
1428 1761 1557 1795 recipere,
1576 1768 1629 1787 una

843 1807 967 1842 quaedam
984 1806 1149 1842 paupercula
1170 1806 1214 1833 hic
1229 1806 1354 1833 habitans
1370 1805 1486 1833 extorsit
1502 1805 1568 1832 mihi
1586 1810 1630 1832 tu-

843 1854 922 1889 gurio
949 1853 1009 1888 ejus
1033 1852 1198 1884 succedere,
1228 1852 1324 1879 dicens
1345 1851 1437 1882 ,iuisse
1463 1851 1514 1878 sibi
1541 1851 1629 1878 virum

844 1901 955 1924 nautam
971 1904 1088 1931 eumque
1103 1896 1131 1923 in
1147 1897 1216 1923 mari
1241 1896 1437 1923 adolescentem
1457 1895 1628 1928 defunctum,

843 1943 951 1978 sibique
964 1949 998 1969 ex
1014 1949 1049 1969 eo
1060 1941 1104 1970 die
1119 1949 1182 1969 cum
1202 1941 1279 1968 multi
1292 1949 1352 1969 eam
1368 1941 1492 1976 accipere
1512 1942 1540 1969 in
1562 1949 1630 1969 con-

842 1989 949 2023 jugium
963 1991 1104 2022 cuperent,
1121 1994 1214 2014 amore
1227 1987 1279 2013 viri
1287 1986 1445 2014 viduitatem
1470 1986 1556 2014 fuisse
1567 1987 1630 2014 cha-

845 2035 956 2061 riorem.
973 2032 1059 2060 Erunt
1074 2039 1150 2067 ergo,
1167 2032 1266 2067 inquit,
1281 2031 1359 2058 nobis
1373 2032 1539 2064 communia,
1553 2039 1629 2067 quat-

844 2087 952 2114 cunque
976 2079 1102 2106 manibus
1126 2071 1230 2106 nostris
1243 2081 1388 2113 operantes
1407 2085 1528 2113 quaerere
1553 2084 1630 2114 pete-

843 2133 940 2153 I‘lmllS.

18 2173 62 2220 πτίξξι
75 2191 183 2211 causam
196 2187 301 2210 tantum
329 2183 428 2210 sulIicit
452 2183 556 2210 doloris
572 2169 723 2217 exponere,
745 2190 794 2210 cur
810 2187 832 2214 ι)
999 2171 1032 2198 Εί
1055 2174 1195 2220 τξεχοηεξι
1216 2178 1248 2197 ac
1271 2169 1362 2197 minus
1388 2169 1447 2196 "mi
1472 2170 1629 2220 Ea’l'Miolle

18 2222 144 2274 "tj.}rsibus
154 2230 222 2256 meis
234 2237 307 2255 meas
321 2228 379 2263 ipsa
389 2228 493 2256 debiles
508 2228 673 2256 reddiderim
685 2236 792 2256 manus.

27 2279 68 2309 pb
82 2276 220 2310 generosis
236 2280 294 2302 orta
312 2275 471 2310 parentibus
496 2279 521 2302 et
538 2275 658 2309 potentis
682 2275 795 2310 adaeque

18 2319 167 2358 trifisortita
199 2321 415 2353 matrimonium,
434 2321 504 2349 duos
532 2321 640 2356 suSCepi
670 2322 794 2356 geminos

124 2371 150 2394 et
175 2371 236 2402 post
258 2367 308 2394 hos
332 2373 416 2393 unum
444 2366 538 2393 alium.
557 2365 609 2393 Sed
640 2365 726 2393 frater
742 2366 793 2393 viri

80 2411 173 2441 illicito
190 2413 219 2440 in
242 2420 285 2439 me
299 2419 392 2440 amore
407 2411 582 2439 vehementer
597 2411 711 2443 exarsit,
726 2411 792 2438 mihi

18 2451 100 2495 “fidem
116 2466 176 2486 cum
194 2466 276 2493 super
292 2458 383 2485 omnia
401 2465 467 2484 cura
494 2461 568 2485 esset
597 2457 750 2492 pudicitiae,
766 2462 793 2484 et

52 2511 98 2544 que
110 2508 184 2532 tanto
202 2504 298 2532 sceleri
324 2503 499 2538 acquiescere
514 2511 603 2544 neque
619 2503 679 2530 viro
695 2503 790 2530 vellem

18 2539 140 2588 ἔἕῗῗξξὶιὴιιῐιι
157 2550 250 2577 fratris
268 2549 385 2585 aperire,
416 2548 534 2584 cogitavi
552 2539 687 2584 quatenus
704 2553 730 2576 et
742 2555 792 2582 ego

19 2589 148 2637 iﬁ'ﬂolluta
164 2595 319 2627 evaderem,
336 2599 362 2622 ct
378 2593 491 2621 fratrem
522 2593 664 2620 inimicum
692 2597 718 2621 et
744 2593 792 2619 lio-

18 2636 81 2666 ,ιςξῄ
95 2647 147 2668 non
160 2639 275 2667 facerem
293 2638 382 2671 fratri,
399 2646 434 2665 ne
450 2646 535 2673 genus
551 2645 633 2665 omne
644 2637 717 2672 quod
734 2641 793 2664 erat

24 2680 109 2723 uﬂllis
125 2685 232 2712 familiae
253 2685 281 2712 in
295 2683 471 2719 opprobrium
494 2684 597 2711 darem.
611 2682 702 2710 Patria
726 2690 793 2718 ergo

132 2739 194 2759 cum
211 2731 317 2759 duobus
329 2730 397 2758 meis
407 2729 523 2765 geminis
541 2729 681 2757 discedere
697 2729 790 2760 statui,

117 2777 236 2805 incestus
264 2784 342 2804 amor
366 2775 585 2810 conquiesceret,
617 2781 697 2808 quem
722 2773 792 2800 forte

19 2819 160 2861 Misenum
174 2830 239 2850 mea:
268 2821 391 2857 palparet
408 2825 434 2848 et
453 2820 630 2847 inflammaret
646 2823 790 2853 aspectus;

20 2873 38 2895 Νι)

20 2892 63 2932 ul"

846 2222 916 2249 utar,
933 2217 1048 2245 libenter
1063 2216 1185 2244 habitavi
1200 2223 1260 2243 cum
1276 2223 1308 2243 ea
1330 2220 1441 2250 propter
1454 2214 1579 2242 affectum
1599 2215 1630 2242 li-

844 2264 887 2292 dei
902 2270 983 2299 quam
996 2266 1152 2290 servaverat
1167 2262 1235 2289 viro.
1249 2260 1302 2289 Sed
1317 2269 1371 2289 non
1390 2261 1476 2288 multo
1489 2264 1552 2296 post
1561 2261 1628 2288 mibi

845 2310 958 2343 infelici,
976 2309 1102 2337 laceratae
1116 2309 1219 2336 dudum
1249 2308 1396 2340 morsibus,
1412 2307 1540 2336 resoluta:
1565 2311 1630 2336 sunt

844 2363 953 2388 manus,
968 2360 995 2383 et
1015 2356 1061 2383 illa
1073 2362 1134 2390 quae
1159 2362 1202 2382 me
1229 2358 1399 2389 susceperat,
1416 2353 1534 2380 incurrit
1549 2361 1630 2388 para-

844 2403 914 2439 lysin
926 2406 953 2430 et
966 2401 1040 2429 domi
1053 2402 1080 2428 in
1090 2402 1159 2428 lecto
1170 2400 1252 2435 jacet.
1262 2399 1371 2427 Illarum
1382 2403 1472 2427 autem
1484 2399 1628 2426 mulierum

843 2456 903 2485 qua:
932 2448 1009 2485 prius
1033 2447 1249 2478 miserabantur,
1280 2445 1386 2473 refrixit
1421 2444 1552 2477 affectus;
1578 2452 1629 2472 nos

843 2495 928 2522 ambae
940 2494 1055 2525 debiles,
1077 2501 1127 2528 ego
1144 2496 1174 2519 ut
1198 2492 1273 2519 vides
1292 2491 1375 2519 sedeo
1397 2491 1494 2526 stipem
1517 2495 1627 2526 petens,

842 2546 869 2569 et
888 2542 910 2569 si
925 2541 989 2576 quid
1007 2540 1077 2567 forte
1092 2539 1226 2574 quaesiero
1252 2538 1281 2564 fit
1304 2545 1375 2565 unus
1399 2537 1515 2564 duarum
1539 2536 1625 2564 infeli-

842 2588 914 2615 cium
931 2587 1020 2614 cibus.
1039 2585 1110 2612 Ecce
1127 2585 1183 2620 jam
1199 2592 1260 2620 qua:
1281 2591 1340 2611 mea
1372 2586 1436 2610 sunt
1465 2581 1629 2610 sufﬁcienter

843 2633 954 2664 audisti,
971 2637 999 2658 tu
1015 2639 1087 2658 nunc
1095 2630 1159 2666 quid
1183 2631 1300 2656 moraris
1315 2629 1427 2663 implere
1443 2627 1514 2663 quod
1526 2626 1628 2662 promi-

842 2686 929 2710 seras,
947 2682 974 2705 et
989 2677 1055 2704 dare
1082 2676 1310 2703 medicamentum
1332 2681 1386 2708 quo
1413 2673 1500 2708 possit
1524 2672 1628 2706 absque

842 2725 977 2754 cruciatu,
994 2727 1024 2750 ut
1039 2723 1091 2754 ais,
1108 2726 1223 2756 utraque
1240 2724 1363 2748 nostrum
1378 2717 1544 2747 miserabilis
1564 2717 1627 2744 vita:

843 2774 942 2798 sortem
959 2769 1056 2796 finire?

877 2815 946 2843 Xlx.
966 2814 1027 2842 llaec
1041 2814 1148 2842 dicente
1163 2813 1286 2845 muliere,
1305 2811 1388 2839 multa
1413 2810 1509 2838 Petrus
1522 2809 1626 2843 cogita-
