1873 3095
181 105 194 133 Ι
199 105 251 133 565

596 101 626 130 S.
646 100 840 128 CLEMENTIS
858 100 867 127 I
885 99 970 130 ROM.
989 99 1090 129 ΡΟΝΤ.
1110 99 1225 128 οΡΕιιΑ
1243 99 1357 128 DUBIA.

1755 98 1827 127 εδει

182 163 257 190 tione
267 161 415 190 distractus
431 160 505 188 velut
528 161 661 187 attonitus
689 160 789 192 stabat.
806 163 833 187 et
848 167 898 194 ego
909 159 972 187 Cle-
987 161 1010 190 Α
1058 158 1140 186 XXII.
1159 158 1193 185 Et
1208 162 1304 186 tenens
1326 165 1438 185 manum
1453 156 1514 192 ejus
1538 155 1642 184 Petrus
1663 155 1827 183 adducebat
1863 155 1864 169 ’

182 217 260 236 mens
274 208 484 244 superveniens.
514 206 634 239 Dudum,
658 207 780 242 inquam,
809 214 858 242 per
879 206 970 233 omnia

181 255 342 282 discurrens
358 254 513 289 quaerebam
529 258 566 285 te,
595 258 623 280 et
648 260 722 280 nunc
745 252 811 288 quid
840 251 973 279 facimus?

181 299 216 326 At
231 299 276 326 ille
290 299 419 334 praecepit
434 297 501 326 mihi
514 302 544 324 ut
558 296 592 323 ad
605 297 760 324 naviculam
775 296 968 332 praecederem,

183 344 221 371 ibi
243 352 298 376 me,
315 344 414 379 inquit,
431 343 568 378 opperire,
580 347 607 371 et
634 343 700 378 quia
717 342 867 370 contradici
877 343 903 370 ei
917 350 972 370 non

182 393 299 424 poterat,
325 389 397 424 quod
422 389 507 423 jussit
534 389 654 424 implevi.
684 389 745 424 Ipse
756 396 832 420 vero.
848 391 879 415 ut
905 388 972 416 mihi

183 440 282 463 cuncta
298 435 437 470 posterius
451 435 600 467 enarravit,
613 434 770 470 suspicione
780 434 897 470 quadam
911 435 974 470 pul-

184 487 261 509 satus
275 481 432 516 requirebat
446 489 461 508 a
476 481 590 509 muliere
607 489 695 516 genus
708 485 736 508 et
748 480 878 516 .patriam
891 481 974 508 simul

184 531 212 554 et
228 528 339 554 nomina
354 527 483 559 ﬁliorum,
500 535 561 563 qua:
581 527 605 554 si
637 526 716 558 mihi,
733 526 834 561 inquit,
859 526 973 559 dixeris,

185 573 256 600 dabo
269 574 402 602 continuo
425 573 666 601 medicamentum.
690 571 726 599 At
741 572 788 599 illa
814 573 892 608 quasi
919 571 974 599 vim

185 619 338 652 sustinens,
355 619 420 654 quia
446 626 534 654 neque
550 617 629 646 fateri
650 617 708 645 haec
722 618 832 645 volebat
851 621 877 645 et
888 617 972 645 medi-

185 666 303 692 camenti
318 665 418 700 cupida
432 668 502 698 erat,
523 664 602 692 ﬁnxit
621 665 674 692 alia
689 671 723 692 ex
738 664 811 696 aliis,
837 668 863 692 et
880 664 917 691 ait
945 671 975 692 se

185 711 296 746 quidem
311 719 373 739 esse
389 711 547 747 Ephesiam.
565 712 653 738 virum
672 715 762 738 autem
780 710 913 744 Siculum,
927 711 975 738 sed

185 761 213 784 et
227 757 343 784 ﬁliorum
355 757 465 784 nomina
481 757 608 785 similiter
619 757 782 784 immutavit.
793 756 861 783 Tum
877 755 974 784 Petrus

186 806 286 837 putans
300 810 360 831 eam
383 811 477 831 verum
493 803 670 838 respondisse
694 803 752 830 ait:
769 801 846 830 Heu!
864 802 972 834 mulier,

186 848 326 882 putabam,
341 849 441 884 inquit,
456 849 560 884 grande
573 849 683 884 aliquod
698 848 828 884 gaudium
843 848 974 876 hodierna

187 894 267 922 nobis
281 894 326 921 die
340 895 488 927 oriturum.
503 896 663 931 suspicabar
677 895 748 923 enim
760 899 787 923 te
801 902 862 923 esse
878 903 975 930 quam-

187 939 250 966 dam
264 940 417 972 mulierem,
430 941 463 968 de
490 949 544 976 qua
567 941 667 969 similia
694 941 820 976 quaedam
840 949 928 977 nuper
940 941 975 968 ad

189 984 268 1012 ﬁdem
285 985 380 1013 didici.
402 986 436 1013 At
456 986 501 1013 illa
517 987 661 1022 adjurabat
671 994 734 1014 eum
752 987 869 1015 dicens:
898 987 975 1023 Rogo

188 1036 214 1058 te
226 1035 255 1058 ut
271 1031 376 1059 indices
391 1031 456 1058 mihi
469 1039 530 1067 quae
542 1032 593 1059 ista
608 1033 655 1066 sit,
669 1037 699 1060 ut
709 1033 805 1066 sciam,
826 1033 850 1062 si
863 1038 905 1061 est
921 1035 975 1061 ulla

188 1076 259 1104 inter
276 1077 405 1106 mulieres
419 1085 463 1105 me
478 1078 623 1106 infelicior.

224 1121 281 1150 XX.
303 1122 372 1150 Tum
394 1122 492 1151 Petrus
508 1124 601 1151 fallere
617 1125 742 1152 nesciens
757 1129 784 1153 et
799 1125 975 1155 miseratione

187 1172 341 1196 commotus
357 1170 440 1204 coepit
452 1169 544 1197 dicere
556 1179 563 1198 :
579 1169 627 1198 Est
638 1171 748 1206 quidam
761 1172 922 1201 adolescens
933 1173 975 1200 in-

189 1217 232 1241 ter
252 1221 301 1241 eos
322 1214 369 1250 qui
397 1222 439 1242 me
456 1221 608 1250 sequuntur
623 1217 762 1252 religionis
776 1222 802 1245 et
815 1222 898 1246 sectzc
912 1227 976 1254 gra-

187 1259 238 1291 tia,
254 1259 392 1288 Romanus
404 1260 483 1293 civis.
493 1262 538 1296 qui
556 1262 620 1288 mihi
633 1263 770 1290 enarravit
783 1264 855 1298 quod
871 1269 974 1300 patrem

188 1305 316 1333 habuerit
329 1310 355 1334 et
370 1306 439 1334 duos
453 1307 576 1342 geminos
593 1308 703 1340 fratres,
720 1317 753 1336 ex
768 1310 869 1345 quibus
878 1313 971 1340 nulius

187 1351 215 1378 ei
231 1355 366 1386 superest.
381 1351 476 1384 Mater,
491 1353 589 1387 inquit,
599 1361 659 1380 mea
673 1354 744 1381 sicut
758 1362 772 1380 a
788 1358 865 1390 patre
879 1356 974 1390 didici,

187 1397 324 1424 somnium
341 1397 426 1431 vidit,
450 1402 480 1425 ut
509 1397 632 1425 Romana
648 1399 714 1426 urbe
726 1400 759 1427 ad
772 1405 879 1436 tempus
896 1409 976 1430 exce-

187 1442 264 1470 deret
279 1450 341 1470 cum
358 1443 465 1471 duobus
480 1444 596 1479 geminis
617 1445 706 1476 natis.
733 1453 767 1472 ne
787 1445 857 1474 forte
871 1447 974 1474 exitiali

187 1487 300 1515 interitu
314 1489 488 1524 deperirent;
502 1498 563 1524 qua:
577 1498 638 1517 cum
651 1491 824 1520 discessisset
839 1500 974 1528 nusquam

188 1537 322 1560 terrarum
348 1534 420 1560 ultra
445 1535 607 1569 comparuit.
632 1533 712 1561 Pater
732 1543 796 1563 vero
820 1544 889 1565 suus
915 1542 976 1572 post

189 1579 248 1607 haec
263 1580 297 1607 ad
315 1580 520 1615 inquisitionem
537 1581 632 1608 uxoris
649 1589 681 1608 ac
696 1581 812 1610 ﬁliorum
837 1583 976 1618 profectus

189 1633 240 1652 nec
257 1626 315 1660 ipse
331 1626 479 1653 invenitur.

223 1683 293 1710 XXI.
315 1683 377 1711 Ilaec
393 1691 455 1711 cum
479 1684 594 1712 dixisset
609 1684 723 1717 Petrus.
749 1686 847 1714 mulier
865 1691 975 1722 stupore

186 1737 319 1764 percussa
343 1730 458 1756 corruit.
484 1729 554 1757 Tum
576 1730 674 1758 Petrus
696 1733 836 1760 continere
861 1741 922 1760 eam
947 1737 975 1761 et

186 1775 325 1802 consolari
339 1776 439 1810 coepit,
458 1783 489 1803 ac
507 1777 648 1811 requirere
662 1778 727 1812 quid
739 1783 811 1806 esset
826 1787 916 1807 causa:
927 1783 975 1807 aut

186 1820 253 1856 quid
274 1824 424 1855 pateretur.
443 1821 478 1848 At
500 1822 546 1849 illa
567 1823 612 1850 vix
628 1823 774 1858 aliquando
789 1825 916 1860 spiritum
930 1833 975 1853 re-

186 1874 301 1899 vocans,
325 1874 358 1894 ac
378 1868 553 1902 semetipsam
577 1869 610 1896 ad
638 1869 729 1904 gaudii
751 1870 824 1905 quod
848 1872 975 1906 sperabat

186 1912 406 1947 magnitudinem
417 1921 547 1948 reparans
563 1915 698 1950 simulque
711 1916 842 1944 aﬁ‘ricans
855 1918 972 1952 vultum,

187 1958 250 1991 llic,
266 1959 355 1994 inquit
371 1979 378 1991 ,
395 1964 437 1987 est
452 1968 533 1994 quem
548 1961 618 1989 dicis
636 1963 815 1990 adolescens?
826 1963 860 1990 At
875 1963 974 1993 Petrus

187 2005 232 2031 ubi
247 2012 304 2031 rem
321 2005 463 2037 intellexit,
482 2005 541 2038 Dic,
558 2007 658 2041 inquit,
675 2009 741 2035 mihi
753 2012 782 2036 tu
799 2009 889 2043 prior,
907 2018 970 2038 nam

185 2050 279 2076 videre
290 2057 352 2076 eum
368 2058 422 2077 non
433 2051 545 2086 poteris.
558 2051 627 2078 Tum
641 2053 687 2079 illa
702 2061 708 2078 :
722 2053 788 2089 Ego,
801 2054 900 2089 inquit,
911 2063 971 2083 sum

187 2095 370 2122 adolescentis
385 2100 483 2123 mater.
496 2096 529 2123 Et
543 2096 642 2125 Petrus
654 2107 660 2125 :
674 2098 751 2130 Quod
766 2099 790 2126 ei
805 2106 904 2126 nomen
914 2100 974 2127 est?

185 2142 221 2166 At
232 2140 277 2166 illa
288 2148 294 2166 :
307 2140 447 2173 Clemens,
463 2142 511 2169 ait.
527 2141 625 2170 Petrus
639 2153 645 2170 :
662 2143 722 2178 Ipse
733 2148 785 2176 est,
797 2151 823 2172 et
834 2146 891 2180 ipse
901 2151 970 2177 erat,

186 2184 233 2219 qui
247 2185 328 2218 paulo
343 2189 406 2213 ante
420 2193 526 2213 mecum
543 2187 706 2222 loquebatur
720 2193 746 2215 et
761 2197 841 2223 quem
855 2189 926 2223 jussi
937 2191 970 2217 ad

186 2237 283 2256 navem
311 2230 473 2264 praecedere.
497 2230 565 2258 Tum
587 2233 633 2259 illa
656 2233 801 2268 procidens
831 2234 865 2260 ad
889 2234 972 2269 pedes

185 2276 259 2303 Petri
284 2284 380 2311 rogare
404 2278 504 2312 coepit,
527 2282 558 2305 ut
585 2278 727 2307 festinaret
753 2279 787 2306 ad
807 2287 913 2307 navem.
939 2281 972 2308 Et

186 2321 347 2350 Petrus:Si
372 2323 456 2355 milii,
483 2323 591 2359 inquit,
617 2333 711 2352 servas
739 2325 818 2352 ﬁdem
842 2330 870 2352 ut
887 2326 971 2354 facias

185 2368 258 2403 quod
277 2368 348 2396 dico.
370 2368 405 2395 At
421 2369 466 2395 illa
480 2377 485 2395 :
501 2369 598 2397 Omnia
609 2389 617 2401 ,
640 2371 746 2405 inquit,
762 2370 847 2405 facio;
864 2376 969 2399 tantum

186 2414 253 2440 mihi
267 2415 381 2442 ostende
399 2415 508 2442 unicum
524 2423 613 2442 Ineunt
632 2420 725 2443 natum
738 2437 745 2447 ,
761 2421 826 2452 puto
839 2418 910 2445 enim
926 2426 970 2446 me

185 2467 234 2495 per
248 2460 336 2495 ipsum
349 2464 375 2487 et
389 2461 512 2495 geminos
526 2469 602 2488 meos
617 2461 719 2489 videre.
735 2462 767 2489 Et
778 2461 967 2490 Petrus:Cum

183 2505 296 2539 videris,
311 2506 410 2540 inquit,
426 2514 500 2537 eum,
527 2506 609 2533 modo
625 2506 733 2533 interim
746 2507 888 2534 dissimula
901 2515 970 2542 pau-

184 2552 282 2584 lulum,
297 2559 440 2588 usquequo
455 2552 628 2588 egrediamur
645 2553 679 2580 ab
693 2552 792 2580 insula.
810 2551 859 2584 Ita,
871 2553 968 2588 inquit,

183 2597 291 2626 faciam.

1021 214 1081 235 eam
1104 207 1139 234 ad
1162 213 1267 233 navem.
1283 204 1369 238 Quem
1383 211 1434 240 ego
1448 204 1545 232 videns
1571 211 1690 230 manum
1709 202 1826 230 dantem
1863 240 1864 243 η

1022 252 1130 280 mulieri
1144 251 1234 279 ridere
1250 251 1320 286 εωρὶ
1334 271 1341 282 ,
1368 250 1500 278 accedens
1512 255 1606 278 tamen
1624 249 1748 276 honoris
1767 249 1828 283 eius

1023 298 1120 333 gratia,
1135 305 1185 333 pro
1201 297 1259 332 ipso
1276 297 1346 332 ccepi
1362 296 1431 323 velle
1446 295 1584 330 subjicere
1600 302 1719 322 manum
1736 301 1826 321 meam

1023 348 1050 372 et
1071 347 1227 371 sustentare
1249 342 1407 375 mulierem;
1425 341 1507 369 simul
1533 345 1627 368 autem
1656 345 1690 367 ul.
1710 347 1827 367 manum

1022 391 1083 426 ejus
1095 389 1214 424 contigi,
1229 388 1337 415 ululatu
1360 387 1463 423 ingenti
1484 387 1593 415 reddito
1617 386 1648 414 in
1676 385 1828 421 amplexus

1023 444 1099 465 meos
1111 436 1206 469 irruit,
1218 439 1245 463 et
1262 434 1395 462 maternis
1411 441 1454 462 me
1468 433 1625 462 consectari
1639 433 1755 460 osculis
1770 440 1826 460 cte-

1024 483 1075 517 pit.
1099 482 1134 508 At
1155 490 1206 518 ego
1227 481 1359 517 ignorans
1377 488 1459 508 omne
1478 479 1619 516 negotium
1636 481 1725 514 quasi
1752 478 1827 506 insa-
1865 478 1866 494 ³

1024 529 1143 556 nientem
1160 529 1301 556 mulierem
1317 527 1490 562 repellebam.
1509 526 1591 554 simul
1607 530 1648 557 et,
1666 533 1735 552 cum
1751 533 1827 552 vere-

1024 574 1124 602 cundia
1146 575 1227 607 licet,
1253 573 1416 609 indignabar
1431 576 1523 600 tamen
1544 570 1764 607 quodammodo
1781 571 1828 598 ad.
1866 582 1867 586 η

1025 627 1134 648 versum
1147 619 1268 647 Petrum.

1060 665 1154 693 XXIII.
1175 665 1210 692 At
1226 665 1291 693 ille:
1307 664 1406 693 Desine
1417 685 1426 698 ,
1447 664 1553 700 inquit,
1570 663 1639 700 quid
1654 663 1739 698 agis,
1753 671 1771 690 ο
1793 662 1827 689 fili

1025 711 1172 740 Clemens?
1187 711 1243 739 noli
1268 711 1402 747 repellere
1421 714 1497 738 tuam
1520 714 1650 738 matrem.
1676 708 1740 744 Ego
1764 716 1829 736 vero
1867 736 1868 746 γ

1027 760 1072 787 ubi
1091 759 1147 786 hate
1161 757 1252 785 audivi
1262 777 1269 788 .
1283 757 1415 785 continuo
1427 757 1557 793 lacrymis
1567 756 1700 793 suﬁ'usus
1715 754 1827 783 concidi
1867 747 1868 755 “

1027 812 1110 840 supra
1123 804 1260 839 jacentem
1285 807 1398 831 matrem
1415 807 1444 831 et
1467 802 1586 831 osculari
1602 809 1668 829 eam
1682 801 1772 836 coepi.
1787 799 1825 827 Si-

1026 850 1083 877 mul
1097 849 1169 877 enim
1187 852 1215 876 ut
1229 848 1335 882 audivi,
1359 849 1490 884 paulatim
1503 848 1611 876 vultum
1628 848 1694 883 ejus
1714 854 1828 875 revoca-

1026 896 1088 923 bam
1107 896 1140 924 ad
1168 896 1327 924 memoriam
1348 900 1375 922 et
1398 895 1488 923 notior
1509 895 1577 922 mihi
1601 894 1730 923 intuenti
1751 898 1827 921 tanto
1868 895 1869 938 ξ

1026 942 1113 977 magis
1135 942 1228 970 ﬁebat.
1252 941 1398 969 Multitudo
1422 941 1531 968 interim
1554 939 1750 968 conveniebat
1769 940 1827 974 plu-
1868 939 1869 943 ‘

1025 989 1106 1020 rima.
1116 987 1230 1016 audiens
1240 987 1312 1023 quod
1327 987 1425 1014 mulier
1437 995 1498 1023 quae
1512 987 1545 1014 ad
1559 986 1664 1022 stipem
1677 986 1826 1022 petendam

1026 1034 1138 1062 sedebat
1151 1054 1158 1066 ,
1183 1033 1322 1070 recognita
1346 1037 1419 1061 esset
1436 1041 1452 1060 a
1469 1032 1524 1060 ﬁlio
1541 1040 1592 1061 suo
1610 1032 1676 1059 viro
1706 1032 1826 1067 quodam

1026 1079 1108 1108 bono.
1129 1079 1162 1107 Et
1180 1087 1242 1107 cum
1259 1080 1373 1107 velimus
1389 1078 1534 1107 confestim
1558 1079 1718 1114 enavigare
1735 1086 1771 1106 ex
1790 1078 1829 1105 in.

1026 1127 1086 1155 sula
1097 1146 1104 1159 ,
1120 1131 1207 1154 mater
1217 1127 1254 1152 ait
1267 1126 1302 1153 ad
1318 1133 1361 1153 me
1374 1135 1381 1153 :
1399 1125 1450 1152 Fili
1463 1124 1637 1156 dulcissime,
1657 1128 1775 1152 rectum
1789 1130 1827 1151 est
1869 1125 1870 1138 ‘

1026 1176 1057 1200 ut
1068 1173 1217 1200 valedicam
1232 1171 1399 1200 muliercula:
1410 1178 1470 1206 qua:
1482 1178 1526 1198 me
1542 1170 1683 1205 suscepit,
1696 1174 1744 1197 est
1758 1171 1825 1197 enim

1026 1226 1110 1254 egens
1123 1223 1150 1246 ct
1166 1219 1324 1254 paralytica,
1339 1218 1434 1253 jacens
1448 1217 1475 1244 in
1490 1216 1603 1244 lectulo.
1621 1215 1740 1249 Quibus
1753 1215 1826 1242 audi.

1026 1266 1062 1293 tis
1078 1264 1175 1293 Petrus
1189 1269 1216 1292 et
1230 1272 1325 1292 omnes
1340 1264 1386 1300 qui
1401 1264 1530 1296 aderant,
1541 1262 1677 1290 admirati
1697 1268 1767 1290 sunt
1781 1262 1825 1289 bo-

1026 1311 1140 1338 nitatem
1154 1317 1186 1337 ac
1200 1309 1372 1345 prudentiam
1385 1308 1502 1340 feminea,
1520 1312 1546 1336 et
1572 1309 1720 1336 continuo
1744 1308 1826 1343 jussit

1027 1356 1124 1384 Petrus
1147 1356 1222 1383 abire
1246 1356 1379 1391 quosdam
1395 1359 1422 1382 et
1439 1354 1545 1382 deferre
1567 1354 1723 1382 mulierem
1749 1355 1777 1382 in
1791 1355 1824 1381 le-

1027 1403 1101 1430 ctulo
1116 1402 1161 1429 ubi
1174 1402 1294 1437 jacebat.
1313 1401 1437 1436 Cumque
1459 1400 1556 1428 fuisset
1571 1400 1660 1427 allata
1678 1405 1710 1428 et
1728 1401 1757 1428 in
1772 1408 1824 1427 me-

1026 1450 1072 1477 dio
1093 1449 1179 1476 turba:
1201 1448 1317 1476 astantis
1332 1449 1439 1483 posita,
1463 1448 1491 1474 in
1515 1452 1672 1482 conspectu
1700 1449 1823 1475 omnium

989 1505 1012 1534 ο
1027 1496 1125 1523 Petrus
1142 1495 1179 1522 ait
1192 1504 1198 1522 :
1218 1494 1247 1521 Si
1261 1494 1383 1522 veritatis
1398 1502 1447 1529 ego
1461 1501 1520 1521 sum
1535 1501 1644 1528 praeco.
1663 1494 1701 1521 ad
1725 1495 1824 1521 conﬁr-

1027 1541 1154 1569 mandam
1176 1539 1255 1568 fidem
1280 1540 1377 1567 borum
1393 1539 1516 1566 euntium
1538 1539 1585 1574 qui
1605 1539 1770 1571 assistunt,
1796 1544 1823 1565 ut

1027 1588 1116 1615 sciant
1129 1590 1157 1614 et
1170 1586 1284 1614 credant
1298 1586 1362 1621 quia
1377 1593 1448 1612 unus
1463 1589 1505 1612 est
1516 1584 1588 1612 Deus
1597 1585 1648 1620 qui
1665 1585 1773 1612 caelum
1788 1584 1824 1612 fe-

1025 1634 1064 1660 cit
1087 1640 1120 1660 ac
1141 1637 1241 1660 terram
1254 1652 1262 1666 ,
1285 1632 1313 1659 in
1331 1632 1441 1658 nomine
1450 1630 1514 1658 Jesu
1536 1630 1646 1658 Christi
1664 1630 1734 1657 Filii
1750 1631 1821 1666 ejus.

1025 1683 1119 1713 surgat
1132 1679 1190 1706 hzec
1206 1679 1314 1705 mulier.
1331 1677 1361 1704 Et
1377 1677 1469 1705 statim
1485 1681 1515 1704 ut
1530 1677 1587 1704 haec
1599 1676 1743 1709 dixisset,
1762 1685 1822 1704 sur-

1024 1726 1095 1754 rexit
1110 1732 1176 1753 sana
1191 1728 1218 1752 et
1228 1723 1345 1759 procidit
1356 1724 1389 1750 ad
1405 1723 1488 1758 pedes
1496 1722 1581 1756 Petri,
1596 1726 1686 1757 atque
1701 1723 1821 1750 amicam

1025 1781 1102 1802 suam
1127 1781 1159 1800 ac
1176 1773 1336 1800 familiarem
1361 1772 1464 1799 osculis
1477 1775 1584 1806 petens.
1599 1771 1821 1806 percontabatur

1024 1819 1058 1846 ab
1078 1826 1110 1846 ea
1133 1818 1198 1853 quid
1224 1817 1297 1846 istud
1321 1821 1395 1845 esset
1419 1816 1531 1852 negotii.
1560 1815 1596 1843 At
1618 1817 1667 1843 illa
1699 1817 1820 1845 breviter

1024 1872 1131 1892 omnem
1146 1864 1170 1891 ei
1188 1863 1311 1891 ordinem
1326 1863 1473 1898 agnitionis
1484 1862 1623 1897 exposuit,
1636 1863 1676 1890 ita
1689 1867 1722 1890 ut
1737 1865 1818 1892 etiam

1023 1910 1109 1937 ὶιιῖὺω
1125 1913 1247 1938 astantes
1260 1909 1436 1936 mirarentur.

1060 1953 1153 1982 XXIV.
1174 1953 1244 1981 Tum
1259 1953 1356 1981 Petrus
1370 1952 1435 1988 (42),
1447 1952 1480 1980 de
1496 1952 1548 1980 fide
1563 1951 1611 1980 Dei
1623 1961 1657 1980 ac
1672 1954 1816 1990 religionis

1023 2000 1166 2032 institutis,
1176 2000 1249 2035 quod
1261 1999 1294 2027 ad
1304 2007 1332 2027 se
1341 1999 1539 2034 pertinebat,in
1551 2004 1689 2034 quantum
1707 2005 1814 2036 tempus

1023 2047 1177 2083 patiebatur
1193 2047 1301 2074 locutus
1313 2046 1346 2073 ad
1362 2047 1468 2078 turbas,
1481 2046 1555 2073 addit
1567 2046 1653 2073 etiam
1667 2047 1735 2078 hoc.
1753 2048 1813 2075 utsi

1022 2094 1083 2128 quis
1098 2093 1178 2119 vellet
1198 2092 1232 2120 de
1246 2093 1288 2119 his
1302 2092 1460 2127 diligentius
1474 2100 1589 2120 noscere
1599 2112 1607 2123 ,
1632 2092 1812 2120 Antiochiam

1021 2138 1138 2171 veniret,
1156 2138 1203 2165 ubi
1217 2138 1315 2169 tribus.
1332 2138 1436 2173 inquit,
1452 2138 1593 2165 mensibus
1605 2141 1759 2167 statuimus
1772 2147 1813 2167 rc-

988 2177 1009 2205 D
1024 2183 1113 2212 sidere
1120 2188 1213 2220 etquae
1223 2183 1256 2211 ad
1269 2185 1385 2212 salutem
1399 2185 1535 2219 pertinent
1546 2184 1673 2212 edocere.
1687 2184 1716 2211 Si
1729 2186 1810 2215 enim.

1022 2229 1126 2263 inquit,
1142 2228 1297 2263 negotiandi
1313 2237 1396 2256 causa
1412 2232 1459 2255 aut
1474 2229 1608 2256 militandi
1634 2230 1757 2264 patriam
1774 2238 1811 2257 re-

1022 2275 1149 2310 linquunt
1165 2275 1289 2302 homines
1304 2283 1335 2302 ac
1346 2279 1484 2310 parentes,
1500 2280 1526 2302 et
1537 2275 1633 2311 longas
1647 2277 1810 2311 peregrina-

1021 2321 1110 2348 tiones
1133 2321 1226 2349 subire
1239 2329 1293 2349 non
1308 2325 1447 2353 metuunt,
1463 2329 1512 2356 pro
1527 2321 1583 2348 vita
1598 2324 1705 2349 mtema
1722 2322 1809 2349 tribus

1022 2368 1117 2395 saltem
1133 2367 1273 2395 mensibus
1289 2366 1472 2402 peregrinari,
1487 2374 1538 2394 cur
1549 2373 1701 2394 onerosum
1718 2367 1808 2394 videa-

1019 2419 1063 2441 tur
1077 2422 1109 2441 ac
1131 2413 1255 2441 difficile?
1277 2413 1400 2448 Cumque
1424 2413 1482 2440 haec
1505 2418 1533 2440 et
1557 2413 1609 2440 alia
1633 2412 1678 2440 his
1707 2413 1804 2440 similia

1020 2460 1148 2491 dixisset,
1170 2468 1220 2496 ego
1242 2460 1349 2487 mulieri
1372 2467 1433 2494 quae
1457 2463 1617 2494 susceperat
1638 2463 1757 2486 matrem
1781 2463 1806 2485 et

1020 2507 1166 2534 sanitatem
1191 2510 1330 2541 receperat
1344 2513 1393 2540 per
1415 2505 1525 2532 Petrum
1537 2524 1545 2536 ,
1568 2504 1643 2531 mille
1661 2505 1806 2532 dracbmas

1020 2553 1138 2586 donavi,
1158 2556 1186 2579 et
1212 2552 1394 2588 praesentibus
1417 2552 1524 2579 cunctis
1539 2550 1734 2578 commendavi
1749 2557 1806 2577 eam

1021 2598 1129 2625 cuidam
1143 2599 1203 2626 viro
1218 2599 1300 2630 bono,
1318 2598 1449 2634 primario
1462 2597 1535 2625 illius
1548 2597 1658 2632 oppidi,
1674 2596 1723 2632 qui
1735 2600 1762 2624 et
1775 2596 1805 2622 li-

820 2666 1004 2695 COTELEIlII
1037 2667 1152 2695 ΝΟΤΛΕ.

217 2747 274 2783 (ιε)
295 2746 369 2783 Tum,
379 2746 486 2774 Petrus.
508 2745 576 2783 Ante
603 2745 660 2772 lnec
683 2745 841 2783 miraculum
863 2749 965 2783 sanata:
1016 2745 1130 2773 forsitan
1147 2745 1225 2783 fuit_a
1241 2744 1460 2783 pseudo-ﬁbdia._
1482 2743 1610 2783 Aitenim
1626 2745 1678 2773 lib.
1695 2755 1704 2775 l
1720 2755 1729 2776 :
1745 2747 1805 2774 Tum

182 2780 330 2810 Matthidize
346 2782 452 2809 videtur
465 2782 601 2808 excidisse
620 2789 635 2808 e
649 2780 790 2807 codicibus
806 2790 812 2806 :
830 2781 902 2815 quod
918 2781 966 2806 ha-

183 2819 232 2846 bes
247 2817 400 2844 Clemenlin.
421 2825 470 2848 xu,
494 2817 538 2848 ‘25,
559 2818 629 2852 Epit.
655 2816 698 2846 9i,
721 2816 845 2850 quietique
868 2817 965 2842 lectum

1017 2782 1181 2816 apprehensis
1197 2781 1290 2809 Petrus
1304 2780 1423 2808 manibus
1436 2780 1492 2814 ejus
1507 2780 1610 2807 sanavit
1624 2788 1684 2810 tu.

1869 1055 1870 1128 ι

1869 1215 1871 1313 l

1870 1373 1872 1440 Α
