1873 3095
1 117 76 146 1365

657 117 942 148 RECOGNITIONUM
962 118 1024 146 LIB.
1047 118 1100 146 V'll.

1612 123 1624 150 l
1631 125 1682 153 566

0 175 102 203 benter
121 183 159 203 se
179 166 335 205 facturum
356 178 430 215 quod
453 178 656 214 imperabamus
672 177 828 213 spopondit.
844 179 869 208 Δ
883 177 959 203 mira:
981 176 1196 212 magnitudinis;
1219 178 1363 214 acquievi,
1385 184 1498 208 ventum
1520 185 1562 210 est
1585 182 1619 209 ad
1640 183 1682 210 lo-

2 220 56 247 Scd
83 225 116 250 et
133 222 214 251 aliis
234 224 405 259 quibusdam
425 225 624 260 aliquantulum
641 225 764 260 pecuniae
779 225 837 252 dis—

4 267 121 300 tribui,
152 272 188 296 et
213 270 280 297 illis
309 269 470 298 mulieribus
491 278 552 304 qua:
574 271 720 305 aliquando
744 270 837 298 solatae

2 313 191 341 dicebantur
222 315 260 342 in
285 316 405 344 miseriis
428 321 542 344 matrem
563 324 667 349 meam,
685 317 785 352 quibus
809 321 836 344 et

2 361 115 394 gratias
130 362 254 390 retuli.
269 361 302 389 Et
312 367 374 398 post
388 362 445 391 haec
460 370 515 391 una
530 371 592 391 cum
608 367 695 391 matre
706 363 835 399 enaviga-

4 407 103 434 vimus
115 407 325 437 Antaradum.

41 451 139 480 XXV.
164 453 308 489 Cumque
327 455 499 483 venissemus
520 455 554 482 ad
566 455 727 491 hospitium,
748 460 836 484 mater

3 499 167 532 requirere
188 502 287 536 coepit
311 509 326 529 a
342 509 402 534 me,
428 509 548 537 quonam
572 501 727 530 devenisset
745 506 833 537 pater.

4 544 60 571 Cui
89 553 151 580 ego
169 555 177 572 :
196 547 249 574 Ad
265 551 307 579 te,
333 547 444 582 inquam
459 567 466 580 ,
484 547 677 582 requirendam
694 547 834 582 profectus

5 591 86 617 ultra
102 599 171 619 non
187 593 291 620 rediit.
307 592 343 620 At
358 593 405 620 illa
419 593 535 620 audiens
550 593 699 628 suspiravit
714 597 833 626 tantum,

7 637 124 672 grande
142 638 236 665 enim
250 646 300 675 pro
315 647 359 667 me
375 639 505 675 gaudium
521 639 626 668 habens
650 638 771 674 reliquos
789 647 834 667 so-

6 683 130 710 labatur
161 691 322 714 maerores.
346 685 395 712 Die
409 689 499 712 autem
520 689 630 720 postera
655 685 754 712 sedens
779 693 835 712 una

9 738 76 756 cum
88 737 194 758 uxore
203 729 280 758 Petri
289 731 344 768 (45)
354 732 404 759 iter
410 731 667 767 agebatnobiscum,
675 737 701 759 et
709 731 834 759 venimus

9 775 162 804 Balaneas
175 777 256 812 (44),
269 779 312 806 ubi
326 778 418 805 triduo
434 778 574 810 remorati,
586 777 650 805 inde
665 778 833 805 accessimus

10 823 107 851 Patho
123 823 195 859 (45)
204 828 236 851 et
248 828 310 858 post
325 825 376 852 hoc
387 824 490 852 Gabala
499 824 567 861 (46),
581 827 610 852 et
621 824 662 852 sic
674 824 832 852 Laodiciam

888 231 970 256 cum.
994 224 1087 252 ceteri
1102 232 1199 252 omnes
1214 225 1347 254 interiora
1365 226 1433 255 aedis
1458 227 1594 263 ingressl,
1612 230 1680 258 mihi

888 269 996 297 animus
1019 270 1114 298 nescio
1131 270 1165 298 ob
1181 278 1263 306 quam
1285 279 1397 300 causam
1422 272 1592 307 ingrediendi
1610 275 1680 304 ultra

887 321 943 341 non
962 313 1023 341 fuit.

922 359 1029 389 XXVII.
1049 360 1102 389 Sed
1121 361 1186 388 dum
1215 362 1278 390 illos
1295 362 1363 392 foris
1378 365 1517 399 opperior,
1536 365 1679 395 mulierem

887 405 958 433 hanc
972 406 1149 435 considerare
1163 408 1233 442 εωρί
1250 415 1304 443 qua
1319 414 1397 444 parte
1409 410 1594 438 membrorum
1607 416 1680 441 esset

886 451 1001 485 debilis,
1028 456 1057 479 ut
1073 460 1128 480 non
1144 454 1237 482 labore
1260 462 1390 482 manuum
1408 455 1511 483 victum
1527 462 1678 492 quaereret,

887 498 935 525 sed
951 498 1136 527 mendicitatis
1153 499 1284 534 pudorem
1301 501 1422 536 subiret;
1436 503 1548 538 requiro
1564 511 1630 540 ergo
1645 505 1681 533 ab

885 551 917 571 ea
933 551 1042 573 causas.
1067 544 1113 572 illa
1137 546 1223 573 nobili
1246 555 1276 574 se
1295 551 1382 574 ortam
1403 556 1519 583 genere,
1542 554 1569 578 et
1592 551 1676 579 nobili

887 589 1066 618 nihilominus
1082 591 1141 618 viro
1157 591 1184 618 in
1201 592 1378 620 matrimonio
1391 593 1478 622 fuisse
1492 595 1619 629 junctam
1635 595 1680 624 fa-

887 639 970 667 tetur,
986 636 1067 670 cujus
1083 636 1180 669 frater,
1198 637 1298 673 inquit,
1318 639 1345 666 in
1361 647 1404 666 me
1419 639 1516 668 illicito
1528 649 1621 670 amore
1637 642 1680 670 in-

884 680 1041 710 ﬂammatus
1054 682 1204 710 fraternum
1216 687 1305 711 torum
1319 685 1442 719 polluere
1450 686 1588 721 cupiebat.
1599 687 1679 721 Quod

884 735 935 763 ego
947 729 1115 762 abhorrens,
1137 734 1165 758 et
1178 738 1289 758 rursum
1307 731 1341 759 de
1353 736 1429 760 tanto
1443 734 1547 762 scelere
1561 735 1620 764 viro
1637 735 1680 764 in-

885 774 978 804 dicare
994 785 1048 804 non
1068 778 1191 810 audens,
1209 786 1244 806 ne
1271 778 1372 806 bellum
1388 780 1519 809 fratribus
1535 786 1561 809 et
1577 791 1678 818 oppro-

884 821 975 849 brium
991 824 1082 858 generi
1096 824 1245 853 indicerem
1255 845 1262 857 .
1280 826 1366 861 magis
1381 834 1414 853 ex
1430 828 1517 862 patria
1533 829 1677 858 discedere

10 869 288 905 pervenimus,ubi
303 874 364 898 ante
379 874 474 906 portas
487 874 638 898 occurrunt
651 871 731 898 nobis
740 871 834 899 Niceta
849 861 871 888 Β
883 867 1005 903 iudicavi
1029 878 1091 897 cum
1115 870 1224 899 duobus
1247 872 1364 906 geminis
1380 861 1444 901 ﬁliis
1459 875 1543 905 meis,
1567 876 1678 910 juniorc

12 920 39 943 et
55 916 171 951 Aquila
193 921 226 944 et
240 916 398 945 osculantes
414 925 464 945 nos
475 917 615 945 abducunt
627 917 655 945 in
670 917 832 953 hospitium.

11 962 122 991 Petrus
139 966 247 990 autem
267 963 362 991 videns
378 964 495 999 amplam
512 964 653 991 civitatem
669 969 696 991 ct
710 963 833 999 splendi-

14 1011 95 1043 dam,
115 1009 254 1045 Dignum
270 1013 322 1042 est,
340 1010 444 1046 inquit,
458 1010 591 1038 remorari
607 1018 657 1038 nos
673 1011 701 1037 in
717 1010 768 1037 hac
781 1010 836 1037 die-

11 1056 68 1084 bus
96 1056 214 1084 decem
238 1059 284 1083 aut
307 1056 388 1083 etiam
415 1056 544 1092 amplius.
569 1055 639 1084 Tum
660 1055 754 1084 Niceta
771 1063 834 1083 cum

15 1101 125 1137 Aquila
145 1101 337 1137 requirebant
360 1109 375 1129 a
396 1109 457 1134 me,
482 1109 544 1137 quae
565 1105 640 1130 esset
664 1101 763 1129 mulier
777 1100 835 1128 hmc

15 1148 130 1183 ignota.
149 1148 192 1175 Et
215 1156 265 1184 ego
277 1148 404 1183 respondi
418 1157 424 1174 :
440 1148 525 1175 Mater
542 1155 601 1175 mea
615 1151 657 1175 est
671 1155 752 1182 quam
765 1146 833 1173 mihi

16 1193 180 1221 redonavit
195 1192 268 1220 Deus
281 1200 329 1227 per
343 1192 485 1220 dominum
500 1201 591 1221 meum
604 1192 727 1221 Petrum.

54 1239 166 1267 XXVI.
190 1239 256 1267 Πεθο
271 1247 334 1267 cum
348 1247 399 1275 ego
413 1239 555 1272 dixissem,
566 1243 665 1267 cuncta
680 1239 720 1266 eis
735 1238 833 1267 Petrus

20 1294 72 1321 per
90 1286 233 1314 ordinem
251 1287 335 1321 ccepit
351 1293 488 1321 exponere
502 1291 529 1313 et
544 1285 583 1312 ait
601 1295 606 1312 :
626 1284 694 1313 Cum
710 1285 833 1313 venisse-

20 1341 87 1360 mus
103 1331 240 1360 Aradum
255 1337 282 1360 et
292 1341 343 1368 ego
358 1340 406 1360 νος
421 1331 575 1367 praecedere
587 1331 731 1366 jussissem
742 1351 750 1363 ,
766 1339 831 1366 pro-

24 1379 109 1407 fectis
131 1379 237 1411 vobis,
262 1379 355 1406 eadem
379 1379 423 1406 die
449 1378 575 1406 Clemens
601 1385 663 1404 cum
688 1377 832 1406 incidisset

24 1426 177 1454 sermonis
197 1424 321 1455 occasio,
345 1431 431 1459 genus
453 1431 532 1451 suum
558 1422 624 1450 mihi
648 1422 774 1458 exposuit
799 1429 831 1449 ac

25 1473 185 1505 lamiliam,
200 1476 227 1499 et
238 1470 310 1506 quod
322 1470 479 1505 parentibus
493 1474 566 1497 esset
578 1469 692 1496 orbatus
706 1469 831 1502 duosque

26 1519 184 1547 habuisset
196 1518 302 1553 priores
315 1524 344 1545 se
356 1517 479 1551 geminos
496 1515 609 1547 fratres;
627 1518 654 1542 et
666 1514 738 1542 sicut
751 1513 828 1562 mihi.
843 1533 864 1562 ο

25 1566 141 1601 inquit,
162 1569 243 1601 pater
264 1563 419 1596 enarravit,
435 1562 573 1591 somnium
590 1561 656 1588 vidit
681 1559 830 1596 aliquando

27 1617 132 1644 mater,
155 1619 213 1647 quo
237 1611 315 1646 jussu
336 1612 378 1637 est
403 1616 464 1636 cum
486 1607 602 1644 geminis
625 1607 683 1634 suis
705 1614 740 1634 ex
761 1606 829 1634 urbe

27 1658 120 1686 Roma
146 1657 309 1695 proﬁcisci,
329 1664 363 1684 ne
388 1656 479 1684 subito
495 1658 523 1683 et
546 1654 649 1689 pariter
673 1653 826 1681 interirent.

28 1705 164 1740 Cumque
179 1703 315 1732 somnium
332 1702 402 1738 patri
425 1701 581 1732 indicasset,
605 1700 649 1728 ille
665 1699 712 1735 qui
732 1703 828 1726 tenero

28 1751 104 1779 ﬁlios
121 1751 252 1786 diligeret
267 1749 366 1777 all'ectu
380 1769 387 1781 ,
402 1755 436 1776 ne
449 1747 512 1783 quid
531 1747 601 1774 forte
613 1746 677 1773 mali
701 1749 828 1781 pateren-

29 1801 87 1829 tur,
104 1805 225 1825 uxorem
242 1796 346 1831 pariter
359 1802 391 1822 ac
407 1794 477 1822 ﬁlios
490 1793 552 1821 navi
565 1800 628 1820 cum
640 1792 768 1820 omnibus
782 1799 829 1820 ne-

29 1844 172 1871 cessariis
194 1842 356 1877 impositos,
380 1840 480 1868 emittit
504 1839 624 1867 Athenas
649 1837 826 1866 erudiendos.

29 1889 98 1918 Post
118 1891 180 1917 haec
198 1889 273 1916 misit
288 1888 370 1915 srmcl
385 1891 411 1914 et
424 1888 524 1914 iterum
541 1886 587 1921 qui
602 1884 785 1920 requirerent,
799 1887 827 1911 et

29 1943 177 1970 nusquam
203 1934 276 1960 illius
291 1941 327 1960 ne
343 1932 487 1967 vestigium
504 1931 613 1966 quidem
637 1929 750 1964 reperit.
767 1928 827 1964 Ipse

31 1983 63 2010 ad
84 1981 216 2008 ultimum
238 1983 315 2014 pater
326 1978 360 2006 ad
381 1976 573 2012 inquirendum
590 1975 785 2011 proﬁciscitur,
800 1979 827 2003 et

30 2035 123 2062 usque
148 2026 182 2053 ad
204 2032 326 2060 praesens
348 2031 398 2051 nec
421 2024 480 2058 ipse
503 2022 612 2057 quidem
632 2028 747 2055 usquam
772 2023 825 2048 est.

32 2074 97 2101 llzec
109 2080 175 2099 cum
191 2070 258 2098 mihi
268 2070 394 2097 Clemens
409 2072 576 2100 enarrasset,
593 2067 710 2095 accessit
726 2066 760 2094 ad
776 2074 826 2094 nos

34 2119 150 2155 quidam
168 2124 280 2153 rogans,
298 2120 327 2142 ut
341 2115 375 2143 ad
390 2115 508 2142 insulam
524 2113 643 2141 Aradum
659 2121 720 2148 qua:
734 2112 825 2140 vicina

36 2169 95 2192 erat
119 2163 326 2194 accederemus,
344 2160 453 2188 videndi
472 2160 558 2196 gratia
581 2159 723 2188 columnas
739 2159 824 2186 viteas

886 920 972 948 puero
987 915 1019 942 ad
1037 915 1164 943 solatium
1182 917 1253 951 patri
1269 917 1377 945 relicto.
1392 918 1425 945 Et
1442 924 1471 946 ut
1485 920 1553 953 haec,
1576 921 1676 958 inquit,

886 959 1000 987 honesta
1013 961 1104 996 specie
1118 961 1222 994 ﬁerent,
1237 963 1355 998 cogitavi
1379 965 1517 994 somnium
1534 966 1636 1004 ﬁngere
1648 974 1675 997 et

886 1004 976 1033 dicere
998 1008 1069 1040 viro,
1086 1007 1209 1035 astitisse
1224 1008 1290 1035 mihi
1305 1017 1406 1037 numen
1421 1011 1558 1046 quoddam
1574 1022 1622 1049 per
1634 1015 1676 1043 vi-

886 1059 946 1079 sum
959 1056 986 1080 et
1003 1053 1122 1085 dixisse,
1143 1059 1170 1081 ut
1185 1062 1248 1082 cum
1269 1054 1377 1084 duobus
1390 1057 1506 1091 geminis
1520 1060 1589 1088 meis
1608 1068 1674 1089 con-

886 1096 978 1125 festim
994 1106 1027 1126 ex
1047 1098 1120 1127 Urbe
1137 1100 1337 1135 proﬁciscerer,
1351 1111 1495 1138 usquequo
1508 1105 1543 1133 ab
1556 1107 1614 1141 ipso
1626 1115 1675 1135 au—

885 1142 989 1174 direm,
1008 1145 1120 1179 quando
1149 1146 1238 1174 redire
1263 1147 1402 1175 deberem.
1421 1149 1529 1182 Quibus
1558 1152 1671 1184 auditis.

885 1188 1036 1217 credidisse
1048 1190 1137 1218 aiebat
1148 1192 1248 1224 virum,
1259 1197 1286 1220 et
1299 1194 1420 1222 Athenas
1437 1203 1466 1222 se
1480 1197 1595 1231 geminis
1611 1207 1672 1227 cum

885 1234 978 1263 liberis
1000 1236 1127 1264 emisisse
1150 1238 1218 1265 inibi
1244 1239 1419 1272 erudiendis,
1443 1242 1490 1268 sed
1514 1245 1674 1278 tempestate

884 1281 959 1315 gravi
976 1281 1010 1308 ad
1031 1282 1101 1309 hanc
1125 1282 1243 1311 insulam
1261 1284 1345 1312 luisse
1368 1285 1509 1320 depulsos,
1533 1289 1590 1321 ubi,
1608 1299 1673 1318 con-

884 1326 969 1354 fracta
985 1328 1059 1360 navi,
1075 1336 1105 1356 se
1120 1328 1203 1357 fluctu
1220 1337 1364 1358 excussam
1380 1339 1463 1366 supra
1477 1341 1573 1361 saxum
1587 1336 1673 1370 quod-

884 1372 962 1405 dam,
979 1373 1014 1401 ob
1027 1374 1079 1402 hoc
1095 1375 1185 1403 solum
1203 1379 1318 1404 mortem
1334 1377 1494 1410 distulisse,
1510 1379 1615 1415 donec,
1632 1382 1673 1410 in-

883 1419 962 1453 quit,
980 1419 1131 1448 infelicium
1147 1425 1274 1449 natorum
1293 1431 1416 1452 meorum
1439 1426 1534 1453 saltem
1549 1432 1673 1456 emortua

883 1466 1006 1493 membra
1019 1468 1226 1502 complecterer,
1237 1476 1269 1496 ac
1283 1471 1430 1504 sepulturze
1440 1473 1607 1501 mandarem.
1620 1474 1673 1502 Sed

883 1518 945 1538 cum
962 1511 1021 1540 dies
1046 1512 1144 1540 fuisset
1163 1518 1276 1542 exortus
1299 1518 1326 1542 et
1351 1516 1438 1543 turba:
1461 1520 1672 1553 convenissent,

882 1557 1059 1586 miseratione
1068 1560 1134 1586 moti
1149 1560 1326 1595 projecerunt
1341 1563 1407 1589 mihi
1423 1564 1623 1594 indumentum.
1638 1567 1674 1594 At

880 1611 931 1639 ego
946 1604 1042 1631 infelix
1059 1603 1168 1633 ﬂetibus
1183 1606 1278 1634 multis
1294 1608 1424 1642 rogabam
1442 1613 1470 1635 ut
1488 1611 1671 1645 requirerent,

881 1650 969 1678 sicubi
994 1649 1146 1678 infelicium
1172 1656 1298 1679 natorum
1325 1654 1432 1687 possint
1462 1655 1585 1684 invenire
1608 1665 1671 1685 cor-

880 1696 1005 1732 puscula.
1029 1695 1086 1731 Ego
1105 1699 1196 1723 autem
1217 1704 1297 1724 omne
1313 1704 1414 1733 corpus
1436 1707 1526 1727 meum
1541 1701 1672 1732 dentibus

880 1742 998 1773 lanians,
1014 1741 1170 1777 planctibus
1183 1745 1210 1769 et
1224 1742 1375 1771 ululatibus
1398 1744 1464 1771 nihil
1480 1746 1554 1773 aliud
1570 1748 1672 1774 clama-

879 1787 942 1814 bam
959 1787 1034 1820 nisi,
1051 1786 1103 1814 Ubi
1118 1787 1182 1814 mihi
1199 1787 1303 1816 infelici
1323 1788 1441 1817 Faustus
1456 1796 1514 1824 est,
1534 1792 1579 1820 ubi
1600 1793 1672 1821 Fau-

879 1834 991 1862 stinus?

915 1880 1033 1909 XXVlll.
1054 1880 1087 1908 Et
1108 1889 1170 1909 cum
1192 1882 1250 1910 haec
1275 1882 1378 1911 diceret
1407 1883 1516 1917 Petrus,
1534 1885 1628 1913 Niceta
1643 1890 1669 1917 ct

878 1926 977 1962 Aquila
1001 1927 1093 1955 subito
1115 1932 1264 1963 assurgunt
1291 1933 1318 1956 et
1345 1929 1491 1964 stupefacti
1514 1932 1669 1966 perturbari

878 1981 1022 2010 creperum
1045 1975 1168 2003 dicentes
1191 1985 1197 2002 :
1220 1975 1381 2004 Dominator
1407 1976 1521 2005 Domine
1544 1982 1571 2006 et
1597 1978 1669 2007 Dens

878 2021 1021 2053 omnium,
1037 2028 1137 2048 verane
1152 2020 1210 2048 haec
1227 2025 1308 2054 sunt,
1323 2028 1357 2047 an
1373 2022 1510 2048 somnium
1533 2028 1575 2051 est
1595 2026 1668 2059 quod

880 2067 986 2102 agitur?
1000 2066 1069 2094 Tum
1087 2066 1201 2095 Petrus:
1218 2066 1296 2100 Nisi,
1311 2067 1418 2102 inquit,
1444 2075 1495 2096 nos
1510 2069 1599 2098 insani
1621 2078 1669 2098 su-

878 2120 955 2145 mus,
978 2112 1036 2139 hac
1050 2119 1114 2139 vera
1129 2115 1202 2139 sunt.
1228 2111 1263 2137 At
1279 2111 1316 2138 illi
1335 2112 1475 2146 paululum
1496 2115 1625 2142 remorati
1641 2120 1667 2142 ct

878 2157 1063 2186 confricantes
1085 2158 1181 2185 faciem
1195 2178 1202 2190 ,
1219 2158 1316 2185 aiunt:
1333 2157 1388 2185 Nos
1403 2166 1499 2186 sumus
1517 2159 1665 2189 Faustinus

684 2235 873 2265 COTELERII
890 2235 1005 2263 NOT/E.
1666 2244 1673 2257 ι

73 2327 129 2361 (t3)
149 2324 216 2352 Cum
231 2329 311 2349 uxore
325 2321 407 2348 Petri.
425 2320 553 2361 Testatur
566 2319 746 2361 Hieronymus
757 2324 823 2344 con-
840 2322 862 2348 ι)
877 2315 1053 2361 notissiliullil
1069 2315 1253 2361 oppi‘t‘lupi'est
1267 2323 1273 2340 ε
1290 2314 1368 2361 cujus
1382 2313 1667 2361 episcopuleupbra-

41 2354 82 2389 tri
100 2354 273 2388 lovinianum
287 2357 434 2394 "scribens,
457 2355 511 2394 legi
580 2354 700 2394 Perfodit:
714 2357 741 2381 et
754 2361 823 2394 uxo-

42 2406 94 2425 rem
121 2395 192 2423 Petri
216 2398 242 2421 et
266 2393 358 2419 ﬁliam.
376 2391 412 2417 Ea
428 2391 512 2425 igitur
525 2391 691 2420 Circuituum
705 2395 778 2423 pars,
795 2391 823 2415 in

41 2440 91 2468 qua
105 2434 138 2460 de
151 2429 224 2468 Petri
241 2429 292 2455 lilia
306 2426 501 2468 (_l’etronillal_n
515 2428 613 2452 vocant
646 2432 738 2468 sermo
750 2427 821 2468 erat,

44 2462 111 2494 nime
124 2466 301 2494 desideratur.
313 2462 430 2490 Uxorem
444 2465 534 2498 a_utcm
551 2462 824 2498 memoraiit_practei-_-

43 2511 71 2529 ca
84 2503 205 2530 Clemens
219 2498 430 2528 Alexandrinus,
448 2496 548 2523 Slrom.
563 2503 610 2524 vn,
626 2502 687 2529 pag.
703 2494 821 2530 756,7ubi

43 2529 196 2566 inartvrium
219 2534 293 2561 illitis
308 2532 391 2560 refert
405 2531 495 2559 verbis
508 2539 569 2565 quze
582 2531 702 2566 citantur
719 2531 752 2557 ab
766 2529 822 2566 [Cn--

45 2567 124 2604 scbio',
141 2571 243 2606 Hister.
263 2577 302 2600 ιιι,
315 2569 369 2606 {illi
383 2566 526 2606 Origenes,
582 2565 676 2592 Matth.
689 2572 746 2596 xix,
767 2565 818 2606 g7;

46 2601 218 2642 Epiphanius,
228 2603 325 2632 haeresi
339 2604 478 2642 50:11an
483 2601 529 2635 22;
537 2601 818 2642 .ll'i‘eron‘vmugepist.

44 2635 173 2678 alatque
188 2635 542 2678 liincmarus,‘Epistolafd
554 2635 699 2678 βοάξιιηιῃι
713 2641 738 2678 «ἕ
749 2635 820 2662 Fro-

47 2670 143 2708 tarium',
155 2680 222 2704 sect.
239 2675 265 2702 8.
280 2670 438 2709 Appellatur
453 2671 708 2709 inAlllaI-tyrologiis‘
718 2670 818 2709 Perpe:

47 2681 143 2708 larium,
155 2681 222 2704 sect.
239 2681 265 2702 ὅ.
280 2681 321 2709 Ap
358 2681 438 2699 untur
453 2681 480 2699 In
494 2681 693 2706 mal'tyrotogus
718 2681 818 2706 rerpe-

47 2716 87 2739 tua
112 2714 135 2740 in
160 2710 298 2739 Chronico
321 2681 457 2736 girueonis
481 2707 681 2742 Memphi-astas,
702 2706 761 2733 loco
784 2706 818 2733 ad

47 2745 179 2775 Constitut.
195 2754 235 2776 ιιι,
248 2745 275 2776 6,
288 2745 380 2775 allato,
398 2742 520 2775 Joanna;
534 2741 607 2777 quod
621 2742 703 2777 etiam
719 2749 818 2769 nomen

49 2784 117 2809 matri
132 2783 202 2809 Petri
218 2781 313 2808 tribuit
330 2778 467 2814 lndiculus
484 2775 590 2813 positus
610 2777 643 2804 ad
658 2775 771 2803 Conslil.
787 2785 816 2809 ιι,

49 2816 86 2844 65.

80 2854 126 2889 ιιι)
151 2853 270 2880 Venimus
291 2851 433 2878 Bulaneus.
460 2849 582 2877 Balanca:
606 2851 650 2876 aut
676 2849 821 2882 Balanacat,

877 2349 934 2376 tion
952 2349 1078 2376 laudatur
1088 2349 1108 2376 7a
1127 2349 1156 2377 S.
1169 2350 1329 2381 Athanasio,
1345 2351 1471 2385 Apologia
1482 2351 1513 2377 de
1524 2349 1592 2385 fuga'
1605 2360 1666 2383 sua,

879 2385 960 2419 paulo
974 2389 1036 2418 post
1047 2385 1165 2414 initium,
1178 2389 1205 2412 et
1220 2385 1338 2419 Epistola
1353 2385 1387 2411 ad
1397 2385 1551 2414 Solitarios.
1562 2394 1586 2420 p.
1601 2386 1665 2419 8l2,

877 2427 1033 2453 quanquam
1046 2424 1184 2453 postremo
1203 2420 1229 2446 in
1249 2420 1309 2447 loco
1328 2427 1468 2454 perperam
1482 2421 1636 2453 ediderunt,
1652 2423 1667 2449 ὁ

878 2456 906 2482 ἐν
921 2454 1067 2486 Καλαναῖς.
1086 2454 1155 2489 Lege
1172 2456 1185 2481 ὁ
1197 2456 1225 2481 ὲν
1238 2455 1394 2486 Βαλανέαις.

913 2489 969 2524 (45)
990 2489 1057 2527 huic
1076 2490 1236 2527 accessimus
1256 2490 1340 2516 Pallio
1361 2489 1473 2527 [Pallori
1491 2490 1666 2527 Cot.].rrPalti

877 2524 1154 2566 quoq‘ueepiscopum
1173 2524 1424 2566 celebratnmagnus
1438 2524 1571 2566 E‘chlesize
1581 2526 1667 2561 Magi-

878 2565 933 2587 ster
949 2559 1015 2587 locis
1030 2559 1129 2591 citatis,
1152 2567 1256 2587 necnon
1282 2560 1400 2591 Ep'stola
1418 2561 1452 2586 ad
1467 2559 1664 2588 Antiochensis.

878 2594 929 2622 Sed
946 2594 1016 2629 apud
1039 2594 1244 2627 Theodoritum,
1264 2595 1367 2622 Hister.
1387 2595 1433 2622 lib.
1449 2603 1485 2626 ll,
1497 2603 1557 2630 cap.
1576 2596 1619 2627 l2,
1638 2596 1664 2622 in

876 2629 967 2657 verbis
992 2630 1145 2660 Athanasii,
1168 2634 1195 2656 et
1209 2631 1354 2665 episcopus
1374 2635 1400 2657 et
1423 2630 1519 2658 civitas
1532 2629 1588 2657 non
1614 2639 1666 2658 suo

876 2665 988 2692 nomine
1005 2666 1183 2699 appellantur.

912 2699 967 2734 (.56)
984 2699 1094 2727 Gabala.
1109 2699 1187 2731 llinc.
1199 2705 1225 2727 et
1239 2707 1286 2735 per
1301 2700 1452 2735 superiora.
1466 2699 1539 2726 nullo
1555 2700 1664 2735 negotio

877 2735 1028 2769 corrigetur
1052 2735 1205 2770 Sophonius
1230 2736 1263 2762 do
1284 2735 1363 2762 Petro
1379 2740 1405 2762 et
1421 2734 1519 2770 Paulo,
1530 2739 1597 2761 tom.
1618 2734 1664 2761 \‘ll

877 2770 1047 2798 Bibliotheca:
1062 2769 1171 2797 Petrum
1188 2770 1361 2804 Parisiensis,
1376 2775 1402 2797 ct
1418 2770 1489 2804 apud
1504 2769 1615 2797 Surium
1629 2770 1664 2799 ad

877 2805 911 2834 29
921 2804 1005 2840 Junii,
1020 2814 1094 2834 num.
1112 2805 1138 2833 5.
