1873 3095
177 138 248 167 1367

590 137 619 167 S.
639 137 860 166 CLEMENTISI
878 137 962 166 BOM.
982 137 1085 166 PONT.
1098 137 1212 167 OPERA
1232 139 1355 168 DUBIA.'

1755 139 1821 168 ἴδω

177 200 205 224 ot
218 194 347 223 Faustus.
363 194 416 223 Sed
431 195 508 224 etab
524 195 604 224 initio
627 203 690 224 cum
714 203 828 224 narrare
841 195 968 230 coepisti,
985 205 1008 233 Α
1021 201 1150 232 poterunt
1172 201 1200 225 et
1220 206 1276 226 una
1300 203 1390 226 tecum
1406 199 1488 227 etiam
1513 207 1565 228 nos
1585 198 1748 227 audiemus.
1771 198 1820 227 Ubi

178 243 271 269 statim
288 243 314 269 in
337 241 523 277 suspicionem
539 241 699 274 incidimus,
714 249 749 269 ne
772 241 842 270 forte
865 241 898 269 ad
921 249 972 270 nos

178 289 347 323 pertinerent
371 295 432 323 quae
456 288 634 320 dicebantur;
657 296 756 316 rursus
773 291 863 315 tamen
881 288 973 315 consi-

178 334 305 361 derantes
320 333 404 360 multa
428 333 529 361 similia
552 333 679 361 accidere
703 334 729 360 in
744 334 800 360 vita
817 334 970 365 hominum,

176 379 350 411 reticuimus,
360 379 424 406 licet
437 386 486 406 cor
497 383 622 407 nostrum
637 387 686 414 spe
697 379 790 414 aliqua
804 380 970 414 pulsaretur.

177 425 387 461 Aspiciebamus
401 433 467 460 ergo
483 425 516 452 ad
532 425 613 452 ﬁnem
631 425 778 457 sermonis,
790 428 831 457 ut,
842 426 865 452 si
881 426 914 453 ad
930 426 973 453 in-

177 475 284 507 tegrum
303 471 336 499 de
349 471 430 499 nobis
444 479 506 499 esse
518 475 672 504 constaret,
687 475 746 498 tum
761 471 920 499 fateremur.
939 472 972 499 Et

176 526 239 545 cum
255 517 313 545 haec
328 517 464 545 dixissem
474 539 481 552 ,
497 518 682 553 lacrymantes
699 518 922 554 ingrediebantur
937 518 971 545 ad

176 568 303 591 matrem.
331 563 418 596 Quam
445 571 508 590 cum
537 564 705 599 reperissent
728 565 917 599 quiescentem
944 568 972 592 et

175 610 322 645 complecti
339 610 449 641 vellent,
477 610 618 645 prohibuit
634 609 733 637 Petrus
749 610 844 637 dicens
859 619 865 636 :
884 609 972 638 Sinite

175 663 220 683 me
234 656 312 691 prius
327 663 483 691 praeparare
496 655 605 683 animos
617 657 715 684 matris
723 661 750 684 et
766 657 803 684 ita
813 665 861 685 vos
873 657 972 685 oﬁerre

175 701 212 734 ei,
228 710 265 729 ne
283 701 352 729 forte
367 702 456 729 multo
470 706 497 729 et
513 702 606 730 subito
620 702 722 738 gaudio
747 707 839 731 mente
860 703 971 731 excidat

174 751 203 774 et
217 755 316 775 sensus
330 748 390 782 ejus
409 748 537 775 turbetur
547 768 556 781 ,
571 749 692 776 maxime
710 749 776 784 quia
798 757 872 776 nunc
888 750 970 777 etiam

175 801 273 821 somno
288 797 421 828 occupata
434 797 535 828 stupet.

210 838 306 867 XXIX.
336 839 421 874 Igitur
451 839 498 867 ubi
521 843 610 867 mater
631 840 788 867 exsurrexit
815 847 831 868 e
859 848 968 873 somno,

174 886 278 920 alloqui
305 893 365 913 eam
387 885 486 913 Petrus
500 886 585 921 coepit
609 886 726 914 dicens:
744 886 823 914 Scire
845 891 872 914 te
895 887 969 920 volo,

174 931 283 965 mulier,
306 931 448 967 religionis
463 935 565 960 nostrte
579 933 797 960 observantiam.
812 933 868 961 Nos
886 941 971 960 unum

174 977 292 1005 colimus
309 977 393 1005 Deum
409 979 457 1013 qui
483 978 549 1005 fecit
573 978 721 1010 mundum,
745 978 828 1014 hujus
843 983 869 1007 et
884 979 972 1014 legem

173 1032 335 1056 servamus,
351 1032 406 1059 qua
424 1024 536 1051 mandat
550 1025 578 1052 in
601 1026 698 1060 primis
722 1026 811 1060 ipsum
826 1026 971 1053 colendum

173 1074 201 1097 et
217 1078 317 1098 nomen
333 1070 394 1105 ejus
410 1070 610 1102 venerandum,
638 1074 768 1106 parentes
783 1071 970 1103 honorandos,

173 1116 337 1152 pudicitiam
358 1116 549 1152 justitiamque
573 1116 748 1144 servandam.
774 1116 828 1144 Sed
853 1121 880 1144 et
903 1116 972 1144 illud

173 1162 367 1197 observamus,
381 1170 506 1190 mensam
522 1170 584 1190 cum
609 1163 758 1198 gentilibus
780 1171 837 1190 non
870 1163 972 1190 habere

173 1216 349 1236 communem
360 1228 367 1240 ,
384 1209 439 1236 nisi
455 1216 519 1236 cum
544 1209 713 1236 crediderint
733 1213 761 1236 et
776 1213 885 1244 recepta
901 1210 973 1237 veri-

171 1259 230 1282 tate
245 1255 375 1290 baptizali
392 1255 494 1282 fuerint
504 1276 511 1289 ,
527 1262 559 1282 ac
575 1255 649 1282 trina
661 1255 782 1291 quadam
796 1256 869 1283 beati
884 1255 973 1282 nomi-

173 1301 219 1328 nis
235 1301 412 1329 invocatione
427 1302 581 1329 consecrati
591 1322 599 1334 ,
623 1305 650 1329 et
665 1307 730 1329 tunc
745 1309 807 1329 cum
824 1302 865 1329 eis
880 1302 972 1328 cibum

175 1348 323 1375 sumimus.
344 1347 474 1382 Alioquin
490 1348 574 1375 etiam
595 1349 617 1376 si
639 1352 718 1384 pater
733 1353 780 1375 aut
795 1352 883 1376 mater
905 1348 971 1380 sint,

176 1397 224 1420 aut
239 1401 309 1420 uxor
334 1397 381 1420 aut
406 1393 454 1420 ﬁlii
471 1397 518 1420 aut
540 1393 653 1424 fratres,
670 1401 725 1421 non
741 1400 890 1428 possumus
909 1400 972 1420 cum

174 1439 216 1467 eis
235 1446 358 1466 mensam
375 1439 476 1466 habere
491 1447 676 1466 communem.
693 1438 764 1472 Quia
778 1446 844 1474 ergo
859 1438 971 1473 religio-

175 1486 220 1513 nis
234 1492 319 1513 causa
337 1486 476 1520 prazcipua
494 1485 545 1512 hoc
570 1485 699 1517 facimus,
716 1492 771 1512 non
792 1484 841 1512 tibi
857 1484 972 1519 injurio-

176 1539 238 1559 sum
254 1531 390 1563 videatur,
407 1531 481 1566 quod
497 1539 552 1558 non
568 1535 659 1566 potest
674 1531 748 1559 ﬁlius
771 1534 837 1558 tuus
860 1538 915 1557 una
930 1533 971 1558 te-

176 1585 240 1604 cum
266 1585 376 1605 sumere
390 1577 501 1609 cibum,
521 1584 665 1612 usquequo
680 1577 777 1604 eadem
793 1576 843 1604 tibi
859 1576 894 1604 sit
911 1583 972 1611 qua:

175 1623 216 1650 illi
230 1623 367 1651 sententia
382 1623 456 1650 ﬁdei.

213 1667 296 1696 XXX.
318 1668 424 1701 Quibus
439 1669 485 1695 illa
499 1669 619 1701 auditis,
635 1668 669 1695 Et
684 1667 762 1703 quid,
778 1667 884 1703 inquit,
899 1673 973 1696 vetat

176 1714 259 1742 hodie
278 1722 322 1742 me
338 1715 492 1749 baptizari?
503 1722 565 1749 qua
579 1713 662 1742 etiam
680 1714 843 1749 priusquam
858 1718 886 1742 te
897 1714 973 1742 vide-

177 1768 235 1789 rem
245 1781 252 1794 ,
268 1761 331 1788 illos
343 1769 414 1796 quos
429 1761 525 1788 dicunt
540 1761 607 1788 deos
629 1762 741 1796 penitus
756 1765 883 1789 aversata
899 1769 971 1793 sum,

177 1807 253 1842 quod
267 1807 334 1834 mihi
357 1806 514 1842 frequenter
532 1811 559 1834 et
583 1815 652 1841 pene
668 1806 793 1842 quotidie
807 1807 973 1834 sacriﬁcanti

178 1854 232 1882 sibi
256 1857 388 1888 prazstare
414 1857 565 1889 potuerunt
587 1853 667 1880 nihil.
691 1853 760 1880 Nam
783 1854 817 1882 de
838 1853 972 1889 pudicitia

177 1900 244 1935 quid
256 1900 364 1927 dicam?
377 1907 439 1927 cum
456 1908 498 1927 me
510 1907 598 1935 neque
611 1904 677 1927 tunc
689 1899 793 1928 delicia:
803 1899 971 1935 deceperint,

178 1955 268 1982 neque
281 1955 356 1974 nunc
371 1951 480 1982 egestas
503 1955 618 1982 peccare
634 1947 810 1982 compulerit.
827 1946 903 1976 Satis
923 1955 973 1974 au-

178 1998 234 2021 tem
247 1997 314 2028 puto
331 1993 487 2021 innotuisse
501 1993 563 2026 tibi,
580 1997 699 2028 quantus
714 1993 780 2020 mihi
794 1993 893 2021 exinde
914 1993 974 2021 lue.

177 2040 215 2067 rit
229 2047 306 2066 amor
320 2039 467 2074 pudicitia,
485 2047 546 2074 quae
563 2043 591 2066 ut
608 2039 752 2067 evaderem
766 2040 855 2067 illiciti
870 2041 974 2068 amoris

178 2086 296 2113 insidias
311 2086 449 2113 somnium
466 2086 542 2117 ﬁnxi,
560 2090 590 2113 ut
605 2094 668 2113 cum
680 2086 790 2114 duobus
803 2086 872 2114 meis
887 2087 974 2122 genii-

179 2132 223 2159 nis
238 2132 443 2167 peregrinarer,
456 2135 483 2159 et
498 2132 573 2159 hunc
599 2132 686 2159 solum
704 2132 789 2159 ﬁlium
805 2140 895 2160 meum
910 2132 974 2161 Cle-

179 2182 300 2206 mentem
326 2179 361 2206 ad
386 2179 515 2206 solatium
533 2179 604 2214 patri
621 2179 729 2214 reliqui.
755 2178 784 2205 Si
810 2179 884 2206 enim
905 2179 972 2206 mihi

1024 243 1082 271 haec
1102 243 1200 271 Petrus
1224 244 1310 277 dixit,
1336 248 1424 273 mater
1442 245 1529 273 nimio
1548 246 1653 281 gaudio
1672 245 1819 280 intercepta

1024 290 1142 321 corruit,
1157 294 1184 317 et
1203 291 1315 318 tandem
1333 291 1482 326 aliquando
1498 296 1627 327 reparata
1640 297 1728 326 atque
1743 291 1770 318 in
1782 299 1821 319 se-

1024 335 1167 370 metipsam
1191 343 1316 370 regressa
1328 355 1335 368 ,
1361 336 1400 363 ait
1417 345 1424 363 :
1441 335 1564 364 Obsecro
1593 345 1657 368 vos,
1670 336 1821 363 dulcissimi

1024 380 1086 413 ﬁlii,
1107 381 1192 409 dicite
1210 382 1294 414 mihi,
1311 390 1372 417 quae
1395 383 1546 411 acciderint
1562 383 1644 410 vobis
1672 386 1739 418 post
1754 381 1821 408 iilarn

1024 427 1135 455 feralem
1150 431 1177 455 et
1191 427 1409 455 crudelissimam
1425 433 1544 456 noctem.

1057 471 1165 500 XXXII.
1187 471 1256 499 Tum
1269 472 1363 500 Niceta
1376 473 1460 508 carpit
1481 474 1595 501 dicere:
1613 473 1643 500 In
1658 473 1711 500 illa
1731 476 1820 503 nocte,

1023 526 1039 545 ο
1052 522 1150 551 mater,
1166 527 1229 546 cum
1245 519 1324 547 navis
1340 518 1438 547 fuisset
1454 520 1575 548 resoluta
1589 525 1618 548 et
1634 527 1689 548 nos
1703 518 1824 546 inniten-

1023 570 1064 593 tes
1076 564 1229 601 l‘ragmeoto
1245 565 1354 593 cuidam
1370 566 1527 593 tabularum
1543 574 1593 600 per
1608 566 1727 602 pelagus
1736 564 1824 599 jacta-

1022 619 1116 639 remur
1126 631 1134 644 ,
1150 611 1202 638 viri
1220 611 1331 646 quidam
1343 612 1446 647 quibus
1462 620 1510 647 per
1525 612 1697 647 profundum
1710 610 1825 637 latroci-

1022 655 1082 682 nari
1114 655 1261 683 artiﬁcium
1289 659 1350 689 est,
1381 661 1507 692 repertos
1537 657 1738 692 imposuerunt
1775 663 1826 682 nos

1022 701 1157 729 uaricula;
1172 710 1239 735 suat,
1255 706 1283 730 et
1297 703 1382 731 remis
1396 703 1532 730 undarum
1547 703 1672 731 vortices
1688 709 1826 737 superau-

1022 751 1079 778 tes,
1106 748 1224 776 diversis
1247 748 1393 776 itineribus
1414 748 1570 776 Caesaream
1598 748 1744 776 Stratonis
1765 755 1826 783 per-

1021 790 1180 824 duxerunt,
1197 791 1291 827 ibique
1306 792 1457 828 allligentes
1472 801 1523 822 nos
1547 794 1630 826 fame,
1644 793 1825 824 verberibus.

1023 841 1098 865 metu
1110 858 1118 870 ,
1137 838 1176 864 uti
1198 845 1232 865 ne
1247 838 1320 873 quod
1340 843 1414 867 esset
1430 840 1458 866 in
1479 847 1542 867 vero
1558 838 1759 874 proderemus,
1775 840 1826 866 im-

986 882 1008 910 B
1022 883 1137 911 mutatis
1152 884 1234 911 etiam
1257 884 1417 913 nominibus
1438 886 1544 914 nostris
1569 885 1761 912 vendiderunt
1776 893 1828 913 nos

1023 929 1132 956 cuidam
1155 930 1261 961 viduae,
1281 930 1404 958 honestat
1422 931 1568 960 admodum
1592 931 1719 964 feminae,
1742 931 1828 960 Just:

1022 976 1149 1009 nomine;
1165 983 1226 1011 quae
1249 983 1312 1004 cum
1332 978 1463 1010 emisset,
1484 978 1578 1005 habuit
1594 978 1658 1006 loco
1686 978 1826 1009 ﬁliorum.

1024 1021 1060 1048 ita
1077 1026 1107 1048 ut
1120 1022 1202 1049 etiam
1218 1021 1322 1050 Graecis
1337 1031 1388 1050 nos
1403 1024 1502 1052 litteris
1512 1027 1538 1051 et
1553 1024 1726 1052 liberalibus
1742 1029 1829 1052 atten-

1024 1067 1129 1095 tissime
1143 1068 1276 1096 erudiret.
1290 1068 1342 1096 Ubi
1355 1077 1420 1096 vero
1435 1069 1618 1102 adolevimus,
1631 1071 1723 1099 etiam
1740 1071 1828 1106 philo-

1024 1114 1173 1148 sophorum
1197 1115 1297 1143 studiis
1312 1123 1424 1150 opuram
1440 1116 1566 1143 dedimus
1577 1137 1585 1150 ,
1601 1124 1659 1152 quo
1679 1124 1828 1152 possemus

1024 1161 1165 1196 religionis
1179 1162 1279 1189 divina:
1292 1162 1421 1197 dogmata
1440 1162 1643 1198 philosophicis
1656 1163 1828 1198 disputatio-

1024 1206 1106 1233 nibus
1121 1211 1280 1235 asserentes
1291 1207 1435 1235 confutare
1447 1208 1573 1243 gentiles.

1059 1251 1178 1280 XXXIII.
1198 1252 1305 1280 Simoni
1327 1258 1417 1281 autem
1435 1253 1544 1281 cuidam
1561 1260 1647 1289 mago
1667 1254 1721 1289 qui
1735 1254 1827 1282 nobis-

1023 1307 1086 1327 cum
1101 1307 1155 1327 una
1166 1299 1300 1327 educatus
1311 1303 1368 1332 est,
1386 1307 1436 1335 pro
1451 1299 1582 1327 amicitiis
1592 1303 1622 1328 et
1640 1300 1748 1334 puerili
1762 1308 1828 1328 cono

1024 1345 1170 1373 suetudine
1194 1345 1382 1379 adhaesimus,
1407 1346 1444 1373 ita
1468 1349 1498 1373 ut
1523 1353 1594 1381 pene
1619 1346 1657 1373 ab
1682 1354 1718 1374 eo
1741 1347 1827 1382 decipi

1024 1397 1178 1425 possemus.
1189 1389 1288 1418 Fertur
1297 1390 1370 1417 enim
1387 1389 1416 1417 in
1428 1390 1561 1425 religione
1572 1395 1673 1418 nostra
1689 1399 1786 1419 sermo
1796 1392 1828 1419 de

1024 1436 1156 1471 propheta
1171 1436 1290 1471 quodam
1304 1456 1311 1468 ,
1325 1436 1405 1471 cujus
1422 1436 1457 1463 ab
1468 1436 1597 1464 omnibus
1617 1437 1669 1472 qui
1700 1438 1826 1473 religioni

1024 1482 1088 1509 huic
1101 1482 1261 1510 deserviunt
1276 1486 1434 1517 speraretur
1448 1482 1592 1515 adventus,
1607 1490 1660 1518 per
1675 1491 1765 1519 quem
1779 1485 1828 1511 im-

1024 1529 1148 1557 mortalis
1168 1533 1195 1557 et
1212 1529 1291 1557 beata
1305 1530 1361 1556 vita
1378 1529 1555 1557 credentibus
1570 1529 1665 1557 danda
1691 1530 1828 1565 promitti-

1024 1578 1080 1602 tur.
1096 1573 1175 1601 Hunc
1189 1582 1255 1610 ergo
1270 1582 1322 1602 nos
1336 1575 1498 1610 putabamus
1512 1581 1574 1602 esse
1595 1573 1759 1603 Simonem.
1776 1575 1828 1603 Sed

1024 1621 1082 1648 haec
1094 1621 1154 1652 tibi,
1167 1624 1265 1653 mater,
1284 1621 1465 1656 opportunius
1477 1624 1664 1656 exponentur.
1684 1621 1746 1650 Nos
1759 1623 1828 1651 inte-

1024 1667 1076 1694 rim
1092 1674 1155 1694 cum
1170 1674 1240 1702 pene
1251 1666 1307 1701 jam
1322 1667 1511 1702 deciperemur
1525 1674 1541 1694 a
1560 1667 1696 1701 Simone.
1713 1669 1827 1704 quidam

1024 1713 1128 1748 collega
1143 1713 1248 1740 domini
1260 1713 1314 1740 mei
1327 1713 1563 1746 Petri,Zacebaeus
1574 1715 1706 1747 nomine,
1722 1716 1828 1743 monuit

1024 1768 1059 1788 ne
1074 1759 1234 1787 falleremur
1248 1767 1264 1786 a
1280 1767 1360 1795 mago
1372 1779 1380 1792 ,
1397 1759 1445 1787 sed
1469 1759 1571 1787 obtulit
1595 1768 1650 1788 nos
1665 1761 1827 1790 advenienti

1024 1806 1107 1834 Petro
1120 1809 1150 1833 ut
1164 1806 1200 1833 ab
1215 1806 1275 1841 ipso
1291 1814 1352 1841 quae
1368 1810 1447 1834 erant
1463 1813 1531 1833 sana
1545 1810 1573 1834 et
1590 1806 1722 1841 perfecta
1747 1807 1828 1835 doce-

1024 1860 1134 1886 remur;
1147 1852 1221 1887 quod
1237 1855 1265 1879 et
1279 1852 1329 1879 tibi
1340 1855 1467 1887 optamus
1479 1851 1601 1884 evenire,
1615 1852 1693 1879 sicut
1707 1857 1736 1880 et
1749 1853 1827 1880 nobis

1025 1901 1162 1928 concessit
1172 1899 1293 1932 Deus,ut
1306 1900 1444 1935 possimus
1455 1902 1537 1928 etiam
1550 1900 1647 1928 cibum
1660 1906 1688 1929 et
1702 1909 1826 1930 mensam

1024 1948 1126 1975 habere
1151 1955 1335 1975 communem.
1361 1946 1433 1974 Hinc
1447 1953 1513 1982 ergo
1536 1947 1603 1978 fuit,
1633 1952 1740 1982 mater,
1756 1949 1826 1984 quod

1024 2001 1076 2021 nos
1092 2001 1107 2020 a
1122 1993 1219 2028 piratis
1234 1998 1338 2029 raptos,
1350 1997 1379 2021 tu
1394 1994 1422 2021 in
1437 1994 1508 2021 mari
1523 1993 1677 2023 defunctos
1691 2003 1759 2024 esse
1773 2004 1825 2023 cu.L

1024 2041 1129 2069 didisti.

1060 2087 1180 2116 XXXIV.
1201 2088 1270 2116 Cum
1285 2087 1344 2115 haec
1359 2087 1476 2115 dixisset
1487 2086 1582 2114 Niceta
1595 2107 1602 2118 ,
1624 2091 1721 2115 mater
1733 2091 1823 2116 nostra

1024 2134 1143 2170 procidit
1156 2134 1190 2161 ad
1206 2133 1289 2169 pedes
1305 2133 1379 2161 Petri
1390 2153 1398 2166 ,
1414 2140 1515 2168 rogans
1527 2136 1554 2160 et
1571 2133 1744 2166 obsecrans,
1759 2140 1788 2161 ut
1800 2139 1823 2161 et

1026 2181 1143 2216 seipsam
1168 2184 1195 2208 et
1215 2181 1351 2215 hospitam
1374 2187 1451 2208 suam
1470 2184 1597 2207 evocaret
1618 2180 1684 2208 sine
1701 2188 1779 2208 mora
1795 2188 1823 2207 ac

179 2225 236 2253 duo
261 2225 307 2251 vix
328 2224 517 2257 suIIiciebant,
542 2229 647 2260 quanto
673 2225 760 2260 magis
782 2225 974 2253 contristasset
990 2227 1011 2255 D
1025 2227 1188 2262 baptizaret,
1202 2227 1242 2253 uti
1257 2234 1292 2253 ne
1307 2233 1362 2253 una
1376 2247 1383 2259 ,
1396 2226 1506 2260 inquit,
1523 2225 1566 2253 die
1582 2225 1720 2253 damnum
1739 2228 1822 2262 patiar

179 2275 304 2306 patrem,
326 2272 349 2298 si
371 2268 610 2306 nullum'pcnitus
625 2271 786 2299 habuisset?
811 2271 876 2298 Erat
898 2272 971 2299 enim

178 2316 265 2343 miser
280 2316 377 2351 grandi
393 2316 493 2344 aﬁectu
509 2324 574 2351 erga
587 2317 667 2348 ﬁlios,
686 2316 724 2343 ita
736 2320 766 2343 ut
778 2316 821 2343 vix
836 2316 859 2343 ei
873 2317 972 2344 somnii

180 2363 331 2390 auctoritas
345 2367 531 2398 extorqueret,
546 2363 708 2390 Faustinum
726 2367 753 2390 et
768 2362 899 2390 Faustum
911 2362 974 2391 Cle-

180 2409 281 2437 mentis
297 2410 378 2444 hujus
393 2409 493 2438 fratres
517 2411 583 2437 mihi
601 2410 769 2442 concedere,
794 2413 822 2437 et
838 2409 897 2445 ipse
913 2410 972 2438 solo

181 2459 327 2483 contentus
342 2461 416 2485 esset
431 2457 583 2485 Clemente.

217 2501 314 2530 XXXI.
335 2502 398 2530 Haec
413 2503 460 2530 illa
483 2511 546 2530 cum
559 2503 681 2536 diceret,
697 2503 770 2531 ultra
786 2510 840 2529 non
855 2501 976 2530 ferentes

181 2547 282 2576 fratres
297 2549 350 2576 mei
363 2549 473 2576 irruunt
486 2549 513 2576 in
523 2550 685 2585 complexus
698 2550 794 2577 matris
803 2556 865 2576 cum
879 2548 974 2576 multis

181 2595 321 2630 lacrymis,
338 2599 365 2622 et
381 2596 544 2623 osculantur
556 2603 625 2623 eam.
637 2596 672 2623 At
687 2595 748 2623 illa:
761 2595 832 2628 Quid
850 2595 919 2626 vult,
935 2594 975 2621 in-

181 2641 251 2676 quit,
268 2641 320 2668 Iioc
335 2642 414 2669 esse?
424 2641 493 2669 Tum
509 2641 606 2670 Petrus
620 2650 625 2666 :
642 2641 711 2670 Nolo
718 2641 851 2674 turberis,
864 2640 974 2672 mulier,

181 2693 313 2716 constans
328 2692 406 2722 esto;
428 2688 473 2716 isti
497 2693 562 2717 Sunt
586 2688 736 2716 Faustinus
748 2691 775 2715 et
790 2686 909 2714 Faustus
927 2686 974 2713 ﬁlii

180 2734 221 2761 tui
233 2742 304 2769 quos
317 2735 344 2761 in
361 2734 497 2769 profundo
514 2735 619 2770 perisse
632 2735 762 2767 dicebas;
775 2733 914 2768 quomodo
929 2741 975 2760 au-

181 2784 237 2808 tem
257 2782 350 2808 vivant
369 2785 396 2808 et
416 2781 555 2816 quomodo
577 2782 605 2808 in
628 2782 673 2808 illa
690 2781 817 2808 horribili
840 2783 922 2808 nocte
941 2780 975 2807 de

180 2825 320 2861 profundo
332 2828 481 2860 evaserint,
490 2832 517 2855 et
527 2828 756 2863 quemadmodum
769 2828 840 2854 alius
852 2827 974 2862 ipsorum

181 2871 277 2899 Eiceta
301 2877 328 2900 et
345 2872 415 2900 alius
441 2873 538 2909 Aquila
561 2873 677 2904 dicatur,
697 2873 747 2907 ipsi
768 2872 816 2899 tibi
836 2878 975 2906 exponere

245 2977 327 3041 Χ

1024 2272 1159 2300 consortii
1175 2276 1202 2299 et
1217 2272 1358 2300 societatis
1379 2276 1506 2298 natorum
1528 2279 1666 2300 meorum.
1691 2272 1821 2301 Similiter

1024 2324 1115 2346 autem
1128 2322 1155 2346 et
1171 2326 1222 2346 nos
1238 2318 1286 2344 lilii
1299 2317 1360 2352 ejus
1375 2318 1541 2352 rogabamus
1557 2317 1684 2346 Petrum.
1704 2320 1742 2346 At
1757 2321 1819 2348 ille:

1024 2364 1093 2398 Quid
1118 2364 1242 2399 putatis,
1264 2364 1370 2399 inquit,
1386 2364 1450 2400 quia
1471 2372 1522 2399 ego
1544 2364 1752 2394 immisericors
1764 2374 1820 2394 sum

1024 2412 1111 2445 solus,
1128 2415 1154 2439 et
1167 2411 1230 2438 nolo
1241 2418 1291 2438 vos
1306 2411 1404 2438 matris
1420 2410 1549 2438 convivio
1563 2411 1689 2439 sociari?
1704 2411 1762 2440 Sed
1775 2420 1820 2440 ne-

1024 2465 1102 2485 cesse
1116 2463 1158 2485 est
1171 2465 1231 2485 eam
1250 2457 1292 2484 vel
1309 2465 1363 2484 una
1378 2457 1423 2484 die
1441 2457 1567 2492 jejunare
1585 2458 1666 2492 prius
1682 2462 1713 2485 et
1725 2459 1765 2485 ita
1778 2459 1821 2486 ba—

1025 2504 1133 2539 ptizari,
1151 2508 1178 2531 et
1193 2504 1245 2531 hoc
1260 2504 1324 2539 quia
1339 2511 1495 2532 sermonem
1510 2504 1545 2531 ab
1558 2511 1592 2531 ea
1606 2505 1760 2539 quemdam
1776 2513 1808 2533 au

1025 2550 1098 2582 divi,
1121 2557 1171 2585 per
1198 2557 1279 2585 quem
1305 2549 1373 2577 mihi
1403 2549 1470 2577 ﬁdes
1499 2549 1560 2585 ejus
1585 2550 1690 2577 claruit
1722 2556 1752 2578 et
1777 2551 1819 2586 qui

1025 2595 1155 2623 indicium
1170 2596 1245 2624 dedit
1261 2595 1433 2624 credulitatis
1447 2596 1518 2630 ejus,
1531 2596 1634 2631 alioqui
1653 2597 1753 2624 multis
1764 2605 1819 2625 eam

1025 2641 1122 2669 diebus
1134 2642 1278 2677 oportebat
1292 2646 1355 2669 ante
1370 2642 1469 2670 instrui
1484 2647 1512 2669 et
1526 2642 1630 2670 doceri.

1061 2687 1170 2715 XXXV.
1192 2687 1226 2715 Et
1250 2695 1315 2723 ego:
1335 2687 1435 2720 Quaeso
1447 2692 1485 2718 te,
1505 2687 1630 2723 inquam,
1647 2688 1766 2716 domine
1785 2688 1818 2715 mi

1025 2733 1116 2766 Petrc,
1136 2734 1181 2761 dic
1202 2732 1264 2769 quis
1289 2738 1331 2761 est
1349 2734 1403 2761 iste
1421 2741 1513 2762 sermo
1532 2742 1614 2769 quem
1628 2735 1702 2762 dicis
1714 2735 1818 2762 dedisso

1026 2780 1077 2807 tibi
1092 2780 1223 2807 indicium
1239 2779 1301 2808 ﬁdei
1318 2780 1397 2815 ejus?
1416 2779 1448 2807 Et
1464 2779 1563 2808 Petrus
1581 2790 1587 2807 :
1605 2780 1654 2808 Illc
1671 2789 1766 2808 sermo
1780 2785 1816 2808 cst

1026 2833 1082 2861 quo
1100 2826 1218 2861 rogavit,
1233 2830 1264 2853 ut
1283 2829 1310 2853 et
1333 2826 1441 2861 hospita
1458 2834 1508 2853 sua
1521 2826 1603 2860 cujus
1619 2826 1768 2855 beneﬁciis
1782 2834 1816 2852 v1-

1027 2879 1086 2899 cem
1099 2871 1211 2899 reddere
1224 2871 1374 2906 desiderat,
1389 2870 1470 2898 simul
1491 2871 1648 2906 baptizctur
1669 2880 1733 2900 cum
1750 2873 1812 2908 ipsa.
