1873 3095
36 137 107 166 £369

639 132 922 162 RECOGNITIONUM
955 131 1019 160 LIB.
1042 131 1099 161 VII.

1620 131 1690 160 1370

34 194 97 223 Non
113 197 220 222 autem
233 196 354 229 rogaret,
368 197 398 221 ut
410 193 450 220 illi
466 199 549 228 quam
562 190 651 228 diligit
667 195 847 226 przestaretur
860 193 884 222 Α
893 190 952 225 jam
964 190 1108 217 moechatus
1124 193 1163 217 est
1177 197 1235 217 eam
1251 189 1278 216 in
1292 177 1371 217 corde
1385 197 1444 216 tuo.
1458 188 1492 216 Et
1505 189 1549 217 his
1565 190 1687 219 addidit:

36 241 97 268 haec
113 240 230 276 gratia,
243 240 297 268 nisi
312 239 476 267 credidisset
492 238 566 273 quod
590 245 719 273 magnum
737 237 846 272 aliquod

35 287 65 314 in
83 287 267 321 baptismate
285 293 386 313 munus
407 289 492 312 esset.
511 283 589 311 Unde
605 287 633 311 et
649 290 699 318 ego
711 283 735 298 ⁸ο
750 290 846 318 repre-

36 333 133 360 hendo
161 332 307 367 plurimos
327 331 374 367 qui
398 339 459 358 cum
484 330 536 365 ipsi
556 330 730 364 baptizentur
744 333 772 356 et
787 337 847 356 esc-

34 379 118 410 dant,
136 378 221 405 nihil
237 383 326 406 tamen
342 377 455 412 dignum
470 377 523 404 [ide
543 379 627 411 agunt
643 384 704 403 cum
721 376 763 403 his
778 383 847 410 quos

34 424 177 459 diligunt,
199 424 229 451 id
245 427 288 452 est
304 424 438 451 uxoribus
458 423 501 451 vel
516 422 581 450 filiis
596 422 637 449 vel
653 422 760 453 amicis,
778 429 847 456 quos

33 478 92 497 non
117 469 158 497 ad
182 470 241 497 hoc
262 470 407 496 hortantur
425 468 498 504 quod
520 468 571 503 ipsi
595 468 714 496 assecuti
732 472 807 497 sunt.
825 469 847 495 si

33 515 156 550 quidem
175 524 247 543 vere
266 515 435 543 crediderint
447 515 521 550 quod
538 519 641 542 mterna
659 514 714 541 vita
734 522 782 550 per
796 514 848 541 hoc

33 561 176 590 donatur.
197 561 323 597 Denique
335 561 358 589 si
373 568 421 589 eos
439 565 573 595 aegrotare
583 560 695 587 videant
713 565 760 588 aut
776 560 849 595 Peri-

34 608 102 635 culo
121 608 219 635 alicui
243 608 391 635 carnaliter
412 607 565 642 subiacere,
584 607 677 634 dolent
701 611 729 633 et
744 606 846 642 lugent,

34 654 104 689 quia
127 654 159 681 in
186 654 244 682 hoc
266 654 333 681 certi
348 657 412 680 sunt
424 653 464 680 eis
477 653 620 680 imminere
634 653 792 688 perniciem.
809 652 849 680 Ita

34 708 116 735 ergo,
135 700 163 728 si
178 705 211 728 et
224 700 259 728 de
271 700 323 727 hoc
339 699 406 727 certi
419 703 513 726 essent
530 699 603 734 quod
620 699 666 734 qui
687 699 772 726 Deum
793 706 849 726 non

34 748 152 778 colunt,
172 751 272 774 manet
283 754 331 774 eos
349 753 430 781 paena
446 746 518 782 ignis
533 746 640 777 aeterni,
660 746 771 781 quando
785 754 844 773 ces-

35 797 139 821 sarent
165 797 317 821 monentes
344 797 371 820 et
392 792 588 820 cohortantes?
609 792 663 818 Aut
690 792 713 819 si
730 792 848 819 obsiste-

34 843 113 871 rent,
132 838 284 874 quomodo
313 847 367 866 non
392 837 518 873 lugerent
544 845 592 865 eos
621 842 649 865 et
676 838 847 872 plangerent,

33 885 108 912 certi
134 891 250 912 aeterna
272 884 313 912 eis
335 884 479 912 imminere
503 883 658 918 supplicia?
678 883 756 910 Nune
783 891 849 918 ergo

34 931 116 958 illam
133 931 257 966 quidem
269 931 411 958 mulierem
423 930 602 957 evocabimus
617 930 805 965 postmodum,
822 933 849 956 et

34 976 213 1003 videbimus
228 976 250 1003 si
271 979 346 1002 amat
360 975 438 1002 fidem
451 974 593 1009 religionis
607 977 720 1005 nostrae,
734 977 761 1001 et
770 978 851 1008 prout

34 1029 231 1057 consequens
244 1021 325 1049 fuerit
335 1028 457 1055 agemus.
470 1020 533 1048 Haec
542 1024 632 1047 autem
647 1019 778 1054 quoniam
786 1019 852 1046 lide-

36 1068 105 1096 liter
124 1067 226 1095 sensit
248 1068 281 1096 de
297 1067 445 1103 baptismo,
462 1067 568 1102 jcjunct
591 1066 633 1094 vel
656 1073 710 1094 una
725 1065 770 1093 die
788 1068 852 1093 ante

36 1112 238 1148 baptismum.

74 1158 217 1186 XXXVI.
238 1159 272 1186 At
283 1159 328 1186 illa
341 1166 404 1186 cum
413 1159 573 1193 iuramento
584 1157 772 1185 satisfaciebat
784 1165 852 1192 prte-

36 1209 124 1234 Ienle
138 1212 235 1232 uxore
248 1205 351 1232 domini
362 1204 414 1231 mei
430 1203 514 1233 Petri,
527 1203 590 1238 quia
606 1210 639 1230 ex
650 1210 705 1238 quo
717 1210 851 1238 recogno-

37 1251 115 1278 verit
133 1250 239 1282 lilium,
254 1257 310 1285 pra:
332 1249 418 1276 multo
434 1248 535 1284 gaudio
556 1248 648 1276 cibum
668 1255 767 1282 capere
790 1255 851 1275 om-

39 1297 113 1325 nino
140 1296 316 1332 nequiverit,
336 1296 390 1324 nisi
412 1295 543 1324 hesterna
570 1295 615 1322 die
638 1295 752 1322 calicem
773 1302 851 1330 aquae

40 1344 142 1371 solum
159 1343 277 1371 biberit.
295 1342 462 1370 Testabatur
474 1345 565 1369 autem
580 1345 608 1369 et
620 1349 688 1369 uxor
705 1341 790 1374 Petri,
808 1342 851 1370 di-

40 1396 115 1416 cens
135 1389 181 1416 ita
197 1395 269 1416 esse.
286 1388 319 1415 Et
333 1388 431 1423 Aquila
446 1387 503 1415 ait:
517 1387 588 1421 Quid
614 1394 680 1422 ergo
695 1387 787 1414 obstat
801 1395 851 1414 cur

41 1444 104 1464 non
124 1436 304 1472 baptizetur?
319 1435 389 1462 Tum
411 1434 510 1462 Petrus
533 1434 700 1462 subridens:
719 1433 773 1461 Sed
795 1442 850 1462 non

42 1486 100 1516 est,
115 1481 224 1516 inquit.
239 1481 291 1508 hoc
311 1480 449 1515 jejunium
470 1480 611 1515 baptismi,
627 1480 700 1515 quod
717 1488 770 1507 non
786 1488 851 1515 pro-

44 1531 111 1561 pter
126 1527 299 1562 baptismum
306 1526 459 1560 jejunatum
478 1528 531 1553 est.
543 1524 575 1551 Et
586 1524 679 1553 Niceta
689 1534 695 1552 :
706 1524 760 1552 Sed
768 1525 848 1555 forte.

44 1573 159 1609 inquit,
177 1573 271 1600 volens
288 1572 360 1600 Deus
375 1575 491 1599 matrem
517 1575 640 1598 nostram
657 1579 709 1598 nec
730 1579 784 1599 una
804 1572 849 1599 die

45 1621 160 1656 agnitis
175 1619 256 1647 nobis
280 1618 403 1654 separari
419 1626 435 1645 a
449 1618 589 1646 consortio
614 1625 717 1646 mensa:
737 1621 849 1650 nostrae,

45 1667 257 1703 praeordinavit
269 1666 321 1693 hoc
335 1670 365 1693 ut
377 1669 441 1692 ante
453 1665 602 1700 jejunaret.
621 1664 699 1691 Sicut
714 1664 787 1691 enim
800 1672 852 1698 pu-

47 1715 184 1742 dicitiam
201 1713 320 1741 servavit
340 1712 369 1740 in
394 1712 560 1747 ignorantia,
574 1714 603 1737 ut
618 1711 765 1745 proﬁceret
777 1711 801 1737 ei
817 1709 851 1736 ad

47 1760 192 1796 baptismi
208 1759 336 1795 gratiam,
350 1758 388 1786 ita
399 1757 533 1793 jejuaavit
549 1760 696 1792 antequam
712 1756 797 1783 sciret
811 1755 853 1790 je-

45 1805 126 1838 junii
154 1806 302 1837 rationem,
318 1808 349 1831 ut
365 1804 512 1839 proliceret
529 1803 555 1830 ei
579 1802 614 1830 ad
635 1802 812 1837 baptismum,
826 1805 853 1828 et

49 1851 157 1878 statim
171 1851 206 1878 ab
220 1851 299 1878 initio
313 1850 460 1886 agnitionis
472 1852 574 1876 nostra:
588 1848 734 1876 nobiscum
749 1849 853 1884 pariter

50 1905 164 1925 mensa
175 1897 314 1924 οοηεοηὶο
327 1896 472 1924 frueretur.

91 1942 231 1970 XXXVII.
253 1942 322 1969 Tum
343 1942 441 1970 Petrus
456 1951 463 1969 :
477 1940 537 1969 Non
559 1949 621 1974 nos,
644 1941 746 1977 inquit,
760 1941 853 1968 vincat

50 1990 202 2025 malignus
225 1990 372 2017 occasione
394 1993 506 2025 accepta
525 1998 575 2025 per
596 1988 723 2016 allectum
744 1988 852 2020 matris,

51 2037 108 2066 sed
135 2037 225 2072 magis
244 2045 293 2065 vos
313 2040 342 2064 et
363 2044 414 2071 ego
437 2036 578 2064 vobiscum
599 2035 680 2063 hodie
696 2035 853 2070 jejunemus

53 2092 125 2112 cum
152 2083 223 2119 ipsa,
242 2087 269 2111 et
298 2083 423 2110 crastino
452 2082 637 2118 baptizabitur
662 2081 738 2117 (L7);
764 2088 854 2116 neque

53 2132 137 2158 enim
151 2130 257 2165 justum
284 2133 326 2158 est
351 2129 386 2157 ad
402 2129 517 2164 gratiam
536 2135 660 2164 personae
686 2127 804 2161 alicujus
826 2130 853 2154 et

56 2175 201 2208 amicitiae,
218 2176 317 2204 resolvi
346 2181 373 2203 et
389 2175 533 2203 extenuari
560 2179 695 2210 praecepta
716 2172 851 2200 veritatis.

899 235 929 263 Si
943 236 1036 263 oculus
1061 241 1122 263 tuus
1147 235 1239 263 dexter
1263 236 1431 263 scandalizat
1448 242 1481 268 te,
1498 244 1560 264 erue
1580 246 1640 264 eum
1664 244 1690 265 et

898 282 984 317 abjicc
999 282 1046 309 abs
1061 287 1103 314 te;
1115 282 1220 317 expedit
1231 283 1301 309 enim
1315 282 1362 309 tibi
1373 288 1401 308 ut
1412 291 1494 309 unum
1514 283 1690 310 membrorum

899 332 1004 356 tuorum
1018 333 1118 362 pereat,
1132 337 1211 363 quam
1227 333 1311 355 totum
1327 336 1421 363 corpus
1434 334 1508 355 tuum
1522 330 1645 356 mittatur
1663 330 1690 357 in

897 374 1043 410 gehennam
1064 374 1132 410 ignis
1145 375 1178 402 ".
1203 374 1264 401 Non
1289 373 1357 401 dixit
1374 383 1381 401 :
1397 375 1594 403 scandalizavit
1608 380 1644 407 te,
1661 381 1691 404 ut

899 423 1076 455 posteaquam
1085 421 1241 455 peccaveris
1250 424 1315 448 tunc
1323 421 1437 455 abjicias
1447 429 1559 448 causam
1570 423 1686 457 peccati,

898 466 946 493 sed
959 475 967 493 :
985 467 1010 493 ei
1023 466 1191 494 scandalizat
1206 471 1239 499 te,
1250 467 1302 494 hoc
1313 472 1404 498 est,ut
1419 472 1564 502 antequam
1581 476 1689 502 pecces,

899 519 1010 539 causam
1024 513 1129 548 peccati
1144 514 1318 548 provocantis
1331 518 1356 540 te
1367 518 1394 541 et
1405 514 1540 541 irritantis
1551 514 1689 542 abscidas.

899 558 1006 594 Nequis
1017 563 1107 586 autem
1115 562 1235 586 vestrum
1249 563 1333 594 putet.
1344 559 1454 591 fratres,
1467 561 1540 595 quod
1555 562 1692 589 membro-

900 613 960 632 rum
968 605 1181 640 amputationem
1189 606 1497 642 mandaveritllmminus
1505 616 1511 634 :
1520 608 1690 642 propositum

900 659 928 678 in
940 651 992 678 hoc
1005 652 1063 678 vult
1078 651 1209 684 resecari,
1226 659 1282 679 non
1294 653 1416 679 membra
1429 657 1455 680 et
1472 661 1571 681 causas
1582 661 1644 689 quae
1657 654 1691 681 ad

901 697 1070 732 peccandum
1086 697 1214 729 illiciunt,
1227 706 1282 732 quo
1299 699 1429 733 cogitatio
1449 704 1542 727 nostra
1561 704 1691 730 aspectus

899 742 1027 770 vehiculo
1043 743 1184 774 subvecta,
1202 743 1235 770 ad
1249 750 1369 771 amorem
1387 743 1434 771 Dei
1455 745 1584 773 sensibus
1597 754 1693 782 corpo-

900 789 955 816 reis
974 788 1063 816 invisa
1084 788 1242 820 contendat.
1256 797 1306 816 nec
1321 790 1481 817 carnalibus
1497 791 1596 823 oculis,
1615 795 1692 820 velut

900 835 1110 863 Iascivientibus
1128 835 1208 870 equis
1232 838 1260 862 et
1289 839 1367 862 extra
1391 836 1585 863 mandatorum
1619 838 1691 864 viam

865 877 886 904 Β
900 888 1012 908 currum
1029 881 1168 908 declinare
1183 881 1369 916 cupientibus,
1388 881 1491 908 relaxet
1511 881 1588 909 frena
1603 887 1630 909 et
1643 882 1692 909 ha-

902 927 987 954 benas
1000 927 1156 962 indulgeat;
1173 927 1220 954 sed
1237 931 1346 954 revocet
1361 931 1502 962 aspectum
1517 929 1641 963 corporis
1657 929 1691 955 ad

901 973 1046 1000 arbitrium
1055 973 1163 1007 mentis,
1171 977 1197 1001 et
1204 974 1299 1001 oculos
1312 977 1423 1001 nostros
1434 982 1504 1008 quos
1514 974 1585 1001 Deus
1599 975 1692 1010 operis

902 1019 945 1046 sui
954 1019 1192 1054 inspectoresesse
1205 1020 1324 1047 voluitet
1331 1024 1425 1052 testes,
1440 1028 1494 1047 non
1507 1022 1626 1055 patiatur
1634 1021 1692 1049 fieri

903 1065 1016 1092 lenones
1032 1065 1095 1092 mali
1110 1065 1252 1093 desiderii.
1267 1065 1300 1093 Et
1315 1066 1376 1093 ideo
1397 1066 1495 1094 cedant
1508 1067 1559 1102 legi
1572 1067 1619 1095 Dei
1637 1072 1691 1095 tam

905 1111 1030 1146 corporei
1058 1118 1157 1140 sensus
1181 1119 1262 1147 quam
1283 1112 1391 1140 interna
1407 1113 1552 1148 cogitatio,
1574 1118 1601 1141 et
1618 1115 1692 1142 illius

901 1157 1036 1184 voluntati
1049 1157 1207 1184 ministrent
1217 1158 1296 1193 cujus
1310 1166 1340 1186 se
1353 1166 1436 1193 opera
1448 1167 1510 1187 esse
1524 1160 1691 1195 intelligunt.

938 1201 1083 1230 XXXVIII.
1105 1203 1192 1239 Igitur
1207 1207 1236 1231 ut
1248 1203 1317 1231 ordo
1332 1205 1454 1240 mysterii
1470 1206 1600 1240 poscebat
1612 1210 1640 1233 et
1652 1214 1694 1234 ra-

901 1248 950 1281 tio,
969 1248 1013 1276 die
1033 1252 1143 1284 postera
1169 1250 1328 1285 baptizatur
1342 1251 1370 1278 in
1382 1252 1462 1284 mari,
1478 1255 1505 1279 et
1518 1260 1644 1288 regreSSa
1659 1253 1692 1280 ad

903 1293 1055 1330 hospitium
1071 1295 1200 1322 omnibus
1213 1301 1417 1331 consequenter
1429 1298 1569 1333 mysteriis
1584 1298 1690 1334 religio-

902 1341 946 1368 nis
963 1340 1105 1369 imbuitur.
1122 1340 1276 1369 Aderaxnus
1299 1346 1391 1370 autem
1413 1347 1440 1370 et
1451 1351 1503 1370 nos
1519 1343 1566 1370 lilii
1580 1345 1633 1376 sui,
1647 1344 1695 1372 Ni-

902 1391 962 1415 ceta
984 1390 1013 1415 et
1033 1387 1132 1422 Aquila
1147 1391 1175 1415 et
1197 1395 1248 1423 ego
1259 1387 1397 1416 Clemens.
1415 1388 1448 1416 Et
1460 1393 1523 1424 post
1537 1391 1594 1418 ha=c
1611 1391 1694 1419 simul

902 1441 965 1461 cum
981 1441 1013 1461 ea
1028 1434 1202 1469 prandimus,
1218 1438 1245 1462 et
1268 1435 1350 1462 simul
1365 1435 1579 1471 gloriﬂcavimus
1595 1436 1694 1470 Deum,

903 1479 1054 1508 referentes
1069 1481 1172 1516 gratias
1186 1481 1286 1509 studiis
1302 1485 1329 1509 et
1342 1482 1475 1510 doctrina:
1490 1482 1572 1515 Petri,
1584 1484 1630 1518 qui
1645 1492 1696 1511 no-

903 1526 946 1554 bis
955 1526 1076 1554 ostendit
1091 1535 1140 1562 per
1154 1528 1328 1555 occasionem
1342 1529 1450 1560 matris,
1466 1530 1603 1563 quomodo
1616 1530 1696 1564 pudi-

902 1572 975 1601 cilia}
989 1573 1091 1599 bonum
1106 1581 1161 1600 non
1174 1578 1266 1609 pereat
1277 1575 1347 1608 apud
1362 1573 1457 1607 Deum,
1473 1576 1545 1602 sicut
1561 1581 1696 1603 econtra-

903 1619 946 1646 rio
967 1619 1150 1654 impudicitia,
1172 1621 1272 1656 inquit,
1288 1621 1396 1648 etiamsi
1412 1629 1467 1648 non
1482 1622 1586 1656 statim,
1604 1627 1696 1651 tamen

904 1665 967 1693 licet
995 1665 1073 1693 tarde
1097 1674 1152 1693 non
1179 1666 1273 1702 ell‘ugit
1289 1674 1409 1701 pcenam.
1425 1666 1455 1694 In
1481 1671 1588 1694 tantum
1603 1673 1694 1696 autem

904 1710 1046 1746 pudicitia,
1062 1711 1162 1746 inquit,
1178 1711 1233 1739 Deo
1254 1712 1354 1746 placita
1370 1715 1423 1745 est,
1440 1717 1471 1739 ut
1487 1713 1570 1740 etiam
1588 1714 1631 1741 his
1647 1715 1695 1749 qui

905 1758 933 1785 in
946 1765 1040 1785 errore
1069 1763 1134 1785 sunt
1155 1758 1250 1793 positi,
1267 1759 1394 1785 nonnihil
1411 1760 1506 1794 gratia:
1521 1760 1549 1787 in
1565 1761 1694 1795 prtuseuti

905 1803 1029 1831 conferat
1042 1805 1109 1831 vita.
1126 1803 1195 1830 Nam
1212 1803 1304 1830 futura
1319 1804 1461 1831 beatitudo
1476 1805 1531 1832 illis
1545 1806 1634 1832 solum
1652 1814 1696 1833 re-

904 1850 994 1885 posita
1021 1854 1073 1881 est,
1089 1850 1135 1886 qui
1163 1857 1211 1884 per
1234 1849 1350 1884 gratiam
1376 1849 1506 1884 baptismi
1535 1851 1695 1885 pudicitiam

903 1896 1094 1932 justitiamque
1108 1897 1290 1924 servaverint.
1307 1895 1430 1931 Denique
1441 1897 1566 1932 exemplo
1579 1898 1696 1925 esthuic

904 1943 945 1970 rei
964 1943 1047 1970 etiam
1064 1943 1126 1974 hoc.
1143 1943 1216 1978 quod
1235 1950 1300 1978 erga
1319 1947 1435 1970 matrem
1455 1948 1573 1971 vestram
1590 1949 1695 1979 gestum

904 1993 958 2021 est,
975 1989 1020 2016 cui
1045 1990 1122 2017 salus
1143 1989 1200 2017 haec
1225 1990 1315 2017 omnis
1337 1998 1386 2025 pro
1409 1991 1535 2018 mercede
1557 1991 1697 2026 pudicitia:

905 2037 1032 2069 reparata
1047 2037 1099 2064 est,
1116 2034 1149 2061 ad
1165 2040 1246 2069 quam
1264 2034 1471 2062 custodiendam
1489 2039 1514 2063 et
1530 2043 1696 2063 conservan-

905 2079 968 2106 dam
990 2087 1044 2106 non
1066 2079 1169 2107 sufficit
1183 2080 1242 2106 sola
1256 2080 1436 2111 continentia,
1452 2080 1499 2107 scd
1516 2081 1562 2107 ubi
1578 2081 1698 2109 senserit

905 2126 968 2160 quis
983 2125 1099 2152 insidias
1114 2129 1141 2152 et
1161 2125 1349 2160 deceptionem
1359 2126 1460 2160 parari,
1477 2127 1608 2154 continuo
1623 2127 1696 2154 sicut

906 2172 941 2199 ab
958 2172 1029 2207 ignis
1053 2173 1156 2207 impetu
1176 2178 1223 2200 aut
1239 2173 1351 2200 incursu
1368 2173 1446 2201 canis
1463 2173 1550 2200 rabidi
1567 2173 1694 2209 refugiat,

57 2221 123 2250 Non
136 2230 201 2258 ergo
216 2223 306 2258 pigeat
321 2230 372 2250 nos
388 2223 475 2257 magis
491 2222 616 2250 laborare
637 2228 699 2248 cum
713 2220 771 2251 illa,
787 2220 852 2255 quia
869 2229 891 2257 ι)
905 2226 956 2245 nec
969 2218 1089 2245 conlidat
1103 2219 1176 2253 quod
1198 2219 1357 2253 hujusmodi
1378 2219 1494 2247 insidias
1515 2221 1600 2255 possit
1616 2220 1696 2248 facile

58 2276 146 2297 omne
156 2269 314 2296 mandatum
331 2268 471 2304 praeterire
483 2271 627 2303 peccatum
639 2271 690 2294 est.
700 2266 853 2293 Doceamus

60 2315 156 2340 autem
182 2320 280 2340 sensus
298 2317 410 2340 nostros
433 2312 591 2348 corporales
616 2312 663 2346 qui
678 2310 853 2339 extrinsecus

59 2363 138 2392 sunt,
153 2359 442 2387 servircinterioribus
449 2359 587 2390 sensibus,
602 2363 691 2385 etnon
705 2357 852 2384 interiores

61 2412 174 2436 sensus,
191 2404 238 2439 qui
259 2411 320 2439 quae
336 2403 384 2432 Dei
407 2407 471 2432 sunt
489 2403 612 2438 sapiunt.
627 2409 759 2437 cogamus
774 2401 852 2436 sequi

60 2450 225 2482 exteriores,
241 2450 287 2485 qui
311 2458 373 2485 quae
398 2450 490 2478 carnis
507 2455 571 2477 sunt
591 2449 712 2484 sapiunt.
739 2448 853 2483 Propter

63 2494 146 2523 hoc"
162 2496 233 2523 enim
249 2499 276 2523 et
292 2495 424 2523 Dominus
444 2488 605 2523 mandatum
626 2495 712 2527 dedit,
729 2495 827 2522 dicens
843 2504 850 2521 τ

63 2541 220 2577 Quicunque
232 2541 325 2570 uiderit
339 2543 474 2570 mulierem
486 2541 521 2569 ad
529 2541 763 2576 concupiscendam
779 2549 850 2574 eam,

98 2642 122 2658 ”
137 2642 210 2680 Unde
221 2647 246 2669 et
256 2643 477 2680 egofimminere
486 2643 616 2680 supplicia
628 2652 681 2680 non
698 2644 826 2678 leguntur
838 2643 866 2671 in
883 2644 963 2672 codd.
982 2643 1072 2680 Lipss.

64 2675 164 2705 desunt
179 2678 207 2705 in
221 2675 301 2706 codd.
319 2678 410 2715 Lipss.
451 2679 474 2695 "
490 2675 585 2706 hiaith.
600 2688 626 2712 v,
638 2679 684 2712 28,
701 2675 747 2708 29.

909 2264 1010 2300 aliquis
1025 2265 1245 2300 philosophando
1261 2269 1309 2292 aut
1325 2265 1460 2300 palpando
1476 2266 1620 2299 cohibere;
1634 2266 1694 2300 sed,

907 2313 937 2337 ut
962 2310 1029 2342 dixi,
1053 2309 1238 2345 eli‘ugicnduin
1265 2314 1307 2338 est
1330 2316 1357 2338 et
1376 2311 1454 2346 longe
1481 2311 1695 2344 abscedendum,

907 2357 980 2384 sicut
995 2356 1059 2384 fecit
1080 2361 1107 2383 ct
1124 2360 1216 2384 vestra
1241 2360 1329 2384 mater
1345 2365 1408 2385 vere
1428 2362 1454 2385 et
1469 2358 1576 2393 integre
1593 2359 1696 2385 bonum

907 2403 1025 2438 diligens
1034 2403 1185 2439 pudicitiae.
1211 2403 1328 2439 Propter
1339 2404 1412 2438 quod
1426 2408 1453 2431 et
1469 2409 1632 2431 conservata
1650 2413 1698 2432 vos

908 2449 950 2477 bis
965 2453 1008 2477 est
1025 2457 1057 2477 ac
1077 2457 1125 2477 vos
1146 2450 1195 2482 illi,
1213 2450 1326 2485 insuper
1342 2454 1432 2477 autem
1455 2454 1481 2477 et
1502 2454 1611 2478 acterna:
1636 2451 1698 2478 vitat

907 2495 1045 2531 agnitione
1061 2495 1172 2523 donata.
1185 2496 1253 2523 Cum
1269 2496 1327 2523 haec
1342 2500 1368 2523 et
1384 2497 1469 2523 multa
1488 2497 1541 2523 alia
1558 2497 1601 2524 his
1619 2497 1697 2524 simi-

907 2542 944 2568 lia
958 2542 1085 2575 dixissct,
1103 2550 1217 2578 vespere
1232 2542 1303 2570 facto
1321 2543 1517 2578 requievimus.

1118 2644 1140 2661 ⁵¹
1158 2643 1271 2678 Propter
1286 2643 1476 2672 hoc—lenones
1491 2643 1556 2669 muli
1571 2641 1697 2669 desiderii

716 2755 898 2784 COTELERII
916 2755 1033 2783 ΝΟΤᾸ).

100 2826 157 2862 (47)
182 2826 233 2863 Vos
258 2831 283 2854 et
309 2834 355 2862 ego
383 2826 517 2854 vobiscum
533 2825 608 2863 hodie
621 2825 772 2861 jejunemus
791 2833 851 2863 eum
904 2823 1004 2863 mentis
1019 2823 1218 2863 baptizaturus.
1235 2823 1331 2863 indicit
1353 2821 1488 2863 jejunium
1511 2821 1586 2861 omni

904 2868 960 2896 quo
975 2860 1008 2888 de
1022 2856 1075 2887 ritu
1090 2859 1117 2886 in
1136 2857 1263 2894 Apologia
1276 2858 1294 2885 2
1307 2857 1408 2886 Justini
1422 2856 1564 2892 Martyris,
1582 2864 1609 2892 p.
1627 2856 1673 2885 93.

68 2869 134 2896 ipsa,
150 2867 202 2890 etc.
219 2861 265 2890 Sic
282 2861 330 2890 lib;
345 2871 372 2896 x,
395 2869 453 2902 cap.
479 2863 526 2890 ult.
552 2861 650 2890 Petrus
672 2866 775 2897 patrem
789 2861 850 2888 (ilc-

1610 2820 1696 2856 plebi.
