1873 3095
190 120 257 150 1³571

633 117 662 146 S.
680 116 877 146 CLEMENTIS
895 116 906 144 Ι
925 115 1010 146 ROM.
1028 116 1129 146 PONT.
1149 116 1266 145 OPERA
1285 115 1402 144 DUBIA.

1746 116 1803 144 1111

193 196 1802 210 —__.—————————n—_——————_——

742 278 921 323 LIBER
957 277 1248 324 OCTAVUS.

229 456 250 484 Ι.
270 455 386 483 Postera
399 460 491 482 autem
504 454 548 482 die
563 453 662 481 Petrus
674 461 754 481 mane
768 454 917 489 assumptis
927 453 984 481 1³111-
997 455 1021 484 Α
1034 458 1096 478 Inus
1122 451 1182 486 ipse
1211 449 1316 485 incipit,
1330 457 1382 478 nec
1399 454 1588 486 contemptum
1614 450 1692 478 senis
1716 451 1805 483 habuit,

193 502 283 529 tribus
299 500 366 528 meis
382 503 410 526 et
426 507 480 531 me,
496 499 679 526 descenditad
695 503 814 534 portum,
835 499 903 526 utin
912 499 982 526 mari

196 548 363 577 lavaremus.
380 550 407 573 et
429 549 491 581 post
512 544 564 572 hoc
575 545 608 571 ad
624 545 714 572 locum
729 544 874 579 quemdam
889 552 982 572 secre-

193 594 292 620 tiorem
309 592 478 619 secessimus
503 591 636 618 orationis
658 590 755 625 gratia.
779 589 869 617 Senex
890 593 981 617 autem

193 639 305 675 quidam
322 645 434 673 pauper,
453 641 480 665 et
506 642 535 664 ut
555 637 705 672 apparebat
723 644 756 663 ex
773 636 866 663 babilu
883 642 982 670 opera-

194 686 264 716 rius,
286 684 396 710 curiose
411 691 444 709 ex
460 682 570 710 occulto
595 682 745 709 observare
766 689 816 709 nos
840 681 935 715 cmpit,
953 684 983 707 ut

193 732 297 760 videret
316 729 382 765 quid
407 736 550 764 ageremus
573 728 602 756 in
628 732 735 755 secreto
750 728 843 763 positi.
859 727 983 762 Cumque

193 786 245 806 nos
259 781 370 804 orantes
384 776 509 807 vidisset,
526 774 700 809 exspectavit
721 774 810 801 donec
831 774 980 805 exiremus.

193 828 221 850 ct
236 823 360 850 salutans
376 829 427 848 nos
440 821 476 847 ait
494 828 501 846 :
517 820 546 847 Si
560 827 615 847 non
631 828 702 855 aegre
715 820 851 855 accipitis,
863 824 890 847 et
902 819 983 854 quasi

193 869 333 897 curiosum
353 876 396 895 me
418 872 466 894 aut
493 867 682 902 importunum
703 866 817 898 notatis,
837 867 919 893 velim
933 873 982 892 vo-

193 916 302 943 hiscum
318 914 445 942 conferre
469 920 636 944 sermonem,
654 912 718 946 quia
741 912 847 939 habens
865 912 983 939 misera-

193 961 296 988 tionem
311 959 407 991 vestri,
424 958 476 986 sub
494 959 586 993 specie
607 959 734 986 veritatis
750 966 846 986 errare
860 966 908 985 vos
919 957 981 984 nol-

193 1007 246 1034 lem
264 1010 291 1033 et
306 1006 408 1033 habere
423 1008 526 1031 metum
541 1004 575 1031 de
591 1005 634 1032 bis
649 1013 710 1040 quae
723 1012 778 1031 non
801 1009 881 1038 sunt;
898 1008 944 1031 aut
958 1004 982 1031 si

193 1053 297 1089 putatis
318 1060 380 1079 esse
405 1051 510 1086 aliquid
535 1051 604 1082 veri,
630 1050 729 1078 tradite
752 1051 834 1077 etiam
858 1049 935 1077 mihi.
953 1049 982 1077 Si

194 1107 260 1134 ergo
276 1099 412 1133 patienter
425 1097 561 1132 accipitis,
575 1104 686 1131 possum
702 1103 750 1122 vos
763 1095 857 1130 paucis
868 1095 983 1121 edocere

193 1154 254 1181 qua:
270 1150 345 1172 recta
358 1149 431 1177 sunt;
445 1144 468 1171 si
487 1151 552 1170 vero
566 1142 720 1173 molestum,
739 1149 848 1176 pergam
864 1146 889 1168 et
908 1149 984 1167 meos

194 1197 273 1220 actus
295 1199 383 1227 agam.
412 1190 463 1218 Cui
487 1189 586 1217 Petrus
602 1188 744 1224 respondit
760 1198 766 1214 :
780 1187 827 1214 Dic
843 1195 892 1222 age
911 1187 983 1221 quod

194 1238 244 1266 tibi
261 1236 369 1264 videtur
386 1236 500 1267 bonum,
518 1238 547 1261 et
570 1234 687 1260 libenter
708 1233 859 1267 accipimus
881 1233 939 1260 sive
958 1232 984 1259 id

194 1289 290 1310 verum
311 1281 370 1308 sive
390 1280 474 1308 etiam
494 1279 593 1306 falsum
614 1279 666 1311 sit;
685 1277 891 1313 amplectendus
911 1278 984 1305 enim

173 1358 176 1360 ἓ
194 1336 236 1360 es,
253 1327 318 1361 quia
338 1326 411 1362 quod
428 1326 478 1352 tibi
498 1325 599 1352 bonum
626 1324 744 1355 videtur,
761 1327 890 1358 tanquam
908 1328 985 1359 pater

195 1381 246 1409 pro
262 1373 325 1400 liliis
344 1372 479 1400 sollicitus
496 1377 671 1397 commonere
687 1370 808 1397 voluisti.

232 1419 263 1446 ll.
287 1419 359 1446 Tum
374 1418 466 1445 senior
477 1417 561 1451 coepit
570 1416 662 1443 dicere
676 1426 682 1443 :
695 1416 723 1443 ln
741 1417 809 1443 mari
825 1424 874 1443 vos
886 1417 986 1444 lavisse

195 1465 262 1496 vidi,
279 1468 307 1491 et
328 1467 389 1500 post
408 1463 460 1490 hoc
488 1463 522 1490 ad
551 1468 687 1491 secretum
710 1462 859 1490 secessisse
880 1463 985 1495 locum;

195 1510 348 1537 observans
364 1517 430 1544 ergo
441 1509 475 1536 de
491 1509 599 1536 occulto
611 1508 677 1543 quid
694 1509 720 1535 111
736 1512 843 1535 secreto
858 1508 985 1542 ageretis,

195 1560 306 1583 orantes
321 1556 445 1591 inspexi;
459 1555 607 1583 miseratus
620 1555 703 1590 igitur
718 1562 840 1582 errorem
852 1558 985 1585 vestrum,

196 1601 319 1637 opperiri
342 1601 424 1636 coepi,
455 1609 599 1636 usquequo
627 1608 755 1636 egressos
778 1599 933 1635 alloquerer
961 1604 988 1627 et

197 1649 337 1679 docerem,
356 1656 390 1675 ne
401 1648 499 1675 erretis
512 1647 538 1674 in
554 1647 711 1682 bujusmodi
730 1647 913 1679 observantia,
924 1647 987 1681 quia

197 1702 287 1730 neque
301 1693 373 1721 Deus
381 1697 423 1721 est
439 1701 528 1729 neque
543 1694 634 1721 cultus
651 1694 695 1720 bic
708 1694 809 1728 aliquis
829 1697 882 1724 est,
900 1701 988 1728 neque

199 1738 370 1774 providentia
383 1739 410 1765 in
424 1739 537 1769 mundo,
554 1738 602 1766 sed
618 1737 748 1765 fortuitus
767 1746 848 1765 casus
870 1743 989 1773 1118111111-

198 1788 237 1814 sis
255 1789 340 1820 agunt
363 1784 468 1817 omnia,
489 1785 561 1813 sicut
585 1793 636 1819 ego
653 1792 687 1812 ex
703 1784 807 1819 meipso
820 1784 988 1812 manifestis~

200 1830 269 1857 sime
286 1829 407 1865 comperi
425 1830 451 1856 111
468 1829 614 1865 disciplina
631 1829 787 1856 matheseos
804 1837 859 1864 prae
880 1830 986 1857 caeteris

199 1876 336 1903 eruditus.
348 1874 437 1903 Nolite
450 1883 516 1911 ergo
530 1883 640 1907 errare;
658 1875 715 1902 sive
728 1875 801 1902 enim
813 1876 909 1907 oretis,
927 1876 986 1904 sive

200 1930 255 1950 non
277 1922 372 1955 oretis,
387 1922 461 1957 quod
483 1922 592 1957 genesis
608 1926 700 1949 vestra
716 1922 849 1952 continet,
864 1922 916 1949 hoc
933 1923 986 1950 erit

201 1968 291 1995 vobis.
303 1967 336 1995 Et
348 1976 399 2003 ego
411 1967 537 1995 Clemens
553 1968 647 1995 nescio
668 1967 732 2002 quid
748 1968 831 1995 corde
847 1968 987 2002 pulsabar,

200 2014 286 2041 multa
298 2013 377 2048 quasi
394 2017 458 2040 nota
482 2013 549 2039 mihi
577 2013 701 2040 recolens
714 2013 739 2039 in
752 2021 802 2046 eo;
825 2013 895 2040 bene
916 2014 988 2040 enim

201 2059 241 2086 ait
255 2058 378 2094 quidam,
395 2057 460 2092 quia
472 2058 545 2093 quod
557 2066 588 2084 ex
605 2057 697 2092 aliquo
709 2061 802 2084 natum
818 2062 869 2090 est,
882 2059 989 2086 etiamsi

202 2106 289 2132 multo
304 2110 425 2139 tempore
445 2104 576 2135 abfuerit,
595 2111 733 2138 nunquam
760 2108 850 2131 tamen
872 2105 990 2132 scintilla

202 2151 417 2187 propinquitatis
433 2151 630 2185 exstinguitur.
646 2149 722 2184 Coepi
738 2157 803 2184 ergo
820 2150 991 2186 interrogare

202 2199 236 2224 ab
256 2206 299 2228 eo,
314 2197 376 2231 quis
389 2202 416 2223 ct
438 2196 509 2223 unde
527 2201 610 2228 esset,
627 2196 670 2222 vel
693 2196 830 2230 quomodo
854 2201 942 2225 ortus.
958 2199 992 2225 At

204 2245 249 2271 ille
267 2244 299 2270 ad
311 2243 369 2270 1111111
381 2242 547 2278 respondere
560 2242 658 2269 nolens
674 2252 679 2270 :
698 2242 780 2275 Quid,
799 2243 847 2275 ait,
864 2243 916 2270 hoc
929 2252 992 2278 per—

205 2291 274 2318 tinet
286 2289 321 2317 ad
348 2297 380 2317 ea
400 2297 460 2325 quin
474 2288 532 2316 dixi
546 2288 642 2316 vobis?
654 2288 707 2316 Sed
719 2289 818 2324 pritno,
834 2290 857 2316 si
874 2290 991 2322 videtur,

205 2343 297 2363 sermo
319 2334 353 2362 de
374 2335 418 2362 his
444 2341 505 2369 quae
520 2335 715 2369 proposuimus
729 2334 872 2368 habeatur,
890 2339 917 2363 et
930 2340 993 2371 post

206 2383 263 2409 haec
275 2381 298 2409 si
309 2381 346 2408 ita
359 2389 403 2408 res
414 2380 578 2416 poposcerit,
591 2388 690 2408 nomen
701 2386 728 2409 et
738 2389 824 2416 genus
833 2389 865 2408 ac
877 2382 993 2416 patriam

205 2432 231 2456 et
244 2432 342 2455 caztera
367 2435 428 2463 qua:
454 2427 512 2454 haec
541 2432 704 2462 sequuntur,
722 2427 839 2454 invicem
862 2428 940 2455 nobis
966 2433 995 2455 ut

1033 505 1122 532 neque
1137 497 1261 532 despexit
1276 497 1349 532 quod
1363 498 1427 525 vilis
1437 498 1463 525 ei
1476 498 1597 525 amictus
1611 501 1686 524 esset
1696 501 1721 524 et
1733 498 1806 524 sordi-

1033 543 1095 571 dus.
1111 543 1156 570 Ait
1180 550 1266 577 ergo:
1282 543 1417 575 Quoniam
1442 543 1553 578 quidem
1575 543 1683 570 videris
1699 543 1761 570 1111111
1773 544 1806 571 vir

1033 589 1158 617 eruditus
1175 596 1237 616 esse
1251 593 1278 616 et
1294 589 1453 617 misericors
1474 597 1508 617 ex
1521 597 1555 617 eo
1569 589 1649 624 quod
1666 589 1743 616 adisti
1757 597 1804 620 nos.

1034 640 1060 663 et
1078 635 1152 670 quod
1175 635 1225 661 tibi
1244 635 1347 661 bonum
1369 634 1514 662 videbatur
1529 635 1653 662 celatum
1673 636 1806 663 nobisesse

1033 683 1158 716 noluisti,
1173 682 1299 709 volumus
1324 687 1351 709 et
1374 689 1425 710 nos
1443 682 1492 709 tibi
1509 690 1571 717 quas
1596 682 1678 709 nobis
1704 682 1768 709 bona
1787 687 1807 709 et

1033 733 1110 756 recta
1124 729 1275 756 creduntur
1291 735 1439 763 exponere,
1454 735 1516 762 quae.
1537 728 1562 755 si
1581 727 1636 754 tibi
1651 729 1738 756 minus
1756 737 1806 755 vera

1032 770 1208 806 videbuntur,
1225 775 1310 802 etiam
1327 778 1357 802 tu
1374 778 1500 801 nostrum
1516 781 1582 809 erga
1603 777 1631 801 te
1642 774 1739 801 bonum
1756 782 1807 808 pro-

1033 821 1152 856 positum
1168 821 1284 847 libenter
1296 820 1418 854 suscipe,
1431 819 1502 847 sicut
1510 822 1538 846 et
1549 826 1604 846 nos
1620 824 1708 846 tuum.
1722 818 1805 846 Etcum

1034 868 1091 895 haec
1105 867 1209 894 diceret
1238 866 1336 894 Petrus
1348 886 1355 897 ,
1382 867 1498 901 plurima
1517 866 1671 893 multitudo
1690 867 1805 893 convenit.

1034 913 1104 940 Tum
1117 921 1201 941 senex
1216 923 1223 940 :
1240 913 1390 946 Fortassis,
1406 913 1509 947 inquit,
1524 911 1677 939 contristat
1689 919 1734 939 vos
1748 919 1802 947 prm-
1848 911 1849 941 1

1033 960 1121 987 sentia
1137 959 1331 986 multitudinis.
1341 957 1374 986 Et
1391 958 1488 985 Petrus
1500 965 1507 984 :
1521 957 1713 993 Nequaquam,
1725 958 1806 992 inquit,

1033 1005 1087 1032 nisi
1104 1005 1154 1032 boc
1169 1005 1257 1032 solum
1274 1011 1383 1035 vereor,
1397 1012 1431 1031 ne
1441 1003 1511 1031 forte
1524 1003 1730 1039 disputantibus
1742 1003 1805 1030 nobis

1033 1058 1096 1077 cum
1112 1051 1205 1085 palam
1222 1050 1293 1077 facta
1309 1050 1394 1077 fuerit
1408 1049 1511 1077 veritas
1522 1053 1552 1076 tu
1567 1049 1755 1076 verecundiam
1769 1057 1806 1083 pa-

1034 1096 1112 1122 tiaris
1130 1104 1179 1130 pro
1195 1096 1340 1130 praesentia
1362 1095 1547 1122 multitudinis
1557 1095 1660 1122 cedere
1675 1100 1701 1122 et
1714 1096 1803 1129 acquie-

1035 1149 1114 1168 scere
1130 1141 1173 1168 hls
1188 1149 1248 1175 qua:
1267 1149 1329 1168 vera
1347 1140 1400 1167 dici
1417 1141 1601 1168 intellexeris.
1619 1140 1659 1166 Ad
1677 1140 1729 1167 haec
1740 1148 1804 1166 senex

1036 1186 1075 1212 ait
1093 1195 1099 1212 :
1116 1185 1173 1221 Ego
1194 1193 1249 1213 non
1272 1185 1309 1212 ita
1334 1185 1435 1213 stultus
1454 1185 1602 1217 consenui,
1625 1189 1656 1212 ut
1675 1186 1806 1219 intelligens

1034 1233 1108 1268 quod
1121 1241 1215 1260 verum
1230 1238 1284 1267 est,
1296 1234 1413 1260 abnuam
1426 1233 1454 1260 id
1470 1233 1504 1260 ad
1517 1233 1593 1268 vulgi
1611 1234 1734 1268 gratiam.

1071 1280 1116 1308 iV.
1130 1279 1218 1315 Ccepit
1233 1288 1299 1315 ergo
1309 1279 1407 1307 Petrus
1421 1280 1515 1307 dicere
1531 1288 1538 1305 :
1553 1278 1692 1307 Videntur
1705 1278 1762 1305 1111111
1774 1278 1802 1310 lii,
1848 1279 1849 1289 ‘

1035 1327 1081 1362 qui
1102 1327 1253 1361 loquuntur
1271 1326 1384 1353 verbum
1408 1326 1534 1354 veritatis
1557 1329 1586 1353 et
1605 1326 1654 1361 qui
1673 1326 1804 1352 illuminant

1036 1373 1143 1400 animas
1164 1372 1319 1403 hominum,
1341 1371 1446 1399 similes
1463 1379 1525 1399 esse
1540 1371 1629 1398 radiis
1645 1372 1719 1403 solis,
1733 1371 1771 1406 qui
1783 1373 1803 1397 ut

1037 1418 1222 1454 processerint
1232 1421 1259 1444 et
1273 1417 1452 1452 apparuerint
1465 1418 1580 1448 mundo,
1600 1418 1684 1445 celari
1697 1418 1759 1444 ultra
1768 1421 1803 1443 aut
1848 1422 1849 1454 j

1036 1465 1170 1492 occultari
1184 1465 1342 1491 nullatenus
1360 1468 1486 1499 possunt,
1506 1464 1571 1491 dum
1590 1473 1647 1491 non
1663 1469 1714 1491 tam
1729 1464 1802 1491 viden-
1848 1450 1849 1499 1

1037 1515 1083 1538 tur
1093 1511 1127 1538 ab
1139 1510 1307 1542 hominibus,
1323 1517 1406 1544 quam
1426 1509 1519 1536 videre
1535 1510 1668 1536 omnibus
1686 1512 1800 1544 pnestant.

1038 1556 1116 1584 Unde
1141 1560 1168 1583 et
1196 1556 1265 1583 bene
1290 1563 1305 1582 a
1330 1555 1449 1590 quodam
1469 1555 1573 1582 dictum
1601 1559 1645 1582 est
1660 1556 1690 1582 ad
1704 1555 1802 1582 veritalis

1038 1610 1177 1638 praecones
1195 1610 1200 1627 :
1226 1602 1274 1629 Vos
1289 1601 1352 1628 estis
1369 1601 1415 1627 lux
1435 1601 1537 1632 mundi,
1555 1606 1579 1628 et
1603 1610 1654 1628 non
1668 1606 1743 1636 potest
1754 1600 1802 1626 ciri-

1038 1654 1079 1676 tas
1099 1647 1225 1675 abscondi
1241 1656 1323 1682 supra
1338 1652 1450 1673 montem
1470 1647 1568 1680 posita,
1586 1654 1669 1682 neque
1683 1645 1801 1672 accendunt

1039 1695 1175 1721 lucernam
1195 1699 1219 1720 et
1235 1698 1336 1728 ponunt
1351 1701 1410 1719 eam
1425 1693 1473 1719 sub
1489 1693 1590 1725 modio,
1610 1692 1655 1720 sed
1671 1700 1740 1726 super
1751 1699 1801 1717 cau-

1038 1741 1177 1768 delabrum
1193 1745 1222 1767 111
1238 1739 1360 1767 omnibus
1382 1740 1466 1766 luceat
1484 1740 1528 1774 qui
1544 1740 1571 1765 in
1587 1739 1666 1765 domo
1677 1737 1766 1765 sunt".
1778 1735 1802 1761 Ει

1040 1796 1122 1815 senex
1140 1787 1232 1814 :Bene
1250 1786 1329 1813 valde
1346 1786 1426 1817 dixit,
1439 1786 1566 1821 quisquis
1582 1786 1630 1813 ille
1641 1789 1691 1812 est.
1709 1783 1754 1811 Sed
1765 1790 1801 1809 ex-

1040 1837 1124 1868 ponat
1151 1833 1252 1867 aliquis
1267 1838 1400 1863 vestrum,
1416 1833 1489 1866 quod
1505 1832 1555 1858 sibi
1571 1830 1731 1866 sequendum
1744 1828 1801 1854 vide-

1039 1886 1095 1910 tur,
1109 1884 1138 1906 ut
1149 1879 1183 1905 ad
1201 1882 1306 1907 eertum
1322 1882 1496 1913 prospectum
1510 1877 1669 1904 emittamus
1685 1880 1801 1903 sermones

1040 1931 1161 1953 nostros.
1181 1924 1240 1951 Non
1258 1925 1331 1951 enim
1347 1923 1445 1950 sulIicit
1460 1924 1494 1950 ad
1510 1923 1699 1950 inveniendam
1715 1921 1797 1948 verita-

1040 1977 1094 2000 tem
1108 1972 1249 1998 destruere
1271 1978 1313 2001 ea,
1331 1978 1392 2004 qua:
1408 1977 1423 1997 e
1437 1969 1546 1996 diverso
1568 1968 1706 1999 dicuntur,
1721 1965 1761 1993 sed
1779 1968 1798 1991 et

1042 2019 1131 2053 ipsum
1150 2017 1274 2052 proferre
1301 2017 1329 2042 in
1348 2016 1478 2047 medium,
1494 2015 1566 2049 quod
1589 2015 1675 2050 possit
1693 2014 1733 2048 qui
1745 2011 1798 2039 edi-

1042 2070 1123 2091 vcrso
1146 2066 1189 2090 est
1216 2063 1386 2097 impugnare.
1417 2061 1452 2088 Ut
1472 2069 1538 2096 ergo
1567 2061 1682 2096 partium
1696 2060 1796 2092 sitzequa

1042 2107 1212 2143 congressio,
1235 2111 1339 2134 rectum
1362 2106 1429 2133 mihi
1462 2106 1569 2133 videtur
1596 2110 1625 2133 ut
1649 2106 1731 2140 prius.
1749 2102 1796 2137 quid

1042 2159 1159 2188 uterque
1183 2157 1309 2181 nostrum
1329 2152 1470 2184 defendat,
1487 2152 1627 2185 enuntiet;
1640 2156 1666 2179 et
1684 2151 1704 2178 si
1721 2150 1794 2185 piam,

1039 2201 1097 2235 ipse
1109 2202 1213 2235 primus
1225 2200 1363 2234 incipiam.
1381 2199 1436 2233 Ego
1449 2199 1521 2231 dico,
1541 2207 1594 2226 non
1610 2198 1745 2226 secundum
1762 2193 1794 2220 Dei

1039 2246 1235 2281 providentiam
1254 2247 1398 2281 gubernari
1417 2245 1559 2278 mundum,
1574 2248 1637 2279 quia
1651 2243 1725 2270 multa
1739 2242 1759 2268 iu
1772 2247 1794 2266 co

1039 2290 1139 2323 injuste
1165 2294 1192 2317 et
1216 2290 1369 2317 inordinate
1395 2289 1451 2323 geri
1471 2289 1609 2322 videmus,
1628 2289 1671 2316 sed
1701 2285 1793 2322 genesim

1038 2336 1099 2363 dico
1116 2343 1186 2369 esse,
1204 2343 1266 2371 qua!
1280 2335 1371 2363 omnia
1388 2336 1442 2370 agit
1456 2340 1485 2362 ct
1500 2335 1634 2362 continet.

1081 2383 1113 2411 V.
1134 2383 1174 2410 Ad
1187 2383 1245 2410 haec
1255 2390 1316 2409 cum
1330 2382 1428 2410 Petrus
1446 2382 1612 2416 respondere
1626 2381 1708 2408 vellet.
1725 2378 1794 2405 Niceta

1045 2429 1214 2463 praeveniens
1227 2429 1265 2455 ait
1280 2438 1287 2456 -.
1306 2428 1447 2463 ludulgeat
1462 2428 1529 2454 1111111
1548 2427 1673 2454 dominus
1688 2431 1750 2452 meus
1759 2422 1792 2449 Pc-

206 2474 286 2501 amici
298 2474 395 2501 amicis
411 2474 562 2509 poterimus
578 2474 696 2508 aperire.
715 2473 884 2501 Mirabamur
898 2477 991 2500 tamen
1008 2484 1030 2510 ι)
1045 2479 1103 2502 trus
1119 2475 1152 2501 ad
1169 2475 1225 2502 lucc
1240 2475 1413 2509 respondere,
1427 2478 1453 2501 et
1466 2482 1523 2501 non
1544 2474 1663 2501 videatur
1671 2474 1793 2506 protervum

206 2527 302 2546 omnes
331 2519 515 2554 eloquentiam
547 2519 615 2551 viri,
642 2523 670 2547 et
695 2519 856 2555 gravitatem
885 2526 993 2546 morum

207 2564 488 2600 tranquillitatemque
503 2565 651 2593 sermonis.

243 2611 287 2638 111.
308 2611 406 2639 Parus
430 2615 521 2639 autem
556 2611 658 2639 sensim
684 2611 894 2639 sermocinando
921 2611 995 2639 ince-

207 2657 286 2689 ilcus,
303 2661 487 2693 opportunum
511 2657 544 2684 ad
569 2657 781 2692 colloquendum
807 2656 939 2691 prospicit
954 2656 996 2683 lo-

206 2711 280 2730 ('lltll.
298 2703 332 2731 Et
352 2712 414 2731 cum
434 2704 600 2739 pervidisset
619 2703 698 2738 juxta
719 2707 827 2739 portum
852 2710 993 2730 recessum

207 2750 352 2783 quemdam
371 2755 519 2782 secretum,
541 2750 661 2778 residere
687 2757 737 2778 nos
760 2749 833 2783 fecit,
849 2752 876 2777 ct
889 2749 924 2776 ita
942 2749 997 2784 pri-

979 2817 1001 2828 ν

286 2841 378 2869 ⁸⁸11111,
401 2851 426 2875 v,
444 2842 544 2876 14,15.

1044 2520 1116 2556 quod
1129 2521 1239 2555 juvenis
1255 2528 1316 2548 eum
1339 2528 1403 2548 sene
1424 2519 1580 2547 conﬂictum
1596 2519 1710 2547 habeam,
1726 2513 1762 2542 sed
1775 2516 1793 2538 ul

1046 2567 1118 2594 [ilius
1140 2574 1203 2593 cum
1225 2570 1302 2601 patre
1316 2567 1467 2601 colloquar.
1487 2564 1519 2592 Et
1537 2574 1620 2593 senex
1638 2574 1644 2591 :
1660 2563 1710 2590 Non
1727 2560 1792 2588 solum

1047 2617 1087 2643 tu,
1113 2612 1214 2647 inquit,
1235 2612 1284 2643 liii,
1311 2612 1382 2647 quod
1409 2612 1456 2639 tibi
1483 2612 1590 2639 videtur
1605 2615 1633 2637 ut
1654 2603 1791 2644 prosequaris

1046 2659 1118 2690 volo,
1136 2658 1185 2686 sed
1205 2663 1231 2685 et
1244 2659 1267 2686 si
1283 2659 1330 2693 qui
1350 2666 1382 2685 ex
1400 2657 1543 2684 sodalibus
1562 2657 1625 2688 tuis,
1642 2655 1663 2683 Si
1678 2652 1718 2689 qui
1732 2651 1791 2678 etiam

1048 2703 1082 2730 de
1099 2703 1251 2731 astantibus
1275 2703 1383 2731 videtur
1402 2702 1474 2729 scire
1501 2701 1615 2737 aliquid,
1640 2699 1789 2727 incunctanlel

1051 2750 1180 2785 proferat,
1203 2750 1318 2778 libenter
1337 2749 1503 2783 accipimus;
1528 2748 1634 2775 collatio
1651 2745 1713 2774 enim
1729 2738 1788 2779 pluri-
