1873 3095
49 150 120 178 I573

653 144 936 175 RECOGNITIONUM
957 145 1022 172 ιω.
1045 144 1109 172 νιιι.

1611 144 1682 173 ηπ

47 215 158 234 morum
179 206 289 235 facilius
301 214 333 235 ea
353 214 413 242 quae
427 206 588 241 ignorantur
600 204 719 232 inveniet
731 203 764 231 ⁵⁵.
775 202 844 230 Tum
858 205 882 233 Α
898 202 974 237 prius
993 202 1095 233 dicere.
1118 201 1176 230 sive
1190 201 1242 229 hoc
1263 202 1352 237 magis
1367 201 1455 236 placet
1469 206 1498 230 ut
1511 210 1562 238 ego
1577 202 1680 235 dicam,

46 253 113 288 ergo
131 252 234 280 Niceta
258 253 420 288 respondit:
436 251 496 279 Non
525 259 568 278 me
591 251 728 282 aestimes,
750 248 843 282 Pater,

46 303 153 327 temere
176 290 290 333 fecisse,
313 299 388 334 quod
415 298 519 326 inserui
543 306 586 325 me
607 296 781 325 sermonibus
795 295 845 322 do-

45 345 115 372 mini
140 345 201 373 mei
226 345 309 376 Petri,
326 345 375 372 sed
398 345 485 380 magis
505 351 555 379 pro
582 343 687 370 honore
711 342 772 377 ejus
792 342 845 369 hoc

46 391 112 417 mihi
130 390 228 418 facere
241 391 320 418 visus
334 398 406 418 sum.
425 389 513 417 Homo
528 389 602 417 enim
617 388 665 417 Dei
678 393 731 420 est,
746 388 844 423 plenus

44 437 132 464 totius
150 436 289 467 scientiae,
307 443 389 471 quem
400 443 435 463 ne
446 435 539 462 Graaca
550 433 660 470 quidem
674 434 738 461 latet
753 434 843 461 erudi-

45 484 94 514 tio,
110 483 183 518 quia
203 482 307 517 Spiritu
323 481 371 510 Dei
384 482 504 517 repletus
519 486 562 509 est
579 487 661 516 quem
676 480 745 508 nihil
767 481 842 508 latet.

44 529 100 557 Sed
118 530 191 565 quia
206 530 257 565 ipsi
277 529 311 557 de
325 529 484 557 coelestibus
499 528 574 563 loqui
586 528 727 560 convenit,
744 535 795 562 ego
809 527 844 555 de

44 577 88 604 his
101 584 170 612 quae
189 576 223 603 ad
239 575 397 603 Graecorum
419 574 615 610 loquacitatem
633 574 781 608 pertinent,
800 581 844 600 re-

43 622 206 658 spondebo.
235 620 334 648 Postea
360 627 426 648 vero
447 627 530 655 quam
552 626 567 645 a
583 619 663 646 nobis
685 617 843 646 Graecorum

42 674 122 694 more
147 665 236 693 fuerit
259 665 440 700 disputatum,
457 668 540 699 atque
558 663 592 690 ad
612 663 639 690 id
660 667 783 695 ventum,
798 663 843 690 ubi

41 712 138 739 exitus
160 711 258 739 nullus
281 713 421 745 appareat,
447 712 513 736 tunc
538 709 597 744 ipse
624 709 703 744 quasi
728 709 844 736 scientia

42 758 92 784 Dei
110 758 251 792 repletus,
276 760 370 792 aperte
393 760 421 784 et
444 755 565 783 dilucide
580 762 671 782 rerum
687 755 767 782 nobis
784 762 844 782 om-

42 805 122 831 nium
143 803 295 839 patefaciet
316 803 470 835 veritatem,
487 806 517 829 ut
531 809 586 829 non
601 802 692 829 solum
715 808 777 833 nos,
794 801 843 828 sed

41 855 69 879 et
85 857 192 877 omnes
210 849 257 885 qui
274 853 374 884 praesto
400 853 465 876 sunt
485 847 638 879 auditores,
654 848 725 874 viam
742 847 842 875 verita-

41 896 77 923 tis
94 899 269 931 agnoscant.
286 895 319 921 Et
337 894 398 922 ideo
417 901 491 921 nunc
507 894 565 929 ipse
583 893 663 928 quasi
677 893 781 920 arbiter
795 901 840 920 se-
858 885 878 911 Β

40 942 118 973 deat,
139 945 173 968 ut
196 948 259 968 cum
284 947 355 967 unus
371 939 470 974 aliquis
486 947 520 967 ex
536 939 615 966 nobis
631 939 758 971 cesserit,
774 942 842 966 tunc

38 987 101 1023 ipse
114 987 278 1021 suscipiens
294 985 475 1012 indubitatam
491 985 655 1013 sententiam
671 984 751 1012 l'erat.

76 1033 125 1061 Vl.
150 1032 218 1059 Hart:
236 1039 298 1059 cum
323 1031 440 1058 dixisset
456 1030 562 1061 Nieeta.
587 1029 615 1056 bi
639 1030 685 1065 qui
710 1037 843 1057 convene-

39 1082 105 1106 rant
132 1079 213 1105 inter
233 1077 394 1112 semetipsos
413 1076 641 1112 colloquebantur
661 1084 668 1103 :
691 1075 777 1102 Hicne
800 1079 842 1103 est

39 1125 86 1152 ille
110 1131 201 1158 quem
222 1122 400 1150 audiebamus
424 1120 532 1153 Petrus,
550 1121 623 1148 illius
639 1120 686 1156 qui
705 1120 732 1147 in
748 1119 839 1148 Judaea

39 1171 177 1205 apparuit
194 1173 221 1197 et
239 1169 317 1203 signa
338 1175 371 1195 ac
390 1167 505 1194 virtutes
519 1166 652 1201 plurimas
666 1166 742 1198 fecit,
757 1166 842 1193 disci-

38 1216 127 1250 putus
143 1213 377 1251 probatissimus?
391 1212 424 1239 Et
443 1212 616 1239 intendentes
636 1212 665 1239 in
686 1219 760 1244 eum,
777 1219 840 1238 eum

39 1262 146 1289 timore
176 1268 210 1288 ac
233 1260 407 1288 veneratione
432 1259 537 1294 ingenti
566 1259 692 1290 stabant,
709 1262 840 1293 tanquam

39 1309 107 1336 boni
124 1308 203 1335 servi
219 1307 352 1334 honorem
377 1307 488 1334 domino
504 1305 669 1333 deferentes.
690 1305 770 1339 Quod
793 1305 841 1333 ubi

39 1352 148 1380 Petrus
166 1352 266 1384 sensit,
286 1352 323 1378 ait
339 1351 373 1379 ad
388 1359 456 1379 eos:
470 1351 609 1378 Attentius
624 1350 778 1384 audiamus,
796 1358 842 1379 re-

40 1403 119 1426 ctum
131 1402 261 1426 tenentes
273 1398 407 1432 judicium
415 1397 449 1425 de
461 1398 502 1425 his
513 1405 573 1433 qua).
584 1397 710 1425 dicentur
719 1398 753 1425 ab
766 1402 841 1425 utro-

40 1453 108 1480 que,
124 1449 155 1473 et
169 1448 231 1479 post
248 1445 370 1479 ipsorum
386 1443 553 1476 conﬂictum,
565 1444 638 1479 quod
653 1444 840 1471 necessarium

41 1491 138 1519 visum
152 1489 246 1522 luerit,
261 1491 394 1518 addemus
410 1494 437 1518 et
452 1498 513 1518 nos.
530 1490 562 1517 Et
577 1497 639 1518 eum
659 1491 716 1518 haec
727 1490 841 1518 dixisset

42 1537 161 1569 Petrus,
180 1537 280 1573 gavisa:
300 1541 365 1564 sunt
383 1537 478 1564 turbae.
497 1536 590 1564 Niceta
607 1544 672 1563 vero
687 1536 777 1565 dicere
789 1536 841 1564 hoc

43 1584 131 1611 modo
158 1591 307 1619 aggressus
336 1589 378 1611 est
395 1593 401 1610 :
417 1583 551 1615 Delinisti,
577 1581 669 1614 Pater,
690 1582 764 1617 quod
786 1589 841 1609 non

44 1638 95 1665 per
111 1630 164 1657 Dei
182 1630 379 1665 providentiam
396 1629 515 1656 mundus
539 1632 661 1663 regatur,
679 1628 727 1655 sed
749 1628 841 1655 omnia

43 1674 146 1708 genesi
175 1673 347 1708 subjaceant,
384 1673 427 1700 vel
453 1681 514 1708 qua:
541 1673 576 1699 ad
603 1680 692 1700 mores
710 1673 842 1700 uniuscu-

42 1720 153 1756 jusque
166 1721 207 1748 vel
227 1728 288 1755 qua:
303 1721 336 1747 ad
357 1725 434 1755 gesta
450 1719 596 1755 pertinent.
612 1718 654 1746 Ad
671 1727 732 1754 qua:
746 1720 840 1747 statim

45 1766 164 1800 quidem
181 1767 256 1800 potui
273 1765 447 1800 respondere,
463 1765 511 1792 sed
528 1765 592 1800 quia
607 1765 713 1800 justum
723 1768 766 1792 est
781 1773 840 1792 ser-

45 1819 116 1839 vare
145 1812 282 1844 ordinem,
306 1811 452 1839 deﬁnimus
476 1815 503 1839 et
527 1819 577 1838 nos
600 1811 666 1846 quid
686 1815 840 1844 teneamus,

45 1858 124 1885 sicut
151 1859 209 1893 ipse
227 1858 285 1885 ﬁeri
301 1858 416 1892 rogasti.
435 1858 491 1893 Ego
514 1857 576 1885 dico
598 1857 770 1892 providentia
792 1857 841 1885 Dei

46 1905 203 1939 gubernari
219 1904 361 1936 mundum,
380 1904 407 1930 in
427 1903 470 1931 his
485 1903 617 1930 duntaxat
630 1911 690 1938 quae
704 1904 841 1939 guberna-

45 1952 128 1978 tione
150 1951 211 1985 ejus
227 1950 360 1985 indigent.
386 1949 464 1977 Unus
479 1953 521 1977 est
539 1949 614 1977 enim
631 1949 723 1976 omnia
743 1954 841 1978 tenens

43 1997 96 2031 qui
129 2000 157 2023 et
179 1995 312 2023 mundum
330 1996 404 2029 fecit,
419 1996 512 2030 justus
528 1995 611 2028 Deus,
634 1997 783 2031 unicuique
797 2004 841 2024 se-

45 2040 177 2069 cundum
188 2044 265 2075 gesta
281 2049 330 2069 sua
345 2041 510 2076 quandoque
522 2041 692 2068 redditurus.
705 2040 776 2068 Ecce
789 2041 839 2068 ha-

47 2087 100 2114 bes
118 2089 148 2113 et
159 2089 282 2114 nostram
298 2085 500 2120 deﬁnitionem;
517 2094 592 2114 nunc
614 2086 687 2121 quod
698 2086 739 2114 vis
750 2094 843 2122 prose-

47 2139 151 2167 quere,
163 2131 206 2159 vel
223 2139 284 2159 mea
295 2131 452 2164 destruens,
469 2132 512 2160 vel
528 2136 574 2159 tua
590 2139 730 2164 asserens,
747 2136 777 2159 ut
790 2140 842 2167 ego

48 2179 95 2206 bis
113 2186 175 2214 quae
193 2186 208 2205 a
228 2182 254 2206 te
277 2181 488 2213 prosequentur,
510 2185 667 2206 occurram.
685 2178 739 2206 Aut
757 2179 781 2206 si
797 2186 841 2207 me

50 2226 94 2253 vis
117 2225 235 2260 priorem
246 2225 348 2255 dicere,
362 2231 418 2250 non
434 2225 572 2252 morabor.

88 2271 148 2299 Vil.
169 2271 202 2298 Et
226 2279 309 2300 senex
334 2270 494 2306 respondit:
511 2271 575 2299 Sive
595 2272 646 2299 tibi
671 2272 770 2308 placet,
789 2272 837 2305 ﬁli,

895 247 963 274 nihil
984 247 1107 278 interest,
1124 248 1197 282 apud
1219 255 1266 276 eos
1282 248 1430 282 prlecipue,
1445 248 1492 283 qui
1510 248 1583 276 bona
1601 249 1682 277 venia

894 292 1046 326 disputant.
1071 292 1119 320 Dic
1144 297 1236 320 tamen
1257 298 1286 320 tu
1307 294 1393 328 prior,
1419 294 1537 322 libenter
1563 295 1681 331 accipio,

894 342 976 373 atque
992 339 1094 366 utinam
1111 339 1201 373 possis
1215 339 1297 366 etiam
1311 347 1372 374 quae
1388 347 1403 366 a
1420 347 1463 367 me
1487 340 1602 368 dicenda
1619 347 1684 369 sunt

894 386 1034 420 prosequi,
1051 390 1133 421 atque
1148 385 1191 413 his
1205 393 1266 421 quae
1278 386 1417 413 contraria
1431 391 1495 414 sunt
1509 387 1641 421 objicere,
1655 391 1682 414 et

894 439 928 458 ex
949 435 1127 467 utrorumque
1144 432 1293 459 collatione
1307 431 1451 460 ostendere
1466 433 1619 460 veritatem.
1635 432 1683 459 Ni-

894 483 953 506 ceta
972 479 1112 514 respondit
1127 488 1133 505 :
1149 478 1177 506 Si
1200 479 1253 509 vis,
1277 478 1375 514 inquit,
1392 486 1503 513 possum
1525 480 1607 506 etiam
1621 483 1683 506 tuas

894 528 986 559 partes
1006 525 1107 556 dicere,
1127 528 1154 552 et
1177 525 1211 552 ad
1238 525 1295 551 haec
1321 524 1495 559 respondere.
1519 524 1552 552 Et
1575 533 1680 552 senex:

893 570 1013 598 Ostende
1033 571 1099 598 mihi
1120 571 1207 606 prius.
1229 571 1368 606 quomodo
1389 575 1467 606 potes
1489 572 1560 599 scire
1576 579 1606 599 ea
1620 580 1682 607 qua:

894 618 1016 644 nondum
1031 617 1139 644 locutus
1153 624 1224 648 sum,
1242 621 1269 644 et
1284 617 1321 644 ita
1336 617 1384 643 tibi
1399 617 1521 650 credam,
1533 617 1606 653 quod
1619 626 1682 652 par-

893 667 936 691 tes
948 671 1023 690 meas
1037 663 1166 698 prosequi
1183 663 1283 697 possis.
1297 662 1331 690 Et
1344 663 1439 690 Niceta
1454 673 1460 690 :
1475 661 1565 696 Secta,
1581 663 1681 698 inquit,

894 713 940 737 tua
955 714 982 737 et
997 709 1131 737 sententia
1146 716 1229 743 quam
1245 708 1375 741 deﬁnisti,
1409 708 1554 736 manifesta
1579 713 1621 737 est
1639 710 1682 738 his

894 755 941 791 qui
955 755 1057 782 eruditi
1073 759 1138 782 sunt
1158 755 1185 782 in
1200 754 1357 789 bujusmodi
1372 754 1536 790 disciplinis,
1551 759 1683 791 certaque

894 805 936 830 est
946 801 1006 836 ejus
1019 800 1226 836 consequentia.
1240 800 1273 828 Et
1283 801 1347 835 quia
1362 808 1412 836 ego
1427 809 1481 828 non
1493 809 1553 828 sum
1569 801 1682 837 ignarus

894 856 955 884 qure
977 849 1032 875 sint
1056 847 1229 875 deﬁnitiones
1249 847 1485 882 philosophorum,
1502 855 1535 875 ex
1557 847 1600 875 his
1618 855 1680 883 quae

893 893 1071 931 proposuisti,
1102 893 1168 928 quid
1196 897 1382 929 consequatur
1411 900 1541 928 agnoseo,
1563 893 1682 920 maxime

893 941 958 976 quia
975 949 1031 976 prae
1052 940 1157 968 caeteris
1179 939 1350 974 philosophis
1374 938 1485 974 Epicuri
1502 939 1611 966 scholas
1626 939 1682 966 l're-

892 987 1033 1023 quentavi.
1059 985 1156 1014 Frater
1175 990 1266 1012 autem
1289 992 1367 1012 meus
1382 984 1493 1019 Aquila,
1510 985 1598 1019 magis
1612 984 1682 1021 Pyr-

892 1032 1006 1060 rhonios
1023 1035 1135 1059 secutus
1149 1034 1201 1060 est.
1216 1030 1286 1057 alius
1305 1032 1396 1056 autem
1413 1029 1498 1056 frater
1512 1033 1606 1057 noster
1619 1028 1683 1056 Pla-

892 1077 1000 1105 tonicos
1014 1080 1042 1104 et
1060 1076 1250 1104 Aristotelicos
1265 1075 1339 1110 (£8);
1361 1074 1455 1109 itaque
1476 1081 1538 1101 cum
1564 1074 1682 1101 eruditis

893 1123 941 1151 tibi
950 1122 1121 1150 auditoribus
1128 1129 1218 1149 sermo
1224 1124 1276 1149 est.
1285 1119 1355 1147 Tum
1366 1127 1450 1147 senex
1465 1129 1471 1147 :
1489 1119 1571 1152 Bene,
1580 1120 1679 1155 inquit,

892 1173 920 1197 et
926 1172 1126 1204 consequenter
1132 1166 1261 1197 docuisti,
1270 1165 1407 1201 quomodo
1416 1173 1448 1193 ex
1461 1166 1502 1194 his
1513 1173 1574 1201 quae
1581 1173 1682 1201 propo-

893 1215 953 1243 sitae
968 1218 1032 1242 sunt
1046 1213 1262 1244 deﬁnitionibus,
1270 1212 1351 1238 etiam
1363 1219 1394 1239 ea
1402 1219 1464 1247 quae
1474 1217 1684 1247 consequuntur

893 1260 1058 1288 adverteres.
1071 1258 1124 1286 Sed
1136 1266 1187 1293 ego
1202 1258 1319 1293 amplius
1334 1258 1437 1293 aliquid
1449 1257 1591 1293 professus
1608 1266 1682 1290 sum.

892 1313 975 1342 quam
1005 1306 1088 1333 sentit
1115 1305 1265 1340 Epicurus,
1293 1304 1358 1338 quia
1385 1303 1525 1331 introduxi
1549 1305 1681 1339 genesim,

891 1360 1005 1386 eamque
1014 1359 1124 1378 causam
1140 1351 1260 1378 omnium
1272 1356 1410 1386 gestorum
1422 1351 1579 1379 hominibus
1591 1352 1681 1387 posui.
1711 1368 1719 1376 ε

927 1396 996 1425 Vill.
1017 1397 1141 1432 Cumque
1159 1396 1217 1424 haec
1239 1404 1322 1424 senex
1342 1396 1467 1430 dixisset,
1491 1405 1540 1433 ego
1556 1397 1682 1425 Clemens

893 1442 937 1470 aio
950 1442 984 1469 ad
1000 1450 1062 1470 eum
1080 1450 1086 1467 :
1104 1442 1185 1475 Audi,
1202 1441 1292 1474 Pater,
1301 1441 1323 1468 si
1335 1446 1387 1469 ate
1399 1442 1482 1470 frater
1493 1450 1571 1470 meus
1586 1442 1682 1471 Niceta

893 1489 1054 1520 obtinuerit,
1068 1489 1133 1523 quia
1153 1496 1208 1515 non
1229 1489 1289 1516 sine
1306 1488 1353 1516 Dei
1369 1489 1541 1524 providentia
1562 1489 1682 1518 mundus

894 1535 996 1570 agitur,
1018 1535 1047 1561 in
1065 1535 1117 1561 ista
1133 1538 1210 1569 parte
1228 1542 1289 1569 qua:
1312 1539 1439 1569 superest
1454 1534 1488 1562 de
1504 1535 1610 1569 genesi.
1629 1543 1681 1571 ego

895 1580 944 1607 tibi
958 1584 1054 1615 potero
1070 1579 1251 1614 respondere;
1266 1584 1308 1607 est
1322 1580 1393 1607 enim
1409 1581 1475 1607 mihi
1489 1581 1585 1607 notitia
1598 1581 1681 1616 hujus

894 1626 1025 1653 scientiae.
1041 1625 1074 1652 Et
1084 1633 1146 1652 cum
1158 1626 1215 1653 haec
1225 1626 1369 1658 dixissem,
1383 1626 1467 1654 l'rater
1479 1635 1557 1656 meus
1567 1627 1681 1664 Aquila:

893 1671 963 1704 Quid
982 1679 1094 1699 necesse
1116 1675 1169 1703 est,
1181 1671 1281 1706 inquit,
1296 1678 1326 1698 ut
1341 1679 1403 1699 eum
1418 1676 1523 1707 patrem
1539 1681 1681 1705 vocemus.

893 1726 955 1745 cum
972 1718 1000 1745 in
1014 1717 1152 1744 mandatis
1167 1717 1316 1744 habeamus
1331 1718 1467 1745 neminem
1484 1726 1567 1753 super
1579 1724 1682 1747 terram

893 1769 998 1800 patrem
1013 1763 1133 1790 vocare?
1147 1762 1179 1788 Et
1194 1767 1256 1797 post
1276 1763 1333 1790 haec
1344 1764 1495 1798 respiciens
1511 1765 1545 1791 ad
1560 1772 1655 1792 senem
1669 1773 1677 1792 :

892 1809 954 1837 Non
978 1809 1121 1844 injuriose,
1144 1809 1243 1844 inquit,
1272 1809 1404 1844 accipias,
1421 1809 1513 1842 Pater,
1536 1811 1610 1846 quod
1627 1810 1683 1838 fra-

894 1859 964 1884 trem
987 1863 1078 1883 meum
1104 1855 1223 1891 culpavi,
1240 1855 1303 1890 quia
1327 1859 1355 1883 te
1369 1860 1474 1891 patrem
1490 1862 1617 1891 vocaret;
1633 1857 1682 1884 ha-

893 1903 990 1930 bemus
1004 1901 1078 1929 enim
1101 1901 1156 1928 tale
1184 1900 1355 1934 mandatum,
1371 1908 1406 1928 ne
1432 1901 1551 1936 aliquem
1567 1902 1681 1930 nomine

893 1948 948 1976 isto
976 1947 1127 1975 vocitemus
1137 1947 1170 1974 ".
1191 1947 1314 1980 Cumque
1344 1947 1401 1974 haec
1428 1947 1543 1975 dixisset
1568 1948 1679 1983 Aquila,

883 1995 955 2031 ,risit
981 1994 1103 2021 omnium
1129 1994 1275 2021 astantium
1303 1997 1391 2021 coetus
1410 2001 1463 2021 una
1486 2002 1549 2021 cum
1574 2002 1640 2022 sene
1654 1998 1683 2023 et

886 2037 984 2068 Petro.
1000 2039 1098 2075 Aquila
1114 2043 1204 2066 autem
1218 2038 1375 2073 requirente
1385 2046 1507 2072 causam,
1522 2048 1572 2067 cur
1585 2048 1683 2069 omnes

893 2086 1016 2118 riserint,
1035 2085 1077 2113 aio
1089 2085 1124 2112 ad
1143 2092 1206 2112 eum
1222 2094 1228 2111 :
1244 2084 1322 2117 Quod
1337 2089 1365 2111 tu
1383 2085 1410 2112 in
1423 2093 1478 2120 quo
1490 2086 1559 2113 alios
1574 2086 1681 2121 culpas,

893 2133 919 2160 id
934 2133 992 2168 ipse
1006 2133 1083 2163 lacis,
1096 2131 1142 2166 qui
1153 2139 1246 2159 senem
1257 2131 1437 2165 appellaveris
1452 2135 1567 2167 patrem.
1583 2132 1618 2159 At
1636 2133 1683 2160 ille

893 2179 1022 2214 negabat,
1037 2178 1132 2205 dicens
1142 2176 1222 2204 :Vere
1236 2177 1332 2205 nescio
1345 2177 1368 2205 si
1383 2185 1445 2205 eum
1458 2182 1563 2212 patrem
1574 2179 1680 2206 vocavi.

855 2219 879 2247 Ῑ)
893 2225 997 2252 Interea
1009 2224 1106 2252 Petrus
1121 2223 1280 2251 movebatur
1290 2224 1494 2259 suspicionibus
1504 2225 1680 2260 quibusdam,

895 2273 966 2300 sicut
994 2272 1052 2306 ipse
1077 2271 1156 2298 nobis
1182 2270 1321 2298 enarravit
1341 2271 1527 2305 postmodum,
1540 2275 1568 2299 et
1591 2271 1683 2307 respi-

91 2365 116 2381 "
132 2364 199 2397 Qua:
210 2368 364 2399 sequuntur
374 2371 461 2398 usque
477 2364 511 2391 ad
524 2363 603 2391 ﬁnem
617 2364 699 2399 hujus
715 2364 787 2397 libri,
802 2364 922 2392 breviter
936 2362 1125 2390 tantummodo
1142 2367 1169 2388 et
1185 2361 1211 2387 in
1226 2359 1418 2395 compendium
1434 2362 1542 2390 redacta
1556 2363 1584 2391 in
1599 2363 1682 2392 codd.

53 2407 123 2429 mss.
146 2399 236 2436 Lipss.
249 2398 435 2427 continentur.
449 2398 509 2427 Vid.
525 2399 631 2435 praefat.
655 2398 793 2427 “Matth.
810 2407 887 2432 χχιιι,
902 2400 929 2426 9.

708 2467 893 2496 COTELERH
912 2467 1027 2495 NOTI‘E-

91 2551 148 2587 (48)
168 2551 244 2587 Alius
259 2550 554 2587 autemrfraternoster,
572 2548 725 2587 Platonicos
738 2552 762 2587 et
779 2547 840 2587 {tri-

55 2583 198 2614 staielicos.
216 2585 306 2619 Elegia
321 2585 470 2612 Clementis
485 2585 510 2612 in
525 2584 623 2612 litteris
640 2584 766 2611 humanis
783 2583 840 2609 lucc

55 2627 120 2648 sunt
137 2632 143 2649 :
162 2618 279 2649 Clemens
293 2628 325 2647 ea:
339 2620 492 2654 philosopho
513 2627 615 2655 magna'
636 2618 840 2655 doctrinw_tti_t'_;

54 2656 258 2684 Commentario
276 2652 361 2690 Epist.
372 2656 406 2682 ad
424 2652 614 2690 Pliilipperfsrs,
626 2655 652 2680 in
662 2662 734 2686 (λιν,
746 2652 828 2690 LVIII

56 2690 211 2727 Hieronymi
225 2700 231 2718 :
242 2689 361 2718 Clernens
373 2691 444 2716 onmi
455 2691 565 2727 scientia
576 2690 698 2727 refertus,
714 2689 842 2727 ontnitgn-

55 2735 102 2762 (με
117 2723 265 2754 libéralium
292 2727 388 2753 artium
404 2723 778 2762 peritissimufEucheriAus,
793 2723 844 2750 Pa-

57 2759 152 2790 ἐρηρεδί
170 2762 207 2790 De
222 2766 369 2795 contemptu
382 2761 473 2787 mundi
491 2769 499 2788 :
518 2762 659 2795 Acceperat
675 2760 707 2787 B.
719 2759 837 2795 Clemens

57 2799 192 2825 scientiam
205 2794 438 2832 quamplurimum,
450 2798 487 2832 ita
509 2801 538 2823 ut
557 2796 671 2830 optimus
685 2795 789 2832 quidem
805 2794 840 2820 il-

57 2832 107 2860 lius
131 2830 254 2868 temporis
275 2830 444 2868 philosophus
462 2831 612 2868 haberetur.
634 2831 705 2866 apud
720 2830 839 2868 Bernar—

57 2868 118 2896 dum
136 2865 260 2897 Sermone
275 2865 311 2896 'de
328 2868 355 2896 S.
378 2865 532 2896 Clemente:
550 2865 664 2903 Κλήμηξ
679 2868 693 2894 ὁ
710 2865 791 2898 πολὺς
811 2866 840 2892 ἐν

891 2548 972 2583 σοφίᾳ
985 2547 1032 2574 καὶ
1043 2545 1456 2583 γνώσει.νΑτιίιεξπβίηε,νΙΙοάεθὶ
1471 2554 1529 2582 cap.
1541 2547 1567 2583 I.
1584 2547 1684 2576 EtCIe:

891 2580 1010 2611 ruentem
1029 2582 1225 2617 philosophum
1239 2580 1368 2617 Dionysio
1383 2580 1521 2609 laudtanm
1537 2582 1575 2609 De
1585 2584 1682 2611 divinis
1726 2604 1729 2610 .

892 2616 1051 2650 nominibus,
1069 2625 1130 2652 cap.
1145 2617 1179 2650 5;
1202 2616 1335 2652 Maximus
1350 2622 1377 2644 et
1401 2617 1582 2652 Pachymeres
1611 2619 1686 2645 hunc

891 2653 1043 2680 Romanum
1061 2651 1375 2686 intérpretanturNerba
1390 2652 1418 2679 S.
1435 2651 1487 2678 Nili
1504 2656 1579 2684 sunt,
1589 2653 1636 2681 lib.
1649 2662 1680 2685 II,

891 2690 973 2724 epist.
986 2689 1031 2717 49,
1052 2696 1079 2723 p.
1096 2688 1148 2724 HO
1161 2697 1168 2724 ς
1185 2687 1242 2724 Ορκ
1256 2687 1392 2724 magno;
1406 2688 1420 2713 ὁ
1434 2686 1627 2724 ξᾹλεξᾳνδρεὺς
1639 2688 1684 2715 λό-

891 2721 951 2762 ﬁo;
966 2726 980 2750 ὁ
995 2721 1124 2762 πυτία-τῇς
1134 2723 1187 2751 τῶν
1201 2722 1320 2757 Χριποῦ
1338 2721 1477 2762 μαθητῷν,
1494 2722 1529 2762 οἱ),
1541 2721 1684 2762 Κλήιμηςρ

897 2756 1039 2795 Ῥωμαίων
1061 2756 1302 2795 φιΧόσρφος-ζίιυω
1324 2756 1365 2785 sic
1379 2761 1468 2795 _verto
1481 2766 1488 2784 :
1502 2756 1566 2795 _ﬁ'on
1586 2756 1684 2795 Apoll-9

892 2792 1091 2822 Aleiandrinus
1123 2794 1164 2820 vir
1190 2793 1310 2827 eloquens
1325 2813 1332 2825 ,
1361 2792 1463 2826 rigator
1490 2792 1683 2827 discipulorum

893 2830 993 2858 Christi
1005 2839 1014 2861 ;
1027 2838 1076 2858 non
1093 2828 1223 2863 Clemens,
1237 2827 1369 2855 Romanus
1381 2827 1560 2862 p/iilosovhus.
