1873 3095
213 117 284 145 I575

641 114 670 142 S.
688 112 886 142 CLEMENTIS
901 111 911 139 I
931 111 1016 139 ROM.

1033 109 1254 138 I’ONT.0PEM
1272 109 1386 138 DUBIA.
1760 112 1812 139 I376

212 175 290 202 ciens
304 174 337 201 ad
352 173 472 200 Nicetam
485 182 491 201 :
508 172 811 208 Expedi,iuquit,quod
822 170 998 206 proposuisti.
1016 174 1040 201 Α
1055 173 1179 201 vocatur,
1195 167 1298 196 frustra
1310 168 1418 202 justitia
1437 167 1602 201 custoditur,
1624 169 1720 203 quippe
1735 169 1755 196 si
1771 178 1811 196 non

243 219 290 247 IX.
312 219 381 247 Tum
409 218 502 246 Niceta
527 219 579 246 hoc
606 218 687 246 modo
710 225 826 245 exorsus
841 215 1002 244 est:0mne

211 266 285 301 quod
305 269 359 297 est,
376 270 423 292 aut
447 266 562 300 simplex
585 269 628 292 est
653 268 700 291 aut
713 263 905 298 compositum.
922 262 1000 295 Quod

212 312 330 347 simplex
345 316 387 339 est
403 311 470 347 (49),
493 315 570 338 caret
595 317 722 341 numero,
737 308 883 340 divisione,
898 308 1000 340 colore,

213 358 380 390 diITerentia,
408 358 568 392 asperitate.
595 357 717 387 lenitate.
734 354 864 390 pondere,
881 353 1000 385 levitate,

213 405 355 439 qualitate,
378 405 540 439 quantitate.
562 407 590 430 et
609 403 645 430 ob
666 403 717 429 hoc
736 401 818 429 etiam
839 399 903 428 line.
922 399 1002 432 Quod

212 458 278 478 vero
292 450 474 484 compositum
496 453 549 480 est,
570 453 616 476 aut
635 456 668 476 ex
683 447 792 475 duobus
808 451 855 473 aut
868 454 901 473 ex
913 446 1002 473 tribus

211 501 260 523 aut
272 497 353 523 etiam
372 503 406 522 ex
420 499 539 530 quatuor
551 494 733 529 compositum
749 497 800 524 est.
819 496 866 519 aut
881 495 954 519 certe
968 499 1000 518 ex

214 543 350 577 pluribus,
362 545 388 568 et
403 549 464 576 quae
479 541 630 575 composita
652 543 727 570 sunt.
746 538 901 566 necessario
920 537 1000 564 etiam

211 587 298 616 dividi
315 591 441 623 possunt.
463 586 495 613 Et
509 594 591 614 senex
607 585 723 612 audiens
738 584 794 611 haec
807 593 813 610 :
825 583 943 619 Optime,
959 583 1002 610 in-

211 634 282 669 quit,
299 638 326 661 et
346 633 506 661 doctissime
526 632 606 663 dicis,
624 632 671 658 tili.
686 630 720 657 Et
736 630 829 658 Niceta
846 638 852 657 :
867 629 954 665 Igitur
969 629 1001 655 il-

212 679 258 706 lud
274 678 346 713 quod
362 678 477 713 simplex
493 682 535 704 est
549 681 575 704 et
592 677 636 704 his
651 676 782 703 clunibus
797 679 884 707 caret,
899 675 1001 710 quibus

211 725 281 752 solvi
297 724 368 759 quod
391 723 528 753 subsistit,
549 726 650 758 potest,
664 722 725 748 sine
740 722 823 748 dubio
846 721 1002 756 incompre-

212 770 347 797 hensibile
362 772 389 796 et
411 769 576 796 immensum
593 771 646 799 est,
663 775 753 802 neque
774 767 882 794 initium
912 767 998 794 ullqu

211 825 300 852 neque
316 816 397 843 finem
418 815 521 845 sciens,
537 817 565 841 et
580 814 642 841 ideo
658 821 743 841 unum
757 817 785 840 et
799 813 887 840 solum
900 817 954 843 est.
973 816 999 839 et

211 863 272 890 sine
295 865 409 889 auctore
430 861 598 888 subsistens.
613 858 693 892 Quod
710 862 802 886 autem
816 859 998 894 compositum

210 914 264 941 est,
281 914 308 936 et
323 916 438 936 numero
449 915 481 935 ac
497 907 650 935 diversitati
664 906 848 941 divisionique
864 905 998 940 subjacet,

212 954 371 982 necessario
384 957 496 980 auctore
511 953 604 987 aliquo
617 952 800 986 compositum
814 957 867 983 est.
877 956 960 986 atque
972 951 1000 978 in

210 1007 295 1026 unam
322 998 440 1034 speciem
466 997 612 1025 diversitas
635 1003 809 1032 congregata.
833 997 911 1031 Quod
937 1006 1002 1034 ergo

211 1045 376 1071 immensum
389 1049 440 1075 est.
457 1043 580 1070 bonitate
600 1047 676 1077 pater
687 1047 740 1075 est,
752 1043 851 1071 virtute
866 1044 1001 1071 conditor.

211 1089 304 1124 Neque
328 1097 392 1124 ergo
418 1088 552 1115 condendi
574 1088 661 1116 virtus
684 1089 711 1116 in
734 1089 868 1116 immenso
894 1097 1003 1117 cessare

211 1136 311 1171 potuit,
329 1143 417 1167 neque
433 1135 541 1163 bonitas
553 1136 645 1167 otiari,
658 1136 705 1164 sed
717 1135 750 1163 ad
763 1136 953 1163 substituenda
970 1142 1002 1163 ea

211 1190 272 1216 qua:
288 1187 368 1214 sunt,
391 1181 510 1208 bonitate
525 1201 533 1214 ,
556 1181 590 1208 ad
614 1181 801 1216 componenda
818 1186 846 1209 et
859 1181 1002 1214 ﬁrmanda,

210 1227 314 1254 virtute
333 1230 510 1261 provocatur.
530 1224 743 1252 Substituuntur
757 1232 822 1260 ergo
837 1228 864 1252 et
887 1232 1000 1260 compo-

211 1278 316 1300 nuntur
329 1271 465 1307 quaedam,
480 1276 510 1298 ut
524 1271 653 1302 diximus,
668 1279 701 1298 ex
721 1270 830 1298 duobus
844 1270 885 1298 vel
900 1278 934 1298 ex
950 1270 1000 1297 tri-

211 1319 275 1350 bus,
297 1319 421 1353 quaedam
442 1324 508 1345 vero
529 1324 563 1344 ex
584 1321 714 1352 quatuor,
734 1316 788 1343 alia
810 1323 844 1343 ex
863 1316 997 1351 pluribus.

213 1364 268 1391 Sed
282 1363 413 1398 quoniam
430 1370 503 1389 nunc
519 1361 598 1389 nobis
613 1361 647 1389 de
666 1361 760 1389 mundi
782 1362 886 1389 ratione
901 1361 996 1396 qu:eri—

211 1415 256 1438 tur
268 1413 295 1437 ct
311 1410 344 1436 de
360 1408 514 1436 substantia
543 1407 615 1441 ejus,
633 1415 716 1442 quam
743 1415 776 1435 ex
799 1411 917 1442 quatuor
942 1407 999 1434 ele-

210 1455 311 1483 mentis
334 1462 396 1482 csse
421 1454 602 1488 compositam
626 1457 746 1485 constat.
768 1453 812 1480 cui
835 1460 930 1481 omnes
947 1452 999 1480 illa:

1053 218 1095 242 est
1117 215 1164 250 qui
1185 214 1262 250 justo
1287 222 1337 249 pro
1353 213 1460 242 meritis
1473 213 1621 249 aliquando
1630 215 1758 242 restituat.
1772 215 1812 242 Sed

1053 270 1087 288 ne
1100 261 1190 288 anima
1205 261 1313 296 quidem
1330 260 1388 295 ipsa
1400 260 1562 288 immortalis
1575 260 1720 293 videbitur,
1734 261 1754 289 si
1767 269 1812 288 eam

1053 312 1116 344 post
1147 308 1346 336 absolutionem
1381 307 1506 342 corporis
1532 307 1637 334 nullius
1665 307 1814 342 providenti-1

1052 355 1170 389 excipiat
1189 353 1370 389 dispensatio.

1088 400 1132 428 XI.
1143 399 1203 427 Jam
1212 400 1236 428 si
1250 400 1383 428 doceatur
1391 407 1452 427 esse
1460 399 1645 430 Providentia,
1656 403 1681 426 et
1692 406 1736 434 per
1746 400 1813 434 ipsam

1053 446 1142 475 factus
1158 455 1219 475 esse
1231 447 1351 475 mundus
1363 467 1371 479 ,
1395 447 1448 474 alia
1468 454 1565 473 rursus
1581 454 1645 481 qua:
1659 446 1814 474 discutiantur

1052 498 1218 527 occurrunt;
1233 494 1389 528 requiretur
1403 493 1475 520 enim
1489 501 1545 528 quo
1557 492 1640 519 modo
1654 493 1689 519 sit
1697 492 1815 519 Providen-

1053 541 1103 572 tia,
1120 545 1210 567 utrum
1227 539 1390 575 generaliter
1413 546 1476 574 erga
1491 539 1583 565 omnia
1594 558 1602 571 ,
1629 545 1664 565 an
1689 538 1814 572 specialiter

1051 593 1115 621 erga
1132 589 1235 620 partes,
1251 592 1286 611 an
1301 588 1327 612 et
1339 584 1501 619 generaliter
1515 591 1580 619 erga
1596 589 1696 618 partes,
1708 591 1738 609 an
1746 588 1769 610 et
1780 591 1813 618 ge-

1052 631 1181 659 neraliter
1196 638 1260 666 erga
1275 631 1366 657 omnia
1377 634 1404 658 et
1415 630 1570 665 specialiter
1581 637 1647 665 erga
1666 632 1759 664 partes.
1776 627 1815 655 Gc-

1052 678 1154 705 neralis
1168 683 1259 704 autent
1273 677 1436 712 intelligitur
1449 677 1500 704 hoc
1513 676 1606 708 modo,
1621 675 1699 711 quasi
1713 676 1743 702 ab
1756 676 1815 702 initio

1052 723 1124 751 Deus
1143 723 1246 751 faciens
1265 723 1396 750 mundum
1418 723 1543 750 ordinem
1578 722 1684 750 dederit
1708 722 1777 749 rebus
1796 726 1815 749 et

1051 776 1163 796 cursum
1180 769 1317 801 statuerit,
1332 772 1359 795 et
1373 767 1442 794 ultra
1454 775 1549 795 eorum
1565 775 1661 794 curam
1669 775 1726 802 quae
1738 775 1815 802 gerun-

1052 818 1108 846 tur,
1123 814 1224 841 trahere
1239 814 1399 842 cessaverit.
1421 812 1556 848 Specialis
1581 821 1649 840 vero
1664 821 1723 848 erga
1744 816 1814 848 partes

1052 860 1104 887 hoc
1115 860 1196 887 modo
1207 864 1260 893 est,
1273 865 1303 887 ut
1313 859 1494 895 quorumdam
1507 859 1622 894 quidem
1639 859 1680 886 vel
1701 859 1814 886 hominum

1051 908 1092 935 vel
1120 908 1241 935 locorum
1257 908 1456 943 providentiam
1473 911 1560 942 gerat,
1573 906 1749 941 quorumdam
1768 914 1814 933 vero

1052 962 1106 982 non
1119 959 1206 989 gerat.
1229 953 1372 982 Generalis
1396 958 1486 981 autem
1512 954 1639 981 omnium
1663 958 1689 981 et
1715 953 1814 988 specialis

1051 1000 1168 1035 partium
1183 1000 1265 1027 simul
1294 1000 1346 1027 hoc
1367 1000 1448 1028 modo
1474 1003 1528 1033 est,
1545 999 1628 1034 quasi
1654 1005 1680 1026 et
1706 999 1737 1026 ab
1757 998 1813 1025 initio

1050 1046 1143 1074 omnia
1161 1046 1257 1073 fecerit
1272 1045 1346 1073 Deus
1359 1065 1366 1077 .
1386 1050 1413 1073 et
1427 1053 1515 1081 usque
1537 1045 1572 1072 ad
1588 1045 1670 1072 linem
1683 1053 1728 1080 per
1743 1045 1814 1079 singu-

1050 1091 1092 1119 los
1104 1099 1228 1126 quosque
1239 1091 1438 1126 providentiam
1463 1095 1554 1127 gerat,
1583 1095 1612 1118 et
1623 1090 1761 1125 unicuique
1770 1089 1813 1116 red-

1050 1136 1096 1163 dat
1112 1143 1161 1170 pro
1176 1136 1285 1163 actibus
1301 1135 1370 1163 suis.

1085 1180 1142 1208 XII.
1155 1181 1246 1208 Prima
1257 1188 1324 1216 ergo
1333 1181 1377 1208 illa
1391 1181 1554 1216 propositio,
1565 1189 1629 1216 qua:
1639 1180 1712 1212 dicit,
1726 1179 1779 1215 quia
1789 1180 1813 1206 ab

1050 1227 1129 1256 initio
1147 1226 1220 1255 Deus
1236 1227 1332 1256 fecerit
1358 1226 1463 1259 omnia,
1479 1231 1508 1254 et
1523 1235 1610 1255 cursu
1641 1231 1720 1262 atque
1742 1227 1812 1254 ordine

1050 1273 1133 1300 rebus
1148 1272 1276 1308 imposito
1293 1271 1327 1300 de
1341 1272 1447 1308 reliquo
1459 1272 1527 1300 nihil
1543 1273 1577 1300 ad
1602 1280 1634 1300 se
1657 1276 1764 1304 revocet,
1782 1280 1813 1299 se-

1050 1318 1170 1347 cundum
1191 1318 1312 1353 genesim
1341 1319 1397 1354 geri
1423 1321 1522 1345 cuncta
1541 1317 1697 1346 conﬁrmat.
1719 1318 1754 1345 Ad
1776 1317 1811 1344 hoc

1050 1370 1116 1398 ergo
1126 1362 1214 1397 primo
1226 1363 1467 1398 respondebimus,
1478 1367 1506 1391 et
1518 1363 1563 1391 his
1574 1364 1709 1399 praecipue
1719 1363 1811 1399 quideos

1050 1409 1145 1437 colunt
1159 1412 1186 1435 et
1200 1408 1322 1444 genesim
1332 1407 1493 1441 defendunt,
1506 1409 1556 1444 qui
1566 1409 1661 1445 utique
1673 1417 1730 1437 cum
1740 1410 1811 1436 immo-

1051 1453 1110 1481 Iant
1118 1454 1173 1482 diis
1183 1458 1210 1482 et
1226 1458 1341 1482 exorant
1354 1462 1414 1486 eos.
1431 1455 1491 1483 sine
1507 1455 1595 1483 dubio
1608 1460 1703 1483 contra
1717 1455 1810 1491 genesim

1017 845 1036 869 IS

209 1502 303 1529 decem
318 1500 478 1531 ditI‘erentize
489 1507 559 1534 quas
578 1507 661 1534 supra
678 1499 938 1534 comprehendimus
953 1506 999 1525 ac-
1013 1513 1035 1543 ρ
1053 1508 1083 1527 se
1094 1499 1289 1535 impetraturos
1303 1500 1407 1536 ahquid
1422 1505 1545 1536 sperant,
1557 1505 1585 1529 et
1600 1509 1649 1537 per
1657 1501 1706 1529 hoc
1714 1502 1809 1537 genesim

209 1547 315 1578 cidunt,
331 1546 421 1573 abhis
437 1544 616 1572 inferioribus
628 1545 791 1580 incipientes
806 1544 948 1580 gradibus,
965 1545 1000 1573 ad

209 1594 353 1628 superiora
370 1590 581 1619 veniemus.Via
594 1591 667 1618 enim
685 1591 764 1618 nobis
780 1591 814 1617 ad
827 1591 1001 1618 intellectua-

209 1640 246 1667 Iia
261 1643 288 1666 et
303 1638 452 1666 invisibilia
471 1637 505 1665 ab
517 1637 560 1665 his
575 1645 636 1672 quae
655 1636 778 1664 videmus
797 1641 825 1664 et
845 1640 1000 1664 contrecta—

209 1693 271 1713 mus
289 1684 380 1715 datur,
398 1683 472 1710 sicut
486 1683 644 1710 continetur
664 1683 691 1710 in
714 1683 896 1711 aritlimrticis
914 1683 1000 1712 di5ci-

209 1730 301 1766 plinis,
313 1730 359 1756 ubi
373 1736 436 1756 cum
452 1729 486 1756 de
500 1728 601 1756 divinis
612 1729 755 1764 qumritur,
772 1729 806 1755 ab
823 1728 998 1757 inferioribus

209 1775 245 1804 ad
270 1775 428 1810 superiores
457 1783 588 1802 numeros
612 1775 781 1807 ascenditur,
798 1783 860 1802 cum
882 1782 947 1803 vero
966 1775 1000 1804 de

209 1821 393 1858 praesentibus
414 1825 442 1848 et
466 1821 622 1849 visibilibus
643 1822 713 1848 ratio
726 1821 884 1856 exponitur,
901 1821 936 1849 de
951 1829 999 1849 su-

209 1869 364 1905 perioribus
389 1868 422 1895 ad
450 1868 596 1896 inferiores
619 1875 749 1896 numeros
771 1867 839 1895 ordo
862 1868 998 1904 dirigitur.

208 1916 263 1943 Aut
280 1923 333 1942 non
348 1915 385 1942 ita
401 1914 460 1942 est?

245 1960 280 1989 Χ.
301 1960 333 1987 Ει
352 1968 435 1987 senex
449 1960 487 1987 ait
503 1968 510 1985 :
524 1959 610 1987 Valde
621 1959 690 1987 bene
705 1959 890 1995 prosequeris.
903 1959 937 1986 Et
952 1959 1000 1987 Ni-

209 2010 270 2035 ceta
285 2017 292 2034 :
311 2006 348 2034 De
362 2006 457 2034 mundi
473 2013 546 2033 nunc
566 2013 632 2041 ergo
655 2006 763 2034 ratione
777 2006 999 2041 prosequendum

209 2056 263 2085 est,
280 2052 360 2086 cujus
379 2053 466 2087 prima
485 2052 601 2087 quaestio
614 2051 642 2078 in
660 2051 730 2079 duas
744 2057 836 2084 partes
852 2051 998 2080 dividitur.

207 2097 347 2132 Quaeritur
361 2098 434 2125 enim
450 2101 544 2124 utrum
560 2097 649 2124 factus
661 2097 707 2129 sit,
721 2105 754 2124 an
769 2105 842 2132 non;
855 2101 882 2124 et
900 2097 923 2124 si
937 2098 999 2133 qui-

208 2144 271 2171 de‘m
287 2152 342 2171 non
362 2148 404 2171 est
429 2144 530 2175 factus,
543 2144 603 2178 ipse
617 2144 670 2171 erit
694 2143 761 2170 illud
780 2143 945 2179 ingenitum,
962 2151 994 2172 ex

209 2198 264 2225 quo
279 2191 380 2218 omnia.
398 2190 427 2217 Si
442 2198 506 2218 vero
522 2189 611 2217 factus
626 2194 680 2221 est.
696 2189 731 2217 de
750 2189 801 2217 hoc
817 2198 916 2217 rursus
925 2197 998 2225 quie-

208 2236 263 2263 stio
279 2236 307 2262 in
319 2235 388 2263 duas
406 2240 501 2271 partes
514 2235 660 2267 scinditur,
674 2240 831 2262 utrumnam
841 2243 874 2264 ex
892 2244 922 2263 se
937 2236 997 2271 ipso

209 2282 301 2309 factus
322 2285 375 2313 est,
397 2289 430 2308 an
453 2282 487 2308 ab
507 2281 572 2308 alio.
598 2280 632 2309 Et
653 2281 677 2308 si
696 2280 806 2316 quidem
821 2288 836 2308 a
851 2281 998 2316 semetipso

208 2330 262 2356 est.
276 2327 430 2354 excluditur
447 2326 506 2353 sine
521 2325 604 2354 dubio
613 2325 795 2353 Providentia.
805 2323 834 2352 Si
847 2325 998 2354 Providen-

209 2372 248 2398 tia
262 2379 316 2399 non
329 2372 469 2407 recipitur,
483 2371 585 2400 frustra
609 2371 718 2400 animus
739 2371 773 2398 ad
795 2371 923 2399 virtutem
939 2380 1000 2408 pro-

1051 1545 1170 1574 Solvunt.
1182 1545 1251 1573 Cum
1266 1553 1331 1574 vero
1343 1546 1433 1574 rident
1452 1547 1500 1582 qui
1532 1547 1567 1574 ad
1585 1548 1711 1575 virtutem
1735 1555 1810 1582 provo-

1050 1594 1114 1618 cant
1125 1594 1152 1618 et
1163 1590 1196 1617 ad
1209 1590 1407 1618 continentiam
1421 1591 1614 1625 cohortantur,
1623 1598 1649 1621 et
1660 1593 1754 1624 dicunt,
1764 1591 1809 1627 quia

1050 1645 1132 1664 nemo
1144 1641 1235 1672 potest
1250 1636 1342 1665 facere
1359 1637 1462 1673 aliquid
1472 1642 1520 1665 aut
1535 1640 1592 1674 pati
1605 1658 1613 1671 ,
1637 1639 1690 1666 nisi
1716 1638 1776 1674 quod
1793 1638 1809 1664 ei

1052 1682 1107 1710 fato
1122 1682 1262 1711 decretum
1279 1686 1332 1715 est,
1345 1691 1440 1711 onmes
1456 1684 1581 1720 profecto
1593 1685 1695 1712 cultum
1707 1684 1809 1712 Di\iuita-

1050 1729 1086 1756 tis
1097 1729 1275 1757 abscindunt.
1291 1729 1363 1762 Quid
1377 1730 1451 1757 enim
1463 1731 1539 1759 colas
1556 1739 1617 1766 eos,
1630 1739 1645 1759 a
1663 1732 1753 1767 quibus
1764 1739 1809 1766 [που

1049 1774 1148 1802 mereri
1161 1774 1230 1801 nihil
1246 1775 1348 1810 possis,
1362 1774 1437 1810 quod
1449 1783 1504 1802 non
1515 1777 1640 1811 patiatur
1648 1777 1713 1804 ratio
1723 1775 1809 1803 decretil

1050 1818 1112 1846 Hec
1137 1818 1248 1846 interim
1275 1819 1406 1847 adversus
1431 1819 1493 1847 illos
1517 1820 1593 1848 dicta
1608 1826 1682 1849 sunt.
1703 1820 1751 1855 Ego
1762 1827 1807 1846 vero

1050 1865 1182 1892 mundum
1193 1865 1256 1892 dico
1273 1865 1330 1901 (50)
1346 1873 1361 1892 a
1376 1865 1433 1893 Deo
1450 1865 1565 1899 factum,
1582 1872 1611 1895 et
1625 1867 1660 1895 ab
1674 1868 1728 1902 ipso
1743 1873 1806 1902 quan-

1049 1911 1140 1946 doque
1155 1919 1218 1939 esse
1233 1912 1408 1945 solvendum,
1428 1919 1458 1940 ut
1475 1913 1521 1941 ille
1548 1918 1678 1949 appareat
1696 1914 1737 1949 qui
1749 1917 1806 1940 aeter-

1049 1965 1102 1984 nus
1122 1960 1166 1985 est
1181 1961 1207 1984 et
1223 1957 1256 1984 ad
1278 1957 1330 1985 hoc
1346 1957 1447 1990 factus,
1472 1964 1502 1986 ut
1514 1966 1625 1994 semper
1647 1959 1680 1987 sit
1701 1964 1724 1986 et
1735 1958 1806 1993 dignus

1050 2011 1080 2030 se
1093 2003 1208 2038 recipiat
1219 2002 1324 2038 judicio
1348 2002 1406 2031 Dei.
1419 2003 1498 2038 Quod
1524 2009 1619 2032 autem
1631 2006 1668 2032 sit
1682 2004 1744 2032 alius
1756 2003 1804 2030 inri-

1050 2049 1139 2076 sibilis
1157 2049 1287 2081 mundus,
1307 2049 1360 2085 qui
1381 2049 1456 2077 hunc
1482 2050 1620 2078 visibilem
1649 2051 1715 2077 intra
1735 2052 1804 2076 semel-

1050 2094 1140 2129 ipsum
1165 2095 1317 2128 contineat,
1342 2101 1521 2131 posteaquam
1545 2096 1580 2124 de
1608 2096 1707 2124 visibili
1731 2093 1803 2122 mundo

1049 2140 1274 2174 discusserimus,
1290 2145 1356 2169 tunc
1371 2146 1398 2169 et
1411 2142 1445 2169 ad
1459 2143 1535 2169 illum
1547 2143 1697 2171 veniemus.

1015 2183 1036 2210 ι)
1083 2185 1154 2214 XIII.
1169 2186 1249 2214 Nunc
1264 2188 1386 2219 interim,
1401 2188 1464 2223 quia
1481 2188 1572 2216 factus
1601 2190 1638 2217 sit
1654 2188 1757 2216 mundus
1769 2186 1801 2212 isle

1047 2232 1175 2265 visibilis,
1203 2237 1341 2261 testantur
1365 2234 1448 2261 etiam
1477 2235 1701 2271 philosophorum
1723 2231 1800 2268 plurimi

1047 2279 1186 2314 sapientes
1202 2279 1264 2308 viri.
1281 2279 1335 2308 Sed
1349 2288 1384 2307 ne
1399 2280 1542 2308 videamur
1567 2282 1647 2317 quasi
1660 2285 1757 2316 egentes
1772 2286 1799 2303 as-

1047 2325 1216 2353 sertionibus
1231 2325 1270 2353 uti
1284 2326 1408 2354 voluisse
1420 2327 1549 2359 testibus,
1563 2328 1597 2356 de
1613 2327 1742 2364 principiis
1751 2325 1798 2358 ejuS.

1048 2372 1072 2400 si
1085 2372 1205 2407 videtur,
1237 2380 1402 2408 quaeramus.
1430 2374 1603 2410 Corporeum
1622 2381 1682 2403 esse
1702 2371 1799 2400 mundun
1844 2408 1845 2413 η

865 2467 1047 2496 COTELEIIII
1066 2468 1182 2498 ΝΟΤΔΕ.

246 2556 303 2591 (t9)
324 2555 402 2593 Quod
414 2556 526 2591 simplex
549 2560 672 2593 estjretc.
687 2556 728 2583 Ad
743 2557 800 2584 haec
815 2560 842 2585 et
857 2559 999 2593 sequentia

212 2591 282 2618 forte
307 2592 456 2625 respiciens
471 2595 567 2618 auctor
580 2591 772 2626 Disputationis
785 2597 878 2619 contra
891 2591 997 2626 Arium,

209 2631 277 2652 tom.
299 2626 439 2662 IOperum
460 2626 493 2662 S.
507 2626 660 2658 Athanasii,
679 2627 777 2662 p.i35,
789 2628 901 2655 scribit:
917 2629 952 2655 Σὺ
969 2629 999 2655 δὲ

209 2662 236 2686 τε
253 2662 305 2696 φής
317 2670 356 2723 re
372 2661 379 2697 ι
393 2662 412 2688 t'.
429 2661 494 2697 μοι]
511 2661 596 2688 ἀΐδιον
617 2661 784 2702 συντζοεσθαι
800 2662 831 2688 τὸ
847 2663 931 2696 θετον;
949 2664 998 2691 οὐκ

211 2696 316 2723 ὲπηκοο
337 2705 374 2722 σω
397 2697 461 2722 ποτὲ
479 2696 635 2723 Κλήμεντος
650 2706 696 2723 του
713 2697 998 2723 παρακολουθήσαντος

211 2696 282 2734 Etsi-jx
287 2696 388 2734 ροάεξωΔ
397 2697 461 2722 ποτὲ
541 2705 635 2734 usuro;
650 2696 705 2734 1:067
713 2697 899 2734 πᾳραχολφυοή
904 2707 999 2730 σαντος

212 2730 306 2769 ἓέτρῳ
322 2731 360 2766 τῷ
377 2730 568 2769 ᾲῖιοᾳτόλῳρξὸς
582 2730 760 2769 καθαιρεῖεῇύ
769 2730 996 2769 τολιαύτηῦδόξαη

214 2763 253 2803 Ῑξςι
268 2763 326 2792 ivero
340 2763 402 2803 quid
419 2768 459 2792 aia
475 2763 550 2796 mihi,
565 2763 689 2794 internum
702 2763 777 2803 illum
790 2763 919 2796 Deum'es
933 2763 996 2802 ῥανλ

214 2799 283 2825 tibus
311 2799 457 2829 constitui?
477 2803 570 2828 Annon
595 2802 719 2828 audivisti
740 2801 898 2830 Clementem
922 2799 996 2830 Petri

214 2835 324 2862 auostoli
338 2838 552 2872 sectatorem,qui
561 2836 711 2868 huiusmodi
720 2838 864 2872 opinionem
878 2838 996 2867 subruit?

1051 2559 1246 2599 Legeﬁogstit.
1263 2563 1366 2597 apulo!
1377 2583 1387 2599 ,
1402 2571 1438 2595 vi,
1456 2564 1498 2596 II,
1512 2573 1544 2592 ac
1559 2565 1670 2599 Epitam.
1683 2563 1719 2590 I7.

1086 2597 1142 2631 (50)
1163 2596 1218 2636 Ego
1225 2605 1289 2636 gero
1300 2598 1450 2636 minutumL
1448 2604 1502 2627 etc.
1517 2600 1553 2628 De
1567 2596 1665 2636 duplici
1678 2596 1795 2636 mundo??-

1049 2632 1126 2658 mitto
1141 2636 1168 2659 te
1179 2633 1213 2659 ad
1225 2632 1380 2661 Platonicos
1392 2638 1420 2662 et
1434 2633 1576 2663 Philonem
1592 2632 1646 2663 z'ex
1659 2633 1745 2661 nostris
1752 2636 1795 2656 rem

1048 2667 1266 2705 ad_Clementem
1277 2668 1428 2705 Alexandg.
1446 2670 1549 2698 Stram.
1569 2679 1596 2703 ν,
1617 2678 1674 2705 pag.
1689 2668 1740 2696 δίχ’).
1751 2664 1792 2693 599ῖ

1047 2700 1201 2738 Origenen}.
1211 2703 1304 2730 homil.
1322 2704 1339 2731 ὅ
1353 2705 1380 2730 in
1391 2703 1531 2732 Canticum
1545 2700 1709 2734 mutilorum.
1718 2707 1741 2729 et
1748 2705 1791 2738 tom:

1046 2733 1110 2776 ξξί
1135 2737 1161 2764 in
1172 2736 1323 2776 Joannem»;
1348 2739 1520 2776 AEtIsebium.
1547 2740 1690 2776 Rmparul.
1710 2733 1791 2776 aeaut}

1046 2772 1098 2808 lih.
1107 2780 1146 2803 xl,
1155 2780 1215 2808 cap.
1225 2774 1271 2804 25,
1278 2773 1328 2807 2A;
1341 2773 1535 2808 Augustinum,
1543 2785 1552 2803 I
1561 2772 1768 2803 Retractatioum»
1775 2772 1791 2799 δι

1046 2811 1073 2834 et
1088 2806 1372 2838 l‘alsum'Ambrosium
1384 2806 1411 2837 in
1428 2809 1440 2837 Ι
1456 2810 1576 2839 Corinth.
1593 2819 1629 2844 vx,
1641 2810 1666 2837 2.
