1873 3095
220 133 292 163 I379

658 131 686 159 S.
707 131 903 160 CLEMENTIS
919 131 929 158 I
948 130 1032 159 ROM.
1053 130 1153 158 ΡΟΝΤ.
1173 130 1288 159 OPERA
1307 130 1410 158 DUBIA

1759 134 1808 162 I380

219 192 302 220 etiam
316 192 395 227 plura
404 192 471 222 sint.
485 191 528 219 vel
549 191 694 219 innumera
712 198 747 218 ex
763 190 865 225 quibus
889 189 1010 217 mundus
1024 195 1048 223 Α
1062 197 1170 224 semper
1182 189 1304 220 veniunt,
1322 194 1349 217 et
1362 189 1444 217 rebus
1458 196 1576 224 quarum
1589 188 1644 224 jam
1657 197 1766 217 mensura
1779 191 1808 217 in-

219 242 339 270 constat,
355 237 429 264 onmi
445 244 477 264 ex
495 241 584 271 parte,
599 236 647 272 qui
664 237 742 271 plura
759 236 787 263 in
799 244 883 263 unum
895 236 1012 271 college-

219 287 257 312 ιλιι
271 287 298 311 et
314 290 412 310 rursus
433 283 548 310 collecta
561 282 588 310 in
605 282 732 310 diversas
754 283 861 318 species
889 283 1008 314 duxerit,

219 329 377 357 ostenditur
388 329 470 359 Deus,
483 332 510 355 et
526 328 658 364 probatur
673 336 721 363 per
734 328 791 356 hac
806 337 860 356 non
884 331 1010 364 potuitne

218 374 376 402 machinam
389 374 482 401 mundi
491 374 551 401 sine
565 373 662 409 opiﬁce
676 377 702 401 et
715 374 857 408 provisore
868 379 1008 402 constare.

255 419 326 448 XVI.
344 419 396 446 Sed
416 423 444 447 et
457 420 509 447 hoc
523 419 583 455 ipso
604 420 677 454 qttod
693 420 720 446 in
737 420 932 455 conjunctione
951 421 1008 448 ele-

219 469 385 496 mentorum,
399 464 542 491 deticiente
554 464 639 491 altero
650 469 697 491 aut
723 464 890 496 abundante,
910 469 1008 492 czetera

218 510 396 537 resolvuntur
417 513 444 536 et
461 509 624 541 concidunt,
638 509 794 537 ostenditur
811 517 844 537 ex
867 510 954 537 nihilo
976 518 1008 537 ea

218 554 359 588 accepisse
374 554 551 590 principium.
570 553 638 580 Nam
652 553 727 581 verbi
742 554 829 589 gratia
853 554 876 582 si
899 554 1008 582 deﬁciat

218 601 246 627 in
259 600 351 634 aliquo
362 599 472 631 humor,
489 607 540 627 nec
556 599 664 626 aridum
684 599 784 632 stabit;
802 600 917 628 humore
933 600 1006 628 enim

216 635 463 680 pascitur‘aridum
479 645 551 673 sicut
577 649 604 672 et
623 645 710 680 frigus
726 645 826 678 calido,
840 645 868 673 in
893 646 1004 680 quibus,

217 695 248 719 ut
263 691 395 722 diximus.
412 691 435 718 si
451 691 567 718 alterum
578 690 697 723 deﬁciat,
715 692 824 726 penitus
834 695 932 718 cuncta
950 692 1005 719 sol-

216 741 330 768 vuntur,
342 741 370 764 et
385 737 412 764 in
429 736 481 764 hoc
497 736 612 772 originis
625 744 681 764 sua
696 745 749 772 qua
766 745 798 764 ex
816 737 903 764 nihilo
932 737 1003 765 facta

216 787 292 815 sunt,
307 783 462 818 produntur
476 783 586 810 indicia.
599 783 678 816 Quod
699 782 721 810 si
735 783 847 810 materia
862 783 919 818 ipsa
941 791 1003 818 pro-

216 829 297 856 batur
310 836 372 857 esse
388 829 470 860 facta,
482 828 618 864 quomodo
632 832 724 863 partes
734 829 794 862 ejus
811 833 837 856 et
853 829 958 863 species
969 837 1002 856 ex

1062 238 1138 270 tegra
1150 239 1269 266 constat,
1284 235 1432 267 adduntur,
1448 234 1583 270 quomodo
1599 240 1668 262 stare
1680 235 1808 264 universitas

1062 284 1163 316 potest,
1176 288 1237 308 cum
1249 284 1304 307 tam
1319 281 1459 308 immensis
1474 281 1640 316 ponderibus
1653 289 1716 308 nava
1730 289 1809 317 semper

1063 327 1182 362 pondera
1194 327 1387 354 cumulentur?
1400 326 1452 354 Sed
1469 331 1496 354 et
1512 326 1579 354 illud
1602 328 1716 361 requiro,
1730 328 1748 354 si
1762 336 1809 362 pau-

1061 372 1136 399 latim
1147 372 1309 399 coeuntibus
1320 371 1491 406 corpusculis
1502 372 1690 398 exstruebatur
1701 372 1737 399 hic
1752 381 1810 407 quem

1062 417 1186 444 videmus
1198 417 1317 444 ambitus
1341 417 1417 448 cmli,
1430 417 1567 452 quomodo
1589 425 1643 444 non
1665 417 1691 444 in
1712 425 1740 444 eo
1758 417 1810 444 illico

1059 471 1121 491 cum
1138 468 1317 498 consurgeret
1331 464 1453 490 corruit?
1463 463 1486 491 si
1499 464 1608 498 quidem
1623 464 1698 491 hians
1709 463 1811 492 machina

1059 509 1146 544 ipsius
1164 509 1319 540 summitas,
1338 509 1422 537 nullis
1449 509 1561 537 suffulta
1576 510 1707 544 repagulis
1720 510 1810 544 stringe-

1059 557 1145 581 retur.
1159 552 1237 580 Sicut
1251 554 1324 581 enim
1339 554 1386 588 qui
1401 554 1578 581 aedificiorum
1600 554 1686 581 tholos
1709 554 1732 581 in
1745 554 1811 581 circu-

1058 598 1114 625 lum
1138 598 1294 632 instruunt,
1319 599 1372 626 nisi
1390 599 1599 626 conclusionem
1624 598 1700 626 medii
1726 599 1811 626 verticis

1059 645 1222 672 strinxerint
1239 665 1246 677 ,
1271 645 1432 672 universum
1459 645 1561 680 pariter
1588 645 1716 678 solvitur;
1745 645 1773 671 ita
1792 650 1812 672 et

1057 689 1151 717 mundi
1167 690 1297 722 circulus,
1316 698 1397 725 quem
1413 695 1468 717 tam
1481 690 1580 717 decora
1596 690 1684 725 specie
1697 690 1810 717 collectum

1057 735 1192 768 videmus,
1205 736 1227 763 si
1245 743 1299 762 non
1315 736 1406 763 subito
1423 739 1450 763 et
1465 736 1517 764 sub
1543 744 1598 763 uno
1615 735 1708 763 divina:
1727 736 1811 763 virtutis

1057 784 1147 806 rotatu
1161 780 1282 814 potentia
1297 781 1449 808 conditoris
1464 781 1577 808 effectus
1591 786 1644 813 est,
1657 781 1699 809 sed
1709 782 1810 816 paulatim

1056 826 1286 852 concurrentibus
1299 827 1398 853 atomis
1410 831 1436 854 et
1446 827 1657 858 instruentibus,
1670 835 1718 854 non
1730 830 1754 853 ut
1761 827 1811 853 ratio

214 875 316 909 quibus
330 874 448 902 mundus
463 878 592 907 constat,
618 874 783 902 videbuntur
809 874 934 902 iufectm?
950 873 1002 902 Sed
1019 866 1041 896 Β
1057 871 1175 905 Petebat.
1192 871 1239 898 80d
1257 876 1285 899 υῑ
1304 871 1436 900 fon-“Ilus
1458 873 1602 900 Illeidissel
1625 877 1739 903 θνεηίυεν
1761 880 1810 907 ⁸1¹¹⁰·

213 920 249 948 de
260 920 405 948 materiaet
413 920 590 956 qualitatibus
601 928 655 949 non
666 925 708 948 est
719 928 791 948 nunc
802 920 908 947 dicendi
919 920 1004 954 locus;

215 966 267 993 hoc
280 966 368 993 solum
384 965 513 993 docttisse
528 965 655 998 sufficiat,
684 966 767 994 Deum
793 974 855 993 esse
883 966 1004 992 omniunt

213 1011 397 1044 conditorem,
411 1012 475 1046 quia
490 1019 578 1046 neque
604 1012 628 1040 si
655 1012 773 1039 solidum
800 1017 826 1039 et
851 1018 1005 1038 connexum

214 1059 266 1085 fuit
276 1065 376 1093 corpus
383 1066 415 1086 ex
428 1065 483 1093 quo
491 1058 609 1086 mundus
620 1058 837 1090 constat,dirimi
848 1062 874 1084 ct
885 1057 1005 1085 discerni

214 1105 274 1132 sine
287 1104 439 1136 conditore,
448 1112 537 1140 neque
543 1104 566 1132 si
575 1112 608 1132 cx
620 1104 737 1132 diversis
748 1104 908 1132 eldiscretis
920 1105 1004 1139 parti-

214 1151 266 1178 bus
278 1151 307 1177 in
323 1159 408 1178 unum
416 1150 559 1178 collectum
566 1154 618 1182 est,
627 1150 787 1186 congregari
798 1156 823 1178 ct
830 1151 937 1178 misceri
945 1151 1004 1178 sine

214 1196 319 1224 artifice
340 1198 438 1231 potuit.
455 1197 540 1232 Igitur
554 1196 578 1224 si
603 1196 696 1224 mundi
712 1197 839 1224 conditor
854 1196 926 1224 Deus
942 1203 1004 1224 esse

213 1245 270 1268 tam
286 1242 426 1269 evidenter
441 1242 605 1274 ostenditur,
630 1242 676 1277 qui
701 1242 754 1270 erit
781 1242 900 1277 Epicuro
925 1242 1002 1270 locus

214 1286 405 1315 introducendi
422 1292 539 1320 atomos,
554 1291 581 1316 et
593 1287 734 1315 asserendi
747 1287 820 1322 quod
844 1296 877 1316 ex
903 1295 1004 1322 corpu-

214 1333 299 1360 scttlis
315 1333 523 1361 insensibilibus
538 1341 593 1361 non
606 1333 694 1361 solutn
708 1333 849 1361 scnsibilia
873 1339 1000 1368 corpora,

213 1377 262 1405 sed
276 1381 303 1404 et
315 1382 418 1405 mentes
434 1378 633 1406 intellectuales
645 1386 677 1405 ac
694 1378 843 1406 rationales
859 1377 942 1405 fiant?

248 1422 330 1450 XVII.
352 1422 404 1450 Sed
418 1423 542 1455 dices,ut
558 1423 674 1458 Epicuro
683 1424 771 1451 visum
783 1428 839 1452 est:
851 1423 1002 1451 Continua-

212 1469 303 1496 tiones
318 1473 471 1496 atomorum
483 1469 646 1497 indesinenti
663 1477 747 1497 cursu
758 1470 936 1502 venientium,
952 1477 1002 1504 per

214 1513 347 1542 immensa
362 1518 389 1542 et
404 1514 464 1542 sine
476 1515 528 1543 ﬁne
544 1520 666 1551 tempora
681 1515 855 1544 miscentium
871 1523 901 1543 se
919 1520 1001 1551 atque

213 1559 241 1586 in
254 1567 338 1587 unum
354 1561 586 1596 conglobantium,
603 1569 719 1596 corpora
734 1562 820 1590 solida
834 1561 998 1589 efficiuntur.

213 1604 273 1632 Non
284 1605 364 1633 venio
374 1607 407 1634 ad
420 1607 488 1638 hac.
504 1611 534 1634 ut
544 1615 601 1635 rem
613 1607 764 1636 fabulosam
775 1612 804 1636 et
820 1608 911 1642 inepte
924 1614 1003 1635 com-

213 1652 330 1686 positam
346 1653 452 1687 dicam;
479 1653 620 1681 videamus
644 1654 731 1690 magis
757 1654 781 1682 si
809 1654 1001 1689 qualecunque

213 1696 287 1724 istud
305 1701 362 1730 est,
379 1702 468 1733 potest
479 1703 554 1726 stare
571 1698 646 1734 quod
675 1699 786 1727 dicitur.
818 1699 901 1726 Aiunt
926 1698 999 1726 enim

212 1744 376 1778 corpuscula
390 1745 448 1779 ipsa
462 1752 524 1780 quae
535 1748 642 1773 atomos
653 1746 790 1780 appellant
802 1745 870 1781 (62),
883 1745 1000 1774 diversis

212 1796 275 1816 esse
288 1789 479 1823 qualitatibus,
494 1796 522 1818 et
535 1792 588 1818 alia
605 1791 716 1826 quidem
731 1791 843 1818 humida
857 1794 885 1819 et
899 1791 935 1818 ob
947 1791 1001 1818 hoc

212 1834 307 1869 gravia
318 1842 350 1863 ac
363 1835 491 1864 deorsum
506 1838 654 1870 tendentia,
666 1837 719 1865 alia
732 1843 797 1865 vero
809 1836 885 1865 arida
901 1842 928 1864 et
942 1841 1000 1864 ter-

213 1888 279 1908 rena
292 1885 374 1917 atque
387 1882 423 1909 ob
435 1883 486 1911 hoc
498 1884 676 1912 nihilominus
697 1885 790 1919 gravia
802 1905 810 1917 ,
837 1884 891 1911 alia
907 1887 998 1911 autem

213 1927 293 1961 ignea
308 1932 335 1955 et
350 1928 386 1955 ob
401 1929 452 1956 hoe
465 1937 574 1957 sursum
589 1938 697 1966 semper
709 1930 834 1960 nitentia,
852 1930 904 1957 alia
933 1938 998 1958 vero

213 1971 312 2007 frigida
326 1978 354 2000 et
367 1974 404 2001 ob
417 1974 468 2001 hoc
481 1975 556 2010 pigra
572 1980 599 2003 et
614 1984 721 2010 semper
733 1976 832 2004 media.
855 1975 998 2009 Quomodo

211 2025 277 2052 ergo
291 2026 354 2045 cum
367 2020 419 2046 alia
435 2027 542 2055 semper
553 2029 662 2049 sursum
675 2022 787 2048 tendant
801 2026 894 2057 utpote
907 2022 996 2057 ignea,

210 2065 303 2091 etalia
320 2073 428 2099 semper
455 2065 584 2094 deorsum
613 2072 705 2102 utpote
720 2067 832 2094 humida
857 2073 885 2095 et
909 2068 997 2101 arida,

211 2109 265 2136 alia
277 2117 342 2138 vero
358 2110 446 2138 media
461 2114 488 2138 et
505 2119 558 2138 non
573 2112 670 2146 aequali
681 2118 763 2138 cursu
775 2112 912 2144 incedant,
923 2113 998 2140 coire

211 2155 294 2182 simul
308 2159 457 2190 potuerunt
466 2160 494 2184 et
509 2165 591 2184 unum
609 2160 709 2192 corpus
727 2156 851 2185 ellicere?
880 2156 909 2184 Si
934 2157 997 2192 quis

1015 1536 1036 1565 C

1057 916 1137 944 modo
1158 925 1212 944 non
1235 919 1312 952 prius
1331 926 1414 953 quant
1429 918 1520 954 colligi
1536 924 1631 954 posset
1655 923 1681 946 et
1700 918 1808 947 concludu

1056 963 1178 999 dilapsus
1193 968 1235 992 est
1250 969 1278 991 et
1290 965 1460 993 dissolutus?
1474 965 1513 992 Ad
1532 966 1590 993 hate
1614 967 1692 993 etiam
1711 966 1765 992 illud
1781 974 1811 991 re

1055 1009 1146 1044 quiro,
1163 1011 1234 1044 quod
1247 1010 1283 1037 sit
1297 1011 1452 1041 munimen,
1466 1018 1549 1046 super
1557 1012 1631 1046 qttod
1643 1016 1693 1038 tant
1703 1012 1811 1038 immensa:

1055 1055 1135 1083 molis
1148 1055 1221 1090 jacta
1240 1056 1295 1084 sint
1308 1056 1504 1084 fundamenta?
1517 1057 1549 1084 Et
1560 1065 1657 1085 rursus
1672 1057 1730 1084 illud
1744 1058 1809 1092 ipsum

1055 1101 1128 1136 quod
1144 1102 1248 1129 dixeris
1263 1104 1413 1135 munimen,
1430 1111 1514 1138 super
1528 1103 1594 1138 quid
1609 1103 1712 1137 jaceat?
1724 1102 1751 1129 Et
1764 1103 1810 1129 item

1055 1148 1121 1175 illttd
1136 1148 1219 1181 aliud,
1228 1156 1311 1184 super
1320 1149 1404 1184 quid?
1414 1153 1440 1177 et
1451 1157 1573 1185 eousque
1580 1149 1759 1184 interrogando
1765 1157 1810 1183 pro-

1054 1193 1171 1229 grediar.
1183 1195 1271 1222 donec
1282 1195 1423 1229 responsio
1432 1194 1465 1221 ad
1478 1195 1545 1222 nihil
1555 1199 1582 1222 et
1595 1195 1675 1222 inane
1689 1194 1809 1230 perveniat.

1091 1238 1162 1266 XIX.
1184 1239 1263 1273 Quod
1278 1240 1301 1267 si
1328 1240 1403 1267 dicat
1431 1240 1531 1274 aliquis
1543 1259 1551 1272 ,
1567 1241 1634 1275 quia
1648 1240 1723 1267 atomi
1745 1240 1809 1274 ignee

1053 1286 1195 1321 qualitatis
1210 1287 1366 1321 conjuncta
1377 1286 1429 1314 sibi
1444 1294 1545 1321 corpus
1558 1294 1644 1313 unum
1666 1285 1780 1315 fecerunt,
1791 1290 1810 1310 et

1052 1331 1116 1366 quia
1131 1331 1202 1366 ignis
1213 1332 1333 1367 qualitas
1344 1339 1398 1358 non
1414 1331 1542 1359 deorsum
1557 1331 1606 1359 sed
1619 1339 1722 1358 sursum
1735 1329 1808 1359 tendit.

1053 1376 1208 1411 impositam
1218 1377 1312 1404 mundi
1325 1377 1423 1405 molem
1432 1377 1466 1405 ad
1477 1377 1622 1413 superiora
1633 1384 1732 1412 semper
1742 1376 1809 1402 nitens

1052 1423 1122 1458 ignis
1128 1427 1224 1450 natura
1233 1424 1390 1457 subvectat;
1403 1425 1435 1451 ad
1445 1424 1503 1452 haec
1510 1424 1744 1459 respondebimus:
1755 1422 1808 1455 Quo-

1051 1469 1132 1496 modo
1144 1473 1292 1504 potuerunt
1300 1471 1383 1497 atomi
1398 1470 1484 1506 ignem
1495 1470 1649 1506 qualitatis,
1661 1477 1717 1504 qua:
1727 1475 1808 1502 semper

1053 1514 1085 1542 ad
1095 1515 1238 1549 superiora
1257 1515 1446 1548 contendunt,
1463 1515 1492 1542 in
1513 1515 1644 1543 inferiora
1664 1512 1808 1544 descendere,

1052 1565 1079 1589 et
1091 1561 1118 1589 in
1134 1561 1270 1597 profundo
1283 1569 1314 1589 ac
1332 1561 1384 1589 sub
1398 1562 1489 1589 omnia
1501 1561 1628 1590 demerso
1639 1562 1744 1589 inveniri
1755 1561 1808 1588 loco?

1052 1606 1120 1634 Cum
1135 1607 1231 1642 utique
1250 1607 1393 1642 graviores
1412 1614 1527 1642 qumque
1539 1627 1548 1639 ,
1569 1607 1596 1634 id
1610 1611 1652 1635 est
1670 1611 1770 1634 terrente
1778 1606 1808 1631 vel

1053 1651 1170 1680 bumidaa
1184 1653 1332 1688 qualitates
1342 1653 1520 1688 pratveniant,
1529 1657 1560 1680 ut
1570 1653 1699 1684 diximus,
1710 1652 1807 1681 leviom.

1051 1699 1124 1727 unde
1137 1703 1164 1727 et
1174 1700 1274 1727 caelum
1291 1701 1365 1727 velut
1391 1700 1563 1734 superiorum
1591 1700 1718 1727 fabricam
1741 1698 1808 1733 igneis

1052 1747 1163 1779 atomis,
1179 1753 1241 1782 quae
1253 1750 1280 1773 et
1295 1746 1413 1774 leviores
1427 1751 1528 1774 suntet
1543 1754 1655 1773 sursum
1668 1753 1761 1780 semper
1774 1745 1805 1770 fui

1050 1793 1141 1828 aiunt,
1152 1798 1281 1820 asserunt
1295 1796 1439 1820 structam.
1456 1791 1550 1826 Neque
1572 1799 1640 1826 ergo
1662 1790 1806 1817 fundamenta

1050 1839 1122 1874 ignis
1137 1843 1184 1866 aut
1202 1839 1254 1865 alia
1280 1838 1334 1866 ulla
1349 1838 1452 1865 habere
1477 1837 1598 1865 mundus
1629 1841 1721 1872 potest,
1741 1842 1807 1869 neque
1850 1873 1851 1878 η

1050 1885 1148 1911 atomis
1164 1883 1338 1919 gravioribus
1353 1891 1416 1910 cum
1433 1883 1594 1915 levioribus,
1612 1883 1639 1910 id
1656 1887 1695 1911 est
1707 1882 1744 1909 his
1762 1887 1806 1916 qua
1850 1887 1851 1890 ‘

1049 1929 1178 1957 deorsum
1199 1937 1308 1965 semper
1326 1929 1534 1964 praecipitantur
1553 1932 1580 1956 et
1598 1929 1642 1956 his
1653 1936 1710 1964 quae
1722 1933 1805 1961 sempN

1049 1982 1159 2003 sursum
1171 1975 1289 2011 fugiunt,
1302 1975 1419 2003 societas
1434 1979 1482 2002 aut
1493 1975 1692 2010 compaginatio
1702 1974 1748 2001 ulta
1757 1980 1804 1999 con-

1048 2020 1148 2048 veniat.
1178 2020 1263 2056 Igitur
1287 2020 1360 2056 quod
1378 2020 1548 2055 impossibile
1571 2022 1608 2048 sit
1622 2029 1656 2048 ex
1678 2025 1802 2047 atomorum

1048 2065 1242 2099 conjunctione
1263 2072 1378 2100 corpora
1404 2066 1500 2093 mundi
1515 2065 1641 2099 solidari,
1670 2065 1801 2094 sufﬁcienter

1048 2109 1162 2141 dictum,
1178 2113 1206 2137 et
1217 2110 1290 2145 quod
1299 2117 1354 2137 non
1369 2111 1509 2146 potuerint
1519 2110 1689 2139 insensibilia
1703 2117 1800 2145 corpora.

1047 2155 1153 2183 etiamsi
1168 2155 1223 2182 ulla
1246 2156 1354 2183 ratione
1375 2156 1450 2183 coire
1471 2160 1499 2184 et
1520 2157 1647 2184 connecti
1670 2156 1799 2192 potuissent.

210 2200 284 2227 enim
314 2200 348 2228 de
373 2202 572 2237 superioribus,
588 2202 664 2230 verbi
686 2203 771 2237 gratia
796 2203 995 2230 minutissimas
1011 2203 1033 2231 ι)
1048 2200 1149 2228 formas
1164 2201 1230 2229 dare
1245 2201 1417 2236 corporibus,
1432 2206 1459 2230 et
1473 2210 1629 2237 mensuras,
1647 2202 1754 2230 membra
1767 2201 1801 2227 fiu-

210 2245 315 2280 paleas,
329 2250 357 2274 et
371 2247 404 2273 ad
423 2247 545 2275 eamdem
575 2248 788 2282 magnitudinem
818 2247 997 2275 minutissimi

212 2290 315 2325 plumbi
327 2292 476 2326 particulas
487 2291 614 2319 deorsum
628 2292 723 2326 jaciat,
735 2292 858 2328 nunquid
868 2296 996 2327 poterunt

209 2336 337 2370 quamvis
363 2338 481 2372 aequales
506 2338 562 2365 sint
588 2338 786 2373 magnitudine,
816 2339 888 2366 leves
912 2338 997 2373 palea:

210 2387 303 2418 partes
322 2383 425 2419 plumbi
440 2384 590 2419 particulas
603 2384 756 2419 consequi?
771 2384 852 2419 longe
863 2384 936 2411 enim
948 2391 996 2411 ve-

210 2428 299 2456 locius
311 2428 345 2456 ad
368 2429 453 2456 imuut
479 2430 604 2464 graviora
624 2430 796 2464 perveniunt.
827 2430 865 2457 lta
889 2437 954 2464 ergo
969 2434 997 2457 et

209 2473 304 2506 atomi,
327 2474 435 2502 etiamsi
455 2475 639 2510 magnitudine
655 2476 773 2510 aequales
785 2475 849 2509 sint,
878 2475 997 2511 pondere

209 2523 302 2547 tamen
314 2521 472 2555 inaequales.
485 2529 625 2556 nunquam
636 2526 763 2556 poterunt
773 2530 834 2557 qua'
850 2522 922 2548 leves
933 2526 997 2548 sunt

209 2566 340 2600 consequi
355 2566 510 2601 graviores;
523 2566 596 2600 quod
613 2567 636 2593 si
651 2567 783 2601 consequi
795 2575 849 2594 non
867 2571 993 2602 possunt,

207 2610 270 2638 sine
284 2610 368 2639 dubio
379 2619 430 2640 nec
444 2612 554 2640 misceri
566 2620 617 2640 nec
632 2620 733 2647 corpus
743 2612 861 2640 efficere.

246 2654 339 2684 XVIII.
355 2655 424 2685 Tum
447 2657 547 2686 deinde
561 2658 584 2685 si
612 2657 799 2686 indesinenter
821 2658 949 2685 feruntur
967 2661 994 2686 et

1047 2254 1122 2282 gere,
1138 2247 1180 2274 vel
1194 2247 1340 2282 qualitates
1356 2247 1477 2280 efﬁcere,
1493 2248 1536 2276 vel
1554 2250 1705 2284 exprimam
1718 2247 1800 2283 quanti-

1047 2297 1117 2321 tates
1129 2302 1136 2325 ;
1151 2300 1214 2337 qm?
1225 2293 1320 2328 utique
1333 2295 1426 2321 omnia
1440 2294 1627 2322 tnodulatione
1648 2295 1703 2326 sui,
1717 2300 1799 2321 tuanum

1048 2342 1182 2366 testantur
1196 2339 1308 2366 a‘rtiﬁcis
1322 2343 1349 2365 et
1364 2346 1434 2374 opus
1449 2340 1563 2368 rationis
1578 2341 1729 2371 ostendunt,
1739 2346 1799 2374 quam

1047 2383 1180 2410 rationem
1197 2390 1248 2418 ego
1259 2382 1377 2414 Veiaum
1391 2388 1418 2410 et
1434 2383 1517 2411 Deum
1534 2386 1652 2420 appello.

1083 2427 1142 2454 XX.
1160 2427 1214 2455 Sed
1227 2428 1301 2455 dicet
1314 2428 1414 2464 aliquis
1425 2428 1482 2456 haec
1493 2437 1508 2455 a
1522 2434 1619 2456 natura
1632 2430 1699 2458 ﬁeri.
1721 2428 1767 2454 Jam
1780 2427 1797 2452 in

1046 2473 1100 2501 hoc
1112 2473 1146 2501 de
1156 2473 1266 2501 nomine
1281 2475 1468 2501 controversia
1483 2479 1534 2502 est.
1550 2475 1619 2503 Cum
1632 2476 1699 2503 enim
1719 2477 1796 2501 constet

1047 2520 1147 2547 mentis
1162 2527 1223 2548 esse
1234 2524 1260 2547 et
1271 2521 1386 2547 rationis
1400 2527 1480 2554 opus,
1507 2521 1558 2547 hoc
1573 2522 1644 2556 quod
1659 2527 1686 2548 tu
1701 2523 1795 2547 naturam

1045 2573 1139 2598 vocas,
1155 2574 1205 2601 ego
1217 2565 1302 2593 Deum
1318 2567 1487 2594 conditorem
1499 2575 1583 2601 voco;
1595 2572 1699 2596 constat
1713 2573 1753 2593 nec
1762 2571 1795 2598 p0-

1046 2612 1133 2639 tuisse
1147 2620 1198 2639 nec
1215 2620 1295 2647 posse
1311 2613 1352 2640 vel
1366 2621 1511 2648 corporum
1531 2615 1636 2650 species
1655 2619 1704 2640 tam
1724 2617 1793 2639 neces-

1048 2658 1128 2685 sariis
1142 2658 1365 2686 distinctionibus
1380 2659 1532 2692 institutas,
1547 2660 1588 2688 vel
1601 2660 1742 2687 animorum
1751 2662 1794 2683 scn-

858 2726 1041 2754 COTELERII
1059 2727 1175 2755 ΝΟΤΔΕ.

246 2791 303 2832 ςβίξ)
321 2793 491 2832 Αἰαιιςβηὶηι
511 2798 666 2832 corpuscula
680 2804 736 2830 ipsa
751 2804 808 2831 qua:
823 2801 923 2824 atomos
945 2805 992 2832 ap<

210 2827 321 2861 ultam,
332 2831 385 2857 etc.
397 2828 458 2859 Non
470 2830 523 2860 hoc
537 2827 645 2860 diccbat
660 2827 809 2867 Epicurus;
825 2832 880 2861 imo
894 2827 992 2861 atom'is

1045 2797 1182 2861 tribatﬁgat
1207 2797 1378 2827 solummodo
1397 2798 1511 2835 figuram
1525 2819 1533 2833 ,
1554 2797 1753 2837 magnitudinem
1773 2796 1791 2821 α

1043 2840 1098 2866 pon
1153 2852 1160 2861 .

1082 2841 1160 2861 naus.
