1873 3095
30 123 92 152 1381

633 120 891 150 RECOGNITION‘U
896 121 920 149 Μ
940 121 1004 148 LIB.
1019 120 1087 149 VIII.

1593 107 1670 151 1582‘

31 190 86 215 sus,
105 181 295 209 irrationabili
308 189 390 217 opere
400 186 427 210 et
438 181 512 217 quod
529 189 611 210 sensu
626 185 719 209 careat
738 181 819 208 eiliei.
835 185 858 213 Α
909 179 991 208 XXII.
1021 179 1076 207 Sed
1099 187 1132 207 ne
1156 179 1190 207 de
1208 179 1252 207 his
1273 187 1333 215 quze
1352 187 1406 208 non
1420 180 1548 209 omnibus
1572 182 1661 216 palam

29 227 104 261 Quod
117 228 141 255 si
154 227 250 256 idonei
264 228 313 256 tibi
331 232 415 256 testes
428 228 555 255 videntur
566 227 731 263 philosophi,
744 226 822 253 Plato

28 276 59 303 de
73 276 115 304 his
130 281 254 304 testatur
265 276 292 303 in
305 275 405 303 Timazo
421 276 488 313 (63),
504 277 550 304 ubi
566 277 600 304 de
613 276 707 303 mundi
717 276 822 303 factura

27 321 181 349 discutiens
211 322 338 357 requirit,
358 326 514 349 utrumnam
536 329 644 357 semper
671 321 769 352 fuerit,
786 329 821 348 an

27 367 131 394 initium
148 368 314 403 sumpserit,
329 371 356 395 et
376 368 535 404 pronuntiat
559 368 624 403 quia
651 367 739 395 factus
755 368 792 395 sit
811 375 818 393 :

27 411 148 440 Visibilis
168 414 256 446 enim,
272 413 372 448 inquit,
389 417 432 441 est
445 417 472 441 et
495 414 641 449 palpabilis
657 418 740 445 atque
755 420 820 440 cor-

25 466 135 493 poreus,
153 459 251 486 omnia
266 463 357 487 autem
372 467 434 495 qua:
462 459 619 494 huiusmodi
647 463 722 491 sunt,
748 458 819 485 facta

23 512 81 532 esse
99 509 234 538 constat;
249 505 324 540 quod
339 510 430 533 autem
448 505 550 532 factum
565 509 617 537 est,
634 506 752 541 aliquem
767 505 818 532 ha-

22 550 65 578 bet
85 551 148 577 sine
165 551 252 579 dubio
267 555 407 579 auctorem
419 571 426 583 ,
443 559 458 578 a
474 559 529 586 quo
545 551 647 579 factum
663 557 714 579 esL
740 551 819 580 Hunc

21 605 93 631 ergo,
108 597 216 632 inquit,
237 597 367 625 factorem
379 603 572 633 parentemque
586 598 719 629 omnium,
733 601 760 625 et
774 598 817 626 in-

22 644 112 670 venire
124 643 240 671 dillieile
259 648 338 671 estet
362 644 503 672 inventum
521 645 602 680 vulgo
616 652 748 672 enarrare
766 645 818 672 im-

20 689 164 723 possibile.
184 689 249 717 IImc
272 689 383 725 quidem
403 689 482 717 Plato
497 691 584 724 dicit;
601 691 649 718 sed
672 695 699 718 et
721 691 744 718 si
760 691 818 726 ipse

20 735 121 770 aliique
138 735 302 763 Graecorum
319 736 474 771 philosophi
491 736 525 764 de
541 736 645 764 factura
667 737 761 764 mundi
780 737 817 764 si—

19 781 73 809 lere
87 781 260 814 voluissent,
278 790 370 810 nonne
385 783 515 810 omnibus
531 783 700 810 intellectum
713 783 816 810 haben-

20 827 92 854 tibus
117 828 214 862 palam
245 827 337 855 esset?
351 827 418 861 Quis
434 829 507 855 enim
535 832 579 855 est
608 829 698 862 exigui
718 829 815 856 saltem

874 230 949 258 sunt,
963 227 1067 253 incerta
1080 225 1205 252 videatur
1216 227 1344 257 assertio,
1357 225 1391 252 ad
1406 233 1437 253 ea
1448 227 1590 254 veniamus
1601 235 1662 262 quae

873 273 1009 300 neminem
1026 272 1122 299 latent.
1136 271 1203 304 Quis
1212 276 1347 298 astrorum
1356 279 1455 299 cursus
1468 275 1542 299 tanta
1555 273 1663 301 ratione

872 318 1019 353 disposuit,
1038 321 1170 352 ortusque
1182 325 1277 345 eorum
1292 321 1320 345 et
1329 325 1446 344 occasus
1456 318 1585 350 instituit,
1601 327 1662 346 cer-

872 364 962 399 tisque
985 368 1013 391 et
1041 363 1179 391 demensis
1201 363 1371 398 temporibus
1395 363 1544 398 unicuique
1569 369 1663 392 tenere

871 411 934 438 coeli
950 411 1084 438 ambitum
1100 409 1194 437 dedit?
1209 410 1277 443 Quis
1288 409 1322 437 ad
1335 417 1463 438 occasum
1479 410 1540 438 aliis
1555 418 1663 445 semper

871 457 993 488 tendere,
1010 456 1072 483 aliis
1088 457 1171 483 etiam
1185 456 1275 483 redire
1289 456 1316 482 in
1332 460 1423 483 ortum
1436 455 1578 490 permisit?
1594 456 1662 488 Quis

871 501 1002 537 imposuit
1016 501 1126 527 modum
1143 501 1272 527 cursibus
1287 501 1365 532 solis,
1379 504 1408 527 ut
1423 501 1506 527 horas
1518 503 1546 528 et
1560 500 1619 528 dies
1634 504 1662 527 et

870 555 979 575 menses
993 551 1021 574 et
1038 551 1192 581 temporum
1207 547 1412 574 vicissitudines
1436 547 1555 574 diversis
1578 547 1661 574 moti-

870 593 921 620 bus
936 593 1025 628 signet
1035 612 1043 623 .
1058 596 1086 619 et
1101 599 1174 618 nunc
1196 592 1313 619 hiemem
1326 611 1333 623 ,
1358 591 1422 618 inde
1443 600 1502 624 ver,
1520 596 1641 619 aestatem
1652 612 1660 624 ,

870 642 931 672 post
943 643 970 664 et
982 641 1143 664 autumnum
1154 640 1229 664 certa
1241 644 1342 664 cursus
1357 637 1400 664 sui
1416 637 1589 664 dimensione
1604 637 1663 664 dis-

869 687 982 715 cernat,
1024 687 1051 711 et
1076 690 1185 718 semper
1211 683 1315 710 eisdem
1350 683 1455 710 vicibus
1480 684 1544 710 anni
1567 683 1662 711 orbem

869 729 1015 757 inconlusa
1038 729 1171 757 varietate
1195 729 1391 765 constringat?
1419 729 1503 763 Quis,
1533 730 1660 765 inquam,

868 777 937 803 tanti
951 775 1057 803 ordinis
1079 775 1310 807 moderatricem,
1336 783 1391 802 non
1415 775 1505 810 ipsam
1526 774 1574 802 Dei
1597 782 1662 809 pro-

868 823 976 850 nuntiet
990 822 1176 857 sapientiam?
1191 821 1224 848 Et
1239 822 1296 848 hazc
1318 821 1429 856 quidem
1447 822 1597 848 secundum
1616 822 1661 848 illa

19 881 116 900 sensus
130 873 232 905 homo,
247 873 294 908 qui
318 881 380 900 cum
396 877 491 901 cernat
506 873 617 901 domum
639 874 731 901 omnia
753 882 814 909 qua»,
829 868 850 895 Β
865 869 944 896 nobis
959 868 1033 895 dicta
1047 868 1114 899 sint.
1127 875 1188 903 qua:
1201 867 1236 895 de
1248 868 1420 895 exeelsorum
1435 867 1590 902 disciplinis
1605 872 1663 894 tra-

18 917 49 945 ad
65 925 135 946 usus
148 919 311 946 necessaria
324 922 389 946 sunt
405 919 562 952 habentem,
578 919 658 953 cujus
679 926 815 947 cameram

17 963 43 988 in
57 963 178 998 sphaerae
188 971 284 998 gyrum
295 964 389 992 videat
416 965 571 997 collectam,
601 972 716 999 eamque
740 964 817 992 vario

17 1007 168 1041 splendore
184 1012 213 1036 et
228 1009 344 1038 diversis
357 1010 523 1045 imaginibus
532 1009 680 1044 depictam,
697 1010 817 1036 lumina-

17 1053 92 1081 ribus
109 1055 263 1089 praecipuis
286 1060 313 1083 et
328 1056 457 1083 maximis
473 1056 655 1089 adornatam;
674 1055 749 1090 quis,
774 1055 817 1083 in-

15 1107 109 1134 quam,
138 1105 196 1133 est,
226 1103 274 1137 qui
300 1102 459 1137 huiusmodi
473 1101 605 1129 fabricam
631 1102 736 1134 videns,
760 1109 815 1129 non

15 1146 105 1173 statim
127 1149 292 1183 pronuntiet
315 1156 330 1175 a
349 1149 554 1183 sapientissimo
570 1152 597 1176 et
621 1149 816 1183 potentissimo

15 1191 120 1221 artiﬁce
146 1194 358 1221 constructam?
373 1193 406 1221 Et
430 1195 468 1221 ita
482 1195 545 1231 quis
573 1195 729 1222 invenietur
747 1196 815 1223 insi-

16 1239 104 1273 piens,
126 1243 159 1267 ut
175 1248 238 1267 cum
251 1240 314 1268 coeli
324 1248 395 1275 opus
411 1241 552 1276 inspiciat,
563 1241 737 1276 splendorem
749 1243 815 1270 solis

15 1288 111 1312 cernat
125 1292 160 1312 ac
176 1285 259 1317 lunae,
277 1289 417 1312 astrorum
433 1293 533 1312 cursus
549 1289 576 1312 et
587 1285 692 1319 species
708 1289 735 1313 et
757 1286 815 1313 vias

15 1331 99 1358 certis
114 1331 276 1359 rationibus
285 1335 312 1359 et
321 1332 493 1366 temporibus
503 1331 596 1359 videat
604 1331 744 1364 deﬁnitas,
761 1339 815 1359 non

15 1380 69 1404 tam
87 1385 103 1404 a
119 1378 247 1413 sapiente
262 1378 319 1405 haec
333 1378 438 1406 artiﬁce
453 1383 480 1406 et
493 1378 669 1411 rationabili,
686 1386 767 1414 quam
782 1378 816 1405 ab

16 1423 74 1458 ipsa
87 1425 229 1459 sapientia
243 1428 270 1451 et
284 1426 392 1452 ratione
410 1425 509 1451 clamet
525 1424 640 1452 eﬂ'ecta?

50 1469 124 1497 XXI.
139 1470 220 1504 Quod
235 1474 262 1497 et
272 1472 296 1498 si
311 1471 461 1498 secundum
476 1471 544 1499 alios
555 1471 712 1499 Graecorum
726 1471 816 1507 philo«

16 1515 119 1549 sophos
139 1515 237 1542 audire
251 1516 303 1547 vis,
320 1519 347 1543 et
363 1516 532 1544 mechanicis
548 1516 671 1544 imbutus
686 1524 716 1544 es
730 1517 814 1544 disci-

16 1561 110 1595 plinis,
128 1561 164 1589 de
176 1562 292 1589 excelsis
303 1570 364 1597 qua:
375 1562 534 1594 traduntur,
548 1570 601 1589 non
617 1567 642 1590 te
657 1563 717 1590 sine
731 1563 814 1591 dubio

16 1605 114 1636 latent.
133 1607 245 1635 Ponunt
263 1608 335 1635 enim
363 1608 498 1643 sphzeram
513 1609 657 1643 aequaliter
680 1616 713 1635 ex
739 1610 814 1636 omni

18 1657 96 1687 parte
111 1654 269 1685 collectam,
279 1657 307 1682 et
321 1654 354 1681 ad
366 1654 458 1681 omnia
468 1654 596 1682 similiter
609 1655 813 1690 respicientem,

17 1701 100 1733 atque
113 1705 130 1725 a
142 1703 239 1726 centro
249 1702 330 1726 terra!
343 1699 430 1734 aquis
443 1699 542 1734 spatiis
556 1699 726 1731 distinctam.
741 1700 816 1735 ipsa-

17 1752 70 1778 que
83 1745 130 1772 sui
145 1744 302 1779 aequalitate
322 1745 360 1772 ita
375 1745 513 1778 stabilem,
531 1749 560 1772 ut
574 1752 635 1773 eam
660 1745 689 1772 in
710 1746 814 1772 nullam

16 1795 125 1825 partem
155 1791 293 1818 declinare
313 1790 438 1828 undique
454 1792 597 1827 aequalitas
621 1792 737 1819 collecta
752 1800 815 1827 per-

17 1836 128 1870 mittat;
147 1840 174 1863 et
189 1837 227 1864 ita
241 1844 256 1864 a
272 1837 349 1864 nullo
369 1838 529 1865 fulcimento
547 1837 678 1865 subvecta
703 1841 815 1864 susten-

17 1885 94 1911 tatur
111 1884 230 1919 sphaera.
245 1884 322 1917 Quod
338 1884 362 1912 si
373 1892 437 1912 vere
453 1884 524 1911 hanc
540 1883 641 1911 habeat
658 1883 816 1911 similitudi-

18 1936 81 1956 nem
95 1930 195 1957 mundi
215 1930 352 1963 machina,
369 1929 482 1957 evidens
496 1933 539 1957 est
564 1937 634 1964 opus
648 1929 676 1956 in
693 1937 725 1957 ea
745 1929 816 1956 divi-

19 1983 86 2002 num
112 1975 143 2002 Si
160 1983 235 2006 vero,
245 1979 275 2002 ut
289 1976 351 2002 aliis
359 1976 448 2003 visum
461 1979 513 2004 est.
530 1982 613 2009 super
626 1982 712 2010 aquas
726 1976 815 2009 posita

19 2021 133 2056 spbaira
152 2020 209 2055 (64)
224 2020 265 2047 vel
278 2028 361 2055 super
375 2021 450 2055 ipsas
464 2020 561 2053 fertur,
575 2021 617 2047 vel
632 2021 659 2047 in
672 2020 740 2055 ipsis
754 2020 815 2047 vol-

19 2067 106 2099 vitur,
127 2067 211 2093 etiam
227 2066 267 2094 sic
293 2067 383 2102 magni
400 2067 428 2094 in
444 2073 476 2094 ea
490 2066 606 2094 artiﬁcis
630 2073 701 2102 opus
723 2066 816 2094 decla-

21 2117 110 2140 ratur.

869 915 973 942 duntur
986 922 1002 941 a
1017 913 1131 942 Graecis.

905 958 1001 986 XXIII.
1023 959 1094 992 Quid
1109 963 1201 986 autem
1215 962 1242 985 ct
1256 958 1289 985 de
1303 958 1362 990 his,
1386 966 1447 993 quae
1466 959 1508 986 ch
1528 958 1556 985 in
1578 959 1661 987 terris

868 1007 910 1034 vel
928 1007 955 1034 in
970 1007 1039 1033 mari
1056 1006 1206 1034 videmus?
1224 1013 1317 1033 nonne
1337 1006 1480 1033 evidenter
1501 1006 1659 1037 edoceniur,

867 1053 916 1081 Dei
935 1054 962 1080 in
976 1053 1019 1080 his
1034 1060 1089 1079 non
1110 1052 1199 1080 solum
1220 1060 1290 1086 opus
1309 1059 1386 1084 esse,
1402 1051 1450 1079 sed
1468 1056 1495 1078 et
1514 1051 1661 1086 providen-

867 1099 933 1126 tiam
945 1099 956 1126 ?
969 1098 1037 1125 Nam
1050 1098 1124 1134 quod
1140 1098 1167 1125 in
1183 1103 1256 1126 terra
1271 1101 1378 1125 montes
1390 1098 1491 1126 excelsi
1505 1098 1560 1133 (65)
1577 1099 1662 1126 certis

867 1145 1024 1180 quibusque
1039 1145 1177 1172 habentur
1192 1144 1220 1171 in
1236 1145 1305 1172 locis
1316 1164 1323 1176 ,
1340 1148 1370 1171 ut
1383 1153 1416 1172 ex
1431 1144 1473 1172 his
1488 1145 1563 1172 velut
1584 1152 1660 1172 com-

868 1199 980 1226 pressus
993 1195 1020 1218 et
1035 1194 1235 1226 coangustatus
1250 1198 1297 1217 aer
1311 1191 1488 1217 ordinatione
1507 1189 1553 1223 Dei
1577 1197 1662 1225 coga-

868 1242 912 1264 tur
926 1242 954 1264 ct
967 1237 1139 1272 exprimatur
1154 1237 1183 1263 in
1197 1240 1312 1268 ventos,
1328 1244 1361 1264 ex
1376 1236 1477 1271 quibus
1501 1239 1528 1264 et
1550 1235 1659 1263 fructus

867 1291 978 1318 germen
1001 1283 1180 1318 concipiant,
1206 1286 1233 1309 et
1256 1282 1369 1310 aestivus
1394 1281 1476 1309 ardor
1502 1282 1661 1317 temperiem

867 1335 974 1362 sumat,
997 1336 1061 1356 cum
1080 1328 1204 1356 Pleiades
1228 1328 1285 1364 (66)
1308 1329 1401 1363 ignita:
1422 1328 1490 1356 solis
1512 1328 1661 1356 ardoribus

868 1376 1071 1404 incanduerint.
1097 1375 1150 1403 Sed
1174 1375 1270 1403 dices:
1293 1375 1351 1402 Cur
1373 1380 1402 1402 et
1420 1375 1503 1402 ardor
1524 1375 1607 1408 solis,
1631 1379 1662 1402 nt

867 1423 1014 1458 temperies
1029 1421 1209 1457 requiratur?
1226 1421 1258 1448 Et
1273 1421 1411 1456 quomodo
1427 1421 1518 1456 fruges
1533 1421 1661 1448 humanis

867 1470 965 1498 usibus
979 1468 1142 1497 necessariae
1159 1467 1400 1495 maturescerent?
1416 1466 1469 1494 Sed
1485 1470 1513 1494 et
1529 1466 1595 1494 illud
1613 1467 1660 1493 ad-

867 1520 960 1547 verte,
989 1515 1061 1550 quod
1087 1513 1121 1542 ad
1136 1521 1215 1541 axem
1245 1513 1447 1545 meridianum,
1472 1513 1517 1540 ubi
1540 1513 1603 1547 plus
1619 1517 1662 1540 est

829 1547 850 1575 c
868 1562 986 1589 caloris.
1003 1568 1060 1588 non
1076 1561 1162 1587 multa
1176 1560 1259 1587 datur
1273 1560 1387 1587 nubium
1404 1559 1588 1594 constipatio,
1609 1567 1662 1586 nec

869 1606 1014 1634 abundans
1047 1606 1126 1640 copia
1156 1605 1284 1632 imbrium
1317 1604 1454 1636 funditur,
1482 1612 1517 1631 ne
1546 1604 1661 1631 morbus

867 1653 1056 1680 habitantibus
1076 1654 1245 1686 generetur;
1270 1650 1388 1678 humidze
1411 1651 1484 1677 enim
1509 1650 1613 1682 nubes,
1637 1650 1661 1677 si

865 1700 958 1726 calore
979 1698 1075 1733 rapido
1090 1701 1256 1732 coquantur,
1271 1705 1361 1724 aerem
1385 1702 1545 1732 corruptum
1565 1701 1593 1724 et
1613 1705 1661 1732 pe-

866 1746 992 1774 stiferum
1017 1744 1144 1772 reddunt.
1172 1743 1226 1772 Sed
1250 1749 1277 1771 et
1303 1747 1376 1770 terra
1400 1743 1519 1770 calidum
1544 1744 1660 1771 imbrem

866 1792 1022 1827 suscipiens
1033 1810 1040 1822 ,
1055 1798 1109 1817 non
1125 1790 1295 1817 nutrimenta
1317 1789 1472 1824 segetibus,
1498 1788 1546 1817 sed
1567 1790 1661 1824 perni-

865 1837 936 1865 ciem
951 1835 1054 1872 praebet
1067 1844 1074 1868 ;
1090 1835 1117 1862 in
1132 1843 1188 1870 quo
1201 1835 1265 1870 quis
1280 1835 1388 1862 dubitat
1403 1842 1472 1870 opus
1486 1842 1548 1862 esse
1561 1834 1661 1861 divinat

866 1882 1073 1910 Providentiae?
1089 1881 1211 1916 Denique
1229 1881 1448 1916 JEgyptus,quia
1465 1880 1630 1916 Ethiopicis
1644 1889 1660 1908 e

868 1929 958 1956 vicino
974 1928 1071 1963 ﬂagrat
1086 1927 1246 1958 ardoribus,
1270 1935 1304 1954 ne
1326 1926 1495 1955 insanabiles
1514 1930 1659 1960 corrupte-

867 1976 909 2002 las
921 1975 993 2002 aeris
1017 1974 1147 2001 imbrium
1172 1973 1339 2000 necessitate
1366 1972 1541 2007 susciperet,
1569 1971 1659 2006 campi

868 2022 929 2057 ejus
952 2029 1005 2048 non
1026 2020 1146 2056 pluviam
1166 2020 1287 2047 nubibus
1307 2019 1508 2051 ministratam,
1531 2019 1579 2047 sed
1603 2023 1661 2046 ter-

867 2076 964 2095 renum
980 2066 1183 2102 quodammodo
1198 2067 1312 2094 imbrem
1328 2065 1389 2094 Nilo
1405 2066 1557 2094 inundant:
1570 2065 1660 2094 susci-

869 2115 947 2150 piunt
964 2114 1033 2149 (67).

679 2213 866 2243 COTELERII
884 2213 1000 2242 NOTAE.

59 2312 119 2348 (65)
131 2311 172 2351 λη
189 2312 297 2351 Timeo.
315 2311 702 2351 Accipejntegrum‘l’latonis
716 2314 816 2348 locum,
835 2320 856 2348 ι)
869 2317 896 2342 ct
909 2314 1012 2351 malum
1021 2321 1198 2351 empyraaum.

26 2355 80 2375 non
91 2349 202 2384 quidem
217 2353 247 2375 ut
257 2349 358 2376 citatur
369 2351 403 2377 ab
412 2348 540 2381 Eusebio,
553 2348 729 2382 'I'heodorito,
742 2350 819 2377 aliis-

26 2391 91 2420 que,
113 2383 161 2420 sed
175 2391 230 2420 quo
243 2385 331 2420 modo
339 2384 443 2420 legitur
458 2386 531 2420 apud
545 2385 633 2420 ipsum
651 2384 790 2413 Platonem
808 2394 816 2412 :

26 2417 160 2456 Σκεπτέω
176 2417 224 2446 ὀῦν
235 2419 271 2456 δὴ
286 2419 350 2456 περὶ
364 2417 446 2446 ,1ῐύτοῦ
462 2417 598 2456 (adopt—zu)
614 2420 732 2456 πρῶτον,
749 2421 818 2456 ὅπερ

27 2453 166 2491 {Araxen-tat
182 2455 246 2491 περὶ
262 2453 363 2491 mute;
376 2456 405 2481 ὲν
417 2453 487 2491 ἀρχῇ
503 2453 557 2482 δεῖν
573 2453 693 2488 σλκοπξεῖν,
703 2453 817 2491 πότερον

27 2485 59 2526 ᾖν
76 2490 129 2526 ἀεὶ,
142 2485 277 2526 γενέᾰεως
294 2485 388 2526 γὰρχνὴν
413 2485 487 2526 Exlich
505 2490 642 2526 οὐδεμίαν,
660 2485 816 2526 ῆ’γέγονεν,

28 2523 74 2562 ᾲτς“
85 2525 180 2562 ᾴρχῆςΔ
191 2533 264 2556 τινος
283 2523 448 2562 deﬁnitiva;
470 2526 489 2552 Γ
491 2523 598 2562 έγᾳνεν·
617 2523 739 2562 Ὀρὸιτδς’
751 2526 816 2562 γὰρ,

29 2534 66 2550 απ
85 2534 173 2585 αρχές
191 2534 264 2556 τινος
287 2534 448 2560 αρςαμενος.
470 2534 598 2560 ιεγονεν·
618 2534 728 2562 νυρατος
751 2534 816 2562 γαρ,

29 2559 111 2591 ἁπτός
127 2568 142 2586 τ
173 2560 230 2586 ἐστι
248 2560 295 2586 καὶ
310 2561 389 2595 σῶμα
405 2561 473 2595 ἔχων
483 2570 489 2577 ·
503 2561 594 2588 πάντα
610 2562 639 2588 δὲ
651 2563 685 2588 τὰ
694 2561 816 2595 τοιαῦτα,

27 2595 158 2631 αἰσθητά·
169 2595 204 2633 τᾲ
217 2595 245 2622 δὲ
260 2595 387 2633 αἰσθητὰ,
398 2595 460 2632 δόξῃ
476 2596 633 2633 περιληπῖᾲ
650 2597 819 2633 perlato-6i]-

30 2605 158 2631 αισυητα¹
169 2605 204 2621 τα
217 2605 245 2622 οε
260 2605 387 2631 αισῠητα,
398 2605 460 2632 οοςῃ
476 2605 633 2658 πεξιΛηπτα
648 2605 699 2658 ἔμε-τ
722 2605 819 2633 αισυη-

30 2630 272 2675 ῗῖφςνηγεάμξῐοξ
289 2631 453 2675 etiam?
470 2633 512 2675 ξφ.
524 2641 566 2668 νη·
588 2631 633 2675 Τῷ
663 2630 719 2658 ἀὖ
736 2640 819 2675 raw

31 2664 101 2724 ιῖένῳ
112 2664 212 2708 (parts),
224 2666 268 2691 ὑπ’
278 2664 364 2692 αιτιοι)
379 2664 450 2698 τινὸς
465 2664 670 2707 ἀνάγιίηνηεῖναι
677 2664 817 2707 χενέὰθαι.

53 2700 80 2724 ὒν
97 2701 145 2724 μὲν
161 2709 207 2724 ουν
223 2700 339 2724 ποιητὴν
358 2702 407 2724 καὶ
431 2702 537 2724 πατέρι-ι
551 2702 628 2724 τηυδε
643 2711 691 2724 ’που
706 2703 806 2724 nam)“

53 2699 208 2737 ῥν⁷μὲν⁷οὖν
223 2700 339 2737 ποιητὴν
350 2702 407 2737 νκαὶ
431 2699 537 2737 πατέρά
551 2699 628 2729 ⁸ιξςρῦδε
643 2699 692 2729 τοῦ
706 2703 816 2736 παντὸς,

33 2734 119 2795 ἱὲεὲῖν
141 2744 171 2762 τε
187 2734 293 2772 ἔργον,
315 2734 362 2763 ita).
374 2734 556 2772 εὐρόντα,ἐίς
569 2737 673 2770 πάντας
688 2734 817 2765 ἀδύνατόν

94 2779 126 2795 ιν.

61 2778 126 2803 γειν.

67 2806 120 2844 (64)
141 2806 171 2834 Si
185 2815 255 2838 vero,
272 2811 301 2844 tu
318 2807 482 2844 aliisrm'sum
495 2812 545 2840 est,
559 2816 636 2842 super
650 2817 733 2844 aquas
744 2809 816 2844 posi-

35 2843 60 2866 ta
74 2842 184 2877 sphwra,
200 2846 254 2870 etc.
270 2842 365 2874 Aquas
375 2843 506 2880 intelligo
528 2845 600 2873 inter
613 2842 815 2874 ﬁrmamentum

909 2349 1138 2389 (65)_N_am_qjtod
1150 2351 1177 2389 in
1194 2355 1264 2378 terra
1279 2354 1379 2378 montes
1391 2351 1566 2389 excelsitelc.
1584 2352 1658 2380 Cita-

871 2387 917 2422 t_ur
932 2392 947 2422 a
964 2385 1047 2422 Beda,
1064 2385 1133 2413 libro
1149 2385 1185 2412 De
1199 2391 1296 2413 natura
1309 2395 1408 2419 rerum,
1419 2395 1480 2422 cap.
1494 2388 1541 2420 26,
1558 2388 1602 2416 ubi
1619 2390 1660 2415 vi-

872 2420 968 2447 dendae
980 2419 1084 2448 Glossa:
1099 2421 1194 2448 incerti
1212 2422 1344 2449 auctoris.

908 2455 964 2496 (ϐῆ)
980 2455 1217 2496 ΡίείαάςερΕᾶίμίο
1232 2456 1406 2496 BasiISensis,
1423 2462 1450 2496 et
1464 2459 1524 2486 libri
1538 2458 1571 2496 It.
1587 2463 1613 2487 et
1626 2459 1656 2487 P.

872 2489 1058 2530 PliadesiQua
1074 2492 1108 2519 de
1123 2492 1238 2530 lectione
1250 2493 1478 2530 in_Etymologico
1494 2502 1544 2522 suo
1557 2495 1660 2522 doctis-

871 2526 958 2553 simus
975 2526 1098 2558 Vossius,
1113 2535 1179 2554 voce
1196 2527 1323 2562 l‘irgih‘w.

903 2561 960 2597 (67)
981 2562 1123 2589 Terrenum
1144 2561 1338 2598 quodammodo
1364 2564 1473 2592 imbrem
1496 2564 1559 2592 Nilo
1579 2565 1661 2591 inun-

868 2595 1115 2632 danle‘suscipiunt.

926 2652 963 2669 ._.
986 2653 993 2660 .
1016 2654 1022 2660 .
1045 2653 1052 2660 .
1075 2652 1083 2660 .
1162 2653 1170 2661 .
1193 2653 1200 2660 .
1221 2632 1342 2669 Cwloque
1358 2639 1464 2662 vacuitte

925 2667 1086 2705 Terrealrem
1100 2668 1216 2702 pluviam
1231 2667 1346 2705 diffusus
1361 2671 1473 2705 porrigit
1487 2671 1584 2702 amnis,

870 2703 904 2730 de
918 2702 980 2730 Nilo
992 2703 1114 2740 Alcimus
1126 2705 1223 2740 Avitus
1232 2702 1389 2732 Pdematum
1404 2702 1450 2733 lib.
1460 2715 1484 2739 i;
1500 2706 1570 2740 apud
1583 2705 1659 2732 Grae—

869 2746 917 2775 cos
931 2746 996 2775 vero
1006 2739 1085 2775 Philo
1097 2739 1207 2767 Iudaeus
1222 2747 1231 2766 ι
1248 2740 1284 2766 De
1292 2740 1344 2767 vita
1354 2740 1450 2773 Musis,
1462 2749 1488 2775 p.
1504 2739 1556 2768 654
1566 2751 1573 2768 :
1582 2739 1658 2767 Ἐπεὶ

868 2774 922 2801 καὶ.
939 2774 975 2812 γῇ
1001 2774 1130 2812 πολλᾲκις
1146 2775 1224 2812 ὑετᾲν
1238 2775 1362 2812 ἤνεγκεν.
1372 2777 1401 2802 '0
1416 2774 1471 2812 γὰρ
1484 2777 1513 2803 ἐν
1528 2777 1660 2811 Αἰγύπτῳ

867 2809 993 2847 ποταμὸς
1002 2810 1185 2847 καθ’ἕκᾳσςτον
1200 2809 1322 2847 suctu-rev
1334 2813 1394 2842 ταῖς
1407 2809 1551 2847 ἐπιϐάσεσι
1565 2809 1658 2847 ﬁnit"

869 2847 972 2881 μυρῶν,
986 2846 1049 2874 ὅταν
1064 2845 1165 2881 ἀρδεύῃ
1178 2844 1228 2877 τὰς
1243 2844 1376 2882 ἀρούρας,
1396 2846 1419 2872 τί
1436 2848 1528 2883 ἕτερθν
1546 2847 1562 2884 ἢ
1580 2844 1658 2878 ὑεὲός
