1873 3095
195 109 266 137 1565

611 105 641 134 S.
661 104 855 133 CLEMEN'l'lS
873 104 882 132 l
900 103 985 135 ROM.
1004 103 1105 133 PONT.
1125 103 1240 132 OPEﬂA
1257 103 1372 132 DUBlA.

1765 102 1829 130 IS“
1861 102 1863 130 ἐ

197 167 271 194 tione
282 165 430 194 distractus
446 164 519 192 velut
543 164 676 192 attonitus
704 164 804 196 stabat.
821 168 849 192 et
863 171 913 199 ego
924 163 987 191 Cle-
1003 166 1024 194 Α
1072 162 1154 190 XXII.
1174 162 1207 190 Et
1222 167 1319 190 tenens
1341 169 1453 189 manum
1467 160 1530 196 ejus
1553 159 1657 188 Petrus
1677 159 1829 187 adducebat

197 221 275 241 mens
289 212 498 248 superveniens,
529 211 649 244 Dudum,
672 211 796 246 inquam,
824 219 873 246 per
894 211 985 238 omnia

197 259 358 286 discurrens
373 258 529 293 quaerebam
544 262 582 290 te,
610 262 638 284 et
662 265 736 284 nunc
760 256 826 292 quid
855 256 988 283 facimus?

196 304 231 330 At
246 303 291 330 ille
305 303 434 338 praecepit
448 302 516 330 mihi
529 306 559 329 ut
573 301 607 328 ad
621 301 774 328 naviculam
790 300 983 336 praecederem,

198 348 236 375 ibi
258 356 314 381 me,
329 348 429 383 inquit,
446 348 583 383 opperire,
595 351 622 375 et
649 347 714 382 quia
732 347 882 374 contradici
893 347 918 374 ei
932 354 987 374 non

197 397 315 428 poterat,
340 393 412 429 quod
437 393 522 428 jussit
549 393 669 428 implevi.
699 393 759 428 lpse
771 400 846 424 vero,
863 396 894 419 ut
920 392 987 420 mihi

198 444 297 468 cuneta
314 440 451 475 posterius
466 439 616 472 enarravit,
628 438 785 474 suspicione
795 438 912 474 quadam
927 439 989 474 pul-

199 491 276 513 satus
290 486 447 521 requirebat
461 493 476 512 a
491 485 606 513 muliere
622 493 710 520 genus
724 489 751 513 et
763 485 894 520 .patriam
906 485 988 512 simul

199 535 227 558 et
243 533 354 558 nomina
369 531 498 563 ﬁliorum,
515 539 576 568 qua:
597 531 620 558 si
652 531 731 563 mihi,
749 531 849 566 inquit,
874 531 988 563 dixeris,

200 578 272 605 dabo
285 578 417 606 continuo
441 577 682 605 medicamentum.
706 576 741 603 At
756 576 803 604 illa
829 577 907 612 quasi
933 576 989 603 vim

199 624 352 656 sustinens,
370 623 435 658 quia
461 630 550 658 neque
565 621 644 650 fateri
665 622 724 650 hac
738 622 847 650 volebat
866 625 893 650 et
904 621 987 649 medi-

200 670 318 697 camenti
333 669 433 704 cupida
447 673 517 702 erat,
539 668 617 696 tinxit
636 669 689 696 alia
704 675 738 696 ex
753 669 826 701 aliis,
852 672 878 696 et
895 669 932 695 ait
960 675 990 696 se

200 716 310 750 quidem
326 723 388 743 esse
404 715 562 751 Ephesiam,
580 716 669 743 virum
687 719 777 742 autem
795 714 928 747 Siculum,
942 715 990 742 sed

200 765 228 788 et
242 761 358 788 flliornm
371 762 480 789 nomina
496 761 623 790 similiter
634 761 797 788 immutavit.
808 760 877 787 Tum
892 759 990 788 Petrus

200 811 301 842 putans
315 814 375 835 eam
398 815 492 835 verum
508 807 685 843 respondisse
709 807 767 834 ait:
784 806 860 834 Heu!
879 806 987 838 mulier,

201 853 341 886 putabam.
357 853 457 888 inquit,
471 853 576 888 grande
588 853 698 888 aliquod
713 852 843 888 gaudium
858 852 989 880 hodierna

202 898 282 926 nobis
296 898 341 926 die
355 899 503 931 oriturum,
518 900 678 935 suspicabar
692 900 763 927 enim
775 903 802 927 te
815 906 877 927 esse
893 907 990 934 quam-

202 943 265 971 dam
279 944 432 977 mulierem,
445 945 479 973 de
505 953 559 980 qua
582 946 682 973 similia
709 945 834 980 quaedam
855 953 943 980 nuper
955 945 990 972 ad

204 989 283 1016 fidem
300 989 395 1018 didici.
417 991 451 1018 At
471 991 516 1018 illa
532 991 676 1026 adjurabat
687 998 749 1018 eum
767 990 862 1019 dicens
876 999 884 1018 :
914 991 990 1026 Rogo

203 1040 230 1062 te
241 1039 270 1062 ut
286 1035 392 1063 indices
406 1035 471 1062 mihi
485 1044 544 1071 qua:
557 1037 609 1064 ista
624 1037 670 1070 sit,
684 1041 714 1064 ut
725 1037 820 1071 sciam,
841 1037 865 1065 si
878 1042 921 1065 est
936 1038 990 1065 ulla

203 1081 274 1109 inter
291 1081 420 1110 mulieres
435 1089 478 1109 me
494 1082 638 1110 infelicior.

239 1126 296 1154 XX.
318 1126 387 1154 Tum
409 1126 507 1155 Petrus
523 1128 616 1155 fallere
632 1129 758 1156 nesciens
772 1133 799 1157 et
815 1129 990 1159 miseratione

202 1177 356 1201 commotus
371 1174 455 1208 coepit
467 1173 578 1202 dicere:
593 1173 641 1202 Est
653 1175 763 1209 quidam
776 1176 937 1205 adolescens
949 1177 990 1204 in-

204 1222 247 1245 ter
267 1226 316 1246 eos
337 1219 383 1253 qui
412 1227 454 1246 me
471 1225 622 1254 sequuntur
639 1221 776 1256 religionis
791 1226 818 1249 et
831 1226 913 1250 secus
927 1231 991 1258 gra-

202 1263 253 1296 tia,
268 1263 408 1292 Romanus
419 1265 498 1297 civis,
508 1266 554 1300 qui
571 1266 635 1293 mihi
648 1267 786 1294 enarravit
798 1268 870 1302 quod
886 1272 989 1304 patrem

203 1310 331 1337 habuerit
344 1314 371 1338 et
385 1310 454 1338 duos
469 1311 592 1346 geminos
609 1312 718 1344 fratres,
735 1321 768 1340 ex
783 1315 884 1348 quibus
893 1316 986 1344 nullus

203 1355 229 1383 ei
246 1359 381 1390 superest.
397 1355 492 1388 Mater,
506 1357 674 1391 inquit,mea
688 1358 759 1385 sicut
773 1366 788 1384 a
803 1362 880 1393 patre
895 1360 990 1394 didici,

202 1401 340 1428 somnium
356 1402 442 1435 vidit,
465 1406 495 1429 ut
524 1401 647 1429 Romana
663 1403 729 1430 urbe
741 1404 775 1431 ad
788 1409 894 1440 tempus
911 1413 992 1434 exce-

203 1447 279 1474 deret
294 1455 356 1474 cum
373 1447 481 1475 duobus
495 1448 611 1483 geminis
633 1449 721 1480 natis.
748 1457 782 1477 ne
803 1450 872 1478 forte
886 1451 989 1478 exitiali

1036 219 1096 239 eam
1119 211 1153 238 ad
1176 217 1282 237 navem.
1298 208 1384 242 Quem
1398 216 1449 244 ego
1463 208 1560 236 videns
1587 215 1703 234 manum
1724 206 1829 234 dantem

1037 257 1144 284 mulieri
1159 256 1249 283 ridere
1265 255 1335 290 coepi
1349 275 1356 286 ,
1382 254 1515 282 accedens
1527 259 1621 281 tamen
1639 253 1758 280 honoris
1776 253 1830 287 eius
1863 253 1864 291 ι

1038 302 1135 337 gratia,
1150 310 1199 337 pro
1215 301 1274 336 ipso
1291 301 1361 335 εωρί
1376 300 1446 327 velle
1461 299 1599 334 subjicere
1615 306 1732 325 manum
1748 306 1829 325 meam

1037 352 1065 376 et
1085 351 1242 375 sustentare
1264 346 1422 378 mulierem;
1440 345 1522 373 simul
1548 349 1642 372 autem
1671 349 1703 371 ut
1724 351 1830 371 manum

1037 395 1097 429 ejus
1110 393 1229 428 eontigi,
1244 392 1352 419 ululatu
1375 391 1478 427 ingenti
1498 391 1608 419 reddito
1631 391 1663 418 in
1689 389 1831 425 amplexus

1038 449 1113 469 meos
1126 439 1221 472 irruit,
1233 443 1260 467 et
1277 438 1410 466 maternis
1425 445 1469 465 me
1483 438 1640 465 consectari
1654 437 1766 465 osculis
1779 444 1831 463 co:-
1863 437 1865 472 ξ

1038 487 1090 522 pit.
1114 485 1149 513 At
1169 493 1221 521 ego
1242 485 1374 521 ignorans
1392 492 1474 512 omne
1493 483 1633 519 negotium
1651 484 1737 518 quasi
1763 482 1831 510 insa-

1039 533 1158 560 nientem
1175 533 1316 560 mulierem
1331 531 1506 566 repellebam,
1523 530 1606 558 simul
1622 533 1663 561 et,
1680 537 1748 556 cum
1762 537 1832 556 vere-
1862 522 1863 525 ¹

1039 579 1139 606 cundia
1161 578 1242 610 licet,
1268 577 1430 613 indignabar
1445 580 1539 604 tamen
1559 574 1774 611 quodammodo
1789 574 1833 602 ad—

1040 631 1148 652 versum
1162 623 1284 651 Petrum.

1075 669 1169 697 XXIII.
1190 669 1225 696 At
1241 669 1306 697 ille:
1322 668 1421 696 Desine
1432 689 1441 702 ,
1462 668 1567 703 inquit,
1585 667 1654 703 quid
1669 667 1750 702 agis,
1764 674 1781 694 ο
1800 665 1832 692 fili

1040 716 1187 744 Clemens?
1202 716 1258 743 noli
1283 715 1418 751 repellere
1436 718 1512 742 tuam
1534 718 1666 741 matrem.
1689 712 1751 748 Ego
1774 719 1834 739 vero
1865 713 1867 720 ⁴

1042 763 1088 791 ubi
1106 763 1163 790 haec
1176 762 1266 789 audivi
1277 781 1284 792 ,
1298 761 1429 789 continuo
1442 761 1572 796 lacrymis
1582 759 1712 796 suffusus
1727 758 1833 786 concidi

1042 816 1124 844 supra
1138 808 1275 843 jacentem
1299 811 1413 834 matrem
1430 810 1458 835 et
1482 806 1602 835 osculari
1617 813 1682 833 eam
1695 805 1781 840 coepi.
1795 803 1832 831 Si.

1041 854 1098 881 mul
1112 853 1184 881 enim
1201 856 1230 880 ut
1244 852 1350 885 audivi,
1374 853 1505 888 paulatim
1517 853 1625 880 vultum
1641 851 1707 886 ejus
1725 858 1835 879 revoca.

1041 900 1103 928 bam
1122 900 1156 928 ad
1183 899 1342 927 memoriam
1363 904 1390 927 et
1413 899 1503 927 notior
1523 899 1592 926 mihi
1615 898 1742 927 intuenti
1762 902 1834 924 tanta
1868 924 1869 935 γ

1040 946 1128 981 magis
1151 946 1242 974 fiebat.
1267 945 1414 973 Multitudo
1437 945 1546 972 interim
1569 943 1760 972 conveniebat
1779 943 1834 978 plu-

1040 993 1121 1024 rima,
1131 992 1245 1020 audiens
1255 991 1328 1027 quod
1343 991 1440 1018 mulier
1451 999 1513 1026 quae
1527 991 1560 1018 ad
1574 990 1679 1025 stipem
1691 990 1833 1025 petendam

1041 1038 1173 1069 sedebat,
1198 1038 1338 1073 recognita
1361 1041 1434 1065 esset
1452 1044 1467 1064 a
1483 1036 1539 1064 ﬁlio
1556 1044 1608 1064 suo
1625 1036 1690 1063 viro
1718 1036 1833 1071 quodam

1041 1083 1123 1112 bono.
1144 1083 1177 1111 Et
1195 1091 1258 1111 cum
1274 1084 1389 1111 velimus
1404 1082 1549 1110 confestim
1572 1082 1730 1118 enavigare
1747 1090 1782 1110 ex
1799 1082 1836 1108 in-

1041 1131 1101 1158 sula
1112 1150 1120 1163 ,
1135 1135 1222 1158 mater
1232 1130 1269 1156 ait
1282 1130 1316 1157 ad
1333 1137 1376 1157 me
1390 1139 1396 1156 :
1414 1128 1465 1156 Fili
1477 1128 1651 1160 dulcissime,
1672 1132 1785 1156 rectum
1798 1134 1835 1154 est

1041 1180 1072 1204 ut
1084 1177 1232 1204 valedicam
1247 1175 1414 1204 muliercula:
1425 1182 1485 1210 quae
1498 1182 1541 1201 me
1557 1173 1696 1209 suscepit,
1709 1178 1755 1201 est
1769 1175 1833 1200 enim

1041 1230 1124 1258 egens
1138 1227 1165 1250 et
1180 1222 1338 1258 paralytica,
1353 1222 1448 1257 jacens
1463 1221 1490 1248 in
1506 1220 1620 1248 lectulo.
1635 1219 1751 1253 Quibus
1763 1219 1833 1246 audi-

1042 1270 1077 1298 tis
1093 1268 1190 1297 Petrus
1205 1273 1231 1296 et
1245 1276 1340 1296 omnes
1355 1268 1401 1303 qui
1417 1268 1545 1300 aderant,
1558 1266 1692 1294 admirati
1709 1272 1778 1294 sunt
1791 1266 1833 1292 bo~

1042 1315 1155 1342 nitatem
1169 1321 1201 1341 ae
1215 1313 1387 1349 prudentiam
1400 1312 1517 1344 feminae,
1535 1316 1563 1339 et
1587 1313 1731 1340 continuo
1755 1313 1834 1346 jugit

1042 1360 1140 1389 Petrus
1162 1360 1237 1387 abire
1261 1359 1394 1395 quosdam
1410 1364 1437 1386 et
1454 1358 1561 1386 deferre
1582 1358 1735 1386 mulierem
1760 1359 1787 1385 in
1800 1358 1833 1385 le-

1042 1406 1116 1434 ctulo
1131 1406 1176 1433 ubi
1189 1406 1309 1441 iacebat.
1328 1405 1452 1440 Cumque
1475 1405 1573 1432 fuisset
1587 1404 1674 1431 allata
1692 1409 1722 1432 et
1740 1405 1768 1431 in
1783 1412 1833 1431 me-

1042 1454 1088 1481 dio
1108 1453 1194 1480 turbae
1216 1452 1332 1480 astantis
1347 1453 1455 1487 posita,
1479 1452 1507 1479 in
1530 1456 1687 1486 conspectu
1712 1452 1833 1479 omnium

203 1492 315 1519 interitu
329 1493 485 1528 deperircnt
497 1503 504 1526 ;
518 1502 578 1528 quae
593 1501 655 1538 cum
666 1495 839 1524 discessisset
854 1505 990 1532 nusquam
1005 1509 1027 1538 ο
1042 1500 1141 1527 Petrus
1157 1499 1194 1526 ait
1207 1508 1214 1526 :
1233 1498 1262 1525 Si
1276 1498 1399 1526 veritatis
1413 1505 1463 1533 ego
1476 1505 1535 1525 sum
1550 1505 1657 1532 prmo.
1677 1497 1714 1524 ad
1737 1499 1836 1525 confir-

203 1541 337 1565 terrarum
363 1538 435 1565 ultra
460 1539 623 1573 comparuit.
648 1537 727 1566 Pater
748 1547 812 1567 vero
835 1548 904 1569 suus
930 1547 992 1576 post

204 1583 263 1611 haec
279 1584 312 1611 ad
331 1584 535 1620 inquisitionem
552 1585 647 1613 uxoris
664 1593 696 1612 ac
711 1585 828 1613 filiorum
852 1587 991 1622 profectus

204 1637 255 1657 nec
272 1630 330 1665 ipse
346 1630 494 1658 invenitur.

238 1687 308 1714 XXI.
330 1687 393 1715 llmc
408 1695 470 1716 cum
494 1689 609 1717 dixisset
624 1689 739 1721 Petrus,
764 1690 862 1718 mulier
880 1696 991 1726 stupore

201 1741 334 1768 percussa
358 1734 474 1761 corruit.
500 1734 569 1761 Tum
592 1734 689 1762 Petrus
711 1737 852 1764 continere
876 1745 938 1764 eam
963 1741 990 1765 et

202 1779 340 1806 consolari
354 1780 437 1814 ecepit
447 1800 454 1811 ,
472 1788 504 1807 ac
522 1781 662 1815 requirere
677 1782 742 1817 quid
754 1787 827 1810 esset
841 1791 931 1812 causa:
942 1788 990 1811 aut

202 1825 269 1860 quid
289 1828 439 1860 pateretur.
458 1825 493 1852 At
516 1826 561 1853 illa
582 1827 627 1854 vix
643 1827 789 1862 aliquando
804 1829 931 1864 spiritum
946 1837 990 1857 re-

202 1878 317 1903 vocans,
340 1878 373 1898 ac
393 1872 568 1906 semetipsam
592 1873 626 1900 ad
653 1874 744 1908 gaudii
767 1875 839 1909 quod
863 1876 990 1910 sperabat

202 1917 421 1952 magnitudinem
432 1925 562 1953 reparans
578 1919 714 1955 simulque
727 1920 857 1948 all'ricans
870 1922 987 1955 vultum,

203 1962 265 1995 llic,
282 1963 371 1998 inquit
386 1983 394 1996 ,
411 1969 452 1991 est
467 1972 548 1999 quem
563 1965 633 1993 dicis
652 1966 830 1995 adolescens?
841 1967 875 1994 At
889 1967 989 1997 Petrus

202 2009 248 2035 ubi
263 2016 319 2035 rem
337 2009 478 2041 intellexit,
498 2010 556 2043 Die,
574 2011 673 2046 inquit,
690 2013 757 2039 mihi
768 2016 798 2040 tu
814 2014 905 2048 prior,
922 2022 985 2041 nam

201 2054 294 2080 videre
305 2061 367 2081 eum
384 2062 437 2081 non
448 2056 560 2090 poteris.
573 2055 642 2082 Tum
657 2057 702 2083 illa
718 2065 724 2082 :
737 2057 803 2093 Ego,
816 2059 915 2094 inquit,
926 2067 986 2087 sum

202 2099 385 2126 adolescentis
401 2104 498 2127 mater.
511 2100 544 2127 Et
558 2100 657 2129 Petrus
670 2111 675 2128 :
690 2102 767 2134 Quod
781 2103 805 2130 ei
821 2111 919 2130 nomen
929 2104 988 2131 est?

201 2145 236 2171 At
247 2144 292 2170 illa
304 2152 310 2170 :
323 2145 462 2177 Clemens,
478 2146 526 2174 ait.
542 2146 641 2174 Petrus
655 2157 661 2174 :
677 2147 737 2182 Ipse
749 2153 801 2180 est,
812 2155 838 2176 et
850 2150 906 2184 ipse
916 2154 985 2181 erat,

1042 1545 1169 1573 mandaui
1191 1543 1271 1571 ﬁdem
1295 1544 1393 1571 horum
1409 1543 1531 1570 omnium
1553 1543 1600 1578 qui
1622 1543 1781 1574 assistunt,
1807 1548 1834 1569 ut

1042 1591 1131 1620 sciant
1145 1594 1172 1618 et
1186 1590 1300 1618 credant
1313 1590 1377 1625 quia
1392 1597 1464 1616 unus
1479 1593 1520 1616 est
1532 1588 1604 1616 Deus
1613 1588 1662 1624 qui
1679 1589 1785 1616 ccelum
1800 1588 1836 1615 fe-

1040 1637 1079 1664 cit
1103 1644 1135 1664 ac
1156 1641 1256 1664 terram
1270 1657 1277 1670 ,
1300 1637 1329 1663 in
1346 1635 1456 1662 nomine
1466 1634 1530 1662 Jesu
1552 1634 1659 1662 Christi
1680 1634 1746 1661 Filii
1762 1635 1833 1670 ejus.

1041 1687 1134 1718 surgat
1147 1683 1206 1710 haec
1222 1682 1330 1709 mulier.
1346 1681 1376 1708 Et
1393 1681 1484 1709 statim
1500 1685 1530 1708 ut
1545 1681 1603 1708 haec
1615 1680 1756 1713 dixisset,
1775 1689 1835 1708 sur-

1040 1730 1110 1758 rexit
1125 1736 1191 1757 sana
1206 1732 1233 1756 et
1244 1727 1361 1763 procidit
1371 1727 1405 1754 ad
1420 1727 1504 1762 pedes
1512 1726 1596 1760 Petri,
1612 1730 1701 1761 atque
1715 1727 1834 1754 amicam

1040 1785 1117 1806 suam
1143 1785 1174 1804 ac
1191 1777 1351 1804 familiarem
1376 1776 1479 1803 osculis
1493 1779 1599 1810 petens.
1614 1775 1835 1810 percontabatur

1039 1823 1073 1850 ab
1093 1830 1125 1850 ea
1148 1822 1214 1857 quid
1239 1821 1313 1849 istud
1336 1825 1410 1849 esset
1435 1820 1547 1856 negotii.
1576 1819 1612 1847 At
1634 1821 1683 1847 illa
1713 1821 1833 1848 breviter

1039 1875 1147 1896 omnem
1161 1868 1186 1896 ei
1203 1867 1326 1894 ordinem
1342 1867 1489 1902 agnitionis
1499 1866 1639 1900 exposuit,
1650 1867 1692 1893 ita
1705 1871 1735 1894 ut
1750 1869 1833 1895 etiam

1039 1914 1125 1941 turbae
1140 1917 1262 1942 astantes
1276 1913 1452 1940 mirarentur.

1075 1957 1169 1986 XXIV.
1189 1957 1259 1985 Tum
1274 1957 1371 1985 Petrus
1385 1956 1450 1992 (42),
1463 1956 1496 1984 de
1512 1956 1564 1984 fide
1578 1955 1628 1984 Dei
1639 1965 1673 1984 ac
1688 1958 1832 1993 religionis

1038 2004 1182 2035 institutis,
1192 2004 1264 2039 quod
1276 2003 1310 2031 ad
1319 2011 1348 2031 se
1356 2003 1520 2038 pertinebat,
1528 2003 1555 2029 in
1566 2007 1706 2038 quantum
1723 2009 1829 2039 tempus

1037 2051 1193 2087 patiebatur
1208 2051 1316 2078 locutus
1327 2050 1362 2077 ad
1377 2050 1483 2082 turbas,
1496 2050 1571 2077 addit
1584 2050 1668 2077 etiam
1684 2051 1751 2082 hoc,
1769 2056 1797 2078 ut
1807 2052 1829 2078 si

1037 2098 1098 2132 quis
1113 2097 1193 2124 vellet
1214 2096 1247 2123 de
1261 2097 1303 2124 liis
1317 2096 1475 2131 diligentius
1490 2104 1603 2123 noscere
1614 2116 1622 2128 ,
1648 2096 1827 2124 Antiochiam

1036 2143 1153 2175 veniret,
1172 2142 1218 2169 ubi
1232 2142 1330 2173 tribus,
1347 2142 1451 2177 inquit,
1467 2142 1607 2169 mensibus
1620 2145 1775 2171 statuimus
1788 2151 1829 2171 reo

201 2188 248 2223 qui
263 2189 344 2222 paulo
359 2193 421 2216 ante
435 2197 541 2217 mecum
558 2191 721 2226 loquebatur
735 2197 761 2219 ει
776 2182 941 2227 quem-jus“
952 2195 985 2221 ad
1003 2182 1025 2209 Ι)
1039 2188 1128 2216 sidere
1135 2192 1228 2223 etquae
1238 2187 1271 2215 ad
1284 2189 1400 2215 salutem
1414 2189 1550 2223 pertinent
1562 2188 1689 2216 edocere.
1704 2188 1733 2215 Si
1745 2190 1827 2218 enim.

201 2241 298 2260 navem
326 2234 488 2268 prmcedere.
512 2235 581 2263 Tum
602 2236 649 2262 illa
671 2237 816 2272 procidens
846 2238 880 2265 ad
904 2239 987 2273 pedes

200 2279 274 2307 Petri
299 2288 396 2315 rogare
419 2282 519 2316 cmpit,
543 2287 573 2310 ut
601 2282 743 2311 festinaret
769 2283 802 2310 ad
822 2291 928 2312 navem.
954 2284 988 2312 Et

201 2325 318 2354 Petrus:
334 2326 363 2353 Si
387 2327 472 2359 milii,
498 2327 607 2363 inquit,
633 2337 727 2356 servas
755 2328 833 2356 fidem
857 2334 885 2356 ut
902 2330 987 2358 facias

201 2372 274 2407 quod
293 2372 364 2400 dico.
386 2372 421 2399 At
437 2373 501 2399 illa:
516 2373 613 2401 Omnia
625 2394 632 2405 ,
655 2375 762 2410 inquit,
778 2374 863 2409 facio;
880 2379 984 2403 tantum

201 2418 268 2445 mihi
283 2419 396 2446 ostende
414 2419 524 2446 unicum
540 2427 628 2447 meum
648 2425 741 2447 natum
754 2441 761 2451 ,
776 2425 841 2455 puto
854 2421 925 2448 enim
941 2429 985 2450 me

200 2471 250 2499 per
264 2464 352 2499 ipsum
364 2467 390 2491 et
404 2465 527 2499 geminos
542 2473 616 2493 meos
633 2465 734 2493 videre.
750 2466 782 2493 Et
794 2465 891 2493 Petrus
901 2467 982 2494 :Cum

198 2509 312 2543 videris,
327 2510 426 2544 inquit,
442 2518 515 2541 eum,
543 2510 625 2537 modo
640 2510 748 2537 interim
761 2510 903 2538 dissimula
917 2519 985 2546 pau-

199 2556 298 2588 lulum,
313 2564 456 2592 usquequo
470 2557 643 2592 egrediamur
660 2557 695 2584 ab
709 2556 808 2584 insula.
825 2555 874 2589 lta,
886 2558 984 2592 inquit,

198 2601 307 2630 faciam.

1037 2233 1141 2267 inquit,
1158 2233 1313 2267 negotiandi
1328 2241 1411 2260 causa
1428 2236 1474 2259 aut
1489 2232 1624 2260 militandi
1650 2234 1774 2268 patriam
1792 2241 1829 2261 re-

1037 2279 1165 2314 linquunt
1180 2279 1304 2306 homines
1319 2287 1351 2306 ac
1362 2283 1500 2314 parentes,
1515 2283 1542 2307 et
1553 2280 1650 2315 longas
1662 2281 1828 2315 peregrinao

1036 2325 1126 2352 tiones
1148 2326 1241 2352 subire
1255 2333 1308 2354 non
1323 2329 1462 2357 metuunt,
1478 2332 1528 2360 pro
1543 2326 1599 2352 vita
1613 2329 1723 2353 aeterna
1739 2326 1828 2353 tribus

1037 2372 1132 2399 saltem
1148 2372 1288 2399 mensibus
1304 2370 1488 2406 peregrinari,
1503 2378 1554 2397 cur
1565 2377 1719 2398 onerosum
1735 2371 1828 2398 videa-

1035 2423 1079 2445 tur
1093 2425 1125 2445 ac
1147 2417 1270 2445 diﬂieile?
1292 2417 1416 2453 Cumque
1440 2417 1498 2444 haec
1521 2422 1549 2444 et
1572 2417 1625 2444 alia
1649 2416 1695 2444 his
1725 2417 1825 2444 similia

1035 2464 1163 2495 dixisset,
1185 2471 1236 2499 ego
1257 2464 1365 2491 mulieri
1388 2471 1448 2498 quae
1473 2467 1633 2498 susceperat
1654 2467 1776 2490 matrem
1801 2467 1827 2489 et

1035 2511 1181 2538 sanitatem
1206 2513 1345 2545 receperat
1360 2517 1409 2544 per
1431 2508 1541 2536 Petrum
1553 2528 1561 2540 ,
1584 2509 1660 2536 mille
1676 2508 1826 2535 drachma:

1035 2557 1132 2584 donavi
1146 2576 1154 2590 ,
1173 2560 1201 2583 et
1227 2556 1410 2591 praesentibus
1433 2555 1540 2583 cunctis
1555 2554 1751 2582 commendavi
1768 2561 1827 2580 eain

1036 2602 1145 2630 cuidam
1159 2603 1219 2630 viro
1233 2603 1315 2634 bono,
1333 2603 1465 2638 primario
1478 2601 1551 2629 illius
1564 2601 1674 2636 oppidi,
1691 2600 1781 2636 quiet
1794 2599 1825 2626 li-

836 2670 1019 2699 COTELEBtl
1052 2671 1167 2699 NOTAE.

233 2750 289 2786 (ιὲ)
311 2750 377 2777 Tum
395 2750 501 2777 Petrus.
523 2749 592 2776 Ante
619 2749 676 2776 lucc
698 2749 857 2786 miraculum
878 2753 980 2786 sanata:

198 2784 345 2813 blatthidia:
362 2786 467 2813 videtur
481 2785 616 2812 excidisse
635 2793 650 2812 e
665 2784 805 2811 codicibus
822 2793 827 2810 :
845 2785 917 2819 quod
934 2785 982 2810 lia-

199 2822 248 2848 bes
263 2821 415 2848 Clemeniin.
437 2829 485 2852 xu,
509 2821 554 2851 ‘25,
575 2822 645 2856 Epit.
670 2820 714 2850 (ll,
736 2820 860 2854 quodque
884 2821 980 2846 lectum

1032 2749 1146 2777 forsitan
1163 2749 1213 2777 fuit
1227 2757 1240 2776 a
1256 2748 1476 2785 pseudo-Abdia.
1498 2748 1544 2775 Ait
1553 2748 1626 2776 enim
1643 2749 1694 2776 lib.
1711 2759 1721 2778 I
1736 2759 1745 2780 :
1761 2751 1824 2778 Tun

1033 2786 1197 2820 apprehensis
1212 2784 1306 2813 Petrus
1319 2784 1440 2812 manibus
1452 2784 1508 2818 ejus
1523 2784 1626 2811 sanavit
1639 2793 1700 2814 us.

1863 309 1865 461 l

1863 464 1866 569 l

1863 616 1867 720 1

1867 769 1868 847 ι
