1873 3095
5 117 14 143 i
20 116 74 145 565

645 118 929 148 RECOGNITIONUM
948 119 1011 147 LIB.
1034 119 1087 148 V'Il'.

1599 124 1669 154 1566

3 174 99 202 benter
117 182 153 203 se
171 166 326 205 facturum.
344 179 417 215 quod
440 179 643 214 imperabamus
659 178 815 214 spopondit.
831 180 856 209 Δ
870 178 946 205 mira:
967 177 1183 213 magnitudinis;
1206 179 1350 214 acquievi,
1372 185 1484 209 ventum
1506 187 1549 211 est
1571 183 1606 211 ad
1627 185 1669 212 lo-

4 220 55 247 Sed
80 225 111 249 et
128 222 205 251 aliis
224 224 392 259 quibusdam
411 225 611 260 aliquantulum
627 225 750 260 pecuniae
766 225 823 253 dis-

6 266 116 300 tribui,
145 272 180 296 et
204 269 267 297 illis
296 270 457 299 mulieribus
478 278 539 304 qua:
561 271 707 306 aliquando
731 271 824 299 solatae

3 313 183 341 dicebantur
212 315 246 342 in
271 316 391 344 miseriis
415 321 529 344 matrem
551 324 654 349 meam,
672 317 772 353 quibus
795 321 823 344 et

2 360 110 394 gratias
124 362 241 390 retuli.
255 361 289 389 Et
299 367 361 398 post
375 362 431 390 haec
448 371 501 391 una
517 371 579 391 cum
595 367 682 391 matre
693 363 822 399 enaviga-

3 406 97 434 rimus
108 407 311 437 Antaradum.

38 451 131 480 XXV.
155 453 295 489 Cumque
314 455 486 483 venissemus
506 455 541 483 ad
553 455 714 491 hospitium,
734 460 823 484 mater

2 498 158 532 requirere
180 502 274 536 cmpit
297 509 313 529 a
329 509 388 534 me,
415 509 535 537 quonam
559 501 714 530 devenisset
732 506 819 537 pater.

2 543 55 570 Cui
82 552 142 580 ego
160 554 168 572 :
186 547 236 574 Ad
253 551 294 579 te,
319 547 431 582 inquam
445 567 452 580 ,
470 547 664 582 requirendam
681 547 821 583 profectus

3 590 79 617 ultra
95 598 162 619 non
177 593 278 620 rediit.
294 591 329 620 At
344 593 391 620 illa
406 593 522 620 audiens
537 593 686 628 suspiravit
700 597 819 626 tantum,

3 637 116 671 grande
133 638 224 665 enim
237 647 287 674 pro
302 647 345 667 me
362 639 491 674 gaudium
508 639 612 669 habens
636 639 757 675 reliquos
776 648 821 668 so-

3 682 122 710 labatur
152 691 307 714 maerores.
333 684 381 712 Die
396 689 486 712 autem
506 689 616 721 postera
642 685 740 713 sedens
766 693 821 713 una

4 737 69 756 cum
80 737 184 758 uxore
192 729 267 758 Petri
276 731 331 768 (4'5)
340 731 653 767 iteragcbalnobiscum,
661 737 687 759 et
696 731 820 760 venimus

4 774 153 804 Balaneas
165 777 242 812 (44),
255 779 298 806 ubi
312 778 405 805 triduo
420 778 560 811 remorati,
573 777 637 805 inde
652 778 819 806 accessimus

5 823 98 851 Patbo
114 823 184 859 (45)
193 827 224 851 et
235 828 296 859 post
312 825 363 852 hoc
373 823 553 862 Gabala(t6),
568 828 596 853 et
607 824 648 852 sic
661 824 819 852 Laodiciam

875 232 957 257 eum.
981 225 1074 252 caeteri
1089 233 1185 253 omnes
1201 226 1334 254 interiora
1352 227 1420 256 aedis
1445 228 1580 264 ingressi,
1599 231 1666 259 mihi

875 269 983 298 animus
1005 271 1100 298 nescio
1117 271 1152 298 ob
1167 279 1250 307 quam
1272 279 1384 300 causam
1409 273 1579 309 ingrediendi
1596 277 1667 305 ultra

875 322 930 342 non
949 314 1010 342 fuit.

909 360 1015 390 XXVII.
1035 361 1088 389 Sed
1107 362 1173 389 dum
1201 363 1264 392 illos
1282 363 1350 393 foris
1365 366 1503 400 opperior,
1523 367 1666 396 mulierem

874 405 945 433 hanc
959 407 1135 436 considerare
1149 409 1220 444 coepi
1237 417 1290 444 qua
1306 415 1384 444 parte
1396 412 1580 440 membrorum
1594 417 1667 442 esset

873 451 988 486 debilis,
1015 457 1044 480 ut
1059 461 1114 481 non
1130 454 1223 482 labore
1246 463 1377 483 manuum
1394 456 1497 484 victum
1513 464 1665 493 quaereret,

873 498 922 526 sed
938 498 1122 527 mendicitatis
1139 500 1270 535 pudorem
1287 502 1408 537 subiret;
1423 505 1533 539 requiro
1550 513 1616 541 ergo
1632 507 1668 534 ab

872 552 904 572 ea
920 552 1028 573 causas.
1054 544 1100 572 Illa
1124 547 1209 574 nobili
1232 556 1262 575 se
1280 552 1369 575 ortam
1390 557 1505 584 genere,
1528 555 1555 579 et
1578 552 1663 580 nobili

873 589 1053 619 nihilominus
1069 591 1128 618 viro
1144 592 1171 618 in
1187 593 1365 621 matrimonio
1378 594 1464 623 fuisse
1479 596 1605 630 junctam
1621 597 1666 625 fa-

873 639 956 668 tetur,
973 637 1054 671 cujus
1070 637 1167 669 frater,
1184 638 1284 673 inquit,
1305 640 1331 666 in
1347 648 1391 668 me
1406 640 1503 669 illicito
1514 649 1607 671 amore
1623 643 1666 671 in-

871 680 1028 710 ﬂammatus
1040 682 1190 711 fraternum
1202 687 1291 712 torum
1305 686 1428 720 polluere
1437 687 1574 722 cupiebat.
1586 689 1665 722 Quod

871 736 921 764 ego
934 729 1102 763 abhorrens,
1124 735 1151 759 et
1165 739 1275 759 rursum
1293 732 1327 760 de
1340 737 1416 761 tanto
1430 735 1534 763 scelere
1547 736 1607 765 viro
1623 736 1666 765 in—

871 774 964 804 dicare
980 785 1034 805 non
1054 779 1177 810 audens,
1195 787 1230 806 ne
1257 779 1358 807 bellum
1374 781 1505 810 fratribus
1521 787 1547 810 et
1563 791 1664 819 oppro-

870 821 960 850 brium
977 825 1069 859 generi
1082 825 1248 858 indicerem,
1266 827 1352 862 magis
1367 835 1400 854 ex
1416 829 1503 863 patria
1519 830 1663 860 discedere

4 869 275 904 pcrvenimus,ubi
289 874 350 898 ante
365 875 460 906 portas
474 875 624 898 occurrunt
638 871 718 899 nobis
726 871 820 899 Niceta
836 861 857 889 Β
869 868 991 903 iudicavi
1015 878 1077 897 cum
1101 871 1210 900 duobus
1233 861 1350 907 geminis
1366 861 1429 902 ﬁliis
1445 875 1529 906 meis.
1553 877 1663 912 juniore

5 919 32 942 et
47 915 162 951 Aquila
182 921 214 944 et
228 916 384 945 osculantes
400 925 451 945 nos
462 918 602 945 abducunt
614 917 641 945 in
656 918 818 953 hospitium.

5 961 112 991 Petrus
129 967 234 990 autem
252 963 348 991 videns
364 964 481 999 amplam
499 964 639 992 civitatem
655 969 682 991 ct
696 964 819 999 splendi-

7 1010 86 1042 dam,
106 1009 240 1045 Dignum
256 1013 308 1042 est,
327 1010 430 1046 inquit,
444 1010 577 1038 remorari
592 1018 643 1038 nos
659 1011 687 1038 in
703 1010 754 1038 hac
767 1010 822 1038 die-

6 1055 60 1083 bus
87 1055 200 1083 decem
224 1059 270 1083 aut
293 1056 375 1083 etiam
401 1056 530 1092 amplius.
555 1055 625 1083 Tum
647 1055 741 1084 Niceta
757 1063 820 1083 cum

9 1101 115 1137 Aquila
136 1101 324 1137 requirebant
346 1109 361 1129 a
382 1109 443 1134 me,
467 1110 530 1137 quae
551 1105 627 1130 esset
650 1102 749 1129 mulier
763 1101 821 1129 haec

8 1148 120 1183 ignota.
140 1148 181 1175 Et
201 1155 251 1183 ego
263 1148 390 1183 respondi
404 1157 410 1174 :
426 1147 511 1175 Mater
527 1155 587 1176 mea
601 1152 643 1176 est
657 1155 739 1183 quam
752 1147 818 1174 mihi

11 1193 169 1220 redonavit
184 1192 255 1220 Deus
267 1200 315 1227 per
329 1192 471 1220 dominum
487 1201 577 1221 meum
591 1193 713 1222 Petrum.

46 1239 155 1267 XXVI.
179 1239 242 1267 Haec
257 1247 320 1267 cum
335 1247 385 1275 ego
398 1239 541 1273 dixissem,
552 1243 650 1267 cuncta
666 1239 706 1267 eis
721 1238 819 1267 Petrus

13 1293 64 1320 per
81 1286 219 1314 ordinem
237 1287 322 1321 capit
337 1293 473 1321 exponere
488 1291 515 1313 et
530 1286 569 1313 ait
587 1295 592 1312 :
612 1285 680 1313 Cum
696 1285 819 1313 venisse-

13 1340 78 1359 mus
93 1331 225 1360 Aradum
241 1337 268 1360 et
278 1340 328 1368 ego
343 1340 392 1360 vos
407 1332 561 1367 praecedere
573 1331 717 1366 iussissem
729 1351 736 1363 ,
752 1339 817 1366 pro—

17 1378 100 1406 fectis
121 1379 223 1411 vobis,
247 1378 341 1406 eadem
364 1379 409 1406 die
435 1378 561 1406 Clemens
587 1385 649 1405 ςυιιι
674 1377 818 1406 incidisset

16 1425 164 1453 sermonis
182 1424 307 1455 occasio,
331 1431 417 1459 genus
438 1431 518 1450 suum
544 1422 609 1450 mihi
633 1423 760 1457 exposuit
784 1430 817 1449 ac

17 1472 171 1505 familiam,
185 1475 212 1499 et
224 1470 296 1506 quod
307 1470 465 1505 parentibus
479 1473 552 1497 esset
564 1469 678 1496 orbatus
692 1468 817 1503 duosque

18 1518 169 1546 habuisset
181 1518 287 1553 priores
300 1524 330 1544 se
342 1517 465 1551 geminos
481 1515 595 1547 fratres;
613 1518 639 1542 et
652 1514 723 1542 sicut
736 1514 814 1546 mihi,
829 1534 850 1563 ο

16 1565 129 1600 inquit,
149 1568 229 1601 pater
250 1563 405 1596 enarravit,
421 1562 559 1591 somnium
576 1561 642 1589 vidit
667 1559 816 1596 aliquando

17 1615 120 1644 mater,
141 1619 199 1647 quo
222 1610 300 1645 jussu
321 1612 363 1637 est
389 1616 450 1636 cum
472 1608 587 1644 geminis
610 1607 669 1634 suis
691 1614 725 1634 ex
747 1606 815 1634 urbe

17 1657 107 1685 Roma
132 1656 295 1694 proficisci,
315 1664 349 1683 ne
373 1655 464 1684 subito
481 1658 508 1683 et
532 1654 635 1689 pariter
658 1653 811 1681 interirent.

19 1704 149 1739 Cumque
164 1703 300 1732 somnium
317 1701 387 1737 patri
410 1701 567 1732 indicasset,
590 1699 635 1727 ille
650 1699 698 1735 qui
717 1702 814 1726 tenero

19 1750 92 1778 filios
108 1751 237 1786 diligeret
252 1749 351 1776 affectu
365 1769 372 1780 ,
386 1756 420 1775 ne
434 1747 497 1783 quid
516 1747 586 1774 forte
599 1746 662 1773 ntali
686 1750 814 1781 pateren-

20 1799 77 1828 tur,
92 1804 210 1824 uxorem
227 1796 331 1830 pariter
345 1802 376 1822 ac
392 1794 462 1822 filios
476 1793 537 1821 navi
551 1800 613 1820 cum
625 1792 754 1821 omnibus
767 1799 814 1820 ne-

20 1844 156 1872 cessariis
179 1841 341 1877 impositos,
365 1840 466 1868 emittit
489 1839 609 1866 Athenas
635 1837 812 1866 erudiendos.

21 1887 87 1916 Post
106 1890 165 1918 haec
183 1889 258 1916 misit
273 1887 356 1915 Semel
370 1890 397 1914 et
410 1887 509 1914 iterum
526 1885 572 1921 qui
588 1885 770 1920 requirerent,
785 1887 813 1911 et

21 1943 162 1970 nusquam
188 1934 261 1961 illius
276 1940 312 1960 ne
328 1932 473 1967 vestigium
489 1931 599 1966 quidem
623 1929 735 1965 reperit.
752 1928 813 1964 Ipse

23 1981 54 2008 ad
73 1982 201 2009 ultimum
223 1984 300 2016 pater
311 1979 345 2006 ad
366 1976 558 2013 inquirendum
576 1975 770 2012 proficiscitur,
785 1979 812 2003 et

22 2034 110 2061 usque
133 2027 167 2054 ad
188 2033 310 2061 praesens
333 2031 383 2052 nec
406 2024 465 2058 ipse
488 2022 597 2057 quidem
618 2029 733 2056 usquam
757 2024 810 2048 est.

24 2072 85 2100 llaec
96 2081 161 2100 cum
176 2071 242 2099 mihi
253 2071 379 2098 Clemens
394 2072 561 2100 enarrasset,
578 2067 696 2095 accessit
712 2067 745 2094 ad
760 2074 812 2094 nos

23 2119 134 2153 quidam
153 2126 264 2154 rogans,
283 2121 313 2143 ut
326 2116 360 2143 ad
375 2115 493 2143 insulam
509 2113 628 2141 Aradum
644 2121 706 2149 qua:
720 2113 810 2141 vicina

25 2169 81 2190 erat
105 2164 312 2195 accederemus,
329 2161 439 2190 videndi
458 2161 543 2196 gratia
566 2160 708 2189 columnas
724 2159 810 2186 viteas

872 921 958 948 puero
973 915 1006 942 ad
1023 916 1150 944 solatium
1167 917 1239 952 patri
1254 918 1363 946 relicto.
1378 919 1411 946 Et
1427 925 1457 947 ut
1471 921 1539 954 haec,
1562 923 1662 959 inquit,

871 959 986 988 honesta
999 962 1090 996 specie
1104 962 1208 994 fierent,
1223 963 1341 998 cogitavi
1365 966 1502 994 somnium
1520 967 1622 1005 ﬁngere
1634 976 1661 998 et

871 1005 963 1034 dicere
985 1008 1055 1041 viro,
1071 1007 1194 1036 astitisse
1210 1009 1276 1036 mihi
1291 1018 1392 1038 numen
1407 1012 1543 1046 quoddam
1560 1023 1608 1050 per
1620 1017 1661 1044 vi-

872 1059 932 1079 sum
945 1056 972 1081 et
989 1053 1108 1086 dixisse,
1129 1060 1156 1082 ut
1172 1062 1234 1082 cum
1255 1055 1363 1085 duobus
1375 1059 1491 1092 geminis
1505 1061 1575 1089 meis
1593 1069 1660 1090 con-

871 1097 964 1125 festim
980 1107 1013 1127 ex
1033 1098 1106 1127 Urbe
1123 1101 1323 1135 proficiscerer,
1337 1111 1480 1140 usquequo
1494 1106 1528 1134 ab
1541 1108 1599 1142 ipso
1611 1117 1660 1136 au-

871 1142 974 1175 direm,
994 1146 1105 1180 quando
1134 1147 1224 1175 redire
1248 1147 1388 1176 deberem.
1407 1149 1515 1182 Quibus
1544 1153 1657 1186 auditis,

871 1189 1021 1218 credidisse
1034 1191 1123 1218 aiebat
1134 1192 1234 1224 virum,
1245 1198 1272 1222 et
1285 1194 1406 1223 Athenas
1423 1204 1452 1223 se
1466 1199 1581 1231 geminis
1597 1208 1658 1228 cum

870 1234 964 1264 liberis
986 1237 1113 1265 emisisse
1136 1238 1204 1266 inibi
1229 1240 1405 1274 erudiendis,
1429 1243 1476 1269 sed
1500 1247 1660 1279 tempestate

870 1281 945 1315 gravi
962 1282 996 1309 ad
1017 1283 1088 1310 hanc
1111 1283 1229 1312 insulam
1247 1285 1331 1313 fuisse
1353 1286 1495 1321 depulsos,
1518 1290 1576 1322 ubi,
1593 1299 1659 1319 con-

870 1326 955 1355 fracta
971 1328 1045 1361 navi,
1061 1337 1091 1357 se
1106 1329 1189 1357 ﬂuctu
1206 1338 1350 1359 excussam
1366 1340 1449 1367 supra
1463 1342 1559 1362 saxum
1572 1337 1659 1371 quod-

869 1373 948 1405 dam,
964 1373 1000 1401 ob
1013 1374 1066 1403 hoc
1082 1376 1171 1403 solum
1188 1380 1304 1404 mortem
1320 1378 1480 1410 distulisse,
1496 1381 1601 1416 donec,
1618 1383 1659 1410 in-

869 1420 948 1454 quit,
966 1420 1117 1448 infelicium
1133 1426 1259 1450 natorum
1279 1431 1402 1452 meorum
1426 1426 1520 1454 saltent
1535 1432 1660 1457 emortua

869 1466 992 1494 membra
1005 1468 1212 1503 complecterer,
1224 1477 1255 1496 ac
1269 1471 1415 1505 sepultura:
1426 1473 1593 1502 mandarem.
1606 1475 1660 1503 Sed

869 1519 932 1539 cum
949 1512 1007 1540 dies
1032 1512 1129 1541 fuisset
1149 1518 1262 1542 exortus
1285 1519 1311 1543 et
1337 1517 1424 1544 turba:
1448 1520 1658 1554 convenissent,

868 1558 1044 1587 miseratione
1054 1560 1120 1587 moti
1134 1561 1312 1596 projecerunt
1328 1563 1393 1590 mibi
1408 1564 1610 1594 indumentum.
1624 1568 1660 1595 At

866 1612 917 1639 ego
931 1604 1027 1632 infelix
1045 1604 1154 1634 ﬂetibus
1169 1607 1264 1635 multis
1280 1608 1410 1642 rogabam
1428 1614 1456 1636 ut
1473 1612 1657 1646 requirerem,

867 1650 955 1678 sicubi
980 1649 1131 1678 infelicium
1158 1657 1284 1680 natorum
1310 1655 1418 1688 possint
1447 1656 1571 1685 invenire
1594 1666 1658 1686 cor-

865 1696 991 1732 puscula.
1014 1696 1071 1731 Ego
1091 1700 1181 1724 autent
1203 1705 1283 1725 onme
1298 1705 1400 1734 corpus
1422 1708 1512 1728 meum
1527 1702 1658 1733 dentibus

866 1742 984 1774 lanians,
999 1742 1156 1777 planctibus
1169 1745 1196 1769 et
1210 1743 1361 1771 ululatibus
1383 1745 1450 1772 nihil
1465 1746 1540 1774 aliud
1556 1748 1658 1775 clama—

865 1788 927 1815 bam
945 1788 999 1816 nisi
1012 1807 1020 1821 ,
1036 1786 1089 1815 Ubi
1103 1787 1168 1814 mihi
1184 1788 1288 1816 infelici
1308 1789 1426 1818 Faustus
1441 1797 1499 1825 est,
1519 1793 1564 1820 ubi
1585 1793 1657 1822 Fau-

865 1834 976 1863 stinus?

900 1880 1019 1910 XXVII].
1040 1881 1072 1908 Et
1094 1889 1156 1910 cum
1178 1882 1235 1910 haec
1260 1883 1363 1911 diceret
1392 1883 1501 1918 Petrus,
1519 1885 1613 1913 Niceta
1629 1891 1655 1918 et

863 1927 962 1962 Aquila
987 1927 1078 1956 subito
1101 1932 1250 1964 assurgunt
1276 1934 1303 1956 et
1331 1930 1476 1965 stupefacti
1499 1933 1655 1966 perturbari

864 1981 1008 2011 creperum
1031 1976 1153 2004 dicentes
1176 1986 1183 2003 :
1205 1976 1366 2005 Dominator
1392 1976 1507 2005 Domine
1530 1983 1557 2006 et
1583 1979 1654 2008 Deus

864 2021 987 2049 onmium
999 2041 1006 2053 ,
1023 2028 1123 2049 verane
1138 2021 1196 2048 haec
1213 2025 1294 2054 sunt,
1308 2028 1342 2048 an
1358 2023 1496 2049 somnium
1519 2029 1561 2052 est
1580 2026 1654 2060 quod

865 2068 972 2103 agitur?
985 2067 1054 2095 Tum
1073 2066 1187 2095 Petrus:
1204 2067 1282 2101 Nisi,
1297 2068 1403 2102 inquit,
1429 2076 1481 2096 nos
1495 2069 1585 2098 insani
1606 2079 1654 2099 su-

863 2121 941 2145 mus,
964 2112 1021 2140 hec
1035 2119 1099 2139 vera
1115 2115 1188 2139 sunt.
1214 2112 1248 2138 At
1265 2112 1301 2138 illi
1321 2113 1460 2146 paululum
1481 2115 1610 2142 remorati
1626 2121 1653 2143 et

864 2158 1048 2186 confricantes
1070 2158 1166 2186 faciem
1181 2178 1188 2191 ,
1205 2159 1302 2185 aiunt:
1318 2157 1374 2186 Nos
1388 2166 1484 2187 sumus
1502 2159 1651 2190 Faustinus

669 2236 858 2265 COTELERII
875 2235 991 2263 NOTAE.
1652 2244 1659 2257 ι

59 2327 114 2362 ea
135 2325 202 2353 cum
310 2321 393 2362 Ρςιτί-
411 2320 538 2362 Testatur
551 2319 732 2362 “temnamus
825 2322 847 2348 ι)
863 2315 1238 2362 ΞὶῗῗδῗέἓἮὶἮ.ΡιΞΡΞ¹υἱ¹ἷ,θεῖ
1253 2324 1259 2341 ι
1275 2314 1353 2362 ei"?
1368 2314 1652 2362 eris9oaus,E"P'W-

28 2354 66 2389 tra
86 2354 259 2389 Jovinianum
282 2357 420 2394 scribens,
443 2356 497 2394 legi
518 2356 547 2394 in
565 2354 686 2394 Periodis
699 2358 727 2381 et
740 2361 809 2394 uxo-

27 2405 79 2424 rem
105 2396 178 2425 Petri
201 2398 228 2422 et
252 2393 344 2420 filiam.
362 2391 398 2418 Ea
414 2391 497 2425 igitur
511 2392 677 2420 Circuituum
691 2396 764 2423 pars,
781 2391 808 2415 in

26 2441 75 2467 qua
90 2435 123 2461 de
137 2431 210 2459 Petri
226 2430 279 2456 lilia
292 2427 486 2467 (fetronillam
501 2427 618 2459 vocant)
631 2432 721 2467 seruio
736 2428 807 2467 erat,

29 2463 95 2494 minc
108 2467 287 2495 desideratur.
299 2463 416 2491 Uxorem
430 2465 520 2499 autem
537 2463 809 2499 memoraitt_pnaetet~:

28 2511 55 2529 ea
68 2504 191 2531 Clemens
205 2499 416 2528 Alexandrinus,
434 2496 534 2523 Slrom.
549 2504 596 2525 vn,
611 2503 672 2530 pag.
688 2495 807 2531 756,}ibi

28 2529 182 2574 martvriium
205 2536 279 2562 illitis
294 2532 480 2574 r_e‘i'ertnverbis
494 2539 558 2574 quas:
568 2531 687 2574 citantur
704 2531 737 2574 ab

29 2565 109 2606 subii)“,
127 2573 229 2599 Hister.
248 2579 287 2600 ιιι,
302 2569 353 2606 se;
370 2565 512 2606 Origenes,
526 2566 558 2606 ad
568 2565 661 2593 Matth.
675 2572 732 2596 xIx,
753 2565 804 2606 er;

30 2601 205 2643 Epiphanius,
214 2605 310 2633 haeresi
325 2601 464 2643 50Lnuin.
470 2602 514 2635 22;
523 2601 804 2643 _ll'i‘cr9n.rmus,qep1i5t.

29 2636 159 2679 Fit-atque
175 2636 527 2679 ΗὶιιςιιιξιιιιεῖἘρὶειᾳίαιςά
540 2636 685 2679 ‘Rodlulfttlm
699 2641 723 2679 et
735 2636 806 2663 Fra-

31 2671 130 2709 mrium’,
141 2681 209 2706 sect.
225 2676 252 2703 8.
266 2671 424 2710 Appellatur
439 2671 804 2710 indiartyrologiis_Perpe:

31 2683 130 2709 larium,
141 2683 209 2706 sect.
225 2683 252 2703 δ.
266 2683 307 2710 Ap
333 2683 424 2700 ‘llatltr
439 2683 465 2700 In
480 2683 679 2707 mal'tyl'otugub
703 2683 804 2706 ηεινριξ-

31 2715 72 2747 tua
97 2715 122 2742 in
146 2683 442 2747 Chronicoﬁgimeonis
467 2708 667 2747 Metapllrastae,
688 2707 747 2734 loco
770 2707 804 2734 ad

31 2745 166 2776 Constilut.
182 2755 222 2778 Ill,
234 2746 261 2777 6,
275 2746 370 2782 allato,
384 2743 506 2782 Joanna;
520 2742 592 2782 quod
607 2742 688 2782 etiam
705 2750 803 2782 nomen

33 2786 101 2810 matri
119 2775 188 2810 Petri
205 2775 299 2809 tribuit
316 2779 453 2815 Indiculus
469 2775 576 2813 pesiius
596 2777 629 2804 ad
644 2775 757 2803 Conslil.
773 2785 802 2809 ιι,

32 2817 69 2845 ὓῧ.

64 2854 112 2890 (si)
138 2854 257 2881 Venimus
277 2851 420 2878 Uulanens.
446 2850 568 2877 Balanca:
592 2851 636 2876 aut
662 2849 802 2882 Baianum,

863 2349 925 2386 tionr
938 2350 1063 2377 laudatur
1073 2349 1098 2386 ia”
1112 2350 1141 2378 S.
1154 2351 1314 2386 Athanasio,
1331 2352 1456 2386 Apologia
1467 2352 1498 2377 de
1510 2349 1579 2386 fugai
1591 2361 1651 2384 sua,

865 2385 945 2419 paulo
960 2389 1021 2419 post
1032 2385 1151 2415 initium.
1164 2390 1191 2412 et
1204 2385 1324 2420 Epistola
1339 2385 1372 2412 ad
1383 2385 1572 2421 Solitariost.
1586 2387 1651 2419 8l2,

863 2428 1019 2453 quanquam
1032 2425 1170 2454 postremo
1189 2421 1214 2447 in
1235 2421 1294 2447 loco
1313 2428 1453 2455 perperam
1468 2421 1622 2454 ediderunt,
1638 2423 1652 2449 ὁ

863 2457 892 2482 ὲν
907 2455 1052 2487 Καλαναῖς.
1071 2455 1141 2489 Lege
1157 2456 1171 2482 ὁ
1183 2456 1211 2481 ἐν
1223 2455 1380 2487 Βαλανὲαις,

899 2490 954 2524 (45)
976 2489 1042 2528 Inde
1062 2491 1222 2528 accessimus
1242 2490 1326 2517 Pallio
1347 2490 1459 2528 [Pelion
1477 2491 1651 2528 rCot.].f?alti

863 2525 1140 2566 quoque‘cpiscopum
1158 2525 1410 2566 celebrat‘magnus
1424 2525 1557 2566 Ecclesia;
1567 2527 1653 2561 Magi-

863 2565 918 2587 ster
935 2560 1000 2588 locis
1016 2560 1115 2591 citatis,
1137 2567 1241 2587 necnon
1268 2561 1386 2592 Ep‘stola
1403 2562 1438 2588 ad
1452 2560 1650 2589 Amice/tenses.

864 2595 916 2631 Sed
931 2595 1001 2631 apud
1025 2595 1230 2627 Tlremloritum,
1250 2595 1352 2622 Hister.
1373 2595 1419 2623 lib.
1435 2604 1471 2627 ιι,
1484 2604 1543 2631 cap.
1561 2597 1605 2627 12,
1623 2597 1650 2623 iu

862 2630 952 2658 verbis
978 2630 1130 2661 Athanasii.
1154 2635 1181 2657 et
1195 2631 1339 2666 episcopus
1360 2635 1386 2658 et
1409 2631 1505 2658 civitas
1517 2630 1574 2658 non
1599 2640 1652 2659 suo

862 2666 1169 2700 nomineiappellantur.

897 2700 953 2735 (4(5)
969 2699 1080 2727 Gabula.
1095 2700 1173 2732 Hinc,
1184 2705 1211 2728 et
1224 2708 1272 2733 per
1286 2701 1438 2735 superiora.
1452 2699 1524 2726 nullo
1540 2701 1650 2735 negotio

862 2735 1014 2769 corrigetur
1038 2735 1191 2770 Sophonius
1216 2734 1248 2761 da
1269 2734 1349 2762 Petro
1364 2741 1391 2762 et
1406 2735 1500 2767 Paulo,
1516 2734 1585 2762 tom.
1604 2734 1650 2762 Vll

862 2770 1033 2798 Bibliotheca:
1048 2771 1157 2797 Patrum
1174 2770 1347 2805 Parisieusis,
1361 2776 1388 2798 et
1404 2771 1474 2805 apud
1490 2770 1601 2798 Surium
1615 2770 1650 2800 ad

862 2805 897 2834 ‘29
906 2805 990 2839 Junii,
1006 2814 1080 2834 num.
1098 2805 1124 2833 ὕ.
