1873 3095
176 119 246 148 156⁵1

588 119 618 148 S.
637 118 832 148 CLEN'I'IS
846 118 858 146 I
875 117 960 147 ROM.
980 117 1083 147 PONT.
1096 117 1210 147 OPERA
1230 119 1352 148 DUBIA.’

1747 119 1822 147 1568

175 181 203 206 et
216 175 345 205 Faustus.
361 175 415 204 Sed
429 179 457 205 et
472 176 507 204 ab
523 176 603 205 initio
625 184 688 205 cum
712 184 826 204 narrare
839 176 966 211 ccepisti.
983 185 1006 213 Α
1020 181 1149 212 poterunt
1170 181 1198 205 et
1218 185 1274 205 una
1298 183 1387 206 tecum
1403 179 1486 207 etiam
1510 186 1562 208 nos
1582 178 1741 206 audiemus.
1764 177 1821 206 Ubi

177 224 269 251 statim
286 224 313 250 in
336 223 521 258 suspicionem
537 223 697 255 incidimus,
712 230 748 250 ne
770 222 841 250 forte
863 223 896 250 ad
918 229 970 250 nos

176 271 346 305 pertinerent
369 277 431 304 qua:
454 269 632 302 dicebantur;
655 277 754 297 rursus
771 272 862 296 tamen
879 269 971 296 consi-

176 316 304 342 derantes
318 315 402 341 multa
427 315 528 342 similia
551 314 678 342 accidere
701 315 727 342 in
743 314 798 341 vita
815 315 968 346 hominum,

175 361 348 391 reticuimus.
359 361 423 388 licet
436 367 485 387 cor
495 364 621 388 nostrum
636 368 684 395 spe
695 361 789 395 aliqua
803 360 968 395 pulsaretur.

176 407 385 442 Aspiciebamus
400 414 465 441 ergo
482 406 515 433 ad
531 406 611 434 ﬁnem
629 406 777 437 sermonis.
789 410 830 438 ut,
840 407 863 434 si
879 406 913 434 ad
929 407 971 434 in-

175 457 283 489 tegrum
301 452 336 480 de
347 452 428 480 nobis
443 460 505 480 esse
516 456 670 485 constaret,
686 456 744 479 tum
760 452 919 480 fateremur.
937 452 971 479 Et

175 507 237 527 cum
254 500 311 526 haec
327 499 463 526 dixissent
473 520 480 533 ,
495 499 681 535 Iacrymantes
698 499 921 534 ingrediebantur
935 500 970 526 ad

175 550 301 573 matrem.
330 544 417 577 Quam
444 553 507 572 cum
536 545 704 580 reperissent
728 545 915 580 quiescentem
943 549 970 572 et

174 592 321 626 complecti
337 591 448 623 vellent,
476 591 616 626 prohibuit
633 590 732 619 Petrus
748 591 843 618 dicens
858 599 863 617 :
883 590 970 619 Sinite

174 645 218 665 me
233 638 310 672 prius
326 645 482 672 praeparare
495 637 604 664 animos
615 638 714 665 matris
722 642 749 665 et
765 637 802 665 ita
812 646 860 666 vos
872 637 970 666 oﬁerre

174 683 211 716 ei,
227 692 263 711 ne
281 683 352 710 forte
367 684 455 710 multo
469 687 496 711 et
512 683 605 711 subito
619 683 721 718 gaudio
745 687 838 712 mente
859 684 970 712 excidat

173 733 202 756 et
216 737 314 757 sensus
329 729 389 763 ejus
409 729 535 756 turbetur
547 749 555 762 ,
570 729 690 757 maxime
709 730 775 765 quia
797 738 871 758 nunc
887 731 969 758 etiam

174 782 272 803 somno
287 779 420 810 occupata
433 778 535 809 stupet.

209 820 306 848 XXIX.
335 820 421 856 igitur
450 820 497 848 ubi
520 824 609 848 mater
631 821 787 848 exsurrexit
814 828 830 849 θ
859 829 967 854 somno,

1022 224 1080 251 haec
1100 223 1198 251 Petrus
1222 224 1307 256 dixit,
1333 228 1421 253 mater
1439 225 1527 253 nimio
1545 225 1649 261 gaudio
1667 225 1822 259 intercepta

1022 270 1140 300 corruit,
1155 274 1182 297 et
1202 271 1312 298 tandem
1331 270 1480 306 aliquando
1496 275 1623 306 reparata
1637 276 1721 306 atque
1736 271 1764 297 in
1778 277 1823 298 se-

1022 315 1165 350 tnetipsam
1190 322 1314 350 regressa
1326 336 1333 348 ,
1358 316 1397 342 ait
1414 325 1421 343 :
1439 315 1561 343 Obsecro
1590 324 1653 348 vos,
1665 315 1823 342 dulcissimi

1023 360 1085 393 ﬁlii,
1106 361 1190 389 dicite
1209 362 1273 388 mihi
1285 382 1292 394 ,
1309 370 1370 397 quze
1393 362 1544 390 acciderint
1559 362 1641 390 vobis
1667 365 1732 397 post
1747 361 1824 388 iilam

1022 407 1133 436 feralem
1148 411 1175 435 et
1189 407 1407 435 crudelissimam
1423 413 1542 437 noctem.

1055 451 1163 480 XXXII.
1185 452 1253 480 Tum
1267 452 1361 480 Niceta
1374 453 1457 488 erepit
1479 453 1571 481 dicere
1586 463 1593 480 :
1610 453 1641 480 In
1655 452 1705 480 illa
1725 455 1822 483 nocte,

1021 507 1038 526 ο
1051 502 1148 532 mater,
1165 507 1228 527 cum
1243 500 1322 527 navis
1339 498 1436 527 fuisset
1451 500 1574 528 resoluta
1588 505 1616 527 et
1631 507 1683 527 nos
1697 497 1827 526 inniten-

1021 550 1062 573 tes
1074 545 1227 582 fragmento
1243 545 1352 572 cuidam
1368 546 1525 573 tabularum
1541 553 1591 580 per
1606 545 1722 581 pelagus
1731 544 1826 578 jacta-
1872 569 1873 572 η

1021 599 1115 619 remur
1125 611 1133 624 ,
1149 592 1201 618 viri
1218 591 1329 626 quidam
1342 592 1444 627 quibus
1459 599 1508 627 per
1523 591 1691 627 profundum
1705 589 1827 616 latroci-

1021 636 1081 663 nari
1112 636 1259 664 artificium
1288 640 1348 669 est,
1379 641 1505 672 repertos
1536 637 1734 672 imposuerunt
1773 642 1827 662 nos

1021 682 1155 710 navicula:
1171 690 1238 715 suae,
1254 687 1282 710 et
1296 683 1380 711 remis
1394 683 1531 710 undarum
1546 683 1668 711 vortices
1683 688 1828 716 superan-
1872 683 1873 703 ἲ

1020 732 1078 758 tes,
1105 728 1223 756 diversis
1245 729 1392 756 itineribus
1413 728 1568 756 Caesaream
1596 727 1740 755 Stratonis
1761 735 1828 762 per-
1872 727 1873 760 ξ

1020 771 1159 800 duxerunt
1171 792 1179 805 ,
1196 772 1289 807 ibique
1306 773 1456 808 atlIigentes
1471 781 1521 802 nos
1546 773 1627 806 fame,
1642 773 1826 803 verberibus,

1022 822 1097 845 metu
1109 838 1117 850 ,
1136 818 1175 845 uti
1197 826 1231 846 ne
1245 819 1319 854 quod
1339 823 1413 847 esset
1429 820 1457 846 in
1477 827 1541 847 vero
1556 818 1757 854 proderemus,
1773 819 1827 846 im-

173 867 277 902 alloqui
303 875 364 895 eam
386 866 485 895 Petrus
500 867 584 902 capit
609 867 725 895 dicens:
744 867 822 895 Scire
845 872 871 895 te
895 868 968 901 volo,
985 863 1007 890 Β
1021 864 1136 891 mutatis
1150 864 1233 892 etiam
1255 865 1415 892 nominibus
1437 865 1542 894 nostris
1567 864 1759 892 vendiderunt
1775 872 1829 892 I06

172 913 282 946 mulier,
305 913 447 949 religionis
463 917 564 941 nostrae
579 914 797 941 observantiam.
811 913 867 942 Nos
885 922 970 941 unum

174 959 292 987 colimus
309 959 393 987 Deum
408 960 457 995 qui
483 959 548 987 fecit
572 959 720 992 mundum,
744 959 827 994 hujus
842 964 869 988 et
883 960 971 994 legem

173 1014 334 1038 servamus,
351 1014 406 1041 qua
423 1006 535 1033 mandat
549 1007 577 1033 in
600 1007 697 1041 primis
721 1007 811 1041 ipsum
826 1007 971 1034 colendum

173 1056 200 1079 et
217 1059 317 1079 nomen
333 1052 394 1086 ejus
410 1051 609 1083 venerandum,
638 1056 767 1087 parentes
783 1052 970 1084 honorandos,

173 1098 337 1133 pudicitiam
357 1098 549 1133 justitiamque
572 1097 748 1125 servandam.
774 1097 828 1125 Sed
853 1101 880 1125 et
903 1096 972 1124 illud

173 1144 366 1179 observamus,
381 1151 505 1171 mensam
521 1151 583 1171 cum
609 1144 758 1179 gentilibus
780 1152 836 1171 non
869 1143 972 1171 habere

173 1198 367 1222 communem,
384 1190 439 1217 nisi
455 1198 518 1217 cum
543 1190 712 1218 crediderint
733 1194 760 1217 et
775 1193 885 1225 recepta
901 1190 973 1218 veri-

172 1240 230 1264 tate
245 1236 375 1271 baptizati
392 1236 494 1264 fuerint
504 1257 511 1270 ,
527 1244 559 1264 ac
575 1237 649 1264 trina
661 1236 782 1272 quadam
795 1236 869 1264 beati
883 1235 973 1263 nomi-

173 1283 219 1310 nis
235 1283 411 1310 invocatione
427 1284 598 1315 consecrati,
623 1287 650 1310 et
664 1288 730 1310 tunc
745 1290 807 1310 cum
823 1283 865 1310 eis
880 1282 972 1309 cibum

175 1330 322 1357 sumimus.
344 1329 473 1364 Alioquin
489 1329 573 1357 etiam
594 1331 618 1357 si
639 1334 718 1365 pater
732 1333 780 1356 aut
794 1333 883 1357 mater
904 1329 971 1361 sint,

175 1378 224 1402 aut
239 1383 310 1402 uxor
334 1378 381 1401 aut
405 1375 454 1401 ﬁlii
471 1378 518 1402 aut
539 1375 653 1405 fratres.
669 1381 725 1402 non
742 1381 890 1409 possumus
909 1381 972 1400 cum

174 1421 216 1448 eis
235 1427 357 1448 mensam
374 1420 476 1448 habere
491 1428 676 1448 communem.
693 1419 763 1453 Quia
778 1427 844 1455 ergo
859 1419 971 1454 religio-

175 1468 220 1495 nis
234 1474 319 1495 causa
337 1467 476 1502 pratcipua
493 1467 545 1493 hoc
570 1466 699 1498 facimus,
716 1473 771 1493 non
791 1465 842 1493 tibi
857 1465 973 1500 injurio-

176 1521 238 1541 sum
254 1513 390 1545 videatur,
407 1513 481 1548 quod
497 1521 552 1540 non
569 1516 659 1547 potest
674 1512 748 1540 ﬁlius
771 1515 837 1539 tuus
861 1518 916 1538 una
930 1514 971 1539 te-

176 1567 240 1586 cum
266 1567 376 1586 sumere
390 1559 501 1591 cibum,
522 1565 665 1594 usquequo
680 1557 777 1586 eadem
793 1557 843 1585 tibi
859 1557 895 1585 sit
911 1564 972 1592 qua:

175 1605 216 1632 illi
230 1605 367 1632 sententia
382 1605 456 1632 ﬁdei.

213 1649 297 1677 XXX.
318 1650 424 1683 Quibus
439 1650 485 1677 illa
499 1650 619 1682 auditis,
635 1649 670 1676 Et
684 1649 763 1684 quid,
779 1649 884 1684 inquit,
900 1653 973 1677 vetat

177 1696 259 1724 Iiodie
278 1703 322 1724 me
338 1697 565 1732 baptizari?qu'.e
579 1695 662 1723 etiam
681 1695 843 1730 priusquam
859 1698 887 1722 te
898 1695 973 1723 vide-

177 1750 235 1770 rem
245 1763 253 1775 ,
268 1743 331 1770 illos
344 1750 415 1778 quos
429 1742 525 1770 dicunt
541 1743 608 1770 deos
630 1743 741 1777 penitus
756 1745 883 1769 aversata
899 1749 971 1774 sum,

177 1789 253 1823 quod
267 1788 334 1816 mihi
357 1788 515 1824 frequenter
532 1792 560 1815 et
583 1796 652 1823 pene
669 1787 793 1823 quotidie
808 1787 973 1816 sacriﬁcanti

178 1835 232 1864 sibi
257 1839 388 1870 praestare
414 1838 566 1870 potuerunt
587 1835 667 1862 nihil.
692 1834 760 1862 Nam
783 1835 817 1862 de
839 1834 973 1869 pudicitia

178 1882 245 1917 quid
256 1881 364 1909 dicam?
377 1888 439 1909 cum
456 1889 499 1908 me
510 1888 599 1916 neque
612 1886 678 1908 tunc
689 1881 794 1909 delicia:
803 1880 972 1915 deceperint,

179 1937 269 1963 neque
282 1936 356 1955 nunc
371 1932 480 1964 egestas
504 1936 619 1963 peccare
635 1928 810 1964 compulerit.
828 1927 904 1956 Satis
924 1936 974 1955 au-

179 1980 235 2003 tem
248 1978 315 2010 puto
332 1975 487 2002 innotuisse
502 1975 564 2007 tibi,
580 1979 700 2009 quantus
714 1974 781 2001 mihi
795 1974 894 2001 exinde
915 1973 975 2002 fue-

178 2022 215 2048 rit
229 2028 307 2048 amor
321 2021 468 2055 pudicitiae,
486 2028 547 2056 quae
564 2024 591 2047 ut
609 2021 753 2048 evaderem
767 2021 856 2047 illiciti
871 2021 974 2048 amoris

180 2068 296 2095 insidias
312 2067 450 2094 somnium
466 2067 543 2099 ﬁnxi,
561 2071 591 2094 ut
606 2075 668 2094 cum
681 2067 791 2095 duobus
804 2067 873 2095 meis
888 2067 975 2102 gemi-

179 2114 224 2141 nis
239 2113 444 2148 peregrinarer,
457 2117 484 2140 et
498 2113 573 2140 hunc
600 2113 687 2140 solum
705 2113 790 2140 ﬁlium
807 2120 896 2140 meum
912 2113 975 2141 Cle-

180 2165 301 2188 mentem
327 2160 362 2187 ad
387 2160 516 2187 solatium
534 2159 605 2195 patri
622 2159 733 2194 reliqui.
756 2159 785 2186 Si
811 2160 885 2186 enim
906 2159 973 2187 mihi

1022 909 1131 937 cuidam
1155 910 1260 942 viduae,
1281 910 1402 938 honestae
1421 911 1566 939 admodum
1590 910 1715 943 feminae,
1739 910 1830 939 Just;

1022 956 1148 989 nomine;
1164 964 1226 992 qua:
1248 964 1311 984 cum
1331 958 1444 985 emisset
1455 978 1462 990 ,
1483 958 1576 985 habuit
1593 958 1655 985 loco
1681 958 1808 986 ﬁliorum
1819 978 1827 987 ν

1023 1001 1060 1028 ita
1076 1005 1106 1029 ut
1119 1002 1202 1029 etiam
1218 1001 1321 1030 Graecis
1336 1010 1387 1030 nos
1402 1003 1502 1031 litteris
1511 1007 1538 1030 et
1552 1003 1723 1032 liberalibus
1739 1008 1829 1031 auen-

1023 1047 1128 1076 tissime
1142 1048 1275 1076 erudiret.
1290 1048 1341 1076 Ubi
1354 1057 1420 1076 vero
1435 1049 1615 1082 adolevimus,
1627 1049 1719 1078 etiam
1738 1050 1829 1085 pbilo.

1023 1094 1172 1128 sophorum
1197 1095 1296 1123 studiis
1313 1103 1423 1130 operam
1439 1095 1565 1123 dedimus
1576 1117 1584 1129 ,
1600 1103 1656 1131 quo
1675 1104 1829 1131 possemus

1024 1141 1165 1177 religionis
1178 1141 1278 1169 divinae
1292 1142 1420 1177 dogmata
1440 1142 1640 1178 philosopbicis
1653 1142 1828 1178 disputatio-

1024 1187 1105 1214 nibus
1121 1191 1279 1215 asserentes
1290 1187 1434 1215 confutare
1447 1188 1573 1223 gentiles.

1059 1231 1178 1260 XXXIII.
1198 1232 1305 1261 Simoni
1327 1238 1417 1260 autem
1434 1233 1544 1261 cuidam
1561 1240 1644 1269 mago
1664 1233 1717 1268 qui
1732 1233 1829 1261 nobis-

1023 1287 1086 1308 cum
1101 1287 1155 1307 una
1166 1280 1300 1307 educatus
1310 1283 1368 1311 est,
1385 1287 1436 1314 pro
1451 1279 1582 1306 amicitiis
1593 1283 1620 1306 et
1637 1279 1746 1314 puerili
1760 1287 1828 1307 eon-

1024 1325 1170 1354 suetudine
1193 1325 1382 1359 adhaesimus,
1407 1326 1444 1352 ita
1468 1329 1498 1353 ut
1523 1333 1594 1361 pene
1617 1325 1654 1353 ab
1678 1333 1714 1353 eo
1738 1326 1827 1360 decipi

1023 1377 1178 1405 possemus.
1189 1369 1287 1398 Fertur
1297 1369 1370 1397 enim
1386 1369 1416 1397 in
1428 1369 1561 1405 religione
1572 1374 1670 1398 nostra
1685 1378 1786 1398 sema
1797 1371 1829 1398 de

1024 1417 1156 1451 propheta
1171 1416 1290 1451 quodam
1304 1436 1311 1449 ,
1325 1416 1405 1451 cujus
1422 1415 1457 1443 ab
1468 1415 1597 1443 omnibus
1616 1416 1667 1451 qui
1695 1417 1828 1453 religioni

1024 1463 1088 1490 huic
1101 1462 1261 1490 deserviunt
1276 1465 1434 1497 speraretur
1448 1461 1592 1494 adventus,
1607 1469 1659 1497 per
1672 1471 1765 1498 quem
1779 1464 1829 1490 im-

1024 1509 1148 1537 mortalis
1168 1513 1196 1537 et
1212 1509 1291 1537 beata
1305 1510 1361 1536 vita
1378 1508 1556 1537 credentibus
1570 1509 1664 1536 danda
1687 1510 1828 1544 promitti-

1024 1558 1080 1582 tur.
1096 1553 1175 1581 Hunc
1190 1562 1255 1589 ergo
1271 1562 1322 1582 nos
1336 1555 1499 1589 putabamus
1513 1561 1575 1582 esse
1596 1553 1759 1582 Simonem.
1777 1554 1828 1582 Sed

1024 1602 1082 1628 haec
1095 1601 1154 1633 tibi,
1168 1604 1265 1633 mater,
1284 1601 1467 1636 opportunius
1478 1604 1662 1636 exponentur.
1681 1600 1746 1629 Nos
1759 1603 1828 1630 inte-

1024 1647 1077 1674 rim
1093 1655 1155 1674 cum
1171 1654 1240 1682 pene
1251 1647 1308 1681 jam
1323 1647 1512 1682 deciperemur
1526 1654 1541 1674 a
1561 1647 1692 1680 Simone,
1710 1649 1828 1683 quidam

1024 1694 1128 1729 collega
1143 1693 1249 1720 domini
1260 1694 1314 1720 mei
1328 1692 1563 1726 Petri,Zacchzeus
1575 1694 1701 1727 nomine,
1718 1695 1828 1722 monuit

1025 1749 1060 1769 ne
1075 1740 1233 1767 falleremur
1249 1747 1264 1766 a
1280 1747 1360 1775 mago
1373 1760 1381 1772 ,
1397 1739 1445 1767 sed
1470 1739 1572 1767 obtulit
1596 1747 1648 1767 nos
1663 1740 1828 1769 advenienti

1024 1787 1108 1814 Petro
1121 1790 1151 1813 ut
1164 1787 1200 1813 ab
1215 1785 1276 1821 ipso
1292 1794 1353 1821 quae
1369 1789 1448 1814 erant
1465 1793 1532 1813 sana
1547 1789 1574 1813 et
1590 1786 1719 1821 perfecta
1748 1787 1829 1814 doce-
1870 1792 1871 1795 ‘

1025 1840 1136 1866 remur;
1148 1832 1222 1867 quod
1238 1835 1266 1859 et
1280 1832 1330 1859 tibi
1341 1835 1469 1867 optamus
1480 1831 1602 1863 evenire,
1615 1831 1690 1859 sicut
1702 1836 1736 1859 et
1749 1831 1827 1859 nobis

1025 1881 1163 1908 concessit
1173 1880 1256 1912 Deus,
1264 1885 1294 1907 ut
1307 1880 1446 1915 possimus
1456 1881 1538 1908 etiam
1552 1880 1644 1907 cibum
1658 1885 1686 1908 et
1698 1888 1825 1909 mensam

1025 1928 1127 1955 habere
1152 1935 1337 1955 communem.
1363 1926 1434 1954 Hinc
1448 1932 1515 1962 ergo
1537 1926 1604 1958 fuit.
1631 1931 1740 1961 mater,
1756 1928 1825 1963 quod

1025 1982 1077 2002 nos
1093 1982 1108 2000 a
1123 1973 1220 2009 piratis
1235 1978 1339 2009 raptos,
1351 1977 1380 2000 tu
1396 1974 1424 2001 in
1439 1973 1510 2000 mari
1524 1973 1675 2002 defunctos
1689 1982 1760 2003 esse
1773 1982 1825 2002 cn:-
1872 1973 1873 2005 Υ

1024 2021 1131 2049 didisti.

1060 2067 1181 2095 XXXIV.
1202 2068 1271 2096 Cum
1286 2068 1346 2095 haec
1360 2066 1478 2095 dixisset
1489 2066 1583 2094 Niceta
1595 2085 1604 2097 .
1625 2070 1718 2094 mater
1731 2070 1822 2095 nostra
1872 2089 1873 2100 η

1025 2114 1144 2150 procidit
1157 2114 1191 2141 ad
1207 2114 1290 2149 pedes
1306 2113 1400 2145 Petri,
1416 2120 1517 2148 rogans
1529 2116 1556 2140 ct
1572 2113 1744 2145 obsecrans,
1760 2118 1823 2141 utet

1027 2161 1145 2196 seipsam
1169 2165 1196 2188 et
1216 2161 1352 2195 hospitam
1374 2167 1453 2187 suam
1471 2164 1599 2187 evocaret
1620 2159 1684 2186 sine
1699 2167 1779 2187 mora
1795 2167 1823 2186 ac

180 2207 236 2233 duo
262 2206 308 2233 vix
330 2205 518 2238 sulﬁciebant,
543 2210 648 2240 quanto
674 2205 762 2241 magis
783 2206 976 2233 contristasset
991 2207 1012 2235 D
1026 2207 1189 2242 baptizaret,
1203 2207 1243 2233 uti
1258 2214 1293 2233 ne
1308 2213 1363 2233 una
1378 2227 1384 2239 ,
1397 2206 1508 2240 inquit,
1525 2205 1569 2233 die
1583 2205 1718 2232 damnum
1739 2207 1823 2241 patiar

180 2256 305 2288 patrem,
327 2253 350 2279 si
373 2252 478 2279 nullum
500 2252 611 2287 penitus
627 2252 787 2279 habuisset?
812 2251 878 2279 Erat
899 2252 973 2279 enim

180 2297 266 2324 miser
281 2297 378 2332 grandi
395 2296 494 2324 aﬁ'ectu
510 2305 575 2332 erga
588 2297 669 2328 ﬁlios,
687 2297 725 2324 ita
738 2301 767 2324 ut
779 2297 823 2324 vix
836 2297 860 2324 ei
874 2297 974 2324 somnii

181 2344 333 2371 auctoritas
347 2348 532 2379 extorqueret,
549 2343 710 2371 Faustinum
727 2347 754 2371 et
769 2343 900 2371 Faustum
912 2343 975 2371 Cle-

181 2390 283 2417 mentis
298 2390 380 2425 hujus
395 2390 494 2418 fratres
518 2391 585 2418 mihi
602 2391 770 2422 concedere,
796 2393 823 2418 et
839 2389 898 2426 ipse
914 2390 974 2418 solo

182 2440 329 2464 contentus
343 2441 417 2465 esset
433 2437 584 2465 Clemente.

218 2482 316 2511 XXXI.
336 2483 400 2510 Haec
415 2483 462 2510 illa
485 2491 548 2510 cum
561 2484 682 2516 diceret,
699 2484 771 2511 ultra
788 2490 842 2510 non
857 2481 977 2510 ferentes

183 2528 284 2556 fratres
298 2529 352 2556 mei
365 2529 475 2556 irruunt
488 2529 514 2556 in
525 2530 686 2565 complexus
700 2531 796 2557 matris
804 2537 867 2556 cum
881 2528 976 2556 multis

184 2575 324 2610 lacrymis,
341 2579 368 2602 et
383 2576 545 2603 osculantur
557 2584 627 2603 eam.
639 2577 673 2603 At
688 2576 732 2603 illa
744 2586 750 2603 :
762 2575 834 2609 Quid
851 2575 920 2606 vult,
937 2574 976 2601 in-

183 2622 254 2656 quit,
270 2621 322 2648 hoc
337 2622 416 2649 esse?
427 2621 495 2648 Tum
511 2621 608 2650 Petrus
621 2631 627 2647 :
643 2622 712 2650 Nolo
719 2621 852 2654 turberis,
865 2620 975 2652 mulier,

184 2672 315 2696 constans
330 2672 409 2702 esto;
431 2668 476 2695 isti
499 2673 564 2696 sunt
588 2668 737 2696 Faustinus
750 2671 777 2696 et
792 2667 911 2694 Faustus
927 2666 976 2693 ﬁlii

184 2714 224 2740 tui
236 2722 307 2749 quos
319 2715 346 2741 in
364 2714 499 2749 profundo
516 2715 620 2749 perisse
633 2715 764 2748 dicebas;
777 2713 915 2748 quomodo
930 2721 977 2740 au-

184 2764 240 2787 tem
259 2761 353 2787 vivant
372 2764 399 2787 ct
419 2761 558 2796 quomodo
578 2762 608 2788 in
630 2762 676 2788 illa
692 2760 819 2787 horribili
842 2763 924 2787 nocte
942 2760 976 2787 de

184 2805 323 2839 profundo
335 2807 483 2839 evaserint,
493 2811 520 2834 et
530 2807 758 2842 quemadmodum
772 2807 842 2834 alius
855 2807 976 2841 ipsorum

185 2849 280 2878 Nise-ta
305 2855 331 2878 et
349 2851 419 2879 alius
444 2852 540 2888 Aquila
564 2852 680 2883 dicatur,
699 2852 750 2886 ipsi
771 2851 819 2878 tibi
839 2857 976 2885 exponere

1026 2252 1160 2280 consortii
1176 2256 1203 2279 et
1218 2252 1360 2279 societatis
1380 2255 1508 2278 natorum
1529 2259 1667 2279 meorum.
1691 2251 1821 2280 Similiter

1025 2304 1116 2326 autem
1130 2302 1157 2326 et
1172 2305 1223 2326 nos
1239 2297 1288 2325 ﬁlii
1300 2297 1362 2332 ejus
1376 2297 1543 2332 rogabamus
1561 2297 1686 2326 Petrum.
1704 2299 1742 2326 At
1758 2300 1819 2327 ille:

1025 2344 1095 2378 Quid
1119 2344 1246 2379 putatis,
1266 2344 1372 2379 inquit,
1388 2345 1452 2379 quia
1473 2351 1524 2379 ego
1547 2344 1753 2373 immisericors
1765 2354 1819 2373 sum

1026 2391 1112 2425 solus,
1129 2395 1156 2419 et
1168 2391 1232 2418 nolo
1243 2398 1293 2418 vos
1308 2390 1405 2417 matris
1422 2390 1551 2418 convivio
1566 2390 1691 2418 soeiari?
1705 2390 1763 2419 Sed
1776 2399 1820 2418 ne-

1025 2446 1103 2465 cesse
1118 2442 1159 2465 est
1173 2445 1233 2464 eam
1252 2437 1294 2464 vel
1311 2444 1365 2464 una
1379 2437 1424 2464 die
1443 2437 1570 2472 jejunare
1587 2437 1668 2472 prius
1685 2441 1712 2464 et
1725 2438 1766 2464 ita
1779 2438 1821 2464 bs-

1027 2484 1135 2520 ptizari,
1153 2488 1180 2512 et
1195 2484 1247 2511 hoc
1261 2484 1326 2519 quia
1341 2491 1497 2512 sermonem
1513 2483 1548 2510 ab
1562 2491 1594 2511 ea
1609 2484 1761 2518 quemdam
1777 2492 1808 2511 au

1026 2530 1100 2562 divi,
1123 2537 1172 2564 per
1200 2537 1281 2565 quem
1308 2529 1375 2557 mihi
1405 2528 1473 2556 ﬁdes
1501 2529 1563 2564 ejus
1588 2529 1693 2556 claruit
1723 2535 1753 2557 et
1778 2530 1818 2564 qui

1027 2575 1158 2603 indicium
1172 2576 1247 2604 dedit
1263 2575 1435 2603 credulitatis
1450 2575 1521 2610 ejus,
1534 2576 1637 2611 alioqui
1655 2576 1755 2604 multis
1765 2584 1818 2603 eam

1027 2621 1124 2649 diebus
1136 2622 1280 2657 oportebat
1294 2626 1358 2649 ante
1372 2621 1472 2649 instrui
1487 2626 1515 2649 et
1529 2622 1634 2650 doceri.

1062 2667 1171 2695 XXXV.
1194 2667 1228 2694 Et
1252 2675 1318 2703 ego:
1338 2667 1438 2700 Qutcso
1450 2672 1488 2698 te.
1509 2668 1634 2703 inquam,
1650 2667 1766 2695 domine
1785 2667 1817 2693 mi

1027 2713 1118 2746 Petre,
1138 2714 1183 2741 dic
1204 2712 1266 2749 quis
1292 2718 1334 2742 est
1352 2714 1405 2741 iste
1423 2721 1516 2741 sermo
1535 2722 1617 2749 quem
1632 2714 1705 2742 dicis
1715 2714 1817 2742 dedisse

1027 2760 1078 2788 tibi
1094 2759 1226 2787 indicium
1241 2760 1304 2788 ﬁdei
1321 2760 1400 2795 ejus?
1419 2759 1451 2787 Et
1467 2759 1568 2788 Petrus
1585 2770 1591 2787 τ
1609 2760 1656 2788 lIle
1674 2768 1766 2788 sermo
1780 2764 1815 2787 est

1028 2814 1084 2841 quo
1102 2806 1220 2841 rogavit,
1236 2810 1266 2833 ut
1286 2809 1313 2833 et
1336 2806 1445 2841 hospita
1461 2814 1512 2834 sua
1525 2806 1607 2841 cujus
1623 2806 1768 2834 beneﬁciis
1782 2814 1815 2830 νιο

1029 2859 1087 2879 cem
1101 2851 1214 2879 reddere
1227 2851 1376 2887 desiderat,
1393 2851 1474 2878 simul
1495 2851 1652 2886 baptizctur
1672 2859 1734 2880 cum
1751 2852 1810 2886 ipsa
