1873 3095
39 145 102 174 4369

616 139 899 169 RECOGNITIONUM
932 138 996 167 LIB.
1019 139 1076 168 VII.

1597 139 1667 168 I370

37 202 92 230 Non
105 205 199 229 autem
210 203 331 236 rogaret,
344 203 375 228 ut
387 199 427 227 illi
443 206 526 235 quam
538 197 628 234 diligit
644 202 824 233 przestaretur
837 200 861 229 Α
870 197 929 232 jam
942 197 1086 224 nime/tatus
1101 201 1140 225 est
1153 205 1212 225 eam
1228 197 1256 224 in
1269 184 1347 225 corde
1363 205 1421 224 tuo.
1436 197 1469 224 Et
1481 197 1526 225 his
1541 197 1664 227 addidit:

39 249 91 276 haec
106 247 207 283 gratia,
220 246 273 274 nisi
289 245 452 273 credidisset
469 244 542 280 quod
566 252 696 280 magnum
714 244 824 279 aliquod

38 295 63 321 in
78 294 244 328 baptismate
262 299 362 319 munus
384 295 469 319 esset.
487 290 566 318 Unde
582 293 610 318 et
625 297 676 326 ego
689 290 712 305 '°
727 297 824 325 repre-

38 340 122 368 bendo
147 339 284 374 plurimos
303 338 351 373 qui
375 345 436 365 cum
460 337 513 372 ipsi
533 337 707 371 baptizentur
721 340 749 363 et
764 343 824 363 cnc-

37 386 109 416 dant.
125 385 198 412 nihil
214 389 303 412 tamen
319 384 431 419 dignum
447 384 500 411 ﬁde
520 386 604 418 agunt
619 390 681 410 cum
698 382 740 410 his
755 389 824 417 quos

36 431 160 466 diligunt,
179 431 206 458 id
222 433 264 458 est
280 430 415 458 uxoribus
435 429 478 457 vel
493 429 558 456 ﬁliis
573 429 613 456 vel
629 429 737 460 amicis,
755 436 824 463 quos

35 485 85 504 non
107 476 143 503 ad
164 477 218 504 hoc
238 476 384 503 hortantur
401 475 475 511 quod
496 475 548 510 ipsi
572 475 690 502 assecuti
708 479 784 504 sunt.
801 476 824 502 si

35 522 141 557 quidem
158 530 223 550 vere
243 522 411 549 crediderint
423 521 497 557 quod
515 526 617 548 aeterna
636 521 691 548 vita
711 529 759 557 per
773 521 824 548 hoc

35 568 159 596 donatur.
177 568 300 604 Denique
311 568 335 595 si
350 575 398 596 eos
415 571 550 602 aegrotare
560 567 672 594 videant
690 573 736 594 aut
753 567 826 602 peri-

35 615 93 642 culo
110 615 196 642 alicui
220 615 368 642 carnaliter
389 614 541 648 subjacere,
561 613 654 641 dolent
678 617 706 640 et
721 613 823 649 lugent,

35 661 94 695 quia
115 661 143 688 in
167 661 220 688 hoc
242 661 310 688 certi
324 663 388 687 sunt
401 660 441 687 eis
453 660 596 687 imminere
611 660 769 695 perniciem.
786 659 826 687 Ita

35 714 106 742 ergo,
121 707 146 734 si
158 711 187 734 et
201 707 235 734 de
247 707 299 733 hoc
315 706 383 734 certi
396 710 490 734 essent
506 706 580 740 quod
597 707 643 740 qui
663 705 749 733 Dcuni
770 713 825 733 non

34 754 136 785 colunt,
154 757 249 781 manet
259 761 307 781 eos
325 760 406 788 pmna
422 753 494 788 ignis
509 753 617 784 aeterni,
637 753 747 788 quando
761 761 821 780 ces-

35 804 124 827 sarent
147 803 294 827 monentes
320 803 347 827 et
368 799 564 826 cohortantes?
585 799 640 825 Aut
667 799 690 826 si
707 799 824 826 obsiste-

34 849 101 878 rent,
117 845 260 881 quomodo
290 853 344 873 non
368 845 494 879 lugerent
520 851 568 872 eos
598 849 626 872 et
653 845 824 879 plangerent,

876 242 906 270 Si
921 243 1012 270 oculus
1038 247 1099 270 tuus
1124 243 1217 270 dexter
1240 243 1408 270 scandalizat
1424 249 1458 276 te,
1475 252 1536 272 erue
1557 254 1617 272 eum
1641 251 1666 273 et

875 289 961 324 abjice
976 289 1023 316 abs
1038 294 1079 322 te;
1091 290 1197 324 expedit
1208 290 1277 316 enim
1292 289 1338 316 tibi
1350 296 1377 316 ut
1389 298 1471 316 unum
1490 290 1666 318 membrorum

876 339 981 362 tuorum
995 340 1096 370 pereat,
1109 344 1188 370 quam
1204 340 1288 362 totum
1303 344 1398 370 corpus
1411 341 1484 363 tuum
1498 337 1622 364 mittatur
1639 338 1667 365 in

874 381 1020 416 gehennam
1040 382 1109 417 ignis
1122 382 1154 409 ".
1180 381 1241 408 Non
1266 381 1334 409 dixit
1351 391 1358 409 :
1374 382 1571 410 scandalizavit
1585 388 1621 415 te,
1638 389 1668 412 ut

876 431 1053 462 posteaquam
1061 429 1218 462 peccaveris
1227 431 1292 455 tunc
1299 428 1414 463 abjicias
1424 436 1536 456 causam
1547 431 1662 465 peccati.

875 473 923 500 sed
936 482 944 500 :
962 474 986 500 si
1000 473 1167 501 scandalizat
1183 479 1216 506 te,
1227 474 1279 502 hoc
1290 479 1342 506 est,
1352 479 1381 501 ut
1396 479 1541 510 antequam
1558 484 1666 510 pecces,

875 526 986 546 causam
1001 520 1105 555 peccati
1120 521 1295 555 provocantis
1307 525 1333 548 te
1344 525 1371 548 et
1382 522 1516 548 irritantis
1528 522 1665 550 abscidas.

875 565 982 601 Nequis
993 570 1084 593 autem
1092 570 1212 594 vestrum
1226 571 1310 601 putet.
1320 566 1430 598 fratres,
1443 568 1516 602 quod
1532 569 1668 596 membro-

876 620 936 639 rum
944 612 1157 647 amputationem
1166 613 1473 649 mandaveritpominus
1482 623 1488 641 :
1497 616 1667 650 propositum

877 666 904 685 in
918 658 969 685 hoc
982 659 1040 685 vult
1055 659 1185 691 resecari,
1203 667 1258 686 non
1270 660 1393 687 membra
1406 664 1432 687 et
1448 668 1548 689 causas
1559 669 1620 696 qua:
1633 662 1668 689 ad

877 704 1046 739 peccandum
1062 705 1190 736 illiciunt,
1203 713 1258 740 quo
1275 706 1405 741 cogitatio
1426 711 1518 734 nostra
1538 711 1668 738 aspectus

875 749 1004 777 vehiculo
1020 750 1161 782 subvecta,
1178 750 1211 777 ad
1225 758 1346 778 amorem
1363 751 1410 779 Dei
1432 753 1560 781 sensibus
1574 761 1669 789 corpo-

877 796 932 823 reis
951 796 1040 823 invisa
1060 796 1218 827 contendat,
1232 804 1282 824 nec
1297 798 1457 824 carnalibus
1473 799 1573 831 oculis,
1592 802 1668 827 velut

877 842 1087 870 lascivientibus
1104 842 1184 878 equis
1208 846 1236 869 et
1265 846 1343 869 extra
1367 844 1561 871 mandatorum
1595 845 1667 872 viam

33 892 97 918 certi
119 897 227 919 aeterna
248 891 289 918 eis
311 890 456 918 imminere
479 890 634 925 supplicia?
654 889 732 917 Nunc
760 898 826 925 ergo
842 884 862 910 Β
877 895 989 915 currum
1005 888 1144 915 declinare
1159 888 1345 923 cupientibus,
1364 889 1467 916 relaxet
1487 889 1564 916 frena
1579 894 1606 917 et
1620 890 1669 917 ha-

34 938 104 965 illam
119 938 233 973 quidem
245 937 387 964 mulierem
400 937 578 964 evocabimus
593 937 781 972 postmodum,
798 939 826 963 ct

34 982 189 1010 videbimus
204 983 226 1010 si
248 986 322 1009 amat
335 981 415 1009 ﬁdem
427 980 569 1016 religionis
583 984 696 1012 nostra),
710 984 737 1007 et
747 984 827 1015 prout

34 1036 207 1064 consequens
220 1028 301 1055 fuerit
311 1035 434 1062 agemus.
447 1027 509 1054 Haec
517 1030 608 1054 autem
623 1026 754 1061 quoniam
763 1026 829 1053 ilde»

34 1074 94 1101 liter
110 1074 202 1102 sensit
223 1075 258 1102 de
273 1074 420 1110 baptismo,
438 1073 544 1109 jejunct
567 1073 608 1100 vel
631 1080 686 1100 una
701 1072 747 1100 die
764 1075 828 1100 ante

35 1117 214 1154 baptismum.

66 1164 192 1192 XXXVI.
213 1165 248 1192 At
259 1165 304 1192 illa
318 1173 380 1192 cum
389 1165 549 1200 iuramento
560 1164 748 1192 satisfaciebat
760 1172 827 1199 pra:-

33 1215 108 1239 Ienle
121 1219 210 1238 uxore
223 1211 327 1238 domini
339 1210 391 1238 mei
406 1209 490 1240 Petri.
503 1209 566 1245 quia
581 1217 614 1237 ex
625 1217 681 1244 quo
693 1217 827 1245 recogno-

35 1257 100 1284 verit
116 1256 215 1288 lilium,
230 1263 286 1292 prae
308 1255 394 1283 multo
410 1255 510 1290 gaudio
532 1255 624 1282 cibum
644 1262 743 1290 capere
766 1262 826 1282 om-

35 1302 99 1330 nino
122 1302 291 1338 nequiverit,
312 1302 366 1330 nisi
387 1302 519 1330 besterna
546 1301 591 1329 die
613 1302 728 1329 calicem
750 1309 828 1337 aqua:

35 1350 122 1376 solum
137 1349 252 1377 biberit.
271 1348 437 1377 Testabatur
450 1351 540 1375 autem
555 1352 583 1376 et
595 1355 664 1376 uxor
680 1347 766 1381 Petri,
785 1349 828 1377 di-

35 1401 99 1422 cens
116 1395 156 1422 ita
171 1402 244 1423 esse.
262 1394 294 1422 Et
308 1395 407 1430 Aquila
422 1394 479 1422 ait:
493 1394 564 1427 Quid
589 1401 656 1429 ergo
671 1394 763 1421 obstat
777 1402 828 1421 cur

36 1449 89 1469 non
107 1442 280 1478 baptizetur?
295 1441 364 1468 Tum
387 1441 486 1468 Petrus
508 1441 675 1468 subridens:
695 1440 748 1468 Sed
771 1448 826 1469 non

36 1491 86 1521 est,
98 1488 200 1523 inquit.
214 1489 267 1514 hoc
287 1487 424 1522 jejunium
446 1486 586 1521 baptismi,
603 1487 675 1522 quod
693 1494 746 1514 non
762 1494 827 1522 pro-

37 1536 94 1566 pter
107 1533 274 1568 baptismum
281 1532 435 1567 jejunatum
453 1535 507 1559 est.
519 1530 551 1558 Et
561 1530 654 1559 Niceta
664 1540 670 1558 :
682 1530 735 1559 Sed
744 1532 824 1562 forte,

37 1578 134 1614 inquit,
151 1580 247 1607 volens
264 1579 336 1606 Deus
350 1582 466 1606 matrem
492 1583 616 1606 nostram
632 1585 684 1605 nec
705 1586 759 1605 una
779 1579 825 1606 dic

38 1627 134 1660 agnitis
149 1626 231 1654 nobis
256 1625 378 1660 separari
394 1633 411 1652 a
424 1625 565 1653 consortio
589 1632 692 1653 mensae
712 1628 825 1657 nostrae,

37 1673 231 1708 praeordinavit
244 1673 296 1700 hoc
310 1676 340 1700 ut
352 1675 416 1699 ante
428 1671 578 1706 jejunaret.
595 1671 674 1698 Sicut
689 1671 762 1698 enim
775 1679 827 1706 pu-

38 1719 158 1747 dicitiam
177 1720 295 1747 servavit
315 1719 344 1747 in
369 1719 535 1754 ignorantia,
549 1721 578 1744 ut
593 1718 740 1752 proliceret
752 1718 777 1745 ei
792 1717 827 1744 ad

38 1765 167 1801 baptismi
183 1765 310 1801 gratiam,
325 1765 362 1792 ita
374 1764 508 1800 jejunavit
524 1767 671 1799 antequam
688 1763 772 1791 sciret
786 1763 828 1798 je-

37 1810 104 1842 junii
128 1812 277 1843 rationem,
294 1815 324 1838 ut
339 1811 486 1846 proﬁceret
504 1809 529 1837 ei
554 1809 588 1837 ad
610 1809 788 1844 baptismum,
801 1813 829 1836 et

39 1857 130 1884 statim
144 1857 181 1884 ab
195 1857 274 1884 initio
287 1856 435 1892 agnitionis
447 1859 549 1884 nostrae
562 1855 709 1884 nobiscum
724 1857 828 1891 pariter

40 1909 138 1931 mensae
149 1903 289 1930 consortio
302 1903 447 1930 frueretur.

74 1949 205 1976 XXXVII.
227 1949 296 1976 Tum
318 1949 415 1977 Petrus
431 1957 437 1976 :
451 1947 512 1976 Non
533 1957 596 1981 nos,
620 1948 721 1984 inquit,
735 1948 829 1976 vincat

40 1997 176 2033 malignus
199 1997 346 2025 occasione
369 2000 481 2032 accepta
500 2005 549 2032 per
570 1996 698 2024 aﬁ‘ectum
719 1995 827 2028 matris,

40 2043 87 2070 sed
109 2044 199 2080 magis
218 2052 268 2072 vos
288 2048 316 2072 et
338 2051 388 2079 ego
411 2043 552 2071 vobiscum
574 2043 655 2070 hodie
670 2042 828 2077 jejunemus

40 2097 101 2118 cum
125 2091 197 2127 ipsa,
215 2095 243 2118 et
272 2091 397 2118 crastino
426 2090 612 2125 baptizabitur
637 2089 713 2124 (47);
739 2096 829 2123 neque

39 2138 110 2164 enim
125 2138 231 2172 justum
258 2140 301 2165 est
326 2137 360 2164 ad
377 2137 491 2171 gratiam
510 2143 634 2172 personae
660 2134 779 2169 alicujus
801 2138 828 2162 et

41 2182 176 2215 amicitia,
192 2183 292 2211 resolvi
320 2188 348 2210 et
364 2182 508 2210 extenuari
535 2186 670 2217 praecepta
691 2180 826 2208 veritatis.

878 934 963 961 benas
976 934 1132 969 indulgeat;
1149 934 1196 961 sed
1213 938 1322 962 revocet
1337 939 1478 969 aspectum
1493 937 1618 970 corporis
1634 936 1667 963 ad

877 980 1022 1007 arbitrium
1031 980 1139 1014 mentis,
1147 984 1174 1008 et
1180 981 1276 1008 oculos
1288 985 1399 1009 nostros
1410 989 1480 1016 quos
1490 981 1561 1009 Deus
1575 983 1668 1018 operis

878 1026 921 1053 sui
930 1026 1168 1061 inspectoresesse
1181 1027 1300 1054 voluitet
1307 1031 1401 1059 testes,
1416 1035 1470 1055 non
1483 1029 1603 1063 patiatur
1610 1029 1669 1057 ﬁeri

879 1071 992 1099 lenones
1008 1072 1071 1099 mali
1087 1072 1228 1101 desiderii.
1243 1073 1276 1100 Et
1291 1073 1352 1101 ideo
1373 1074 1471 1102 cedant
1484 1075 1535 1110 legi
1548 1075 1595 1103 Dei
1613 1080 1667 1103 tam

881 1118 1007 1152 corporei
1033 1125 1133 1147 sensus
1156 1126 1238 1154 quam
1259 1119 1367 1147 interna
1382 1121 1528 1156 cogitatio,
1550 1125 1577 1149 et
1594 1122 1668 1151 illius

877 1163 1012 1191 voluntati
1024 1164 1183 1192 ministrent
1193 1165 1272 1200 cujus
1285 1173 1316 1193 se
1329 1173 1412 1201 opera
1423 1175 1486 1195 esse
1500 1168 1667 1203 intelligunt.

914 1208 1059 1237 XXXVIII.
1081 1209 1168 1246 Igitur
1183 1215 1212 1238 ut
1223 1211 1293 1239 ordo
1308 1213 1430 1248 mysterii
1445 1214 1576 1248 poscebat
1588 1218 1616 1241 et
1628 1222 1670 1241 ra-

877 1254 926 1288 tio,
945 1255 989 1283 die
1009 1260 1119 1291 postera
1145 1257 1304 1292 baptizatur
1318 1258 1345 1285 in
1358 1260 1437 1292 mari,
1454 1264 1481 1286 et
1494 1268 1620 1295 regressa
1635 1261 1668 1289 ad

878 1301 1031 1336 hospitium
1046 1302 1176 1330 omnibus
1189 1309 1393 1339 consequenter
1406 1306 1545 1340 mysteriis
1560 1306 1667 1342 religio-

879 1347 922 1375 nis
939 1347 1081 1375 imbuitur.
1098 1347 1252 1377 Aderamus
1275 1353 1367 1377 autem
1389 1354 1416 1378 et
1427 1358 1479 1378 nos
1495 1351 1542 1378 ﬁlii
1556 1353 1610 1383 sui,
1623 1352 1671 1380 Ni~

878 1398 938 1422 ccta
960 1397 989 1422 et
1009 1394 1108 1429 Aquila
1123 1398 1151 1422 et
1173 1403 1224 1430 ego
1235 1394 1373 1424 Clemens.
1391 1396 1424 1423 Et
1437 1401 1499 1432 post
1513 1399 1570 1425 haec
1586 1399 1671 1426 simul

878 1448 941 1468 cum
956 1448 989 1468 ea
1004 1441 1177 1476 prandimus,
1194 1445 1222 1469 et
1244 1442 1326 1470 simul
1341 1443 1555 1478 gloriﬁcarimus
1571 1443 1669 1478 Deum,

879 1487 1029 1515 referentes
1045 1488 1148 1523 gratias
1162 1488 1262 1516 studiis
1278 1493 1305 1516 et
1317 1489 1451 1517 doctrinae
1466 1490 1548 1523 Petri,
1560 1491 1606 1526 qui
1621 1499 1671 1518 no-

878 1533 921 1561 bis
930 1533 1052 1561 ostendit
1067 1542 1116 1569 per
1130 1535 1304 1562 occasionem
1318 1536 1426 1568 matris,
1441 1538 1579 1572 quomodo
1592 1538 1672 1572 pudi-

878 1579 951 1608 citia
965 1580 1067 1607 bonum
1082 1588 1137 1608 non
1149 1585 1241 1616 pereat
1253 1582 1323 1616 apud
1338 1581 1432 1614 Deum,
1449 1583 1521 1610 sicut
1537 1589 1671 1612 econtra-

878 1626 921 1654 rio
942 1627 1125 1661 impudicitia,
1147 1628 1248 1663 inquit,
1264 1629 1372 1656 etiamsi
1388 1637 1443 1656 non
1458 1630 1561 1663 statim,
1579 1634 1671 1659 tamen

879 1672 943 1700 licet
970 1673 1048 1701 tarde
1072 1681 1128 1701 non
1154 1674 1248 1710 ei'fugit
1264 1681 1384 1709 pmnam.
1401 1674 1431 1702 In
1457 1679 1563 1702 tantum
1579 1680 1670 1705 autem

880 1718 1022 1753 pudicitia,
1038 1719 1137 1754 inquit,
1153 1719 1209 1746 Deo
1229 1720 1329 1755 placita
1345 1724 1399 1753 est,
1416 1725 1446 1748 ut
1463 1721 1545 1748 etiam
1563 1722 1606 1749 bis
1622 1723 1670 1757 qui

880 1766 908 1792 in
921 1773 1015 1794 errore
1044 1771 1109 1793 sunt
1131 1766 1226 1800 positi,
1242 1767 1368 1794 nonnihil
1387 1768 1481 1802 gratiae
1497 1768 1524 1795 in
1540 1770 1670 1804 przcsenti

880 1811 1004 1839 conferat
1018 1813 1084 1839 vita.
1101 1811 1170 1838 Nam
1188 1811 1279 1838 futura
1294 1812 1436 1840 beatitudo
1452 1813 1506 1841 illis
1521 1815 1609 1841 solum
1627 1822 1671 1842 re-

880 1857 969 1892 posita
996 1862 1049 1889 est,
1064 1858 1110 1894 qui
1138 1865 1186 1892 per
1209 1857 1325 1892 gratiam
1352 1857 1482 1892 baptismi
1511 1859 1670 1893 pudicitiam

878 1904 1070 1940 justitiamque
1083 1904 1265 1932 servaverint.
1282 1903 1406 1939 Denique
1416 1906 1541 1940 exctnplo
1554 1911 1597 1933 est
1606 1906 1671 1933 huic

880 1951 921 1978 rei
939 1951 1023 1978 etiam
1039 1951 1102 1982 hoc,
1118 1951 1191 1985 quod
1211 1958 1275 1986 erga
1295 1955 1411 1978 matrem
1430 1956 1548 1979 vestram
1565 1958 1670 1988 gestum

880 2001 933 2029 est,
950 1997 995 2024 cui
1021 1998 1097 2025 salus
1117 1997 1175 2024 haec
1200 1998 1290 2025 omnis
1312 2005 1361 2033 pro
1384 1999 1510 2026 mercede
1533 1999 1672 2034 pudicitiae

881 2044 1006 2077 reparata
1022 2046 1074 2072 est,
1091 2041 1124 2068 ad
1140 2049 1222 2077 quam
1238 2043 1447 2070 custodiendam
1464 2047 1490 2070 et
1505 2051 1672 2071 conservan-

880 2086 943 2114 dam
966 2094 1019 2114 non
1041 2087 1144 2114 sufﬁcit
1158 2088 1217 2114 sola
1231 2088 1411 2118 continentia,
1427 2088 1474 2115 sed
1491 2088 1537 2116 ubi
1553 2089 1673 2117 senserit

880 2133 943 2168 quis
959 2132 1074 2160 insidias
1089 2136 1116 2160 et
1136 2132 1324 2168 deceptioncm
1333 2134 1434 2168 parari,
1452 2135 1583 2162 continuo
1598 2135 1671 2163 sicut

881 2180 916 2207 ab
933 2179 1004 2214 ignis
1028 2180 1131 2215 impetu
1151 2185 1198 2208 aut
1214 2181 1326 2208 incursu
1343 2182 1420 2209 canis
1439 2181 1525 2208 rabidi
1542 2181 1670 2217 refugiat,

42 2225 98 2255 Non
110 2237 176 2265 ergo
191 2230 281 2265 pigeat
296 2237 347 2257 nos
363 2230 450 2264 magis
465 2229 590 2257 laborare
612 2235 674 2255 cum
688 2227 746 2259 illa,
762 2227 827 2262 quia
844 2237 866 2265 ι)
880 2233 930 2253 nec
944 2225 1064 2253 conﬁdat
1078 2227 1151 2261 quod
1173 2226 1332 2261 hujusmodi
1353 2228 1468 2255 insidias
1491 2229 1575 2263 possit
1591 2228 1672 2256 facile

42 2281 120 2303 omne
131 2276 288 2303 mandatum
305 2275 446 2311 praeterire
458 2278 602 2310 peccatum
613 2279 664 2302 est.
675 2273 828 2300 Doceamus

42 2321 130 2346 autem
157 2327 255 2347 sensus
273 2324 385 2347 nostros
407 2319 566 2354 corporales
591 2319 638 2354 qui
653 2318 827 2346 extrinsecus

41 2369 113 2399 Sunt,
127 2366 231 2394 servire
239 2366 417 2393 interioribus
424 2365 562 2398 sensibus,
576 2369 665 2392 etnon
679 2364 827 2392 interiores

42 2417 150 2443 sensus,
166 2412 213 2447 qui
234 2419 295 2446 qua:
311 2411 359 2439 Dei
382 2414 447 2438 sunt
464 2410 586 2445 sapiunt.
602 2417 734 2445 cogamus
748 2408 827 2444 sequi

41 2457 200 2490 exteriores,
216 2457 262 2492 qui
286 2465 348 2493 quas
372 2457 465 2485 carnis
482 2462 546 2484 sunt
566 2456 687 2491 sapiunt.
713 2455 828 2491 Propter

43 2499 121 2528 hoc“
137 2504 208 2530 enim
224 2507 251 2531 et
267 2503 399 2530 Dominus
418 2502 579 2530 mandatum
601 2502 687 2534 dedit,
704 2503 802 2530 dicens
819 2512 824 2530 :

43 2545 195 2584 Quicunque
207 2549 299 2577 viderit
313 2549 449 2577 mulierem
461 2549 495 2576 ad
503 2549 737 2583 concupiscendam
754 2557 824 2581 eam,

76 2647 98 2664 '°
113 2649 185 2688 Unde
196 2655 220 2677 et
231 2651 451 2688 egofininziiiere
461 2651 590 2688 supplicia
603 2659 656 2688 non
673 2651 801 2688 leguntur
812 2651 840 2679 in
857 2651 938 2679 codd.
956 2651 1047 2688 Lipss.

43 2680 140 2712 desunt
154 2686 182 2713 in
195 2680 276 2714 codd.
295 2685 384 2722 Lipss.
425 2687 448 2702 "
464 2680 559 2714 Maitb.
575 2695 601 2719 v,
613 2686 659 2719 28,
676 2680 721 2715 25.

885 2272 984 2308 aliquis
1000 2272 1219 2308 pbilosophando
1236 2276 1283 2300 aut
1299 2273 1435 2308 palpando
1451 2274 1596 2307 cohibere;
1609 2275 1669 2308 sed,

882 2321 913 2344 ut
936 2317 1004 2350 dixi,
1028 2317 1212 2353 eﬁugicndum
1239 2322 1282 2346 est
1305 2324 1331 2346 ct
1350 2319 1429 2354 longe
1456 2319 1670 2352 abscedentium,

882 2364 955 2392 sicut
969 2364 1034 2392 fecit
1055 2368 1082 2391 et
1099 2369 1191 2392 vestra
1215 2369 1303 2392 mater
1319 2373 1382 2393 vere
1403 2370 1430 2394 et
1444 2366 1551 2402 integre
1568 2367 1671 2394 bonum

882 2411 1000 2446 diligens
1010 2411 1159 2446 pudicitia.
1185 2411 1303 2447 Propter
1314 2413 1386 2447 quod
1400 2416 1428 2439 et
1444 2417 1607 2440 conservata
1624 2422 1672 2440 vos

882 2457 925 2485 bis
940 2461 983 2485 est
999 2465 1031 2485 ac
1051 2465 1100 2485 vos
1121 2458 1169 2490 illi,
1188 2458 1301 2493 insuper
1317 2462 1407 2486 autem
1429 2463 1456 2486 et
1477 2463 1586 2486 aeterna:
1611 2461 1673 2487 vita}

882 2503 1020 2539 agnitione
1035 2503 1147 2531 donata.
1160 2503 1227 2531 Cum
1243 2504 1302 2531 haec
1316 2508 1343 2532 et
1359 2505 1444 2532 multa
1463 2505 1516 2532 alia
1533 2505 1576 2532 his
1594 2505 1672 2532 simi-

882 2549 918 2576 lia
933 2550 1059 2582 dixisset,
1078 2558 1192 2585 vcspcre
1206 2550 1278 2578 facto
1295 2551 1492 2586 requievimus.

1092 2652 1114 2669 ⁸¹
1133 2651 1246 2686 Propter
1261 2652 1450 2680 hoc—lenones
1466 2651 1531 2678 muli
1546 2650 1672 2678 desiderii

690 2762 872 2791 COTELERII
890 2762 1008 2791 NOTAE.

77 2832 133 2868 (Π)
157 2834 208 2870 Vos
233 2839 258 2861 et
284 2841 330 2870 ego
358 2833 491 2861 vobiscum
507 2833 582 2870 hodie
595 2833 746 2868 jejunemus
766 2840 825 2870 cum

47 2873 110 2902 ωδα,
125 2875 177 2898 etc.
195 2869 241 2898 Sic
257 2868 305 2897 lib.
320 2877 346 2903 κ,
369 2877 428 2909 cap.
453 2870 500 2896 ult.
526 2868 624 2897 Petrus
646 2873 749 2904 patrem
764 2868 825 2896 Cle-

879 2831 979 2859 mentis
993 2831 1193 2866 baptizaturus.
1209 2831 1306 2866 indicit
1328 2830 1463 2865 jejunium
1486 2830 1560 2857 omni
1583 2829 1670 2866 plebi.

878 2875 934 2903 quo
949 2867 983 2896 dc
997 2865 1049 2895 ritu
1065 2867 1092 2894 in
1110 2865 1237 2902 Apologia
1250 2866 1268 2894 2
1281 2865 1382 2896 Justini
1397 2865 1539 2902 Martyris,
1557 2865 1589 2901 ιι(
1601 2865 1649 2893 93.
