1873 3095
207 120 274 149 1571

650 117 678 145 S.
697 115 893 145 CLEMENTIS
911 116 923 143 ι
942 115 1027 146 ROM.
1044 116 1146 145 PONT.
1166 115 1282 144 OPERA
1302 114 1418 144 DUBIA.

1759 115 1814 144 I379

209 195 1813 209 Μ’*-

759 277 938 322 LIBER
974 276 1264 324 OCTAVUS.

246 455 266 483 Ι.
287 454 402 483 Postera
416 459 508 481 autem
521 453 565 481 die
580 452 679 480 Petrus
691 460 770 480 mane
784 454 934 489 assumptis
944 453 1000 480 ἵη-
1014 454 1038 483 Α
1051 457 1113 478 mus
1139 450 1199 485 ipse
1228 449 1333 484 incipit,
1347 457 1398 477 nec
1416 454 1606 486 contemptum
1630 450 1706 478 senis
1730 450 1815 482 habuit,

209 501 300 528 tribus
315 499 383 527 meis
399 502 426 526 et
442 506 497 530 me,
513 498 696 525 descenditad
711 502 831 533 portum,
852 502 882 525 ut
892 498 920 525 in
929 498 998 526 mari

212 547 379 576 lavaremus.
396 549 424 572 ct
446 549 508 580 post
529 544 580 571 hoc
591 544 624 570 ad
640 544 731 571 locum
746 543 891 578 quemdam
906 551 999 572 secre-

210 593 309 620 tiorem
325 591 494 619 secessimus
519 590 653 618 orationis
675 589 772 625 gratia.
796 588 886 617 Senex
907 593 998 616 autem

209 639 322 674 quidam
338 645 451 672 pauper,
470 640 496 664 et
523 642 552 664 ut
572 636 722 671 apparebat
740 643 773 662 ex
790 635 883 662 habitu
900 642 999 670 opera-

211 686 281 716 rius,
302 683 413 710 curiose
428 690 461 708 ex
477 682 587 709 occulto
612 681 762 708 observare
782 689 833 708 nos
857 681 952 715 erepit,
970 684 999 707 ut

209 731 315 759 videret
333 729 398 765 quid
424 736 567 764 ageremus
590 727 619 755 in
644 731 752 755 secreto
767 727 860 762 positi.
875 727 999 762 Cumque

210 785 261 805 nos
276 780 387 804 orantes
402 775 526 806 vidisset,
543 774 717 808 exspectavit
738 773 826 800 donec
848 774 997 804 exiremus,

210 827 237 850 et
253 822 377 849 salutans
393 828 443 848 nos
457 821 493 846 ait
511 827 518 845 :
533 820 562 846 Si
577 827 632 847 non
647 827 718 854 aegre
732 819 867 854 accipitis,
880 823 907 846 et
919 819 999 854 quasi

210 869 350 897 curiosum
370 875 413 894 me
434 871 482 893 aut
510 866 698 901 importunum
720 866 834 897 notatis,
854 866 935 892 velim
950 873 999 892 vo-

210 915 318 943 biscum
335 913 462 941 conferre
486 919 653 943 sermonem,
670 911 735 946 quia
758 911 864 938 habens
882 911 1000 938 misera-

210 960 312 987 tionem
328 959 424 990 vestri,
441 958 492 986 sub
510 958 602 992 specie
624 958 750 985 veritatis
766 965 862 985 errare
876 965 925 984 vos
936 957 998 984 nol-

210 1006 263 1033 lem
280 1009 308 1033 et
323 1005 425 1032 habere
440 1006 543 1031 metum
558 1003 592 1031 de
607 1004 650 1031 liis
665 1011 727 1040 qua:
740 1011 794 1030 non
818 1008 898 1037 sunt;
914 1007 961 1030 aut
975 1003 999 1030 si

211 1051 314 1087 putatis
335 1059 396 1079 esse
421 1050 526 1085 aliquid
551 1050 620 1081 veri,
647 1049 746 1077 tradite
769 1050 851 1076 etiam
874 1049 952 1076 mihi.
970 1049 999 1076 Si

211 1106 277 1133 ergo
293 1098 428 1133 patienter
441 1096 577 1132 accipitis,
592 1103 702 1130 possum
719 1103 766 1121 vos
779 1095 874 1129 paucis
885 1094 1000 1121 edocere

209 1153 271 1180 quae
286 1149 361 1172 recta
374 1148 448 1176 sunt;
461 1143 485 1170 si
503 1150 568 1169 vero
582 1141 737 1172 molestum,
756 1148 865 1175 pergam
880 1145 906 1167 et
925 1148 1000 1167 meos

211 1196 290 1219 actus
311 1198 400 1226 agam.
429 1189 480 1216 Cui
503 1188 603 1216 Petrus
618 1187 761 1223 respondit
776 1197 783 1214 :
797 1187 844 1214 Dic
859 1194 909 1221 age
927 1187 999 1221 quod

211 1237 261 1265 tibi
277 1235 385 1263 videtur
403 1235 516 1266 bonum,
535 1238 564 1261 et
587 1233 704 1260 libenter
725 1231 876 1266 accipimus
897 1232 955 1260 sive
974 1232 1001 1258 id

211 1289 307 1309 verum
328 1281 387 1308 sive
407 1279 491 1307 etiam
511 1278 610 1306 falsum
631 1278 683 1310 sit;
702 1277 908 1312 amplectendus
928 1278 1000 1304 enim

211 1335 253 1359 es,
270 1326 334 1361 quia
355 1325 428 1361 quod
444 1325 494 1352 tibi
515 1324 616 1351 bonum
642 1323 760 1354 videtur,
778 1326 907 1358 tanquam
925 1327 1002 1358 pater

212 1380 262 1408 pro
278 1372 342 1399 liliis
360 1371 495 1399 sollicitus
513 1376 688 1396 commonere
704 1369 824 1396 voluisti.

248 1418 280 1445 ll.
304 1418 376 1445 Tum
391 1417 482 1444 senior
494 1416 577 1450 εωρὶι
587 1415 678 1442 dicere
692 1425 698 1442 :
712 1414 739 1442 ln
757 1416 825 1442 mari
842 1423 890 1443 vos
903 1415 1002 1443 lavisse

212 1464 279 1495 vidi,
296 1467 324 1491 et
344 1467 406 1499 post
425 1463 477 1490 hoc
504 1462 539 1489 ad
567 1467 704 1490 secretum
727 1462 875 1489 secessisse
897 1462 1002 1494 locum;

212 1509 365 1536 observans
380 1516 446 1544 ergo
457 1508 491 1535 de
507 1509 616 1535 occulto
628 1507 694 1542 quid
711 1509 737 1534 in
753 1511 860 1534 secreto
874 1507 1001 1542 ageretis.

212 1559 323 1582 orantes
338 1556 461 1590 inspexi;
476 1555 623 1582 miseratus
636 1555 720 1589 igitur
735 1561 857 1582 errorem
868 1557 1001 1585 vestrum,

213 1600 335 1637 opperiri
359 1601 441 1636 coepi,
472 1608 616 1636 usquequo
644 1607 772 1635 egressos
794 1598 949 1634 alloquerer
978 1603 1004 1627 et

214 1649 354 1679 docerem,
373 1655 406 1675 ne
417 1648 516 1674 erretis
529 1647 555 1674 in
570 1646 728 1681 hujusmodi
746 1646 929 1678 observantia,
940 1646 1003 1680 quia

213 1701 303 1729 neque
318 1692 390 1721 Deus
398 1697 439 1721 est
455 1701 544 1728 neque
560 1693 651 1720 cultus
667 1693 711 1719 hic
725 1693 826 1728 aliquis
846 1697 899 1724 est,
916 1700 1005 1727 neque

215 1738 386 1773 providentia
400 1738 427 1764 in
440 1738 554 1769 mundo,
570 1737 618 1765 sed
634 1737 764 1765 fortuitus
784 1745 865 1765 casus
886 1743 914 1764 et
926 1745 1006 1772 gene-

215 1787 254 1813 sis
271 1788 356 1820 agunt
379 1784 484 1816 omnia,
505 1784 578 1811 sicut
602 1792 652 1819 ego
670 1791 703 1811 ex
720 1783 824 1818 Ineipso
837 1783 1004 1811 manifestis-

217 1830 286 1856 sime
303 1828 424 1864 comperi
441 1829 468 1855 in
484 1829 631 1864 disciplina
648 1829 804 1856 matheseos
821 1837 876 1864 pra:
896 1829 1002 1856 caeteris

216 1875 352 1902 eruditus.
364 1873 454 1902 Nolite
466 1882 532 1910 ergo
546 1882 656 1907 errare;
674 1875 732 1902 sive
745 1875 817 1901 ettiui
830 1875 926 1907 oretis,
943 1875 1002 1903 sive

217 1929 272 1949 non
293 1921 389 1954 oretis,
404 1921 477 1956 quod
500 1922 608 1956 genesis
624 1925 717 1948 vestra
733 1921 866 1952 continet.
881 1922 933 1948 hoc
950 1923 1003 1949 erit

217 1967 307 1995 Vobis.
320 1967 352 1994 Et
365 1974 415 2002 ego
427 1967 553 1994 Clemens
569 1967 664 1994 nescio
685 1966 749 2002 quid
765 1968 848 1994 corde
864 1968 1004 2002 pulsabar,

217 2013 303 2040 multa
315 2012 393 2047 quasi
411 2017 475 2039 nota
498 2012 566 2038 mihi
593 2012 718 2039 recolens
730 2012 756 2038 in
768 2020 818 2045 eo;
842 2012 911 2040 bene
933 2013 1005 2040 enim

218 2058 257 2085 ait
271 2057 394 2093 quitiam,
412 2057 476 2091 quia
489 2057 561 2092 quod
573 2065 604 2084 ex
622 2057 713 2091 aliquo
725 2061 819 2084 natum
834 2061 885 2089 est,
899 2058 1006 2085 etiamsi

218 2105 305 2131 multo
320 2110 441 2138 tempore
462 2103 592 2134 abl’uerit,
611 2110 749 2137 nunquam
777 2107 866 2130 tamen
888 2104 1007 2132 scintilla

218 2151 433 2186 propinquitatis
449 2150 647 2185 exstinguitur.
662 2149 738 2184 Ωαψί
754 2157 820 2184 ergo
837 2150 1008 2186 interrogare

219 2198 253 2224 ab
273 2205 315 2227 eo,
330 2197 392 2231 quis
406 2201 432 2223 et
454 2196 526 2222 unde
544 2200 626 2227 esset,
644 2195 686 2222 vel
709 2195 847 2230 quomodo
871 2200 959 2224 ortus.
975 2198 1009 2224 At

220 2244 265 2270 ille
284 2243 316 2269 ad
328 2243 385 2270 haec
398 2242 564 2277 respondere
576 2242 674 2269 nolens
690 2252 696 2269 :
714 2242 797 2275 Quid,
816 2243 864 2274 ait,
881 2243 933 2270 hoc
945 2251 1010 2278 per-

221 2291 291 2317 tinet
303 2288 337 2316 ad
364 2296 397 2316 ea
416 2296 477 2324 quae
491 2288 548 2315 dixi
562 2288 658 2316 vobis?
670 2287 724 2316 Sed
736 2289 834 2323 primo,
851 2289 874 2316 si
891 2289 1008 2322 videtur,

222 2342 314 2362 sermo
335 2333 370 2362 de
391 2334 434 2361 his
461 2341 521 2369 quae
536 2335 731 2369 proposuimus
746 2334 889 2367 habeatur,
907 2339 1010 2370 etpost

222 2381 280 2408 ilIBC
292 2380 315 2407 si
326 2380 363 2407 ita
375 2387 419 2407 res
430 2379 595 2415 poposcerit,
607 2388 707 2408 nomen
718 2385 744 2408 et
755 2388 840 2416 genus
850 2388 882 2408 ac
893 2381 1010 2415 patriam

222 2431 359 2455 etczntera
384 2433 445 2461 qua:
471 2427 529 2453 haec
558 2432 722 2461 sequuntur,
739 2427 856 2453 invicem
878 2427 958 2454 nobis
983 2432 1011 2454 ut

1050 505 1139 531 neque
1153 497 1278 531 despexit
1292 497 1365 531 quod
1380 497 1443 524 vilis
1454 497 1480 525 ei
1493 498 1615 524 amictus
1627 501 1700 524 esset
1710 501 1733 524 et
1746 497 1817 524 sordi-

1049 542 1112 570 dus.
1127 542 1173 570 Ait
1197 549 1263 577 ergo
1276 551 1283 570 :
1298 542 1433 575 Quoniam
1458 542 1570 577 quidem
1593 542 1697 570 videris
1713 543 1773 569 mihi
1785 544 1817 570 vir

1050 588 1175 616 eruditus
1192 596 1254 616 esse
1268 593 1295 616 et
1311 588 1470 616 misericors
1491 596 1525 616 ex
1538 596 1572 616 eo
1587 588 1664 623 quod
1680 589 1755 616 adisti
1770 596 1815 620 nos,

1050 639 1077 662 et
1094 634 1169 670 quod
1191 634 1242 661 tibi
1262 634 1364 661 bonum
1387 633 1532 661 videbatur
1545 635 1668 662 celatum
1687 635 1759 663 nobis
1771 643 1818 662 esse

1050 682 1175 716 noluisti,
1189 681 1316 708 volumus
1340 686 1367 708 et
1391 688 1442 709 nos
1459 681 1509 709 tibi
1525 689 1588 717 quae
1613 681 1692 708 nobis
1718 681 1779 709 bona
1798 687 1817 709 et

1050 732 1126 756 recta
1141 728 1292 755 creduntur
1308 734 1456 762 exponere,
1471 735 1532 762 quae
1554 728 1579 754 si
1599 727 1652 754 tibi
1667 728 1751 755 minus
1769 735 1817 755 vera

1049 769 1225 806 videbuntur,
1242 774 1326 801 etiam
1344 777 1374 801 tu
1391 777 1517 800 nostrum
1533 780 1600 809 erga
1620 777 1647 800 te
1658 773 1752 800 bonum
1769 781 1818 808 pro-

1049 820 1169 856 positum
1185 819 1300 847 libenter
1312 819 1435 853 suscipe,
1448 819 1555 846 sicutet
1566 826 1621 845 nos
1637 824 1722 845 tuum.
1736 818 1816 845 Etcum

1050 867 1108 894 haec
1122 867 1226 894 diceret
1254 865 1353 893 Petrus
1365 885 1372 897 ,
1398 866 1516 901 plurima
1534 865 1686 892 multitudo
1704 865 1816 893 convenit.

1051 911 1121 940 Tum
1133 920 1217 940 senex
1233 922 1240 940 :
1257 912 1407 945 Fortassis,
1423 912 1526 946 inquit,
1541 911 1692 939 contristat
1705 919 1748 938 vos
1761 919 1814 946 pra-

1049 959 1138 986 sentia
1153 958 1348 986 multitudinis.
1358 957 1390 985 Et
1407 957 1505 985 Petrus
1517 965 1525 983 :
1538 956 1728 992 Nequaquam,
1739 957 1816 992 inquit,

1050 1005 1103 1031 nisi
1121 1005 1171 1031 hoc
1185 1004 1274 1031 solum
1291 1011 1399 1034 vereor,
1413 1011 1448 1030 ne
1458 1002 1529 1030 forte
1540 1002 1744 1038 disputantibus
1756 1002 1816 1029 nobis

1050 1057 1113 1077 cum
1129 1050 1222 1085 palam
1239 1049 1310 1076 facta
1326 1049 1411 1076 fuerit
1425 1049 1528 1077 veritas
1538 1053 1570 1076 tu
1585 1048 1768 1076 verecundiam
1782 1056 1817 1083 pa—

1051 1096 1129 1122 tiaris
1147 1103 1196 1129 pro
1212 1095 1356 1130 praesentia
1378 1095 1564 1122 multitudinis
1576 1095 1676 1122 cedere
1691 1100 1716 1121 et
1729 1095 1814 1129 acquie-

1052 1148 1131 1167 scere
1146 1141 1190 1168 hls
1205 1149 1265 1175 qua:
1283 1149 1345 1167 vera
1364 1140 1417 1166 diei
1434 1140 1618 1167 intellexeris.
1636 1139 1675 1166 Ad
1692 1139 1743 1166 haec
1754 1147 1815 1166 senet

1053 1186 1092 1212 ait
1110 1194 1116 1211 :
1133 1185 1190 1220 Ego
1211 1193 1266 1212 non
1289 1185 1326 1211 ita
1351 1185 1452 1213 stultus
1470 1185 1619 1216 consenui,
1642 1188 1671 1211 ut
1691 1185 1816 1219 intelligens

1051 1233 1124 1268 quod
1138 1240 1232 1260 verum
1247 1237 1301 1267 est,
1313 1233 1430 1260 abnuam
1443 1233 1471 1260 id
1487 1233 1521 1260 ad
1534 1232 1611 1268 vulgi
1628 1233 1749 1268 gratiam.

1088 1279 1133 1307 IV.
1146 1279 1235 1314 Cmpit
1250 1287 1316 1314 ergo
1326 1278 1424 1306 Petrus
1438 1279 1532 1306 dicere
1547 1287 1555 1305 :
1572 1278 1707 1306 Videntur
1720 1278 1776 1305 mihi
1787 1278 1813 1309 lii,

1052 1327 1097 1361 qui
1119 1326 1270 1360 loquuntur
1288 1326 1400 1353 verbum
1424 1325 1551 1353 veritatis
1575 1329 1604 1353 et
1623 1325 1669 1361 qui
1690 1325 1815 1351 illuminant

1053 1373 1159 1399 animas
1181 1371 1336 1403 hominum,
1358 1370 1463 1398 similes
1480 1379 1541 1399 esse
1556 1371 1646 1398 radiis
1662 1371 1733 1403 solis,
1748 1370 1784 1405 qui
1795 1373 1814 1396 ut

1053 1418 1238 1453 processerint
1248 1421 1276 1444 et
1290 1417 1468 1451 apparuerint
1482 1417 1599 1449 mundo,
1617 1417 1700 1444 celari
1713 1417 1774 1444 ultra
1782 1420 1814 1442 aut

1053 1464 1186 1492 occultari
1201 1464 1359 1491 nullatenus
1376 1467 1502 1498 possunt,
1523 1463 1591 1490 dum
1608 1472 1664 1491 non
1679 1468 1729 1490 tam
1744 1463 1814 1490 viden-
1852 1490 1853 1499 γ

1054 1514 1099 1537 ιιιι·
1109 1510 1143 1537 ab
1156 1510 1324 1542 hominibus,
1340 1516 1422 1544 qnam
1443 1508 1537 1536 videre
1552 1509 1684 1536 omnibus
1703 1512 1812 1543 pnestant.

1054 1556 1133 1583 Umle
1158 1559 1185 1583 et
1212 1555 1282 1582 bene
1306 1563 1322 1581 a
1345 1554 1466 1590 quodam
1485 1555 1593 1581 dictum
1619 1559 1662 1582 est
1677 1555 1707 1582 ad
1720 1554 1813 1582 veritatis

1054 1610 1194 1638 praecones
1211 1609 1218 1626 ι
1243 1601 1291 1628 Vas
1306 1601 1369 1627 estis
1385 1601 1431 1627 tua:
1452 1601 1554 1632 mundi,
1572 1606 1599 1628 et
1621 1610 1671 1628 non
1685 1605 1757 1635 potest
1768 1600 1813 1626 ciri-
1852 1614 1853 1619 η

1055 1653 1096 1675 tas
1115 1647 1242 1674 abscondi
1258 1655 1339 1681 supra
1355 1651 1467 1673 montem
1487 1647 1588 1680 posita,
1605 1653 1686 1681 neque
1699 1644 1812 1671 accendunt

1055 1694 1192 1721 lucernam
1211 1698 1236 1720 et
1252 1697 1353 1727 ponunt
1368 1701 1427 1718 eam
1441 1692 1490 1719 sub
1506 1692 1608 1725 modio,
1628 1692 1672 1719 sed
1688 1699 1755 1725 super
1765 1698 1812 1716 can-

1055 1740 1193 1768 delabrum
1210 1745 1238 1766 tu
1255 1739 1376 1766 omnibus
1399 1740 1483 1766 luceat
1501 1739 1546 1774 qui
1562 1739 1590 1765 in
1606 1739 1683 1765 domo
1694 1736 1779 1764 sunt".
1792 1734 1814 1761 Et

1056 1795 1138 1815 senex
1157 1786 1249 1813 :Bcne
1267 1785 1345 1813 valde
1363 1786 1443 1816 dixit,
1456 1785 1584 1820 quisquis
1601 1786 1647 1812 ille
1658 1788 1707 1812 est.
1725 1783 1813 1810 Sedu-
1852 1793 1853 1799 π

1056 1836 1140 1868 ponat
1168 1832 1269 1867 aliquis
1284 1837 1416 1863 vestrum,
1433 1833 1505 1866 quod
1522 1831 1573 1858 sibi
1590 1829 1747 1865 sequendum
1758 1827 1812 1854 vide-

1056 1885 1111 1909 tur,
1125 1883 1154 1905 ut
1166 1878 1200 1905 ad
1218 1881 1323 1906 certum
1338 1881 1514 1912 prospectum
1527 1877 1686 1903 amittamus
1702 1879 1812 1902 sermones

1056 1930 1178 1952 nostros.
1198 1924 1257 1951 Non
1275 1925 1347 1951 enim
1364 1923 1462 1950 sullicit
1477 1923 1511 1949 ad
1527 1922 1716 1950 inveniendam
1731 1920 1809 1947 verita-

1057 1977 1111 1999 tem
1124 1971 1266 1998 destruere
1288 1977 1330 2001 ea,
1348 1977 1409 2004 qua:
1425 1976 1439 1996 e
1454 1968 1564 1996 diverso
1586 1968 1722 1998 dicuntur,
1737 1965 1775 1993 sed
1793 1966 1810 1990 et

1058 2019 1147 2053 ipsum
1167 2016 1291 2051 proferre
1317 2016 1346 2042 in
1365 2015 1495 2046 medium,
1511 2015 1584 2049 quod
1609 2014 1692 2050 possit
1709 2011 1810 2047 quiedi-

1058 2070 1140 2090 verso
1163 2066 1205 2089 est
1232 2062 1403 2096 impugnare.
1433 2060 1469 2088 Ut
1489 2068 1556 2095 ergo
1585 2061 1700 2096 partium
1712 2059 1742 2086 sit
1755 2064 1807 2091 atqu:

1058 2107 1229 2142 congressio,
1252 2111 1357 2133 rectum
1379 2106 1446 2132 mihi
1478 2106 1587 2132 videtur
1614 2109 1643 2132 ut
1666 2105 1747 2140 prius,
1764 2101 1808 2136 quiJ

1059 2158 1175 2188 uterque
1200 2156 1326 2180 nostrum
1346 2151 1486 2183 defendat,
1504 2151 1644 2185 enuntiet;
1657 2155 1682 2178 et
1701 2151 1720 2178 si
1737 2149 1807 2184 plach

1056 2200 1113 2235 ipse
1126 2201 1230 2234 primus
1242 2200 1380 2234 incipiant.
1398 2199 1453 2232 Ego
1466 2199 1538 2230 dico,
1559 2206 1613 2225 non
1628 2197 1760 2226 secundum
1777 2193 1806 2219 Dei

1055 2246 1252 2280 prmidentiam
1271 2246 1415 2281 gubernari
1434 2245 1577 2277 mundum,
1592 2247 1655 2278 quia
1668 2242 1741 2270 multa
1755 2242 1774 2267 in
1785 2246 1806 2265 ω

1056 2289 1156 2322 injuste
1181 2293 1208 2316 et
1233 2289 1386 2316 inordinate
1412 2288 1468 2322 geri
1488 2289 1626 2321 videmus,
1646 2288 1689 2315 sed
1718 2285 1806 2322 genesim

1055 2335 1116 2362 dico
1133 2342 1203 2368 esse,
1221 2343 1282 2370 quae
1296 2334 1388 2362 omnia
1405 2334 1459 2369 agit
1474 2338 1502 2361 ct
1518 2335 1651 2361 continet.

1098 2382 1130 2410 V.
1151 2382 1191 2409 Ad
1203 2382 1261 2409 haec
1271 2389 1333 2408 cum
1346 2381 1445 2409 Petrus
1463 2381 1630 2416 respondere
1643 2380 1724 2407 vellet.
1740 2377 1806 2404 Niceti

1061 2428 1231 2463 praeveniens
1244 2428 1281 2454 ait
1297 2437 1303 2455 :
1323 2427 1465 2462 lndulgeat
1479 2427 1546 2454 mihi
1566 2427 1689 2454 dominus
1705 2431 1765 2451 incus
1773 2421 1806 2448 Pe-

222 2472 303 2500 amici
316 2472 412 2499 amicis
428 2473 579 2508 poterimus
596 2473 713 2507 aperire.
732 2472 901 2499 Mirabamur
917 2476 1008 2499 tamen
1025 2483 1046 2510 ι)
1062 2478 1120 2502 trus
1136 2474 1169 2501 ad
1185 2474 1241 2501 hzee
1257 2474 1431 2509 respondere,
1444 2478 1471 2501 et
1483 2481 1540 2500 non
1562 2473 1680 2500 videatur
1689 2474 1805 2506 protervum

223 2525 319 2545 omnes
348 2517 533 2552 eloquentiam
564 2517 632 2548 viri,
660 2521 687 2545 et
713 2518 873 2553 gravitatem
902 2525 1009 2545 morum

223 2563 506 2598 tranquillitatemque
521 2563 668 2591 sermonis.

259 2609 304 2636 ΙΙΙ.
325 2609 423 2637 Petrus
447 2613 538 2636 autem
574 2609 675 2636 sensim
701 2610 910 2638 sermocinando
937 2610 1011 2638 ince-

223 2655 304 2686 ιιι-ηε,
320 2658 505 2690 opportunum
529 2654 563 2682 ad
587 2654 798 2689 colloquendum
825 2655 956 2690 prospicit
971 2655 1013 2682 lo-

224 2709 297 2728 cum.
315 2701 350 2728 Et
370 2709 432 2728 cum
452 2701 617 2736 pervidisset
636 2701 715 2736 juxta
736 2705 844 2737 portum
869 2709 1010 2730 recessum

1061 2520 1133 2555 quod
1146 2520 1256 2555 juvenis
1271 2528 1333 2547 eum
1355 2527 1420 2547 sene
1441 2519 1597 2546 conﬂictum
1613 2519 1726 2547 habeam,
1741 2513 1775 2542 sed
1788 2515 1805 2537 ιιι

1063 2567 1135 2593 ﬁlius
1157 2573 1219 2592 cum
1242 2569 1320 2601 patre
1333 2566 1485 2601 colloquar.
1504 2563 1536 2592 Et
1555 2573 1638 2592 senex
1656 2573 1661 2591 :
1677 2562 1727 2589 Non
1743 2559 1804 2587 solum

1064 2616 1104 2642 tu,
1131 2611 1231 2646 inquit,
1252 2611 1301 2643 lili,
1328 2611 1400 2646 quod
1426 2611 1474 2638 tibi
1500 2611 1607 2639 videtur
1622 2614 1650 2637 ut
1671 2602 1803 2644 prosequaris

1062 2658 1136 2689 volo,
1153 2657 1202 2685 sed
1222 2662 1248 2684 et
1261 2658 1284 2685 si
1300 2658 1347 2692 qui
1367 2665 1400 2684 ex
1418 2657 1560 2684 sodalibus
1579 2656 1643 2687 tuis,
1660 2655 1681 2683 si
1695 2650 1803 2688 quietiam

1065 2703 1099 2730 de
1116 2703 1268 2730 astantibus
1292 2702 1400 2730 videtur
1419 2701 1491 2728 scire
1519 2700 1633 2736 aliquid,
1657 2698 1802 2726 irit-unctaan

224 2747 371 2780 quemdam
389 2751 538 2780 secretum,
559 2747 678 2776 residere
704 2756 754 2776 nos
777 2748 850 2782 fecit,
866 2751 892 2776 et
906 2748 941 2776 ita
958 2748 1014 2783 pri-
1067 2749 1198 2784 proferat,
1219 2750 1335 2777 libenter
1354 2748 1521 2783 accipimus;
1546 2747 1651 2775 collatio
1668 2744 1729 2773 enini
1745 2737 1800 2778 plllfl'

996 2816 1018 2827 ν

265 2838 286 2851 ’⁸
305 2837 398 2864 Matth.
419 2847 445 2871 γ,
463 2838 503 2873 14,
513 2839 562 2867 .15.
