1873 3095
51 149 111 178 1575

631 142 913 173 RECOGNITIONUM
934 144 1000 170 ιῐυ.
1022 143 1038 168 ν
1045 142 1086 170 lll.

1588 142 1659 171 ιδπ

50 213 143 234 morum
161 204 266 233 facilius
278 212 310 233 ea
330 212 390 240 qua:
404 204 564 239 ignorantur
577 203 696 230 inveniet
708 201 741 229 ⁵⁸.
752 201 820 228 Tum
835 202 859 232 Α
875 200 951 235 prius
971 200 1072 231 dicere,
1095 199 1153 228 sive
1166 199 1219 227 hoc
1240 200 1329 235 magis
1344 199 1432 234 placet
1446 205 1475 229 ut
1488 208 1539 236 ego
1554 200 1657 233 dicam,

48 252 104 287 ergo
119 250 210 278 Niceta
235 251 397 286 respondit:
413 249 473 277 Non
501 257 545 277 me
568 249 705 280 aestimes,
727 247 820 280 Pater,

46 302 138 326 temere
157 289 266 332 fecisse,
290 297 364 333 quod
392 296 496 324 inserui
520 304 563 324 me
584 294 758 324 sermonibus
772 293 822 321 do-

45 344 105 371 mini
127 343 179 371 mei
203 343 286 374 Petri.
303 343 351 371 sed
374 343 462 378 magis
482 350 532 378 pro
559 342 664 369 honore
688 341 748 375 ejus
769 341 822 368 hoc

46 389 102 416 mihi
117 389 205 416 facere
218 389 296 416 visus
311 396 383 416 sum.
401 388 489 416 Homo
505 387 578 415 enim
594 386 642 415 Dei
655 391 708 418 est,
723 387 821 422 plenus

44 435 119 462 totius
134 435 266 466 scientiae,
284 442 366 469 quem
377 441 412 461 ne
423 433 516 460 Graeca
527 432 637 468 quidem
651 433 716 459 latet
730 432 820 459 erudi-

44 483 86 513 tio,
100 481 162 516 quia
180 480 284 516 Spiritu
300 480 348 508 Dei
361 480 481 515 repletus
496 483 539 507 est
556 486 638 514 quem
653 478 722 506 nihil
743 479 819 506 latet.

43 528 91 556 Sed
106 529 170 563 quia
183 529 234 563 ipsi
254 528 288 556 de
302 528 460 555 ctelestibus
476 527 551 561 loqui
563 526 704 558 convenit,
721 533 772 561 ego
787 525 821 553 de

42 575 80 603 his
92 583 151 610 quae
167 575 201 602 ad
216 573 374 602 Graecorum
396 572 592 608 loquacitatem
610 572 758 607 pertinent,
777 579 821 598 re~

41 621 184 656 spondebo.
211 619 311 647 Postea
336 626 402 646 vero
423 625 507 653 quam
528 625 544 644 a
560 617 640 644 nobis
662 615 820 644 Graecorum

40 673 108 692 more
130 664 213 691 fuerit
236 664 416 698 disputatum,
435 666 516 697 atque
535 661 569 688 ad
589 661 616 688 id
637 665 760 693 ventum,
775 661 820 688 ubi

39 711 122 737 exitus
141 710 235 737 nullus
257 711 398 744 appareat,
424 711 490 734 tunc
515 707 574 742 ipse
601 707 681 742 quasi
705 707 821 734 scientia

39 756 82 782 Dei
97 756 228 790 repletus,
253 758 347 790 aperte
370 758 398 782 et
420 753 542 782 dilucide
557 760 649 780 rerum
664 753 744 780 nobis
761 760 821 779 om-

39 804 107 829 nium
126 801 272 837 patefaciet
292 801 447 833 veritatem,
463 804 494 827 ut
508 807 563 827 non
578 800 669 827 solum
692 806 754 831 nos,
770 799 819 827 sed

38 853 62 877 et
75 855 170 876 omnes
187 848 233 883 qui
251 851 351 883 praesto
377 851 442 874 sunt
462 846 615 878 auditores,
631 845 702 872 viam
718 846 819 873 verita-

37 895 69 921 tis
83 882 295 929 agnoscantsEt
314 892 375 920 ideo
394 899 468 920 nunc
483 892 542 927 ipse
560 891 639 927 quasi
654 891 758 919 arbiter
772 898 817 919 se-
835 882 855 909 Β

37 939 104 971 deat,
122 943 152 966 ut
172 946 236 966 cum
260 945 332 966 unus
347 937 447 973 aliquis
462 945 496 965 ex
513 937 593 964 nobis
608 937 735 969 cesserit,
751 940 819 964 tunc

35 985 89 1020 ipse
100 985 255 1019 su5cipiens
271 983 451 1011 indubitatam
468 983 632 1011 sententiam
648 981 728 1010 ferat.

68 1031 109 1059 Vl.
132 1030 195 1058 Haec
213 1037 276 1057 cum
300 1030 416 1057 dixisset
434 1028 539 1059 Niceta,
563 1028 592 1055 hi
616 1028 663 1063 qui
686 1035 820 1056 convene-

35 1080 92 1104 rant
116 1077 190 1104 inter
210 1076 372 1110 semetipsos
390 1074 618 1110 colloquebantur
638 1082 645 1102 :
668 1073 754 1101 Hicne
777 1077 819 1101 est

35 1122 75 1150 ille
96 1129 178 1156 quem
199 1120 377 1148 audiebamus
401 1119 509 1151 Petrus,
527 1119 600 1146 illius
616 1118 663 1154 qui
682 1119 709 1146 in
725 1118 817 1146 Judaaa

34 1169 154 1202 apparuit
171 1171 198 1195 et
216 1167 294 1202 signa
315 1173 348 1193 ac
367 1165 481 1192 virtutes
496 1164 629 1199 plurimas
643 1164 719 1196 fecit,
734 1164 819 1192 disci—

34 1214 110 1248 pulus
125 1211 354 1249 probatissimus?
367 1210 401 1237 Et
419 1210 593 1238 intendentes
614 1210 642 1237 in
663 1217 737 1241 eum,
754 1217 818 1237 cum

34 1260 126 1287 timore
154 1267 187 1286 ac
211 1258 385 1286 veneratione
409 1257 514 1292 ingenti
543 1257 670 1289 stabant,
685 1260 817 1291 tanquam

33 1307 92 1334 boni
108 1306 181 1334 servi
197 1305 329 1332 honorem
353 1305 465 1332 domino
481 1303 647 1331 deferentes.
667 1303 746 1337 Quod
770 1303 818 1331 ubi

33 1350 128 1378 Petrus
144 1350 244 1382 sensit,
263 1350 300 1376 ait
316 1349 350 1377 ad
365 1357 433 1377 eos:
448 1349 586 1376 Attentius
601 1348 755 1381 audiamus,
773 1357 819 1377 re—

34 1401 102 1424 ctum
113 1400 238 1424 tenentes
250 1396 383 1430 judicium
392 1395 426 1423 de
437 1396 480 1422 his
490 1403 550 1430 quae
560 1395 687 1423 dicentur
697 1395 730 1422 ab
743 1399 818 1423 utro-

33 1451 92 1478 que,
107 1447 134 1471 et
146 1446 208 1477 post
225 1443 348 1477 ipsorum
364 1441 531 1474 conﬂictum,
542 1442 615 1477 quod
630 1441 818 1469 necessarium

33 1490 118 1518 visum
130 1487 223 1520 luerit,
238 1489 371 1516 addemus
387 1492 414 1516 et
429 1496 490 1516 nos.
508 1488 540 1515 Et
554 1495 616 1516 cum
637 1488 693 1515 haec
704 1488 819 1516 dixisset

33 1535 138 1567 Petrus,
156 1535 257 1571 gavisa!
277 1539 342 1562 sunt
359 1535 455 1562 turbae.
474 1534 567 1562 Niceta
584 1541 649 1561 vero
664 1534 755 1563 dicere
766 1534 818 1561 hoc

34 1582 112 1609 modo
135 1589 284 1617 aggressus
313 1586 355 1608 est
372 1591 379 1609 :
394 1580 528 1614 Deﬁnisti,
554 1579 647 1612 Pater,
668 1580 741 1615 quod
763 1588 818 1607 non

34 1636 79 1663 per
93 1627 141 1655 Dei
159 1627 357 1662 providentiam
373 1627 492 1654 mundus
517 1631 638 1661 regatur,
656 1626 703 1654 sed
727 1626 818 1653 omnia

33 1672 123 1706 genesi
152 1671 324 1706 subjaccant,
362 1671 404 1699 vel
429 1679 491 1706 qua:
519 1671 553 1697 ad
580 1678 669 1698 mores
687 1671 818 1698 uniuscu-

32 1718 129 1754 jusque
142 1719 184 1746 vel
204 1726 264 1753 qum
279 1719 313 1745 ad
334 1723 410 1753 gesta
427 1718 573 1753 pertinent.
590 1716 630 1744 Ad
648 1725 708 1752 qua:
723 1718 817 1745 statim

34 1764 140 1798 quidem
157 1765 233 1798 potui
250 1764 424 1798 respondere,
441 1763 488 1790 sed
505 1764 569 1798 quia
584 1763 690 1798 justum
700 1767 743 1791 est
758 1771 817 1791 ser-

34 1817 96 1837 vare
122 1810 259 1842 ordinem,
283 1809 428 1837 deﬁnimus
453 1814 480 1837 et
504 1817 554 1837 nos
577 1810 642 1845 quid
663 1814 817 1842 teneamus,

34 1857 104 1883 sicut
127 1857 186 1891 ipse
203 1855 261 1883 ﬁeri
278 1856 392 1890 rogasti.
411 1856 467 1891 Ego
491 1855 553 1883 dico
575 1856 747 1891 providentia
770 1856 818 1884 Dei

34 1903 180 1937 gubernari
195 1902 338 1934 mundum,
357 1902 384 1928 in
404 1901 447 1929 his
462 1901 594 1929 duntaxat
607 1909 667 1937 qua:
681 1903 818 1937 guberna-

34 1950 106 1976 tione
127 1949 188 1984 ejus
205 1948 337 1983 indigent.
362 1947 440 1975 Unus
456 1952 498 1976 est
516 1948 591 1975 enim
608 1948 700 1975 omnia
720 1952 819 1976 tenens

33 1996 78 2029 qui
106 2000 133 2023 et
156 1994 288 2022 mundum
306 1994 381 2028 fecit,
396 1994 488 2029 justus
505 1993 588 2026 Deus,
611 1995 760 2030 unicuique
774 2003 819 2023 se—

33 2041 153 2068 cundum
165 2043 242 2075 gesta
257 2048 307 2067 sua
321 2040 486 2075 quandoque
498 2039 668 2067 redditurus.
682 2039 752 2067 Ecce
766 2040 817 2066 ha-

33 2085 81 2113 bes
97 2089 125 2113 et
136 2089 258 2113 nostram
275 2085 476 2118 deﬁnitionem;
494 2093 568 2112 nunc
590 2084 663 2120 quod
675 2085 716 2113 vis
727 2093 820 2121 prose-

32 2139 127 2165 quere,
140 2131 183 2158 vel
200 2138 260 2158 mea
272 2130 428 2162 destruens,
445 2131 489 2159 vel
504 2134 551 2158 tua
567 2138 707 2162 asserens,
725 2135 754 2158 ut
768 2138 819 2166 ego

32 2178 74 2205 bis
91 2185 153 2213 qua:
170 2185 185 2204 a
205 2181 231 2205 te
254 2180 465 2212 prosequentur,
486 2184 644 2205 occurram.
661 2177 717 2204 Aut
734 2177 758 2205 si
775 2185 818 2205 me

32 2225 73 2252 vis
94 2224 212 2259 priorem
223 2223 325 2254 dicere,
339 2230 395 2249 non
411 2223 549 2251 morabor.

68 2270 126 2298 Vil.
145 2270 180 2297 Et
203 2278 286 2298 senex
311 2269 471 2305 respondit:
488 2270 552 2298 Sive
572 2270 622 2298 tibi
647 2270 747 2306 placet,
766 2271 814 2304 ﬁli,

872 245 940 272 nihil
961 246 1084 277 interest,
1101 246 1174 280 apud
1196 253 1243 274 eos
1259 246 1406 281 priecipue,
1422 246 1469 282 qui
1488 246 1560 274 bona
1578 247 1659 274 venia

871 290 1023 324 disputant.
1047 290 1097 318 Dic
1121 295 1213 318 tamen
1234 296 1264 318 tu
1285 292 1371 326 prior,
1396 292 1514 320 libenter
1540 293 1658 329 accipio,

871 340 953 371 atque
969 337 1071 364 utinam
1088 337 1178 371 possis
1193 337 1274 364 ctiam
1289 345 1349 372 quae
1365 345 1380 364 a
1397 346 1440 365 me
1463 338 1578 366 dicenda
1596 345 1660 367 sunt

871 384 1011 418 prosequi,
1027 388 1110 419 atque
1125 384 1168 411 his
1182 391 1243 419 quat
1255 384 1394 411 contraria
1408 389 1472 412 sunt
1487 384 1618 419 objicere,
1632 389 1659 412 et

871 437 905 456 ex
925 433 1104 465 utrorumque
1121 431 1270 457 collatione
1284 430 1428 458 ostendere
1443 431 1596 458 veritatem.
1612 430 1660 457 Ni-

871 481 930 505 ceta
949 477 1089 512 respondit
1104 486 1110 503 :
1125 476 1154 503 Si
1177 478 1230 508 vis.
1254 476 1353 512 inquit,
1369 484 1480 511 possum
1502 478 1584 504 etiam
1597 481 1660 504 tuas

871 527 962 558 partes
983 522 1084 554 dicere,
1104 527 1130 550 et
1154 523 1188 550 ad
1215 523 1273 549 haec
1298 522 1472 558 respondere.
1496 523 1529 550 Et
1552 531 1657 550 senex:

871 568 990 596 Ostende
1009 569 1076 596 mihi
1096 569 1184 604 prius,
1206 569 1345 604 quomodo
1366 573 1444 604 potes
1465 570 1537 597 scire
1553 578 1584 597 ea
1597 578 1658 605 qua:

871 616 993 643 nondum
1008 615 1117 642 locutus
1130 623 1201 646 sum,
1219 619 1246 642 et
1262 615 1297 642 ita
1313 615 1361 642 tibi
1376 615 1498 648 credam,
1510 615 1583 651 quod
1596 624 1659 650 par-

871 665 912 689 tes
925 669 999 688 meas
1014 661 1143 696 prosequi
1160 661 1260 696 possis.
1274 660 1308 688 Et
1321 661 1416 689 Niceta
1431 671 1437 688 :
1452 659 1542 694 Secta,
1559 661 1658 697 inquit,

871 711 917 735 tua
932 711 959 735 et
974 707 1108 735 sententia
1123 714 1205 742 quam
1222 706 1352 739 deﬁnisti,
1386 706 1531 734 manifesta
1556 712 1598 735 est
1616 707 1660 736 his

871 753 918 789 qui
933 753 1034 780 eruditi
1050 756 1115 780 sunt
1135 753 1162 780 in
1177 752 1335 787 hujusmodi
1349 752 1513 788 disciplinis,
1528 758 1660 789 certaque

871 803 914 828 est
923 799 983 834 ejus
996 798 1203 834 consequentia.
1217 798 1250 825 Et
1260 798 1324 834 quia
1339 806 1389 834 ego
1404 807 1458 826 non
1471 807 1530 827 sum
1546 800 1659 835 ignarus

871 855 932 882 quae
954 847 1009 874 sint
1033 845 1206 873 deﬁnitiones
1226 845 1462 880 philosophorum,
1479 853 1512 873 ex
1534 846 1577 873 his
1595 853 1657 881 qua:

870 890 1048 929 proposuisti,
1079 891 1145 926 quid
1174 894 1359 927 consequatur
1388 898 1518 926 agnosco,
1540 891 1659 918 maxime

869 939 934 974 quia
952 946 1008 974 prae
1028 938 1134 966 caeteris
1156 937 1327 972 philosophis
1351 937 1462 972 Epicuri
1479 937 1588 965 scholas
1603 937 1660 964 fre-

869 985 1010 1021 quentavi.
1036 984 1133 1012 Frater
1152 988 1243 1010 autem
1266 990 1344 1010 meus
1360 983 1469 1018 Aquila,
1486 983 1574 1017 magis
1589 982 1659 1019 Pyr-

869 1030 982 1058 rhonios
1000 1033 1112 1057 secutus
1126 1032 1178 1058 est,
1193 1028 1263 1055 alius
1282 1031 1372 1054 autem
1390 1027 1475 1054 frater
1489 1031 1583 1055 noster
1596 1026 1660 1054 Pla-

869 1075 977 1103 Ionicos
992 1078 1019 1103 et
1036 1074 1226 1102 Aristotelicas
1242 1073 1316 1108 (48);
1339 1073 1432 1107 itaque
1453 1080 1515 1099 cum
1540 1072 1658 1099 eruditis

870 1122 918 1149 tibi
927 1121 1097 1148 auditoribus
1105 1122 1252 1148 sermoest.
1262 1117 1332 1145 Tum
1343 1125 1427 1145 senex
1442 1127 1448 1145 :
1465 1117 1548 1150 Bene,
1557 1118 1656 1153 inquit,

869 1171 897 1195 et
903 1170 1103 1201 consequenter
1109 1165 1239 1195 docuisti,
1247 1164 1384 1200 quomodo
1393 1172 1425 1192 ex
1437 1164 1479 1191 his
1490 1171 1551 1199 quae
1557 1171 1659 1199 propo-

871 1213 930 1241 sitae
944 1216 1008 1240 sunt
1022 1211 1239 1242 deﬁnitionibus,
1247 1210 1329 1237 etiam
1339 1217 1370 1237 ea
1379 1218 1440 1245 quae
1451 1215 1661 1245 consequuntur

869 1258 1036 1286 adverteres.
1048 1256 1101 1285 Sed
1113 1264 1164 1291 ego
1179 1256 1296 1291 amplius
1311 1256 1414 1291 aliquid
1426 1255 1568 1291 professus
1585 1265 1659 1289 sum,

869 1311 952 1340 quam
982 1305 1065 1331 sentit
1092 1303 1242 1338 Epicurus,
1270 1302 1335 1336 quia
1362 1301 1502 1329 introduxi
1526 1303 1658 1337 genesim,

869 1358 983 1385 eamque
991 1357 1101 1377 causam
1117 1349 1237 1376 omnium
1250 1353 1386 1384 gestorum
1399 1349 1556 1377 hominibus
1568 1350 1658 1385 posui.
1688 1366 1696 1373 ς

904 1394 973 1423 Vill.
994 1395 1118 1430 Cumque
1137 1395 1194 1422 bace
1216 1402 1299 1422 senex
1319 1395 1445 1428 dixisset,
1468 1403 1517 1431 ego
1533 1395 1660 1423 Clemens

870 1440 914 1468 aio
927 1441 961 1468 ad
977 1449 1039 1468 eum
1057 1448 1063 1466 :
1082 1440 1163 1473 Audi,
1179 1439 1300 1472 Pater,si
1313 1445 1364 1468 ate
1376 1441 1459 1468 frater
1471 1448 1548 1469 meus
1563 1440 1660 1469 Niceta

870 1487 1031 1518 obtinuerit,
1046 1487 1110 1522 quia
1131 1494 1185 1514 non
1207 1487 1266 1514 sine
1283 1486 1330 1514 Dei
1346 1487 1518 1522 providentia
1539 1488 1659 1516 mundus

871 1533 973 1568 agitur,
996 1533 1024 1560 in
1043 1533 1094 1560 ista
1110 1536 1188 1567 parte
1205 1540 1266 1566 quae
1289 1537 1416 1567 superest
1431 1533 1465 1560 de
1481 1534 1587 1568 genesi.
1606 1541 1658 1569 ego

872 1578 921 1606 tibi
936 1582 1031 1613 potero
1047 1577 1228 1612 respondere;
1243 1582 1285 1605 est
1299 1578 1371 1605 enim
1387 1579 1452 1606 mihi
1466 1579 1562 1606 notitia
1575 1580 1659 1615 hujus

871 1624 1002 1652 scientiae.
1019 1624 1051 1650 Et
1061 1631 1123 1651 cum
1136 1624 1192 1651 haec
1202 1624 1345 1657 dixissem,
1360 1624 1444 1652 frater
1456 1633 1534 1654 meus
1544 1626 1658 1662 Aquila:

870 1670 941 1703 Quid
959 1677 1071 1697 necesse
1093 1673 1146 1701 est,
1159 1669 1258 1704 inquit,
1273 1676 1303 1697 ut
1318 1678 1380 1698 eum
1395 1675 1500 1705 patrem
1517 1679 1658 1704 vocemus,

869 1724 932 1744 cum
949 1716 977 1743 in
992 1715 1129 1742 mandatis
1144 1715 1293 1743 habeamus
1309 1717 1444 1744 neminem
1461 1725 1544 1752 super
1556 1722 1658 1745 terram

870 1768 976 1798 patrem
991 1761 1110 1788 vocare?
1124 1761 1156 1787 Et
1171 1766 1233 1796 post
1253 1762 1310 1789 haec
1321 1762 1472 1797 respiciens
1488 1763 1522 1790 ad
1537 1771 1631 1791 senem
1646 1771 1654 1790 :

869 1808 930 1836 Non
955 1808 1098 1843 injuriose,
1121 1807 1221 1842 inquit,
1249 1807 1381 1842 accipias,
1398 1807 1490 1841 Pater,
1514 1809 1587 1844 quod
1604 1809 1660 1837 fra-

871 1858 941 1883 trem
963 1862 1054 1882 meum
1081 1854 1200 1889 culpavi,
1217 1853 1281 1889 quia
1305 1858 1332 1881 te
1346 1858 1450 1889 patrem
1467 1861 1593 1890 vocaret;
1609 1856 1659 1883 ha-

871 1901 967 1928 bemus
981 1900 1054 1928 enim
1078 1900 1133 1927 tale
1161 1899 1332 1932 mandatum,
1348 1907 1383 1927 ne
1410 1900 1528 1935 aliquem
1544 1901 1658 1928 nomine

870 1947 924 1974 isto
953 1946 1104 1974 vocitemus
1114 1946 1147 1973 ".
1168 1945 1291 1979 Cumque
1321 1946 1378 1973 haec
1405 1946 1520 1974 dixisset
1545 1946 1655 1982 Aquila,

862 1994 932 2029 ,risit
958 1993 1080 2020 omnium
1106 1992 1253 2020 astantium
1280 1995 1368 2020 coetus
1387 2000 1440 2019 una
1463 2000 1526 2020 cum
1551 2001 1617 2021 sene
1631 1997 1660 2021 et

863 2035 961 2067 'Petro.
977 2038 1075 2073 Aquila
1091 2041 1181 2065 autem
1195 2036 1352 2072 requirente
1362 2045 1484 2070 causam,
1499 2047 1548 2066 cur
1562 2047 1659 2068 omnes

870 2085 993 2116 riserint,
1012 2084 1055 2111 aio
1067 2083 1100 2110 ad
1120 2091 1183 2110 eum
1199 2093 1206 2110 ε
1221 2082 1299 2116 Quod
1314 2087 1342 2110 tu
1360 2083 1387 2110 in
1400 2091 1455 2119 quo
1467 2084 1536 2112 alios
1551 2084 1658 2120 culpas,

870 2131 896 2159 id
911 2131 969 2166 ipse
983 2131 1060 2161 facis,
1073 2130 1120 2165 qui
1130 2137 1223 2157 senem
1235 2129 1414 2164 appellaveris
1429 2134 1544 2165 patrem.
1560 2130 1595 2158 At
1613 2131 1660 2158 ille

870 2178 999 2212 negabat,
1013 2177 1109 2204 dicens
1119 2175 1199 2203 :Vere
1213 2175 1309 2203 nescio
1322 2176 1345 2203 si
1361 2184 1422 2203 eum
1436 2181 1541 2211 patrem
1551 2178 1657 2205 vocavi.

832 2217 856 2245 D
871 2223 975 2251 [nterea
986 2222 1083 2250 Petrus
1097 2222 1257 2250 movebatur
1267 2222 1471 2257 suspicionibus
1481 2223 1657 2258 quibusdam,

871 2270 944 2298 sicut
972 2269 1029 2304 ipse
1054 2269 1133 2296 nobis
1159 2269 1298 2296 enarravit
1319 2269 1505 2304 postmodum,
1518 2274 1545 2297 et
1569 2270 1661 2305 respi-

69 2364 93 2380 ⁸⁵
109 2363 176 2396 Qua:
188 2367 341 2398 sequuntur
351 2362 488 2398 usquead
501 2362 580 2389 ﬁnem
594 2362 764 2398 hujusrlibri,
779 2362 899 2390 breviter
913 2360 1102 2388 tantummodo
1119 2365 1146 2387 ct
1162 2359 1189 2386 in
1203 2357 1396 2394 compendium
1411 2361 1520 2388 redacta
1535 2361 1562 2389 in
1576 2362 1660 2390 codd.

33 2407 100 2428 mss.
123 2398 214 2435 Lipss.
227 2399 412 2426 continentur.
426 2397 486 2426 Vid.
503 2397 608 2433 praefat.
646 2397 771 2425 "Matth.
787 2405 864 2430 χχιιι,
880 2398 906 2424 9.

686 2466 870 2494 COTELERH
889 2465 1004 2494 NOTrE.

69 2550 125 2586 (48)
146 2549 221 2586 Alitis
236 2555 327 2586 autem,
335 2549 531 2586 frater_noste1_'.
550 2547 702 2586 Ptatonicas
715 2551 739 2586 et
756 2545 817 2586 ᾼνὶ-

32 2581 176 2613 ειοίειίεοδ.
193 2585 284 2618 Elegia
299 2581 446 2611 Clementis
462 2584 487 2610 in
503 2583 601 2610 litteris
618 2582 744 2609 humanis
760 2581 817 2618 hinc

32 2625 98 2648 sunt
115 2631 120 2648 :
139 2620 257 2648 Clemens
271 2627 303 2646 ea:
317 2619 470 2653 philosopho
490 2625 593 2653 magna’
614 2617 817 2653 ἀοοιγῐηιιι-ῃξὶίς

31 2655 236 2690 Commentario
254 2651 339 2690 Epist.
350 2654 383 2680 ad
402 2651 630 2690 Philippensesjn
639 2661 711 2684 (λιν,
723 2651 805 2690 LVII]

33 2691 190 2726 Hieronymi
203 2687 339 2717 :Cleihens
350 2689 422 2715 omm‘
433 2687 542 2726 scientia
554 2688 675 2726 refertus,
691 2687 820 2726 onmt'q‘m-

32 2735 79 2761 que
94 2721 243 2753 libéraliunt
269 2726 366 2752 artium
382 2721 756 2761 peritissimus{Eucherium
770 2721 821 2748 Pa-

33 2758 130 2789 raanesi
149 2761 185 2789 De
200 2765 347 2794 contemptu
359 2759 450 2786 mundi
468 2767 477 2786 :
495 2760 637 2793 Acceperat
652 2758 684 2786 B.
697 2758 815 2794 Clemens

32 2798 170 2824 scientiam
183 2792 415 2831 quamplurimum,
427 2797 465 2831 ita
486 2800 515 2821 ut
534 2794 648 2828 optimus
663 2793 767 2831 quidem
782 2792 817 2818 il-

32 2832 85 2859 lius
109 2829 232 2868 temporis
253 2829 422 2868 philosophus
439 2829 589 2868 haberetur.
611 2829 682 2868 apud
698 2829 817 2868 Bernar—

32 2868 97 2895 dum
115 2864 238 2896 Sermone
253 2864 289 2895 ’κίε
305 2867 333 2895 S.
357 2864 509 2894 Clemente:
528 2865 641 2901 Κλήμης
657 2866 670 2892 ὁ
687 2864 768 2895 πολὺς
789 2864 818 2890 ἐν

869 2546 949 2582 σοφίᾳ
963 2546 1009 2572 καὶ
1021 2544 1433 2582 yytbsathnastasius,rflodegi
1449 2553 1507 2580 cap.
1519 2546 1545 2582 l.
1562 2545 1662 2575 EtCle.

869 2579 987 2610 mentem
1007 2580 1202 2615 philosophum
1215 2579 1346 2615 Dionysio
1361 2579 1499 2607 laudtaum
1515 2581 1553 2608 De
1563 2583 1660 2610 divinis
1703 2603 1706 2609 ν

869 2614 1028 2648 nominibus,
1046 2623 1107 2651 cap.
1123 2615 1156 2648 5;
1179 2614 1313 2651 Maximus
1327 2620 1355 2643 et
1379 2615 1560 2651 Paeliymeres
1588 2618 1663 2644 hunc

869 2652 1020 2679 Romanum
1038 2649 1352 2685 intérpretanturNerba
1368 2651 1396 2677 S.
1413 2649 1465 2677 Nili
1482 2655 1556 2682 sunt,
1567 2651 1614 2680 lib.
1627 2661 1658 2684 ιι.

869 2688 951 2723 epist.
963 2687 1008 2716 49,
1030 2695 1056 2722 p.
1073 2686 1125 2723 MO
1134 2696 1145 2723 ξ
1162 2685 1219 2723 (tux
1233 2685 1369 2723 Ἀπρλλὼς
1383 2687 1397 2712 ὁ
1411 2685 1603 2723 ξΔλεξᾳνᾷρεὺς
1617 2687 1662 2714 λό-

869 2720 928 2761 ﬁo;
943 2724 958 2749 ὁ
972 2720 1101 2761 ςποτῐστῂς
1112 2721 1165 2749 τῶν
1178 2721 1297 2756 Χριστοῦ
1316 2720 1454 2761 paen-uini,
1471 2721 1507 2761 ος».
1519 2720 1662 2761 Κλήιμηςῤ

874 2755 1017 2794 Ῥωμαίων
1039 2755 1279 2794 φιλόσςκρος-,ηυε
1301 2755 1342 2784 sic
1357 2760 1465 2794 _verto:
1479 2755 1543 2794 illo?
1564 2755 1661 2794 Apella

871 2790 1068 2820 Alesiandrinus
1100 2792 1142 2818 vir
1167 2790 1310 2826 eloquens,
1338 2791 1440 2825 rigatur
1467 2790 1661 2825 discipulorum

871 2828 971 2857 Chriin
983 2837 991 2859 :
1004 2837 1054 2857 non
1071 2826 1200 2860 Clemens,
1215 2825 1346 2854 Romanus
1359 2825 1537 2860 plailc'soplius.
