1873 3095
209 149 280 176 1575

636 146 666 174 S.
684 144 882 173 CLEMENTIS
897 143 906 171 1
927 142 1011 171 ΒΟΜ.
1028 141 1249 170 ΡΟΝΤὩΙἘΙἊ
1267 140 1382 170 DUDIA.

1751 144 1801 170 1376

208 207 285 234 ciens
300 206 333 233 ad
348 205 487 233 Nicetam:
504 204 724 240 Expedi,iuquit,
733 203 806 238 quod
818 201 993 238 proposuisti.
1012 205 1035 232 Α
1050 204 1174 232 vocatur,
1191 199 1294 227 frustra
1306 200 1413 235 justitia
1433 199 1597 234 custoditur,
1617 201 1711 236 quippe
1727 201 1746 228 si
1762 210 1802 228 non

239 251 286 279 IX.
308 251 377 279 Tum
404 250 498 278 Niceta
522 251 574 278 hoc
601 250 682 277 modo
705 256 821 277 exorsus
836 247 997 276 est:0mne

207 298 280 333 quod
300 301 355 329 est.
371 302 418 324 aut
443 297 557 332 simplex
581 301 623 324 est
648 300 695 323 aut
709 295 900 330 compositum.
917 293 996 327 Quod

207 344 326 378 simplex
341 347 383 371 est
399 343 465 379 (49),
489 347 565 370 caret
591 349 717 372 numero,
732 340 878 372 divisione,
893 340 996 372 colore,

208 390 376 422 differentia,
404 390 563 424 asperitate,
590 389 712 419 lenitate,
729 386 859 422 pondere,
877 385 995 417 levitate,

208 437 351 471 qualitate,
374 437 536 471 quantitate,
558 438 585 462 et
604 435 640 462 ob
661 434 712 461 hoc
731 433 814 460 etiam
834 431 898 459 ﬁne.
917 431 997 464 Quod

208 490 274 510 vero
287 482 469 516 compositum
492 485 544 512 est,
566 485 612 507 aut
630 488 663 507 ex
679 479 788 506 duobus
803 482 850 505 aut
864 477 997 505 extribus

207 532 255 554 aut
268 527 348 554 etiarn
368 535 401 554 ex
416 531 534 562 quatuor
546 526 728 560 compositum
744 529 796 555 est,
814 527 862 550 aut
876 527 950 550 certe
963 530 996 550 ex

209 574 345 609 pluribus.
357 577 384 600 et
399 581 459 608 quae
474 572 625 607 composita
647 574 722 601 sum,
740 569 896 598 necessario
915 569 995 596 etiam

207 619 293 647 dividi
310 622 436 654 possunt.
458 618 491 644 Et
505 625 587 645 senex
603 617 718 644 audiens
733 616 789 643 haec
803 615 938 651 :Optime,
954 615 997 641 in-

206 666 277 701 quit.
294 670 321 692 et
341 665 501 692 doctissime
522 664 601 694 dicis,
619 663 666 690 fili.
681 661 715 689 Et
731 661 825 690 Niceta
841 670 848 688 :
862 661 949 696 Igitur
964 660 996 687 il-

208 710 254 737 lud
270 709 342 745 quod
358 710 472 744 simplex
489 714 530 736 est
544 713 570 736 et
587 708 631 735 his
646 708 778 735 omnibus
792 710 880 739 caret,
895 706 996 742 quibus

207 757 276 784 solvi
292 755 363 791 quod
386 755 523 785 subsistit,
544 758 645 789 potest,
660 753 720 780 sine
736 753 819 780 dubio
841 753 997 788 incompre-

208 801 343 829 bensibile
357 804 385 828 et
406 801 571 827 iuunensum
589 803 641 831 est,
658 806 748 834 neque
769 799 878 826 initium
908 799 993 825 ullum

207 856 296 884 neque
312 847 392 875 ﬁnem
414 846 516 876 sciens,
533 849 560 872 et
576 845 638 873 ideo
653 853 738 872 unum
753 848 780 872 et
795 845 883 872 solum
896 848 950 874 est.
968 848 995 870 et

206 895 267 922 sine
290 897 404 920 auctore
425 892 593 920 subsistens.
609 890 688 923 Quod
705 894 797 918 autem
811 891 994 925 compositum

206 945 259 972 est.
276 945 303 968 et
318 947 433 967 numero
443 947 476 966 ac
492 938 645 966 diversitati
660 938 844 972 divisionique
859 937 993 971 subiacet,

207 985 367 1013 necessario
380 988 491 1012 auctore
506 984 599 1018 aliquo
613 983 796 1018 compositum
810 988 862 1014 cst,
872 987 955 1018 atquc
967 983 995 1010 in

206 1038 290 1058 unam
317 1029 435 1065 speciem
462 1029 607 1057 diversitas
631 1034 804 1064 congregata.
828 1028 906 1062 Quod
933 1037 998 1065 ergo

207 1076 371 1103 immensum
384 1080 435 1107 est,
453 1075 574 1102 bonitate
595 1078 672 1108 pater
682 1078 734 1106 est,
748 1074 846 1102 virtute
861 1075 996 1102 conditor.

206 1120 300 1155 Neque
323 1128 388 1155 ergo
413 1119 547 1147 condendi
569 1119 656 1147 virtus
679 1121 706 1147 iu
729 1120 863 1147 immenso
889 1128 998 1148 cessare

206 1168 306 1203 potuit,
325 1175 413 1199 neque
428 1166 536 1194 bonitas
549 1167 641 1199 otiari,
653 1167 700 1195 sed
712 1167 745 1194 ad
758 1167 948 1195 sultstituenda
965 1173 997 1194 ea

206 1221 268 1248 quae
283 1218 363 1246 sunt,
386 1213 506 1240 bonitate
520 1233 528 1246 ,
552 1213 585 1240 ad
609 1213 796 1248 componenda
813 1217 840 1240 et
854 1213 997 1245 ﬁrmanda,

206 1259 309 1286 virtute
328 1261 505 1292 provocatur.
526 1255 739 1284 Substituuntur
752 1264 817 1291 ergo
832 1259 860 1284 et
882 1263 995 1292 compo-

206 1310 311 1332 nuntur
325 1303 460 1339 quaedam,
475 1308 505 1330 ut
519 1302 648 1334 diximus.
664 1310 696 1330 ex
716 1301 825 1330 duobus
839 1302 879 1329 vel
895 1310 929 1329 ex
945 1302 995 1329 tri-

206 1350 270 1382 bus,
292 1350 416 1385 qumdam
437 1356 503 1376 vero
525 1356 558 1376 ex
580 1353 709 1384 quatuor.
730 1348 783 1374 alia
805 1355 839 1375 ex
858 1347 992 1382 pluribus.

208 1396 262 1423 Sed
277 1395 409 1430 quoniam
425 1402 499 1421 nunc
514 1394 593 1421 nobis
609 1393 642 1421 de
661 1393 755 1420 mundi
778 1394 881 1420 ratione
896 1392 991 1428 quaeri-

207 1447 251 1470 tur
263 1445 290 1469 et
306 1442 339 1468 de
355 1439 509 1468 substantia
539 1439 610 1474 ejus,
629 1447 711 1474 quam
737 1447 771 1467 ex
794 1443 912 1474 quatuor
937 1439 994 1466 elc-

205 1488 306 1515 mentis
329 1494 391 1514 esse
417 1486 597 1521 compositam
621 1488 741 1517 constat,
763 1485 807 1512 cui
830 1492 925 1512 omnes
942 1484 995 1512 illa:

1049 250 1089 274 est
1112 246 1160 281 qui
1180 246 1258 281 justo
1283 254 1332 282 pro
1349 245 1456 274 meritis
1469 245 1615 280 aliquando
1624 247 1748 274 restituat.
1763 247 1802 274 Sed

1048 301 1083 320 ne
1095 293 1185 320 anima
1200 292 1308 327 quidem
1325 292 1384 327 ipsa
1396 292 1559 319 immortalis
1573 292 1712 325 videbitur,
1726 293 1746 321 si
1759 301 1803 320 eam

1048 344 1110 376 post
1142 339 1341 368 absolutionem
1376 339 1501 374 corporis
1529 339 1630 366 nullius
1658 339 1805 374 providentia

1047 386 1166 421 excipiat
1184 385 1365 421 dispensatio.

1083 431 1127 460 XI.
1138 431 1197 459 Jam
1207 432 1231 460 si
1245 432 1379 460 doceatur
1386 439 1448 459 esse
1456 431 1639 462 Providentia,
1649 435 1675 458 et
1686 439 1728 466 per
1738 432 1804 466 ipsam

1049 478 1138 506 factus
1153 487 1215 506 esse
1226 479 1346 507 mundus
1359 499 1366 511 ,
1391 479 1444 506 alia
1463 486 1561 506 rursus
1578 486 1638 513 quae
1652 477 1807 506 discutiantur
1853 485 1854 513 ᾖ

1047 530 1214 559 occurrunt;
1228 526 1385 560 requiretur
1399 525 1471 552 enim
1485 533 1541 559 quo
1554 524 1634 551 modo
1647 525 1681 551 sit
1690 524 1807 552 Providen-

1048 573 1099 604 tia,
1116 577 1206 599 utrum
1223 571 1386 606 generaliter
1408 578 1472 605 erga
1487 571 1578 597 omnia
1589 590 1597 603 ,
1623 578 1658 597 an
1682 570 1807 605 specialiter

1047 625 1110 652 erga
1127 621 1230 652 partes,
1246 624 1281 643 an
1296 620 1323 644 et
1334 616 1497 652 generaliter
1511 624 1576 651 erga
1591 621 1689 650 partes,
1701 620 1761 642 anet
1773 623 1806 649 ge-

1047 663 1177 690 neraliter
1191 670 1255 698 erga
1271 662 1362 689 omnia
1373 665 1399 689 et
1411 662 1566 697 specialiter
1577 669 1641 697 erga
1660 664 1752 696 partes.
1769 659 1808 686 Ge.

1048 709 1149 736 neralis
1164 715 1254 736 autem
1269 708 1432 744 intelligitur
1445 709 1496 736 hoc
1509 708 1600 741 modo,
1616 707 1693 744 quasi
1706 707 1736 734 ab
1750 707 1808 734 initio

1047 754 1119 783 Deus
1138 754 1241 782 faciens
1260 755 1392 781 mundum
1414 755 1539 782 ordinem
1573 754 1678 782 dederit
1701 753 1771 781 rebus
1790 758 1810 781 et

1047 808 1158 828 cursum
1175 800 1312 832 statuerit,
1327 803 1355 827 et
1369 799 1438 826 ultra
1450 807 1544 826 eorum
1560 807 1654 826 curaui
1664 807 1719 834 quae
1732 807 1810 834 gerun-

1047 849 1103 877 tnr,
1119 846 1219 873 habere
1234 847 1394 874 cessaverit.
1417 844 1552 880 Specialis
1576 853 1644 872 vero
1658 853 1717 880 erga
1738 848 1810 879 partes

1047 892 1099 919 hoc
1111 892 1191 919 modo
1203 895 1255 924 est,
1269 896 1298 918 ut
1308 890 1489 927 quorumdam
1503 891 1615 926 quidem
1633 891 1675 918 vel
1695 891 1810 918 hominum

1046 939 1087 967 vel
1115 939 1236 967 locorum
1252 940 1452 975 providentiam
1468 943 1555 974 gerat,
1569 938 1744 973 quorumdam
1763 946 1811 966 vero

1047 994 1101 1013 non
1114 991 1201 1021 gerat.
1224 985 1367 1014 Generalis
1391 990 1482 1013 autem
1508 985 1632 1012 omnium
1657 990 1683 1012 et
1709 985 1811 1020 specialis

1046 1032 1164 1066 partium
1179 1032 1260 1059 simul
1289 1032 1341 1059 hoc
1362 1031 1443 1059 modo
1470 1035 1524 1065 est,
1540 1031 1622 1066 quasi
1648 1036 1675 1058 et
1701 1030 1733 1058 ab
1752 1030 1812 1056 initio

1045 1077 1138 1105 omnia
1156 1077 1252 1104 fecerit
1268 1077 1341 1104 Deus
1355 1097 1362 1109 .
1381 1082 1409 1105 et
1423 1085 1511 1113 usque
1532 1077 1567 1104 ad
1583 1077 1665 1104 ﬁnem
1678 1085 1723 1112 per
1739 1076 1812 1111 singu-

1046 1123 1087 1150 los
1099 1130 1224 1158 quosque
1234 1123 1433 1157 providentiam
1459 1126 1547 1158 gerat,
1578 1127 1606 1150 et
1617 1122 1757 1158 unicuique
1766 1121 1811 1148 red-

1045 1168 1091 1194 dat
1108 1175 1156 1201 pro
1172 1167 1280 1195 actibus
1296 1167 1366 1194 suis.

1081 1211 1137 1240 XII.
1150 1213 1241 1240 Prima
1253 1220 1319 1248 ergo
1328 1213 1372 1239 illa
1387 1212 1548 1247 propositio,
1559 1220 1622 1248 qua:
1633 1211 1708 1244 dicit,
1722 1211 1777 1247 quia
1788 1211 1812 1238 ab

1046 1258 1124 1287 initio
1143 1258 1216 1286 Deus
1231 1258 1327 1287 fecerit
1353 1258 1458 1291 omnia.
1475 1262 1503 1286 et
1518 1266 1604 1287 cursu
1636 1263 1717 1294 atque
1739 1259 1812 1287 ordine

1045 1304 1128 1332 rebus
1143 1304 1272 1339 imposito
1289 1304 1323 1332 de
1336 1304 1442 1339 reliquo
1454 1303 1522 1331 nihil
1537 1304 1571 1332 ad
1596 1312 1628 1332 se
1652 1308 1762 1336 revocet,
1781 1312 1813 1332 sec

1045 1349 1166 1378 cundum
1186 1350 1307 1385 genesim
1335 1350 1392 1385 geri
1418 1353 1518 1377 cuncta
1535 1349 1694 1378 conﬁrmat.
1716 1350 1753 1377 Ad
1775 1349 1813 1376 hoc

1045 1401 1111 1429 ergo
1121 1394 1209 1429 primo
1222 1394 1462 1430 respondebimus,
1473 1399 1500 1423 et
1513 1395 1557 1422 his
1568 1396 1706 1431 praecipue
1717 1395 1812 1430 quidem

1045 1440 1141 1468 colunt
1154 1443 1181 1467 et
1196 1440 1317 1476 genesim
1327 1440 1488 1473 defendunt,
1501 1441 1549 1476 qui
1559 1441 1657 1477 utique
1669 1449 1729 1469 cum
1739 1442 1813 1468 immo-

1046 1485 1105 1513 lant
1114 1485 1168 1514 diis
1179 1489 1206 1513 et
1221 1490 1336 1514 exorant
1349 1494 1408 1518 eos,
1426 1487 1486 1515 sine
1502 1487 1589 1514 dubio
1602 1492 1700 1515 contra
1715 1488 1812 1523 genesim

204 1533 298 1561 decem
313 1532 474 1563 diﬁcrentia
485 1539 554 1566 quas
573 1539 657 1566 supra
673 1531 933 1566 comprehendimus
948 1538 995 1557 ac-
1008 1545 1031 1575 ρ
1048 1540 1078 1559 se
1089 1532 1285 1567 impetraturos
1298 1532 1402 1568 aliquid
1417 1537 1539 1568 sperant,
1550 1537 1579 1561 et
1593 1541 1644 1568 per
1652 1534 1704 1561 hoc
1711 1534 1812 1569 genesim

203 1580 310 1611 cidunt,
326 1579 360 1605 ab
373 1578 416 1605 his
433 1576 611 1604 inferioribus
623 1577 786 1612 incipientes
801 1577 944 1612 gradibus,
961 1577 995 1606 ad

204 1626 348 1661 superiora
365 1622 576 1651 veniemus.Via
590 1623 663 1650 enim
680 1623 759 1650 nobis
775 1623 809 1649 ad
822 1623 996 1650 intellectua-

204 1673 241 1699 lia
256 1675 283 1698 et
298 1670 448 1698 invisibilia
466 1669 500 1696 ab
513 1669 555 1697 his
570 1677 631 1704 quae.
650 1669 774 1696 videmus
793 1672 820 1696 ct
840 1672 996 1696 contrecta-

204 1725 266 1745 mus
285 1716 376 1748 datur,
393 1716 467 1742 sicut
481 1715 640 1742 continetur
660 1715 687 1742 in
710 1715 891 1743 arithmeticis
910 1715 994 1744 diSCi—

204 1762 296 1798 plinis,
309 1762 355 1788 ubi
369 1768 431 1788 cum
448 1761 481 1788 de
496 1760 596 1788 divinis
608 1761 750 1796 quteritur,
768 1761 802 1787 ab
818 1760 994 1788 inferioribus

204 1808 240 1836 ad
266 1807 423 1842 superiores
453 1814 583 1834 numeros
608 1807 776 1838 ascenditur,
793 1814 855 1834 cum
877 1814 942 1834 vero
961 1808 995 1835 de

204 1853 388 1890 praesentibus
410 1857 437 1880 et
462 1853 618 1881 visibilibus
638 1853 708 1880 ratio
722 1853 879 1888 exponitur,
897 1852 932 1880 de
947 1860 994 1881 su-

203 1901 360 1937 perioribus
385 1900 417 1927 ad
445 1900 591 1927 inferiores
614 1907 744 1927 numeros
767 1899 835 1927 ordo
857 1900 993 1936 dirigitur.

203 1949 258 1975 Aut
275 1955 329 1974 non
344 1947 380 1974 ita
396 1946 456 1974 est?

239 1992 275 2022 Χ.
296 1993 329 2020 Et
347 2000 431 2020 senex
444 1992 483 2019 ait
499 2001 505 2018 :
519 1991 605 2019 Valde
617 1991 685 2019 bene
701 1991 885 2027 prosequeris.
899 1990 932 2018 Et
948 1990 995 2018 Ni-

204 2043 264 2067 ceta
281 2049 287 2067 :
306 2039 343 2066 De
358 2038 452 2066 mundi
468 2046 542 2065 nunc
561 2045 627 2073 ergo
651 2037 758 2065 ratione
772 2038 994 2073 prosequendum

203 2089 258 2118 est,
275 2085 354 2119 cujus
375 2086 461 2119 prima
480 2084 596 2119 quaestio
609 2083 638 2110 in
656 2083 726 2111 duas
740 2088 832 2116 partes
848 2084 993 2111 dividitur.

203 2131 342 2165 Quaeritur
356 2131 429 2158 enim
446 2133 539 2157 utrum
556 2129 645 2156 factus
657 2129 703 2161 sit,
717 2137 750 2156 an
765 2137 837 2164 non;
851 2133 878 2156 et
896 2129 919 2156 si
932 2129 994 2164 qui-

203 2178 266 2205 dc‘m
282 2185 337 2204 non
357 2180 399 2204 est
424 2176 525 2208 factus,
538 2176 598 2211 ipse
613 2176 666 2203 erit
689 2175 757 2203 illud
776 2175 940 2211 ingenitum,
957 2183 990 2204 es

1046 1577 1166 1605 solvunt.
1178 1577 1246 1605 Cum
1262 1585 1326 1606 vero
1338 1578 1428 1606 rident
1447 1579 1495 1614 qui
1527 1579 1560 1606 ad
1579 1579 1709 1606 virtutem
1734 1587 1812 1614 proro-

1045 1626 1110 1650 cant
1120 1626 1147 1650 et
1158 1622 1192 1649 ad
1204 1622 1402 1650 continentiam
1415 1623 1608 1657 cohortantur,
1617 1630 1644 1653 et
1656 1625 1755 1657 dicunt,
1765 1624 1813 1659 quia

1045 1676 1127 1696 nemo
1139 1673 1230 1704 potest
1245 1668 1337 1697 facere
1354 1669 1457 1704 aliquid
1467 1674 1515 1697 aut
1530 1672 1607 1706 pati,
1632 1672 1687 1699 nisi
1715 1671 1777 1706 quod
1796 1671 1813 1697 ei

1047 1714 1102 1741 fato
1117 1713 1257 1743 decretum
1273 1718 1327 1747 est,
1340 1723 1435 1743 onmes
1450 1716 1575 1751 profecto
1587 1718 1693 1744 cultum
1706 1717 1814 1744 Dii’iuita-

1045 1761 1082 1788 tio
1093 1761 1270 1789 abscindunt.
1287 1761 1358 1794 Quid
1372 1763 1445 1789 enim
1458 1763 1533 1791 colas
1549 1771 1611 1798 eos,
1625 1771 1641 1791 a
1659 1765 1754 1800 quibus
1766 1771 1814 1799 pro

1045 1806 1143 1834 mereri
1156 1805 1224 1832 nihil
1241 1807 1343 1841 possis,
1358 1806 1432 1842 quod
1443 1814 1498 1834 non
1509 1808 1634 1843 patiatur
1644 1809 1713 1836 ratio
1723 1808 1814 1836 decreti!

1045 1849 1108 1877 Haec
1133 1850 1243 1877 interim
1270 1851 1402 1879 adversus
1426 1851 1488 1879 illos
1511 1852 1587 1879 dicta
1602 1859 1679 1881 sunt.
1702 1853 1753 1888 Ego
1765 1859 1813 1880 vero

1045 1897 1177 1924 mundum
1188 1896 1251 1924 dico
1268 1896 1326 1932 (50)
1341 1905 1356 1924 a
1371 1897 1428 1925 Deo
1445 1897 1559 1931 factum,
1576 1904 1605 1927 et
1619 1899 1656 1928 ab
1672 1900 1728 1935 ipso
1745 1907 1813 1934 quan-

1045 1943 1135 1978 doque
1150 1951 1213 1971 esse
1228 1944 1404 1976 solvendum,
1423 1951 1452 1972 ut
1470 1945 1516 1972 ille
1542 1950 1676 1981 appareat
1695 1946 1739 1982 qui
1752 1950 1812 1973 ater-

1044 1997 1097 2016 nus
1118 1992 1161 2016 est
1177 1993 1203 2016 et
1218 1989 1252 2015 ad
1273 1989 1325 2016 hoc
1341 1988 1442 2022 factus,
1467 1995 1496 2017 ut
1509 1998 1620 2026 semper
1643 1992 1679 2020 sit
1701 1997 1726 2019 et
1738 1991 1812 2027 dignus

1045 2042 1075 2062 se
1088 2034 1204 2070 recipiat
1215 2034 1319 2070 judicio
1342 2034 1401 2063 Dei.
1414 2035 1493 2069 Quod
1519 2041 1613 2064 autem
1626 2038 1665 2065 sit
1681 2037 1747 2065 alius
1760 2037 1812 2063 invi-

1045 2081 1134 2108 sibilis
1152 2080 1282 2113 mundus,
1307 2081 1355 2116 qui
1376 2081 1451 2109 hunc
1478 2082 1615 2110 visibilem
1644 2083 1716 2110 intra
1738 2085 1812 2110 semel-

1045 2126 1136 2161 ipsum
1161 2127 1312 2160 contineat,
1337 2132 1516 2163 posteaquam
1540 2128 1575 2156 de
1603 2129 1707 2157 visibili
1734 2127 1811 2155 mundo

1044 2172 1269 2206 discusserimus,
1285 2177 1351 2201 tunc
1366 2178 1394 2201 et
1406 2174 1440 2201 ad
1454 2175 1530 2201 illum
1542 2175 1698 2203 veniemus.

204 2232 259 2259 quo
274 2224 376 2251 omnia.
393 2223 422 2250 Si
437 2231 502 2250 vero
517 2222 606 2249 factus
621 2225 675 2254 est,
692 2221 726 2249 de
746 2221 797 2249 hoc
813 2230 912 2250 rursus
921 2229 994 2257 quae—
1011 2215 1032 2242 υ
1078 2217 1149 2245 XIII.
1165 2218 1244 2247 Nunc
1259 2220 1381 2251 interim.
1396 2220 1460 2255 quia
1476 2220 1567 2249 factus
1595 2222 1634 2248 sit
1651 2221 1762 2249 mundus
1774 2219 1810 2245 iste

203 2270 258 2296 stio
274 2270 301 2296 in
314 2269 382 2296 duas
401 2273 496 2304 partes
510 2267 655 2300 scinditur,
670 2272 826 2295 utrumnam
837 2275 869 2296 ex
888 2276 917 2295 se
932 2268 993 2303 ipso

205 2316 295 2343 factus
317 2318 369 2347 est,
391 2322 426 2341 an
448 2315 483 2341 ab
503 2314 567 2341 alio.
593 2313 628 2342 Et
649 2313 672 2341 si
691 2313 802 2348 quidem
817 2321 832 2340 a
847 2313 993 2348 semetipso

203 2363 257 2390 est,
271 2360 425 2387 excluditur
442 2359 502 2386 sine
516 2358 599 2386 dubio
608 2358 790 2386 Providentia.
800 2356 830 2384 Si
843 2357 993 2386 Providen-

205 2406 242 2432 tia
256 2413 311 2433 non
324 2406 463 2441 recipitur,
478 2405 580 2433 frustra
605 2405 713 2432 animus
734 2404 768 2431 ad
791 2404 918 2432 virtutem
935 2412 995 2440 pro-

1043 2264 1170 2297 visihilis,
1198 2269 1336 2293 testantur
1361 2267 1443 2294 etiam
1472 2267 1702 2302 philosophorum
1725 2264 1809 2302 plurimi

1043 2311 1181 2346 sapientes
1197 2312 1259 2340 viri.
1277 2311 1330 2340 Sed
1345 2320 1379 2340 ne
1394 2313 1537 2340 videamur
1561 2314 1643 2349 quasi
1658 2318 1763 2349 egentes
1779 2320 1809 2337 as-

1043 2357 1211 2386 sertionibus
1226 2357 1265 2385 uti
1279 2359 1403 2387 volttisse
1415 2359 1543 2391 testibus,
1557 2360 1591 2388 de
1607 2360 1748 2396 principiis
1756 2359 1807 2393 ejus.

1044 2404 1068 2432 si
1081 2404 1201 2439 videtur,
1232 2412 1397 2441 quaramus.
1426 2405 1596 2442 Corporeum
1617 2414 1682 2435 esse
1705 2406 1809 2434 mundum

861 2499 1043 2529 COTELERII
1061 2500 1178 2530 NOTE.

240 2591 298 2626 (49)
319 2590 394 2623 Quod
408 2590 520 2625 simplex
543 2594 593 2626 est,
614 2593 666 2618 etc.
682 2589 723 2617 Ad
739 2589 796 2617 hac
810 2593 837 2618 et
852 2591 995 2625 sequentia

205 2626 276 2653 forte
300 2626 450 2660 respiciens
466 2630 562 2652 auctor
574 2625 767 2660 Disputationis
781 2630 874 2652 contra
887 2627 992 2658 Arium,

203 2666 271 2688 tom.
293 2661 433 2696 lOperum
454 2660 484 2687 S.
501 2661 655 2692 Athanasii,
674 2660 772 2696 p.135,
785 2661 897 2696 scribit:
913 2662 948 2687 Σὺ
965 2661 994 2688 δὲ

203 2697 229 2722 τι
247 2697 299 2732 φής
318 2695 350 2732 μὲ
367 2695 406 2732 [1⁸.
424 2695 590 2732 μοι]γὰῒδιον
612 2695 780 2732 συντίθεσθαι
795 2695 826 2732 τῷ
842 2695 926 2732 θξῖοη
945 2697 994 2723 οὐκ

204 2729 373 2767 ἐπηκροάσώ
391 2729 456 2757 mne
473 2729 629 2767 Κλήμεντος
645 2729 691 2757 τοῦ
708 2730 995 2767 πᾳρακολρυθήσαγτος

204 2765 300 2801 ῌὲΐρῳ
316 2766 355 2801 τῷ
372 2765 562 2801 ἀποστόλῳίὸς
576 2765 701 2800 καθαιρεῖ
708 2765 756 2801 τὴν
765 2765 992 2801 τογιαὺτηνδόξαη

207 2800 246 2836 Tu
262 2800 320 2827 cere
335 2801 397 2836 quid
414 2802 454 2827 ais
470 2801 544 2830 mihi.
559 2805 684 2836 wternnm
697 2800 772 2836 illum
786 2800 873 2826 Deum'
883 2809 915 2828 e1
923 2809 991 2836 par-

207 2835 277 2861 tilms
305 2834 452 2863 constitui?
472 2836 565 2862 Annon
590 2835 714 2861 audivisti
736 2834 894 2861 Clementem
918 2835 991 2862 Petri

207 2871 318 2897 auostolt'
333 2872 547 2905 sectatorcm,qui
556 2869 707 2901 huiusmodi
715 2870 861 2905 opinionem
874 2871 991 2899 subruit?

1046 2592 1241 2631 LegeConslit.
1258 2595 1361 2628 apum!
1372 2614 1382 2631 ρ
1397 2603 1434 2627 vt,
1450 2596 1493 2628 Η,
1507 2605 1539 2624 ac
1553 2596 1670 2631 Epitom.
1685 2597 1725 2624 l7.

1081 2629 1138 2663 (50)
1158 2628 1213 2667 Ego
1220 2637 1284 2667 gero
1295 2630 1442 2667 mundum.»
1443 2635 1496 2658 etc.
1511 2632 1548 2659 De
1562 2628 1665 2667 duplici
1679 2630 1807 2658 mundare-

1044 2664 1122 2690 mitto
1136 2668 1163 2691 te
1174 2665 1208 2691 ad
1220 2663 1375 2692 Platonicos
1387 2670 1414 2693 et
1429 2665 1570 2695 Philonem
1586 2663 1643 2695 :‘ex
1659 2667 1753 2694 nostris
1760 2671 1807 2691 ven)

1044 2699 1261 2737 aduenientem
1272 2700 1423 2737 Alexandg.
1441 2701 1543 2730 Strom.
1564 2711 1590 2735 v,
1611 2710 1675 2737 pag.
1692 2702 1748 2728 595.
1761 2698 1806 2727 599:

1043 2733 1196 2775 Qrigcnem.
1206 2735 1299 2762 homil.
1317 2736 1334 2763 5
1348 2737 1375 2775 in
1386 2735 1525 2775 Canticum
1540 2733 1714 2775 ganearum.
1724 2740 1749 2763 et
1757 2739 1804 2775 ιιιιιςι

1041 2768 1102 2808 ξεί
1130 2769 1156 2796 in
1167 2769 1318 2808 Joannem;
1344 2771 1514 2808 Eusebium.
1542 2772 1693 2808 waparat.
1715 2768 1805 2808 eral-9t]-

1040 2804 1094 2841 lib._
1102 2812 1141 2841 at.
1150 2812 1210 2840 cap.
1220 2805 1324 2839 25,24;
1336 2806 1546 2841 Augustinuum
1556 2803 1779 2837 Retractutiousm,
1787 2803 1805 2834 5i

1042 2843 1068 2866 et
1083 2838 1366 2869 falsum'Ambt-osium
1379 2838 1405 2869 in
1423 2841 1435 2869 Ι
1451 2842 1570 2870 Corinth.
1587 2850 1624 2876 VI,
1638 2842 1667 2870 2.
