1873 3095
167 139 237 169 I379

604 137 632 165 S.
653 137 849 165 CLEMEN'I'lS
866 137 875 164 l
895 136 978 165 ROM.
999 136 1099 164 PONT.
1119 135 1233 164 OPERA
1252 136 1356 164 DUBIA

1732 137 1804 165 £580

165 197 247 226 etiam
262 198 340 233 plura
350 197 416 228 sint,
431 197 474 224 vel
495 196 641 224 innumera
658 203 693 224 ex
709 195 811 231 quibus
835 195 956 223 mundus
970 200 994 228 Α
1008 202 1116 229 semper
1127 194 1250 225 veniunt,
1267 199 1295 222 et
1307 195 1389 222 rebus
1404 201 1522 229 quarum
1535 193 1594 229 jam
1609 201 1741 221 mensura
1758 194 1803 220 in-

165 247 285 275 constat,
301 242 375 270 onmi
392 250 424 270 ex
441 246 530 277 parte,
545 241 593 277 qui
610 242 688 277 plura
705 242 733 268 in
745 249 829 269 unum
841 242 958 277 college-

165 292 203 317 rlt
217 293 244 317 et
260 296 358 316 rursus
379 288 493 315 collecta
507 287 534 315 in
551 288 678 316 diversas
700 288 807 324 species
835 289 954 320 duxerit,

165 334 323 362 ostenditur
334 334 416 365 Deus,
429 338 457 361 et
472 334 604 369 probatur
619 342 668 369 per
681 334 737 362 haec
752 342 806 362 non
830 336 956 370 potuisse

164 380 322 407 machinam
335 379 428 406 mundi
437 379 496 407 sine
511 378 608 414 opiilce
622 383 648 407 et
661 380 803 414 provisore
814 384 954 408 constare.

201 424 272 453 XVI.
290 424 343 452 Sed
362 425 455 452 ethoc
469 425 529 460 ipso
550 425 623 460 quod
639 425 666 452 in
683 425 878 460 conjunctione
897 427 954 453 ele-

165 474 331 501 mentorum,
346 469 488 496 delicientc
500 469 585 497 altero
596 475 643 496 aut
670 470 837 502 abundante,
855 475 954 498 caetera

164 515 342 542 resolvuntur
363 519 391 542 et
407 514 570 547 concidunt,
585 515 741 542 ostenditur
757 523 790 542 ex
813 515 899 542 nihilo
923 524 954 542 ca

164 560 305 594 accepisse
320 559 497 595 principium.
516 558 585 586 Nam
598 559 673 587 verbi
688 559 776 595 gratia
799 560 822 587 si
845 559 954 587 deﬁciat

164 607 192 633 in
205 605 297 640 aliquo
308 605 418 637 humor,
435 612 487 632 nec
502 604 610 632 aridum
630 605 730 638 stabit;
748 605 864 633 humore
880 606 953 633 enim

163 640 409 686 pascitur‘aridum
425 650 497 678 sicut
523 655 550 678 et
569 650 656 686 frigus
672 651 772 684 calido,
786 651 814 678 in
839 652 950 686 quibus,

163 700 194 725 ut
210 696 341 727 diximus.
359 697 381 724 si
398 696 513 723 alterum
525 696 643 728 deﬁciat,
661 697 770 732 penitus
780 701 878 723 cuncta
896 697 950 724 sol<

162 746 276 774 vuntur,
289 747 316 770 et
331 743 359 769 in
375 742 427 769 hoc
443 742 558 777 originis
571 750 627 770 suae
642 750 696 777 qua
713 750 745 770 ex
762 743 849 770 nihilo
878 743 950 770 facta

162 792 238 821 sunt,
254 788 409 824 produntur
422 789 532 816 indicia.
545 788 623 821 Quod
645 788 667 815 si
681 789 793 816 materia
808 789 865 823 ipsa
887 797 949 824 pro-

162 834 244 862 batur
257 842 319 862 esse
334 834 416 866 facta,
428 834 564 869 quomodo
579 838 669 869 partes
681 834 740 868 ejus
757 838 783 861 et
799 835 904 868 species
915 843 949 861 ex

1008 244 1084 275 tegra
1096 245 1215 272 constat,
1229 240 1377 272 adduntur,
1393 239 1529 275 quomodo
1545 245 1620 267 stare
1633 239 1803 266 universitas

1008 290 1108 322 potest,
1121 293 1183 313 cum
1195 289 1250 313 tam
1264 286 1404 314 immensis
1419 286 1589 321 ponderibus
1603 293 1674 313 nova
1692 293 1803 321 semper

1009 333 1128 367 pondera
1140 332 1332 359 cumulentur?
1346 331 1397 359 Sed
1414 336 1442 359 et
1458 331 1524 359 illud
1548 332 1672 366 requiro,
1691 331 1716 358 si
1733 339 1804 366 pau-

1007 378 1081 404 latim
1092 377 1255 404 coeuntibus
1265 377 1436 411 corpusculis
1448 377 1642 404 exstruebatur
1654 376 1700 403 hic
1720 384 1802 411 quem

1008 422 1131 450 videmus
1143 422 1262 450 ambitus
1285 422 1512 457 coali,quomodo
1535 431 1589 450 non
1613 422 1642 449 in
1667 429 1703 449 eo
1728 421 1804 448 illico

1005 477 1067 497 cum
1084 474 1262 504 consurgeret
1276 469 1399 497 corruit?
1409 469 1431 496 si
1444 469 1553 504 quidem
1569 469 1651 496 hians
1662 467 1804 495 machina

1005 514 1092 549 ipsius
1109 515 1264 546 summitas,
1284 515 1368 542 nullis
1395 515 1506 542 sull'ulta
1522 515 1660 550 repagulis
1675 515 1803 549 stringe.-

1004 563 1090 586 retur.
1105 558 1182 586 Sicut
1197 560 1269 587 enim
1285 559 1331 594 qui
1346 559 1523 586 aediﬁciorum
1544 559 1636 587 tholos
1662 559 1691 586 in
1709 559 1803 586 circu-

1004 603 1060 631 lum
1084 604 1240 638 instruunt,
1265 604 1318 631 nisi
1336 605 1544 632 conclusionem
1568 603 1651 631 medii
1682 604 1803 631 verticis

1005 650 1168 677 strinxerint
1184 670 1191 682 ,
1217 650 1378 678 universum
1403 650 1506 685 pariter
1533 650 1668 684 solvitur;
1707 650 1746 676 ita
1774 654 1803 676 et

1003 695 1097 722 mundi
1112 695 1243 727 circulus,
1261 703 1342 730 quem
1359 700 1413 722 tam
1427 696 1525 722 decora
1541 695 1633 730 specie
1648 695 1802 723 collectum

1003 741 1137 774 videmus,
1151 741 1172 768 si
1190 749 1244 768 non
1260 741 1352 769 subito
1368 745 1395 768 et
1410 741 1462 769 sub
1488 749 1543 768 uno
1559 741 1660 768 divinae
1683 742 1803 768 virtutis

1003 789 1093 812 rotatu
1107 786 1228 820 potentia
1243 786 1395 813 conditoris
1409 786 1522 814 ell‘ectus
1535 791 1588 819 est,
1601 787 1649 814 sed
1661 787 1802 822 paulatim

1002 832 1232 858 concurrentibus
1244 832 1343 859 atomis
1355 836 1382 859 et
1391 832 1602 863 instruentibus.
1616 841 1670 860 non
1685 836 1718 859 ut
1727 833 1804 859 ratio

160 881 262 915 quibus
277 880 395 908 mundus
410 884 538 912 constat,
563 879 729 908 videbuntur
755 879 881 908 infectae?
897 879 948 907 Sed
965 872 987 901 Β
1003 877 1120 911 petebat.
1138 877 1185 904 sed
1203 882 1231 904 ut
1249 877 1382 905 fortuitus
1403 879 1546 906 incidisset
1569 883 1698 909 evenIUS.
1727 886 1802 913 quo-

159 926 196 954 de
207 926 536 961 materiaetqualitatibus
548 934 601 954 non
612 931 654 954 est
665 933 737 953 nunc
748 925 855 953 dicendi
865 926 950 960 locus;

161 971 214 998 hoc
226 971 314 999 solum
331 971 460 999 docuisse
474 971 601 1003 suﬂiciat.
630 971 714 999 Deum
740 979 801 999 esse
829 971 950 998 omnium

159 1017 343 1049 conditorem,
357 1017 421 1052 quia
436 1025 525 1052 neque
550 1017 574 1045 si
601 1017 719 1045 solidum
746 1023 773 1044 et
797 1024 951 1044 connexum

160 1064 212 1091 fuit
223 1070 361 1099 eorpusex
375 1071 429 1099 quo
437 1063 555 1091 mundus
567 1063 783 1096 constat,dirimi
794 1067 821 1090 et
831 1062 951 1090 discerni

160 1111 220 1138 sine
233 1110 386 1142 conditore,
394 1117 483 1145 neque
490 1109 512 1137 si
521 1118 555 1137 ex
567 1109 683 1138 diversis
694 1109 855 1138 etdiscretis
866 1110 950 1144 parti-

160 1156 212 1184 bus
224 1157 253 1183 in
270 1165 354 1183 unum
362 1156 505 1184 collectum
512 1160 565 1188 est,
573 1156 732 1191 congregari
744 1161 769 1184 et
775 1157 883 1184 misceri
891 1156 951 1183 sine

160 1202 266 1230 artiﬁce
286 1203 384 1237 potuit.
401 1202 487 1238 Igitur
501 1202 524 1230 si
549 1201 642 1229 mundi
658 1202 786 1230 conditor
801 1201 872 1230 Deus
888 1209 950 1229 esse

160 1251 217 1274 tam
232 1248 372 1275 evidenter
387 1247 551 1280 ostenditur,
576 1248 622 1282 qui
648 1248 700 1276 erit
728 1247 846 1283 Epicuro
871 1247 949 1275 locus

161 1292 351 1320 introducendi
369 1297 485 1325 atomos,
501 1297 528 1321 et
539 1293 680 1321 assercndi
693 1293 766 1328 quod
790 1301 823 1321 ex
849 1301 949 1328 corpu-

160 1338 245 1366 sculis
261 1339 469 1366 insensibilibus
485 1346 540 1366 non
553 1339 640 1367 solum
654 1339 795 1366 sensibilia
820 1345 946 1374 corpora,

160 1383 208 1410 sed
222 1387 249 1410 et
260 1388 365 1411 mentes
380 1383 579 1412 intellectuales
591 1391 624 1410 ac
640 1383 789 1411 rationales
805 1383 888 1410 ﬁant?

194 1427 276 1456 XVII.
298 1428 350 1456 Sed
365 1429 489 1460 dices,ut
504 1429 620 1464 Epicuro
629 1430 717 1457 visum
729 1433 785 1457 est:
797 1428 948 1456 Continua-

159 1474 250 1502 tiones
264 1479 417 1502 atomorum
429 1474 593 1503 indesinenti
609 1483 693 1503 cursu
703 1475 882 1507 venientium,
898 1483 948 1510 per

160 1519 294 1547 immensa
308 1523 335 1548 et
350 1521 410 1548 sine
422 1521 474 1548 line
489 1525 612 1556 tempora
628 1521 802 1549 miscentium
817 1528 847 1548 se
865 1525 947 1556 atque

160 1565 188 1592 in
200 1573 284 1592 unum
301 1566 532 1601 oonglohantium,
549 1574 665 1602 corpora
680 1567 766 1595 solida
781 1566 944 1594 ciliciuntur.

160 1610 220 1638 Non
230 1611 310 1639 venio
321 1612 354 1639 ad
367 1612 435 1644 hac.
450 1616 480 1639 ut
491 1620 547 1640 rem
560 1612 710 1640 fabulosam
722 1617 750 1641 et
766 1613 857 1648 inepte
871 1619 949 1640 com-

160 1658 276 1692 positam
292 1658 398 1692 dieam;
425 1659 567 1686 videamus
590 1659 677 1695 magis
704 1659 727 1687 si
756 1659 947 1694 qualecunque

160 1702 233 1730 istud
251 1707 308 1735 est,
325 1707 415 1738 potest
426 1708 500 1732 stare
517 1703 592 1739 quod
622 1704 732 1733 dicitur.
764 1704 847 1732 Aiunt
873 1703 945 1732 enim

158 1749 322 1783 corpuscula
336 1749 394 1784 ipsa
408 1757 470 1785 quae
481 1753 588 1778 atomos
599 1751 736 1786 appellant
748 1751 816 1786 (62),
829 1750 946 1779 diversis

158 1801 221 1821 esse
234 1794 425 1828 qualitatibus,
441 1801 468 1824 et
482 1797 535 1824 alia
551 1797 662 1832 quidem
678 1796 790 1823 humida
803 1800 832 1824 et
845 1796 881 1824 ob
893 1796 946 1824 hoc

159 1840 253 1874 gravia
264 1847 296 1868 ac
309 1841 437 1869 deorsum
452 1843 600 1875 tendentia,
613 1842 666 1870 alia
678 1848 743 1870 vero
756 1842 832 1870 arida
847 1847 874 1870 et
888 1846 946 1870 ter-

160 1893 225 1913 rena
238 1890 320 1922 atque
334 1888 369 1915 ob
381 1888 433 1916 hoc
444 1889 623 1917 nihilominus
644 1889 736 1925 gravia
749 1910 756 1922 ,
783 1889 837 1916 alia
853 1892 944 1916 autem

160 1931 239 1966 ignea
254 1937 281 1960 et
296 1933 332 1960 ob
347 1934 398 1961 hoc
411 1942 520 1962 sursum
535 1943 644 1970 semper
656 1935 780 1966 nitentia.
799 1935 850 1962 alia
879 1943 944 1963 vero

159 1976 258 2012 frigida
273 1983 300 2005 et
314 1979 350 2006 ob
363 1979 413 2006 hoc
427 1980 503 2015 pigra
518 1984 545 2008 et
561 1989 668 2016 semper
679 1981 779 2009 media.
801 1980 944 2014 Quomodo

157 2030 223 2058 ergo
238 2031 300 2051 cum
313 2025 365 2051 alia
382 2033 488 2060 semper
499 2034 608 2054 sursum
622 2027 734 2054 tendant
747 2031 840 2062 utpote
853 2027 942 2062 ignea,

157 2070 249 2097 ctalia
266 2077 374 2105 semper
401 2071 530 2099 deorsum
559 2077 651 2107 utpote
666 2072 778 2099 humida
803 2078 831 2101 et
855 2073 943 2107 arida,

158 2114 211 2141 alia
224 2123 288 2143 vero
304 2116 393 2144 media
408 2119 434 2143 et
451 2124 504 2144 non
520 2117 617 2152 aequali
628 2123 710 2144 cursu
722 2117 858 2149 incedant,
869 2117 944 2146 coire

157 2159 240 2187 simul
255 2165 404 2196 potuerunt
413 2166 440 2189 et
455 2170 537 2190 umlm
555 2165 655 2196 corpus
673 2161 798 2190 eiIicere?
826 2161 855 2189 Si
880 2162 943 2197 quis

961 1541 982 1570 C

1003 922 1083 949 modo
1104 930 1158 949 non
1181 924 1258 958 prius
1277 931 1358 958 quam
1375 924 1465 959 colligi
1481 929 1575 959 posset
1600 929 1628 952 et
1648 924 1799 954 concludi,

1002 969 1123 1004 dilapsus
1138 973 1181 998 est
1196 974 1223 997 et
1236 970 1405 998 dissolutus?
1419 971 1458 998 Ad
1477 971 1534 998 haec
1558 972 1640 998 etiam
1661 971 1733 998 illud
1756 980 1804 998 re-

1001 1015 1092 1049 quiro,
1109 1016 1181 1050 quod
1193 1015 1229 1042 sit
1243 1016 1397 1047 munimen,
1411 1023 1493 1052 super
1503 1017 1575 1052 quod
1587 1022 1641 1043 tam
1653 1018 1804 1044 immensa:

1001 1061 1081 1089 molis
1094 1061 1167 1096 jacta
1186 1061 1241 1089 sint
1253 1061 1449 1089 fundamenta?
1462 1062 1495 1090 Et
1505 1071 1602 1090 rursus
1618 1063 1686 1089 illud
1705 1063 1801 1098 ipsum

1001 1106 1074 1141 quod
1090 1107 1194 1135 dixeris
1209 1109 1358 1140 munimen,
1375 1116 1460 1144 super
1474 1109 1538 1144 quid
1553 1109 1662 1143 jaceat?
1677 1108 1713 1135 Et
1731 1109 1802 1136 item

1001 1153 1067 1181 illud
1081 1153 1165 1186 aliud,
1174 1161 1257 1190 super
1266 1155 1349 1189 quid?
1359 1159 1386 1182 et
1397 1163 1518 1190 eousque
1525 1155 1724 1190 interrogando
1732 1163 1803 1190 pro-

1000 1199 1117 1234 grediar.
1130 1200 1216 1227 donec
1228 1200 1368 1235 responsio
1377 1199 1410 1227 ad
1425 1200 1491 1227 nihil
1500 1204 1528 1227 et
1540 1201 1621 1228 inane
1637 1201 1801 1236 perveniat.

1037 1243 1109 1272 XIX.
1130 1245 1209 1278 Quod
1224 1245 1247 1272 si
1274 1245 1349 1272 dicat
1376 1246 1477 1280 aliquis
1489 1265 1497 1277 ,
1513 1246 1578 1280 quia
1592 1246 1676 1273 atomi
1705 1246 1800 1280 igneae

1000 1291 1141 1327 qualitatis
1156 1292 1312 1326 conjuncta
1323 1292 1374 1319 sibi
1390 1299 1491 1326 corpus
1504 1299 1589 1318 unum
1611 1291 1753 1323 fecerunt,
1771 1297 1801 1318 et

998 1337 1062 1371 quia
1077 1337 1148 1372 ignis
1159 1337 1279 1372 qualitas
1289 1345 1344 1364 non
1360 1336 1487 1364 deorsum
1503 1336 1549 1364 sed
1563 1344 1674 1363 sursum
1692 1336 1799 1368 tendit,

999 1381 1153 1417 impositam
1165 1383 1259 1410 mundi
1271 1383 1369 1410 molem
1378 1382 1412 1410 ad
1423 1383 1565 1418 superiora
1577 1390 1689 1418 semper
1701 1383 1801 1410 nitens

998 1428 1067 1464 ignis
1074 1433 1170 1456 natura
1179 1430 1336 1463 subvectat;
1349 1430 1381 1457 ad
1391 1430 1448 1457 haec
1456 1429 1686 1464 respondebimus
1698 1439 1704 1456 :
1719 1429 1799 1462 Quo-

997 1475 1078 1502 modo
1090 1479 1238 1510 potuerunt
1246 1476 1328 1502 atomi
1343 1476 1430 1511 ignea:
1441 1475 1594 1511 qualitatis,
1607 1483 1669 1510 quae
1682 1483 1799 1510 semper

999 1520 1031 1547 ad
1041 1521 1184 1555 superiora
1203 1521 1392 1553 contendunt,
1409 1521 1438 1548 in
1459 1520 1589 1548 inferiora
1610 1520 1799 1553 descendere,

999 1571 1025 1594 ct
1037 1567 1064 1594 in
1080 1567 1216 1603 profundo
1229 1575 1261 1594 ac
1278 1567 1330 1595 sub
1344 1567 1435 1595 omnia
1447 1567 1572 1595 demerso
1583 1568 1705 1595 inveniri
1720 1569 1800 1596 loco?

998 1611 1066 1640 Cum
1082 1612 1177 1647 utique
1197 1612 1338 1648 graviores
1358 1620 1473 1647 quaeque
1485 1632 1493 1645 ,
1514 1613 1540 1640 id
1553 1617 1596 1641 est
1616 1616 1740 1641 terrena:
1752 1615 1799 1641 vel

998 1657 1115 1685 humidae
1130 1658 1278 1693 qualitates
1289 1659 1465 1693 pmveniant,
1475 1662 1505 1685 ut
1516 1658 1649 1690 diximus.
1660 1659 1798 1691 leviora,

998 1704 1070 1733 unde
1083 1708 1110 1733 et
1121 1705 1220 1733 cmlum
1237 1706 1311 1732 velut
1337 1705 1508 1740 superiorum
1536 1705 1671 1732 fabricam
1702 1707 1799 1741 igneis

998 1751 1109 1784 atomis,
1126 1759 1187 1787 qua:
1199 1756 1226 1778 et
1241 1751 1358 1779 leviores
1373 1756 1475 1780 suntet
1489 1759 1599 1779 sursum
1613 1760 1729 1787 semper
1747 1753 1795 1780 l'uL

997 1798 1086 1834 giunt,
1098 1803 1227 1825 asserunt
1241 1801 1385 1825 structam.
1402 1796 1496 1832 Neque
1517 1804 1584 1831 ergo
1607 1796 1796 1824 fundamenta

996 1844 1068 1879 ignis
1082 1848 1130 1871 aut
1149 1844 1200 1870 alia
1226 1844 1280 1871 ulla
1295 1844 1398 1871 habere
1423 1842 1542 1870 mundus
1572 1847 1675 1877 potest,
1702 1851 1798 1878 neque

996 1890 1094 1917 atomis
1110 1888 1284 1925 gravioribus
1299 1896 1361 1916 cum
1379 1889 1539 1920 levioribus,
1555 1888 1582 1915 id
1600 1893 1644 1916 est
1658 1889 1706 1917 bis
1730 1898 1795 1925 qua

995 1935 1124 1963 deorsum
1145 1942 1254 1970 semper
1272 1934 1480 1970 prmeipitantur
1499 1939 1526 1961 et
1542 1935 1586 1962 his
1597 1943 1661 1970 qua:
1675 1943 1795 1970 semper

995 1987 1105 2009 sursum
1118 1980 1236 2016 fugiunt,
1248 1981 1365 2008 societas
1380 1985 1428 2007 aut
1438 1980 1641 2015 compaginatio
1652 1981 1712 2008 ulla
1723 1989 1793 2009 con-

994 2026 1094 2053 veniat.
1124 2026 1209 2061 Igitur
1234 2025 1306 2061 quod
1325 2026 1493 2060 impossibile
1517 2027 1552 2054 sit
1566 2033 1601 2053 ex
1625 2031 1788 2055 atomorum

993 2070 1188 2104 conjunctione
1209 2077 1324 2106 corpora
1350 2071 1445 2098 mundi
1462 2071 1586 2105 solidari,
1616 2072 1788 2102 suﬁicieuter

994 2115 1108 2147 dictum,
1124 2118 1151 2142 et
1163 2115 1236 2150 quod
1245 2123 1301 2142 non
1315 2116 1454 2151 potuerint
1465 2116 1639 2144 insensibilia
1655 2125 1787 2153 corpora,

993 2160 1099 2188 etiamsi
1114 2161 1169 2187 ulla
1192 2161 1300 2189 ratione
1321 2161 1396 2189 coire
1417 2165 1446 2189 et
1466 2163 1593 2189 connecti
1616 2164 1787 2198 potuissent,

156 2205 230 2231 enim
260 2205 295 2233 de
319 2207 518 2241 superioribus,
535 2207 611 2235 verbi
632 2208 717 2242 gratia
742 2208 941 2236 minutissimas
957 2208 980 2236 D
994 2205 1095 2234 formas
1110 2207 1176 2234 dare
1191 2207 1362 2242 οοΐροΐὶὓυδι
1378 2211 1405 2235 ει
1419 2215 1574 2242 mensuras:
1592 2210 1721 2237 membri
1739 2211 1790 2238 ﬁn-

156 2250 261 2285 paleas,
276 2254 303 2278 et
317 2251 350 2278 ad
370 2252 492 2280 eamdem
521 2252 735 2288 magnitudinem
764 2252 942 2280 minutissimi

158 2295 261 2330 plumbi
273 2297 423 2331 particulas
434 2296 560 2324 deorsum
574 2297 669 2332 jaciat,
681 2297 804 2332 nunquid
815 2301 942 2332 poterunt

155 2341 283 2375 quamvis
309 2343 427 2377 aequales
453 2343 509 2370 sint
535 2343 733 2377 magnitudine,
763 2343 835 2371 leves
859 2343 943 2378 paleae

156 2391 249 2423 partes
268 2389 371 2423 plumbi
387 2389 536 2424 particulas
549 2389 702 2424 consequi?
718 2389 798 2424 longe
809 2389 882 2416 enim
894 2396 942 2416 ve—

155 2433 244 2461 locius
257 2434 292 2461 ad
315 2434 399 2461 imum
425 2435 551 2470 graviora
570 2435 742 2470 perveniunt.
774 2435 812 2462 Ita
835 2442 900 2470 ergo
916 2438 943 2462 et

155 2479 250 2511 atomi,
273 2479 381 2508 etiamsi
402 2481 585 2515 magnitudine
601 2481 719 2515 aequales
731 2480 796 2514 sint,
824 2480 943 2515 pondere

155 2529 249 2552 tamen
260 2526 418 2560 inaequales.
432 2534 571 2561 nunquam
583 2531 709 2561 poterunt
720 2535 780 2562 qua:
796 2527 867 2554 leves
879 2531 943 2554 sunt

155 2571 287 2605 consequi
302 2572 456 2606 graviores;
470 2571 543 2605 quod
559 2572 582 2598 si
598 2572 729 2606 consequi
742 2580 795 2599 non
813 2576 939 2607 possunt,

153 2615 217 2644 sine
231 2616 315 2644 dubio
325 2625 376 2645 nec
391 2617 500 2644 misceri
513 2625 563 2645 nec
579 2624 679 2652 corpus
689 2617 808 2645 efﬁcere.

192 2660 285 2690 XVIII.
302 2661 371 2690 Tum
393 2662 494 2691 deinde.
508 2663 530 2690 si
559 2662 745 2691 indesinenter
767 2663 895 2691 feruntur
913 2667 940 2691 et

993 2259 1069 2287 gere,
1083 2252 1126 2279 vel
1140 2253 1286 2287 qualitates
1302 2252 1422 2286 efﬁcen,
1439 2254 1483 2281 vel
1501 2255 1658 2289 exprimere
1672 2258 1789 2292 quanti-

993 2301 1082 2331 tates;
1098 2306 1160 2343 qm?
1171 2298 1266 2333 utique
1279 2301 1371 2326 omnia
1385 2299 1574 2328 modulatione
1595 2302 1655 2333 sui,
1671 2311 1787 2330 [nanum

994 2347 1128 2371 testantur
1141 2344 1254 2371 artilicis
1269 2348 1295 2370 et
1310 2351 1379 2379 opus
1395 2346 1510 2373 rationis
1525 2347 1686 2379 ostendunt,
1701 2358 1786 2384 quant

993 2389 1127 2416 rationem
1143 2396 1194 2423 ego
1205 2387 1323 2420 Vedium
1337 2393 1364 2415 et
1380 2389 1462 2416 Deum
1481 2391 1599 2425 appello.

1029 2432 1088 2460 XX.
1106 2432 1159 2460 Sed
1173 2433 1247 2460 dicet
1260 2433 1359 2468 aliquis
1371 2433 1428 2461 haec
1440 2442 1454 2460 a
1468 2440 1565 2462 natura
1579 2435 1651 2465 ﬁeri.
1678 2436 1742 2464 Jam
1759 2439 1786 2465 in

993 2478 1046 2506 hoc
1058 2478 1092 2506 de
1102 2478 1212 2506 nomine
1227 2479 1414 2506 controversia
1429 2484 1482 2508 est.
1497 2481 1565 2509 Cum
1578 2482 1653 2509 enim
1675 2489 1785 2512 constet

993 2525 1093 2552 mentis
1107 2532 1169 2553 esse
1180 2529 1206 2552 et
1217 2526 1332 2552 rationis
1346 2532 1426 2560 opus,
1452 2526 1505 2553 hoc
1519 2528 1591 2561 quod
1607 2532 1638 2554 tu
1654 2531 1783 2557 naturam

992 2578 1085 2603 vocas,
1102 2579 1151 2606 ego
1162 2571 1247 2598 Deum
1264 2572 1433 2599 conditorem
1444 2581 1530 2607 voco;
1542 2579 1653 2602 constat
1669 2583 1723 2603 nec
1736 2584 1784 2610 po-

992 2618 1079 2645 tuisse
1093 2625 1144 2645 nec
1161 2625 1241 2652 posse
1256 2618 1298 2646 vel
1312 2626 1457 2653 corporum
1477 2621 1583 2655 species
1603 2626 1660 2648 tam
1682 2630 1781 2649 neces-

994 2664 1074 2691 sariis
1088 2664 1311 2691 distinctionibus
1326 2664 1478 2698 institutas,
1494 2666 1536 2693 vel
1550 2667 1708 2695 animorum
1720 2675 1781 2696 sen-

805 2732 987 2760 COTELERII
1005 2732 1121 2760 ΝΟΤῙΕ.

191 2798 248 2837 ςβῖ)
267 2799 437 2837 AiunLenim
457 2803 612 2836 corpuscula
626 2810 682 2836 ipsa
697 2810 754 2836 qua
769 2807 870 2830 atomos
891 2811 938 2837 ap-

155 2834 267 2868 ριιιωιι.
277 2838 332 2864 etc.
343 2834 403 2865 Non
416 2836 470 2865 hoc
484 2834 591 2865 diccbat
601 2834 756 2875 Epicurus;
772 2837 827 2866 imo
840 2834 938 2866 atomis

989 2802 1129 2871 ghgﬁlsmt
1153 2803 1323 2832 solummodo
1343 2804 1457 2840 ﬁguram
1472 2825 1480 2839 ,
1498 2805 1726 2842 magnitudinem
1754 2810 1780 2837 et
