1873 3095
37 112 108 141 1581

647 110 934 140 RECOGNITIONUM
954 112 1017 139 LIB.
1033 111 1101 140 VIII.

1608 99 1684 143 isse

37 179 100 204 sus.
121 171 309 199 irrationabili
321 179 404 207 opere
413 176 441 200 et
452 171 526 207 quod
543 179 624 199 senSu
640 175 733 199 careat
752 171 833 199 edici.
849 176 872 203 Α
923 170 1005 199 XXII.
1036 170 1089 198 Sed
1112 179 1145 198 ne
1169 170 1204 198 de
1222 170 1265 199 his
1287 179 1347 206 quae
1366 179 1421 199 non
1433 172 1562 201 omnibus
1586 174 1675 208 palam

35 217 120 250 Quod
135 218 159 244 si
173 217 263 245 idonei
277 217 326 245 tibi
344 221 428 246 testes
442 219 569 246 videntur
579 217 744 253 philosophi.
758 217 835 244 Plato

33 265 68 292 de
84 265 132 293 his
147 263 267 293 testatur
279 266 305 293 in
318 265 418 293 Timwo
434 266 502 303 (6'5),
518 267 563 294 ubi
579 267 613 293 de
627 266 835 294 mundil‘actura

33 309 198 339 discutiens
224 312 352 346 requirit,
371 316 528 338 utrumnam
549 319 657 347 semper
685 311 782 343 fuerit,
800 319 834 339 an

32 356 148 383 initium
166 358 327 392 sumpserit.
342 361 369 385 et
389 358 548 394 pronuntiat
573 358 637 393 quia
664 357 752 385 factus
768 358 805 385 sit
824 366 831 383 :

32 400 167 430 Visibilis
185 403 269 435 enim,
285 403 385 438 inquit,
402 407 445 431 est
458 407 486 432 et
509 404 654 439 palpabilis
670 408 754 435 atque
768 411 833 431 cor-

29 454 152 482 poreus,
172 448 264 476 omnia
279 453 370 476 autem
385 457 446 484 qua:
474 449 632 484 hujusmodi
660 453 734 481 sunt,
761 448 832 476 facta

27 501 94 521 esse
114 498 247 528 constat;
262 495 336 530 quod
352 499 443 523 autem
461 495 562 522 factum
578 499 630 527 est,
646 496 764 531 aliquem
779 495 831 522 ha-

26 539 75 566 bet
99 540 167 567 sine
182 540 265 568 dubio
280 545 420 568 auctorem
431 561 439 573 ,
455 549 471 568 a
486 549 541 576 quo
558 541 660 569 factum
675 547 727 570 est.
753 542 831 570 Hunc

23 594 107 620 ergo,
123 587 230 621 inquit,
249 587 380 614 factorem
391 592 585 623 parentemque
599 588 731 619 omnium.
745 592 773 616 et
787 589 830 616 in-

24 633 128 660 venire
141 633 253 661 dillicile
272 637 313 660 est
324 638 351 660 ct
375 634 516 661 inventum
533 635 614 670 vulgo
629 643 760 663 enarrare
779 636 831 663 im-

23 679 181 712 possibile.
198 679 261 706 Haec
285 679 395 714 quidem
416 679 494 707 Plato
510 680 596 714 dicit;
613 681 662 708 sed
685 685 712 708 et
733 682 757 708 si
773 681 830 716 ipse

22 725 136 759 aliique
155 724 313 752 Graecorum
331 726 486 761 philosophi
503 726 537 753 de
553 726 658 754 factura
680 727 774 754 mundi
792 727 830 755 si»

22 770 83 798 lere
100 771 272 803 voluissent,
290 779 382 799 nonne
398 773 527 800 omnibus
544 773 712 801 intellectum
725 774 829 801 haben-

22 817 104 844 tibus
132 817 226 851 palam
257 817 349 845 esset?
363 817 430 850 Quis
446 819 520 845 enim
548 822 591 846 est
620 819 711 852 exigui
730 820 827 846 saltem

887 221 963 249 sunt,
977 218 1081 244 incerta
1094 217 1219 244 videatur
1230 219 1358 249 assertio,
1371 217 1405 244 ad
1420 225 1451 245 ea
1462 219 1604 247 veniamus
1615 228 1676 255 quae

887 264 1022 290 neminem
1039 264 1135 290 latent.
1150 262 1217 295 Quis
1226 268 1360 290 astrorum
1370 271 1468 291 cursus
1481 268 1555 291 tanta
1569 266 1677 294 ratione

885 309 1033 344 disposuit,
1051 312 1184 344 ortusque
1195 317 1291 336 eorum
1306 313 1333 336 et
1343 317 1460 336 occasus
1470 309 1598 342 instituit.
1615 319 1676 338 cer-

885 355 975 390 tisque
998 359 1026 382 et
1054 355 1193 383 demensis
1215 355 1385 389 temporibus
1408 355 1557 391 unicuique
1583 361 1676 384 tenere

885 402 948 429 coeli
963 402 1097 428 ambitum
1113 401 1208 429 dedit?
1223 401 1291 434 Quis
1302 401 1335 428 ail
1349 409 1477 430 occasum
1492 402 1553 430 aliis
1568 410 1676 437 semper

884 448 1006 479 tendere,
1023 447 1085 474 aliis
1101 448 1184 474 etiam
1199 447 1288 475 redire
1303 448 1329 474 in
1345 452 1436 474 ortum
1449 448 1591 482 permisit?
1607 448 1676 481 Quis

884 493 1016 527 imposuit
1029 492 1139 519 modum
1156 492 1286 519 cursibus
1301 492 1378 524 solis,
1392 496 1421 519 ut
1437 493 1519 520 horas
1531 496 1559 520 et
1573 493 1632 520 dies
1647 496 1676 520 et

883 546 992 566 menses
1006 542 1034 565 et
1051 542 1206 573 temporum
1220 538 1425 566 vicissitudines
1449 539 1568 566 diversis
1591 540 1675 566 moti—

882 583 934 611 bus
948 584 1055 619 signet,
1071 587 1098 610 et
1113 590 1187 610 nunc
1209 583 1326 610 hiemem
1339 603 1346 615 .
1371 583 1435 610 inde
1456 591 1515 617 ver,
1533 589 1654 612 aestatem
1665 605 1674 617 ,

882 633 944 663 post
956 635 983 655 et
995 632 1155 655 autumnum
1167 632 1242 655 certa
1254 635 1354 655 cursus
1370 629 1413 655 sui
1429 628 1601 656 dimensione
1617 629 1676 656 dis-

882 678 995 706 cernat,
1036 678 1064 702 et
1088 682 1197 709 semper
1224 675 1327 702 eisdem
1363 675 1468 702 vicibus
1493 676 1557 702 anni
1580 676 1675 703 orbein

881 720 1027 748 inconfusa
1049 721 1183 748 varietate
1207 721 1404 757 constringat?
1431 721 1516 755 Quis,
1545 723 1673 757 inquam,

881 767 949 794 tanti
963 767 1069 794 ordinis
1092 766 1322 798 moderatricem,
1348 775 1404 794 non
1427 767 1517 802 ipsam
1539 766 1586 794 Dei
1610 775 1674 801 pro-

880 813 988 841 nuntiet
1002 813 1188 848 sapientiam?
1203 812 1236 839 Et
1251 813 1308 840 ha:c
1330 813 1441 848 quidem
1459 814 1610 841 secundum
1628 815 1674 842 illa

21 870 132 890 sensus
147 862 245 895 homo,
260 863 306 898 qui
330 871 392 890 cum
408 866 503 890 cernat
518 863 630 891 domum
651 864 743 891 omnia
765 873 826 899 qua;
841 859 862 886 Β
876 859 956 886 nobis
971 859 1046 886 dicta
1059 859 1127 890 sint.
1139 866 1200 894 quae
1214 859 1248 886 de
1261 859 1432 887 excelsorum
1447 859 1602 895 disciplinis
1617 864 1675 887 tra-

20 907 56 934 ad
75 915 152 935 usus
166 908 323 935 neces‘saria
336 912 401 936 sunt
417 908 573 941 habentem,
590 909 670 944 cujus
691 917 827 937 cameram

19 952 48 978 in
65 952 192 987 sphaera:
202 960 296 988 gyrum
307 954 401 982 videat
428 955 583 987 collectam,
612 962 728 990 eamque
751 955 829 982 vario

17 997 183 1031 splendore
198 1002 225 1025 et
240 998 356 1027 diversis
369 999 535 1035 imaginibus
544 999 692 1034 depictam,
709 1000 828 1027 lumina-

17 1043 107 1070 ribus
124 1043 275 1078 praecipuis
298 1049 325 1072 et
341 1045 468 1072 maximis
485 1045 666 1079 adornatam;
686 1045 761 1080 quis,
785 1046 829 1073 in-

15 1097 125 1124 quam,
155 1094 210 1122 est,
238 1092 286 1127 qui
312 1091 616 1127 hujusmodifabriCum
642 1093 748 1125 videns,
772 1100 827 1120 non

15 1136 121 1162 statim
144 1138 303 1172 pronuntiet
326 1145 342 1165 a
360 1139 566 1173 sapientissimo
581 1142 608 1166 et
633 1139 828 1174 potentissimo

15 1181 137 1210 artiﬁce
163 1183 369 1211 constructam?
385 1183 417 1210 Et
442 1185 480 1211 ita
493 1185 556 1221 quis
584 1185 740 1213 invenietur
758 1186 827 1213 insi-

15 1230 120 1264 piens,
142 1232 174 1256 ut
188 1237 250 1256 cum
263 1230 326 1257 cteli
335 1237 406 1265 opus
422 1230 563 1266 inspiciat,
575 1231 748 1266 splendorem
760 1233 827 1261 solis

14 1278 126 1302 cernat
141 1281 174 1301 ac
190 1274 271 1306 lunae,
289 1278 428 1302 astrorum
444 1282 544 1302 cursus
560 1279 587 1302 et
598 1276 703 1310 species
719 1280 746 1303 et
768 1276 827 1304 vias

14 1321 113 1349 certis
130 1320 287 1348 rationibus
296 1324 323 1348 et
333 1321 504 1356 temporibus
515 1321 607 1349 videat
616 1321 755 1354 deliuitas,
772 1330 826 1350 non

14 1372 79 1394 tam
101 1374 117 1394 a
134 1367 258 1402 sapiente
273 1367 330 1394 haec
343 1367 450 1395 artiﬁce
464 1373 491 1395 et
504 1368 680 1401 rationabili,
697 1376 778 1404 quam
793 1369 827 1396 ab

15 1415 85 1449 ipsa
99 1413 240 1448 sapientia
253 1417 280 1441 et
296 1415 403 1441 ratione
421 1414 520 1441 clamet
536 1414 651 1441 eﬂ‘ecta?

56 1459 138 1486 XXI.
153 1458 231 1492 Quod
245 1463 273 1487 et
283 1461 307 1487 si
321 1460 472 1488 secundum
487 1461 555 1488 alios
565 1460 724 1488 Graecorum
737 1461 826 1497 philo-

14 1505 133 1540 sophos
153 1505 248 1532 audire
262 1505 314 1536 vis,
330 1508 358 1532 et
374 1506 543 1533 mechanicis
558 1506 682 1533 imbutus
697 1515 727 1534 es
741 1507 825 1534 disci-

14 1552 124 1587 plinis,
142 1550 175 1578 de
187 1551 303 1579 excelsis
314 1559 374 1586 quae
385 1552 544 1584 traduntur,
559 1560 612 1579 non
627 1557 653 1580 te
667 1553 728 1581 sine
741 1553 825 1581 dubio

14 1598 128 1625 latent.
147 1596 256 1624 Ponunt
273 1597 345 1624 enim
373 1597 508 1632 sphaeram
523 1599 667 1633 aequaliter
690 1606 723 1626 ex
750 1600 824 1626 omni

17 1648 108 1680 parte
124 1643 280 1674 collectam,
289 1647 317 1671 et
331 1643 364 1670 ad
376 1644 468 1671 omnia
478 1644 606 1672 similiter
618 1645 823 1680 respicientem,

15 1693 113 1724 atque
125 1695 143 1714 a
154 1692 250 1715 centro
259 1691 340 1715 terrai
353 1689 440 1724 aquis
453 1689 552 1724 spatiis
565 1689 736 1722 distinctam,
751 1691 826 1726 ipsa-

15 1743 80 1771 que
95 1734 142 1762 sui
157 1733 313 1768 aequalitate
333 1734 369 1761 ita
385 1734 523 1768 stabilem,
541 1740 570 1762 ut
584 1743 645 1763 eam
670 1736 698 1763 in
719 1737 824 1764 nullam

14 1785 137 1818 partem
165 1780 304 1808 declinare
323 1780 447 1817 undique
465 1782 607 1817 aequalitas
631 1782 747 1810 collecta
762 1790 825 1818 per-

15 1827 141 1859 mittat;
157 1829 184 1852 et
199 1825 238 1853 ita
251 1833 266 1853 a
282 1826 359 1854 nullo
379 1827 539 1855 fulcimento
557 1828 688 1855 subvecta
713 1832 825 1855 susten-

15 1877 106 1902 tatur
122 1873 240 1908 sphaera.
255 1873 332 1906 Quod
348 1873 371 1901 si
383 1881 447 1901 vere
463 1874 533 1901 hanc
550 1874 651 1902 habeat
668 1874 827 1902 similitudi-

16 1927 93 1948 nem
107 1919 204 1946 mundi
224 1919 362 1952 machina,
379 1919 492 1947 evidens
506 1923 549 1947 est
574 1927 644 1955 opus
657 1920 685 1947 in
703 1927 735 1948 ea
755 1920 827 1947 divi-

18 1973 97 1994 num
123 1965 152 1992 Si
169 1973 244 1996 vero.
255 1969 284 1992 ut
299 1965 361 1992 aliis
369 1966 458 1992 visum
470 1969 522 1995 est.
539 1972 622 2000 super
635 1973 722 2000 aquas
736 1967 824 2000 posita

18 2012 142 2048 sphaira
160 2011 218 2046 (64)
233 2011 274 2038 vel
288 2018 371 2046 super
384 2010 459 2046 ipsas
473 2010 570 2043 fertur,
584 2011 626 2038 vel
642 2012 668 2038 in
681 2011 749 2046 ipsis
764 2012 824 2038 vol-

17 2059 116 2090 vitur,
136 2058 219 2084 etiam
236 2057 276 2085 sic
301 2057 392 2093 magni
409 2057 438 2084 in
453 2064 486 2084 ea
500 2056 616 2085 artiﬁcis
639 2065 710 2092 opus
732 2058 825 2085 decla-

18 2108 120 2131 ratur.

881 905 985 932 duntur
999 912 1014 932 a
1029 905 1143 933 Graecis.

916 949 1012 977 XXIII.
1035 949 1106 983 Quid
1121 954 1213 978 autem
1227 950 1301 977 etde
1314 950 1374 982 his,
1397 958 1458 985 quae
1478 951 1520 978 vel
1541 951 1568 978 in
1589 952 1673 980 terris

880 998 922 1025 vel
939 998 966 1024 in
982 998 1051 1024 mari
1068 997 1218 1025 videmus?
1236 1005 1329 1025 nonne
1348 997 1491 1025 evidenter
1513 998 1672 1030 edocemur,

879 1044 928 1072 Dei
947 1045 974 1071 in
987 1044 1031 1071 his
1045 1051 1101 1071 non
1122 1044 1210 1071 solum
1232 1051 1301 1078 opus
1320 1051 1397 1076 esse,
1414 1043 1462 1071 sed
1479 1048 1507 1070 et
1526 1044 1673 1079 providen-

879 1090 968 1117 tiam?
980 1089 1049 1116 Nam
1062 1089 1136 1125 quod
1151 1089 1178 1116 in
1195 1095 1268 1117 terra
1283 1093 1389 1117 montes
1401 1090 1503 1118 excelsi
1516 1090 1572 1125 (65)
1588 1092 1673 1118 certis

879 1136 1035 1171 quibusque
1051 1136 1188 1163 habentur
1204 1136 1231 1163 in
1248 1136 1316 1163 locis
1327 1156 1335 1168 ,
1351 1140 1382 1163 ut
1394 1145 1427 1164 ex
1442 1137 1485 1164 his
1500 1137 1574 1164 velut
1596 1144 1672 1164 com-

879 1190 992 1217 pressus
1003 1186 1032 1210 et
1046 1185 1247 1217 coangustatus
1261 1189 1309 1209 aer
1322 1183 1499 1210 ordinatione
1517 1182 1565 1215 Dei
1588 1190 1673 1217 coga-

879 1232 923 1254 tur
937 1233 965 1255 et
978 1228 1151 1263 exprimatur
1165 1228 1193 1255 in
1208 1232 1306 1255 ventos
1316 1247 1324 1260 ,
1339 1236 1372 1256 ex
1387 1228 1489 1263 quibus
1512 1232 1538 1256 et
1561 1228 1671 1256 fructus

878 1282 989 1309 germen
1013 1274 1191 1309 concipiant,
1217 1278 1244 1301 et
1268 1274 1380 1302 aestivus
1404 1274 1488 1301 ardor
1513 1275 1672 1310 temperiem

878 1325 985 1353 sumat,
1009 1327 1072 1347 cum
1091 1319 1216 1347 Pleiades
1239 1320 1296 1356 (66)
1319 1321 1412 1355 ignitae
1433 1321 1501 1348 solis
1523 1321 1672 1348 ardoribus

879 1367 1082 1394 incanduerint.
1107 1366 1161 1394 Sed
1184 1367 1281 1394 dices:
1305 1367 1362 1394 Cur
1385 1371 1412 1395 et
1431 1367 1514 1394 ardor
1535 1368 1618 1400 solis,
1642 1372 1673 1394 nt

878 1414 1025 1449 temperies
1041 1413 1220 1448 requiratur?
1237 1413 1269 1440 Et
1283 1413 1422 1448 quomodo
1438 1413 1529 1448 fruges
1544 1413 1672 1441 humanis

878 1461 976 1488 usibus
989 1460 1153 1488 necessariae
1170 1459 1411 1487 maturescerent?
1427 1458 1481 1487 Sed
1497 1463 1524 1486 et
1539 1459 1606 1486 illud
1623 1459 1671 1486 ad-

877 1511 970 1538 verte,
999 1506 1072 1541 quod
1098 1505 1131 1533 ad
1147 1513 1226 1532 axem
1255 1505 1458 1538 meridianum,
1483 1505 1528 1532 ubi
1551 1505 1614 1540 plus
1630 1509 1673 1533 est

840 1537 860 1565 ϐ
879 1552 997 1580 caloris.
1014 1559 1070 1579 non
1087 1553 1172 1579 multa
1187 1551 1270 1579 datur
1283 1552 1398 1578 nubium
1414 1552 1599 1586 constipatio,
1619 1559 1672 1579 nec

880 1597 1025 1625 abundans
1057 1597 1137 1632 copia
1166 1597 1294 1623 imbrium
1328 1596 1464 1628 funditur,
1492 1605 1527 1624 ne
1557 1597 1672 1624 morbus

877 1644 1066 1671 habitantibus
1086 1646 1255 1678 generetur;
1280 1643 1399 1670 humida:
1421 1643 1494 1670 enim
1520 1642 1624 1675 nubes,
1647 1643 1672 1670 si

875 1691 968 1718 calore
989 1690 1086 1725 rapido
1100 1693 1266 1724 coquantur,
1281 1697 1371 1717 aerem
1394 1695 1555 1725 corruptum
1575 1694 1603 1716 et
1623 1697 1672 1724 pc-

876 1737 1002 1765 stiferum
1027 1736 1155 1764 reddunt.
1182 1735 1236 1764 Sed
1260 1741 1288 1763 et
1313 1739 1386 1763 terra
1410 1736 1529 1763 calidum
1555 1736 1670 1764 imbrem

876 1783 1050 1818 suscipiens.
1066 1790 1120 1809 non
1135 1782 1304 1809 nutrimenta
1326 1782 1481 1817 segetibus.
1508 1781 1556 1810 sed
1577 1783 1671 1817 perni-

876 1829 945 1856 ciem
961 1827 1064 1864 przebet
1077 1836 1084 1860 ;
1100 1828 1128 1854 in
1142 1835 1198 1863 quo
1212 1827 1275 1862 quis
1289 1828 1398 1855 dubitat
1412 1835 1481 1862 opus
1496 1835 1558 1855 esse
1570 1827 1671 1854 divinat

876 1874 1058 1901 Providentiae
1072 1874 1084 1900 ?
1099 1873 1221 1908 Denique
1239 1873 1457 1909 Egyptus,quia
1474 1872 1639 1908 Ethiopicis
1654 1882 1670 1901 e

877 1921 968 1948 vicino
984 1919 1081 1955 ﬂagrat
1095 1919 1256 1951 ardoribus,
1279 1927 1314 1946 ne
1336 1919 1505 1947 insanabiles
1523 1923 1669 1953 corrupte-

878 1967 918 1994 las
931 1966 1003 1994 aeris
1027 1966 1156 1993 imbrium
1181 1966 1349 1993 necessitate
1375 1965 1551 2000 susciperet,
1579 1965 1669 1999 campi

878 2013 939 2048 ejus
961 2020 1015 2040 non
1036 2012 1156 2047 pluviam
1175 2012 1296 2040 nubibus
1316 2012 1517 2043 ministratam,
1540 2012 1589 2040 sed
1612 2016 1670 2039 ter-

877 2068 974 2087 renum
990 2058 1193 2094 quodammodo
1208 2059 1322 2086 imbrem
1337 2058 1398 2086 Nilo
1415 2058 1566 2086 inundante
1579 2059 1669 2087 susci-

878 2106 957 2141 piunt
974 2105 1043 2140 (67).

688 2204 876 2233 COTELERII
893 2205 1010 2234 NOTAE.

63 2303 128 2339 (63)
140 2301 180 2342 _l_n
198 2302 307 2342 Timeo.
324 2302 711 2342 Accipejntegmm_Platonis
724 2305 825 2338 locum,
843 2311 865 2339 D
878 2309 905 2333 et
918 2305 1020 2342 cmlum
1031 2313 1207 2342 empyraeum.

20 2347 87 2368 non
98 2339 211 2374 quidem
226 2343 256 2365 ut
267 2339 367 2366 citatur
378 2341 412 2367 ab
422 2339 549 2372 Eusebio,
562 2339 738 2373 Theodorito,
751 2341 827 2368 aliis-

18 2382 99 2410 que,
123 2374 170 2411 sed
184 2381 240 2411 quo
251 2375 340 2411 Amndo
348 2375 452 2411 legitur
467 2376 540 2411 apud
553 2376 642 2411 ipsum
660 2375 799 2403 Platonem
816 2385 825 2404 :

18 2408 169 2447 strnéov
185 2408 232 2436 οὖν
244 2409 280 2447 δὴ
295 2409 359 2447 περὶ
373 2408 455 2447 sibqu
471 2408 606 2446 (Ξιόσμὸυ)
623 2411 740 2447 πρῶτον,
758 2412 827 2447 ὅπερ

20 2445 175 2482 ῥτύκειται
191 2445 255 2482 περὶ
271 2445 372 2482 παντὸς
385 2446 414 2471 ὲν
426 2446 496 2482 ἀρχῇ
511 2445 566 2482 δεῖν
581 2445 701 2479 σκοτὲεῖν,
713 2445 825 2482 πότεροὺ

19 2480 61 2517 ἦν
82 2480 138 2517 det,
151 2480 286 2517 χενέσεως
302 2480 397 2517 γάρχὴν
422 2480 495 2516 ἔχων
507 2481 651 2517 posset”,
669 2482 685 2517 ἦ
704 2480 825 2516 γέγονέν,

19 2515 79 2557 ᾇπ*
92 2515 189 2557 ᾲρχῆς.
200 2523 273 2546 τινος
293 2515 457 2557 sapiamus);
479 2515 607 2557 I‘éyovsv'
621 2515 747 2557 Praescch
759 2517 824 2557 ¹Ῑὰρ,

19 2550 120 2581 ἁπτός
136 2550 166 2586 τέ
182 2551 246 2586 ἐστιν
257 2550 304 2576 καὶ
317 2550 398 2586 σῶμα
413 2551 482 2586 ἔχων
492 2560 498 2567 ·
512 2551 603 2578 πάντα
618 2552 647 2579 δὲ
658 2550 694 2579 ea
703 2550 825 2586 τοιαῦτὰ,

18 2585 152 2621 αἰσθητά
161 2593 168 2599 ·
178 2585 213 2624 τᾲ
226 2585 254 2612 δὲ
269 2585 396 2624 αἰσθῃεέὰ,
407 2585 469 2624 δόξῃ
482 2587 641 2624 νπεριληπςᾲ
658 2587 827 2624 μετ’-αἰσθή-

22 2596 167 2621 αισυητα-
178 2596 213 2611 τα
226 2596 254 2612 οε
269 2596 396 2621 αισυητα,
407 2596 469 2622 οοςῃ
485 2596 641 2649 πεὶιληπτα
656 2596 708 2649 get
730 2596 827 2624 αισυη-

22 2629 115 2665 σειως,
132 2620 281 2665 γιγγόμξνᾳ
298 2621 345 2665 asa}
360 2623 461 2665 γενηῖὰ
478 2623 520 2665 se,
532 2631 574 2658 νη.
597 2622 642 2665 Τῷ
672 2624 678 2633 ‘
694 2621 727 2649 αὖ
744 2631 828 2665 ⁵γενο-

50 2657 109 2693 ένῳ
121 2655 220 2693 {pays},
232 2656 277 2682 ὑπ’
286 2656 373 2693 αἰτίου
387 2655 459 2688 mag
473 2655 595 2693 ἀύάγτξην
609 2655 679 2684 εἶναι
690 2655 825 2692 γενέὰθαι.

50 2666 109 2691 ενῳ
121 2666 220 2690 φαμεν,
232 2666 270 2682 υπ
286 2666 373 2683 αιτιου
387 2666 459 2688 τινος
473 2666 595 2693 αναγκην
609 2666 679 2684 ειναι
690 2666 824 2692 γενεσυαι.

23 2666 84 2728 ιέῥν
103 2691 154 2726 μὲν
170 2689 217 2728 οὖν
232 2691 347 2727 ποιητὴν
359 2693 415 2728 ἓκαὶ
440 2693 545 2728 πατέρα
560 2692 636 2719 τοῦδε
651 2693 700 2720 τοῦ
714 2694 824 2727 παντὸς,

25 2727 127 2788 ἓρεῖν
150 2734 180 2752 τε
195 2726 301 2762 .lp‘yov,
323 2726 370 2753 καὶ
383 2726 564 2763 εὑρόνταςείς
577 2728 681 2760 πάντας
697 2726 826 2756 ἀδύνατον

61 2769 134 2788 γειν.

80 2770 134 2787 ειν.

149 2796 180 2824 Si
193 2805 263 2829 vero,
281 2802 309 2835 tu
327 2797 490 2835 aliisAm'sum
503 2803 553 2831 est,
567 2807 644 2833 super
658 2808 741 2835 aquas
752 2801 825 2834 posi-

26 2837 58 2859 ta
74 2832 193 2867 sphaera,
210 2836 263 2861 etc.
279 2832 373 2865 Aquas
384 2833 514 2870 ⁵ἱιιιεξιιίιςθ
536 2835 607 2863 inter
621 2832 823 2864 ﬁrmamentum

917 2341 1148 2382 (65)nN_am_q_itod
1159 2343 1186 2382 ξπ
1203 2347 1273 2370 terra
1289 2347 1388 2370 montes
1399 2343 1575 2382 excelsitetc.
1593 2345 1668 2373 Cita-

880 2379 926 2414 t_ur
940 2383 956 2414 a
972 2376 1056 2414 Beda,
1073 2376 1142 2405 libro
1158 2377 1194 2404 De
1208 2383 1306 2405 natura
1318 2387 1416 2411 rerum,
1428 2387 1489 2414 cap.
1503 2380 1549 2412 26,
1566 2382 1611 2408 ubi
1628 2383 1668 2408 vi-

880 2411 977 2439 denda:
989 2411 1093 2440 Glossaa
1108 2413 1204 2440 incerti
1221 2415 1352 2442 auctoris.

916 2447 973 2482 (66)
989 2447 1226 2476 Pleiades.'E.litio
1241 2449 1415 2482 Basilcensis,
1432 2454 1458 2477 et
1473 2451 1533 2478 libri
1547 2450 1579 2477 Β.
1595 2456 1622 2479 et
1634 2452 1665 2480 P.

881 2481 1002 2522 Eliades.
1010 2483 1068 2522 Qua
1083 2484 1117 2511 de
1131 2484 1247 2522 lectione
1259 2485 1487 2522 iantymologico
1503 2495 1553 2514 suo
1565 2487 1668 2515 doctis-

880 2517 966 2554 simus
984 2517 1107 2554 Vpssius,
1121 2527 1188 2546 voce
1205 2519 1332 2554 Virgiliw.

912 2553 969 2588 (67)
989 2553 1132 2581 Terrenum
1153 2553 1346 2590 quodammodo
1372 2556 1481 2584 imbrem
1505 2556 1567 2585 Nilo
1587 2558 1669 2584 inun-

877 2586 1124 2623 dante-suscipiunt.

935 2644 972 2660 ζ.
995 2645 1001 2651 .
1025 2646 1030 2652 .
1053 2644 1060 2652 .
1083 2644 1091 2652 .
1112 2645 1118 2652 .
1141 2645 1148 2652 .
1171 2645 1178 2653 .
1201 2646 1208 2652 .
1229 2624 1350 2660 Caeloque
1366 2631 1473 2654 vacante

933 2659 1094 2697 fenestram
1108 2659 1225 2694 pluviam
1239 2659 1355 2697 diffusus
1369 2663 1480 2697 porrigit
1495 2663 1592 2695 amnis.

877 2694 912 2722 de
927 2694 988 2722 Nilo
1000 2695 1122 2733 Alcimus
1134 2696 1231 2733 A_vitus
1239 2694 1397 2733 Poeninum
1412 2694 1458 2724 lib'.
1468 2707 1492 2732 i;
1508 2699 1578 2733 apud
1591 2697 1667 2725 Grae-

878 2737 926 2767 cos
939 2738 1005 2767 vero
1015 2730 1093 2767 Philo
1105 2731 1215 2758 Iudaeus
1231 2739 1238 2758 ι
1256 2731 1292 2758 0e
1299 2732 1352 2759 vita
1362 2732 1458 2765 Moris,
1470 2730 1496 2767 p‘.
1512 2730 1564 2760 6⁷54
1574 2743 1581 2760 :
1590 2732 1666 2760 Ἐπελ

877 2765 931 2792 καὶ.
948 2765 983 2804 γῇ
1009 2766 1138 2804 ncillam;
1155 2766 1231 2804 betov
1247 2766 1370 2804 ἧνεγκεν.
1380 2769 1408 2794 'O
1418 2765 1478 2804 1645
1492 2770 1521 2795 ὲν
1536 2769 1667 2804 Αἰγύπτῳ

876 2800 1193 2840 ποτεμὺςμκαθᾚκρισζτον
1207 2800 1330 2840 suam)th
1342 2805 1401 2834 ταῖς
1415 2800 1559 2840 caudicem
1573 2800 1666 2840 ἄτλημὲ

877 2839 980 2873 μυρῶν,
994 2837 1057 2865 ὅταν
1072 2836 1172 2873 ἀρδεύῃ
1186 2836 1235 2869 τὰς
1250 2836 1383 2874 ἀρούρας,
1403 2838 1427 2864 τί
1444 2840 1536 2875 ἓτερθν
1553 2840 1570 2876 ὴ
1588 2836 1666 2872 ὐεῗίός
