1873 3095
29 159 84 187 1385

601 158 888 188 RECOGNITIONUM
907 159 970 188 LIB.
992 160 1059 189 VIII.

1571 164 1638 192 1536

27 218 59 244 vis
71 217 113 244 illa
127 216 255 252 spiritus.
272 224 333 252 qua
349 217 441 245 inesse
456 218 536 252 aquis
549 217 613 244 data
627 221 686 251 est,
703 220 798 252 utpote
810 217 835 247 Α
848 224 930 253 opere
943 223 1044 246 cuncta
1056 218 1126 247 efﬁci
1138 223 1166 246 et
1177 219 1305 247 universa
1319 226 1458 249 ctnstare.
1475 220 1528 249 Sed
1544 223 1634 249 venia-

25 263 171 297 incorporea
188 265 400 294 transcurrens,
418 262 453 289 ad
472 263 670 290 incrementum
691 262 797 290 sentina

24 308 127 335 suscitat
141 311 168 335 et
180 309 364 336 crescentium
381 310 488 344 species
504 309 614 337 format.
644 309 797 337 Ministerio

22 354 95 388 igitur
120 353 225 381 humidi
251 355 399 387 elementi,
425 356 469 383 cui
494 356 586 384 vitalis
614 356 660 384 ille
682 356 796 391 spiritus

22 399 109 427 insitus
133 407 242 434 semper
259 405 287 428 et
304 400 445 435 ingenitus
467 405 526 434 est,
549 401 670 429 efﬁcitur
691 405 721 429 ut
741 409 796 430 non

21 446 98 473 solum
122 450 280 481 reparetur,
306 447 355 474 sed
379 451 409 475 ut
430 455 479 483 per
499 448 592 476 omnia
611 448 711 477 similis
731 457 795 484 spe-

19 492 69 519 cies
83 496 110 519 et
127 492 214 520 forma
233 493 277 522 his
294 503 356 530 qua:
367 495 441 530 jacta
462 495 564 523 fuerint
577 495 727 524 seminibus
737 494 800 524 red-

17 541 62 564 eat.
100 539 166 572 Qum
187 541 256 568 ratio
277 542 323 569 cui
343 542 386 569 vel
407 542 516 570 brevem
537 550 648 570 sensum
669 544 792 576 habenti,

18 591 58 618 per
77 584 291 614 irrationabilem
312 592 455 620 naturam,
477 592 505 616 et
527 596 582 615 non
605 597 653 624 per
674 589 793 618 divinam

17 632 167 666 sapientiam
184 637 313 662 constare
330 634 484 662 videbitur?
502 634 623 670 Denique
635 635 717 662 etiam
738 636 794 663 hac

17 676 45 702 ad
54 676 261 705 similitudinem
273 678 400 707 humanae
411 680 564 708 nativitatis
581 680 697 708 formata
709 686 791 714 sunt;

16 721 113 749 videtur
134 723 208 750 enim
232 727 308 751 terra
331 724 418 751 vulvae
440 724 529 752 locum
549 728 660 757 tenere.
684 726 729 753 cui
751 734 794 753 se-

16 776 68 795 men
97 769 230 804 injectum
259 777 308 805 per
335 777 414 805 aquar
432 774 459 798 et
480 771 596 806 spiritus
621 772 694 805 vim,
722 773 794 801 sicut

15 819 87 847 supra
108 813 245 845 diximus.
266 817 293 842 et
314 813 449 841 formatur
467 818 494 842 et
513 815 606 842 alitur.

43 857 144 886 XXVII.
160 858 214 887 Sed
225 863 251 886 et
264 859 292 886 in
306 859 357 886 hoc
368 861 527 888 admiranda
542 865 585 889 est
595 861 686 889 divina
697 861 793 890 Provi-

14 902 109 936 dentia,
124 905 198 940 quod
223 905 317 932 videre
328 913 378 933 nos
394 907 504 941 quidem
518 911 545 934 et
564 915 713 943 agnoscere
728 908 792 936 favit

13 957 64 984 qua
86 950 173 984 ﬁunt,
189 958 245 986 quo
266 951 348 978 modo
368 956 459 979 autem
478 957 505 979 et
524 954 642 988 qualiter
666 954 748 986 ﬁant,
765 955 791 981 in

13 1000 108 1023 secreto
125 997 218 1032 posuit
232 1001 259 1024 et
270 998 396 1030 occulto,
411 1003 440 1025 ut
452 1007 506 1026 non
528 999 648 1034 indignis
664 1001 698 1027 ad
712 1001 786 1036 agni-

13 1042 103 1069 tionem
118 1043 295 1078 subjaceant,
311 1044 358 1072 sed
371 1045 462 1080 dignis
473 1050 500 1072 et
515 1045 641 1074 ﬁdelibus
657 1055 720 1074 cum
736 1056 793 1074 me-

13 1089 123 1122 ruerint,
140 1090 282 1125 pateﬁant.
295 1090 331 1118 Ut
342 1095 433 1119 autem
446 1092 527 1120 rebus
538 1093 604 1127 ipsis
619 1097 646 1120 et
661 1095 792 1129 exemplis

12 1135 160 1169 probemus,
175 1136 241 1163 nihil
253 1137 366 1164 omnino
377 1145 410 1165 ex
423 1142 531 1166 terrena
546 1139 696 1166 substantia
707 1140 792 1167 semi-

11 1182 82 1210 nibus
93 1182 164 1213 dari,
180 1182 227 1210 sed
240 1187 328 1210 totum
343 1191 375 1210 ex
394 1184 530 1211 elemento
547 1192 625 1219 aquae
639 1189 665 1211 et
678 1186 792 1220 spiritus

10 1226 50 1260 qui
65 1227 135 1254 inest
146 1227 173 1255 ei
189 1227 290 1255 virtute
301 1231 440 1259 constare,
454 1235 524 1263 pone
537 1228 602 1255 mihi
615 1229 689 1256 verbi
704 1231 792 1264 gratia

10 1272 34 1299 in
52 1276 156 1301 cratere
182 1274 274 1309 aliquo
299 1274 477 1308 amplissimae
498 1275 695 1309 magnitudinis
716 1275 791 1310 injici

9 1324 80 1346 terra:
94 1320 198 1348 talenta
213 1323 322 1348 centum
333 1339 341 1352 ,
357 1325 384 1348 et
397 1321 568 1348 semincntur
584 1323 612 1348 in
627 1329 660 1349 eo
675 1322 791 1350 diversae

11 1367 108 1401 species
122 1368 259 1395 seminum
272 1367 314 1395 vel
327 1367 432 1395 olerum
448 1368 488 1395 vel
501 1368 582 1395 etiam
598 1369 789 1404 virgultorum,

8 1412 46 1440 his
64 1414 218 1448 praebeatur
231 1413 264 1440 ad
279 1413 423 1448 rigandum
445 1422 515 1449 aqua
533 1414 686 1447 sufﬁciens,
703 1419 730 1443 ct
743 1424 791 1451 per

8 1466 87 1487 annos
102 1460 196 1495 plures
207 1459 339 1486 habeatur
353 1460 404 1486 ista
422 1459 574 1495 diligentia,
591 1466 790 1496 congregemur

8 1508 91 1532 autem
118 1505 222 1533 semina
245 1513 306 1540 quae
327 1506 441 1532 collecta
465 1505 581 1538 fuerint,
605 1507 680 1534 verbi
701 1508 789 1544 gratia

9 1550 128 1578 frumenti
144 1551 188 1579 vel
205 1551 301 1579 hordei
316 1552 486 1587 aliarumque
500 1552 652 1587 specierum
669 1561 716 1588 per
730 1554 787 1581 sin-
798 1561 823 1592 α

7 1597 77 1631 gulos
98 1605 186 1624 annos
202 1597 332 1629 seorsim,
353 1597 441 1624 donec
465 1598 682 1633 uniuscujusque
704 1599 788 1626 semi-

7 1641 45 1668 nis
64 1649 178 1669 acervus
195 1642 228 1669 ad
246 1646 355 1669 centum
377 1643 540 1670 talentorum
562 1643 669 1678 pondus
690 1652 789 1672 ascen-

6 1687 62 1719 dat,
75 1691 131 1715 tum
145 1688 229 1715 etiam
241 1689 353 1716 arbores
369 1689 470 1716 avulsae
485 1689 617 1717 radicitus
632 1690 788 1725 appendan-

6 1737 65 1765 tur,
77 1737 103 1761 et
118 1733 163 1761 his
174 1733 302 1761 omnibus
315 1742 347 1761 ex
363 1739 469 1762 cratere
488 1736 605 1770 sumptis
619 1736 789 1771 appendalur

7 1783 88 1812 terra,
106 1784 218 1808 centum
242 1788 291 1807 sua
313 1780 492 1808 nihilominus
516 1781 617 1808 talenta
645 1782 720 1809 salva
744 1790 790 1810 re-

7 1826 105 1854 stituet.
123 1825 202 1854 Unde
225 1833 289 1860 ergo
315 1826 439 1853 dicemus
461 1833 542 1854 omne
569 1826 636 1854 illud
663 1829 786 1863 pondus.

6 1877 164 1906 omnemque
179 1871 360 1906 quantitatem
372 1870 507 1898 seminum
521 1871 691 1899 diversorum
706 1877 788 1908 atque

7 1917 128 1944 arborum
143 1917 317 1944 surrexisse?
330 1924 420 1944 nonne
435 1917 576 1946 evidenter
587 1924 710 1953 apparet,
722 1920 787 1954 quia

6 1970 33 1989 ex
51 1963 149 1998 aquis?
168 1962 252 1990 Terra
274 1963 345 1989 enim
371 1963 444 1997 quod
469 1971 549 1990 suum
569 1967 628 1996 est,
650 1965 787 2000 integrum

7 2012 76 2035 tenet
86 2029 92 2039 ,
109 2016 180 2045 aqua
192 2015 257 2036 vero
270 2015 332 2043 quae
345 2015 394 2043 per
409 2009 514 2044 singula
529 2010 629 2044 injecta
645 2016 706 2044 est,
718 2021 787 2041 nus-

7 2061 81 2087 quam
103 2061 217 2089 prorsus
230 2056 272 2081 est
282 2072 289 2084 ,
304 2053 339 2080 ob
354 2057 492 2088 potentem
508 2054 607 2083 divina:
620 2057 787 2086 conditionis

7 2100 144 2131 virtutem,
160 2107 222 2135 quae
236 2107 284 2134 per
303 2106 386 2125 unam
412 2106 490 2134 aqua:
512 2102 631 2136 speciem
648 2106 786 2132 tantorum

7 2146 134 2172 seminum
150 2145 385 2180 virgultorumque
398 2149 425 2173 et
437 2146 605 2174 substantias
621 2154 731 2183 reparat
741 2170 747 2180 .
759 2153 787 2178 et

7 2191 105 2225 species
131 2191 249 2224 format,
264 2195 292 2219 et
312 2199 398 2227 genus
420 2191 515 2219 fenore
539 2193 721 2229 multiplicato
737 2203 786 2224 cu-

7 2238 92 2265 stodit.

37 2283 153 2311 XXVIII.
168 2282 206 2310 Ex
224 2282 323 2318 quibus
337 2282 465 2310 omnibus
477 2283 545 2311 satis
560 2283 721 2322 abundeque
736 2296 785 2324 pa-

7 2331 57 2354 tere
72 2332 138 2362 puto
148 2347 155 2359 ,
168 2326 266 2354 artiﬁci
279 2334 362 2354 sensu
373 2330 400 2353 et
412 2334 466 2354 non
480 2327 661 2358 irrationabili
679 2337 783 2363 naturae

847 271 910 292 mus
934 265 1040 298 adhuc,
1059 266 1082 293 si
1104 266 1229 298 videtur,
1243 267 1326 294 etiam
1345 267 1378 294 ad
1403 271 1541 300 nostram,
1554 268 1580 295 id
1595 272 1637 296 cst

847 311 880 338 ad
903 311 1022 339 hominis
1046 312 1248 345 substantiam,
1271 314 1317 348 qui
1339 318 1381 341 est
1404 321 1507 348 parvus
1530 314 1558 341 in
1580 315 1636 341 alio

846 355 966 383 mundus
988 355 1063 391 (7‘),
1079 360 1107 384 et
1121 356 1328 386 consideremus
1352 362 1454 393 quanta
1473 360 1508 386 sit
1529 359 1636 386 ratione

845 404 1031 436 compositus;
1053 405 1080 428 et
1094 409 1127 429 ex
1149 401 1201 430 hoc
1225 403 1361 438 praecipue
1380 404 1544 439 sapientiam
1561 405 1635 432 Con-

845 445 944 473 dit0ris
969 446 1121 481 intelliges,
1138 447 1184 482 qui
1201 455 1262 474 cum
1280 455 1312 475 ex
1331 448 1448 476 diversis
1472 449 1635 477 substantiis

845 495 965 523 constet,
979 492 1006 519 id
1024 497 1067 519 est
1083 493 1193 519 mortali
1210 497 1237 520 et
1252 493 1416 527 immortali,
1434 502 1482 529 per
1501 495 1633 523 artiﬁcem

844 537 1042 571 providentiam
1061 538 1218 566 Conditoris
1240 540 1402 567 societatem
1418 540 1564 568 diversitas
1579 549 1633 569 non

843 583 986 619 refugit,et
997 584 1106 619 quidem
1116 585 1195 620 longe
1211 593 1226 612 a
1238 593 1268 613 se
1279 586 1440 615 substantiis
1453 587 1514 608 ⁸⁶-⁸⁷
1525 587 1634 623 [alienis

843 634 871 656 et
886 629 1024 666 diversis].
1039 630 1100 657 Alia
1121 639 1241 667 namque
1258 631 1292 659 de
1312 636 1387 660 terra
1408 634 1560 661 assumitur
1578 639 1605 660 et
1618 642 1634 661 a

838 672 986 704 Conditore
1000 676 1145 709 formatur,
1161 677 1214 704 alia
1227 685 1292 705 vero
1303 686 1336 705 ex
1353 679 1553 708 immortalibus
1568 681 1634 708 sub-

843 722 956 750 stantiis
975 722 1057 750 datur
1067 743 1074 756 ,
1092 731 1142 750 nec
1153 727 1245 751 tamen
1259 725 1285 752 ei
1300 732 1349 759 per
1362 725 1552 761 hujuscemodi
1568 735 1634 754 con-

841 767 1013 802 junctionem
1037 769 1126 796 honor
1144 769 1361 799 immortalitatis
1386 771 1562 807 infringitur,
1583 781 1635 800 nec

844 816 874 839 ut
887 813 1051 848 quibusdam
1065 814 1173 842 videtur
1188 813 1233 851 [ex
1246 816 1402 844 rationabili
1417 820 1444 844 et
1458 818 1630 853 concupisci-

844 859 892 886 bili
904 860 1220 893 etirascibilisubsistit,
1232 862 1280 889 sed
1305 861 1392 896 magis
1411 863 1502 891 inesse
1519 864 1544 892 ei
1564 864 1632 892 tales

845 905 956 940 quidam
966 906 1103 943 videntur]
1113 907 1238 939 aﬁ‘ectus.
1246 909 1346 943 quibus
1355 909 1388 936 ad
1397 910 1454 937 haec
1464 910 1570 945 singula
1578 919 1634 938 mo.

844 951 901 978 veri
919 951 1015 985 possit.
1027 951 1095 979 Nam
1106 959 1206 988 corpus
1217 953 1290 988 quod
1300 961 1333 981 ex
1344 954 1454 982 ossibus
1464 959 1491 981 et
1503 955 1631 982 carnibus

843 1001 968 1028 constat,
984 998 1092 1025 initium
1109 998 1194 1026 sumit
1207 1006 1241 1026 ex
1256 999 1361 1027 semine
1375 1000 1443 1032 viri,
1458 1000 1529 1035 quod
1544 1008 1560 1027 e
1574 1009 1632 1028 me-

843 1042 925 1070 dullis
941 1044 1017 1070 calor
1037 1044 1151 1072 eiiciens
1166 1045 1253 1072 vulvas
1273 1046 1352 1080 quasi
1374 1050 1453 1073 terrae
1473 1047 1630 1082 consignat,

842 1089 886 1116 cui
897 1090 1034 1118 inhaerens
1049 1098 1083 1118 ex
1098 1090 1174 1119 fonte
1189 1092 1330 1127 sanguinis
1350 1092 1479 1127 paulatim
1494 1092 1610 1127 rigatum
1621 1111 1628 1123 ,

843 1135 870 1162 in
885 1143 995 1163 carnem
1014 1141 1040 1163 et
1051 1143 1114 1164 ossa
1127 1137 1302 1171 producitur.
1317 1143 1398 1173 atque
1413 1138 1441 1165 in
1453 1138 1572 1173 speciem
1585 1146 1631 1166 att-

841 1181 927 1208 ctoris
939 1181 1006 1214 iacti
1023 1182 1137 1209 seminis
1152 1182 1330 1211 reformatur.

877 1225 972 1254 XXIX.
992 1226 1024 1253 Et
1042 1227 1105 1255 vide
1120 1227 1148 1254 in
1170 1227 1222 1255 hoc
1236 1226 1357 1256 Artiﬁcis
1380 1235 1450 1264 opus
1471 1229 1546 1263 (75),
1561 1237 1631 1263 quu-

842 1273 922 1300 modo
944 1281 1008 1301 ossa
1029 1273 1103 1300 velut
1122 1273 1266 1302 columnas
1283 1274 1432 1309 quasdam,
1446 1275 1546 1310 quibus
1565 1282 1630 1302 caro

841 1324 1012 1348 sustentetur
1023 1327 1055 1348 ac
1066 1325 1202 1356 portetur,
1210 1320 1334 1348 inseruit.
1346 1320 1416 1348 Tum
1427 1320 1526 1348 deinde
1538 1328 1630 1355 aequa-

840 1366 874 1394 lis
889 1375 923 1394 ex
939 1371 1056 1402 utraque
1066 1371 1143 1402 parte
1154 1386 1162 1398 .
1180 1366 1208 1394 id
1221 1370 1265 1394 est
1284 1365 1396 1394 dextera
1411 1370 1439 1394 et
1457 1367 1522 1394 laeva
1532 1387 1540 1399 ,
1553 1375 1630 1395 mes-

840 1420 903 1440 sura
917 1417 1051 1444 servetur,
1069 1418 1098 1440 ut
1112 1418 1247 1448 congruat
1261 1421 1309 1448 pes
1325 1412 1401 1448 pedi,
1414 1417 1441 1440 et
1456 1421 1554 1440 manus
1570 1420 1630 1440 ma-

840 1458 906 1490 nui,
923 1458 1001 1493 digiti
1023 1465 1133 1493 quoque
1152 1457 1246 1493 digitis
1258 1478 1266 1488 .
1281 1463 1312 1485 ut
1331 1457 1431 1493 singuli
1455 1457 1488 1485 ad
1506 1458 1630 1493 singulos

839 1509 895 1532 tota
912 1505 1068 1540 mqualitate
1083 1505 1269 1538 concordent;
1282 1505 1329 1532 sed
1345 1509 1372 1532 et
1386 1504 1484 1532 oculus
1495 1506 1586 1536 oculo,
1602 1509 1626 1532 et

839 1550 915 1578 auris
929 1551 1004 1581 auri,
1023 1558 1085 1585 quae
1096 1558 1151 1578 non
1165 1551 1253 1579 solum
1274 1558 1395 1578 consona
1410 1551 1463 1578 sibi
1477 1555 1504 1578 et
1515 1558 1629 1579 concor~

839 1596 950 1627 dantia,
967 1596 1014 1623 sed
1035 1601 1062 1624 et
1079 1597 1177 1625 usibus
1197 1596 1362 1625 necessariis
1381 1601 1444 1632 apta
1464 1596 1628 1624 formantur.

839 1642 937 1670 Manus
953 1643 1064 1678 quidem
1087 1646 1118 1670 ut
1142 1643 1218 1678 operi
1239 1643 1389 1670 commoda:
1411 1643 1484 1675 sint,
1499 1643 1582 1678 pedes
1599 1647 1629 1670 ut

839 1688 995 1722 gressibus,
1011 1688 1083 1715 oculi
1099 1692 1129 1715 ut
1143 1689 1248 1716 visibus
1273 1690 1393 1717 serviant
1417 1689 1627 1724 superciliorum

839 1733 964 1760 excubiis
976 1733 1117 1765 custoditi,
1127 1741 1207 1761 aures
1221 1734 1254 1761 ad
1271 1734 1436 1762 audiendum
1453 1735 1489 1761 ita
1505 1736 1628 1763 formatas

839 1783 867 1806 ut
884 1779 1010 1814 cymbalo
1031 1779 1136 1808 similes
1150 1780 1270 1815 suscepti
1286 1780 1362 1808 verbi
1375 1788 1566 1816 repercussum
1580 1790 1627 1809 so-

839 1825 925 1852 nitum
944 1824 1026 1852 altius
1049 1825 1182 1857 reddant,
1201 1831 1229 1854 et
1247 1833 1334 1861 usque
1351 1826 1384 1853 ad
1400 1834 1510 1854 sensum
1535 1828 1627 1855 cordis

839 1870 979 1901 emittant,
997 1871 1089 1906 lingua
1108 1874 1198 1898 autem
1217 1872 1252 1899 ad
1271 1872 1435 1907 loquendum
1451 1873 1521 1901 illisa
1536 1874 1627 1901 denti-

838 1917 890 1946 bus
906 1917 1002 1952 plectri
1018 1916 1114 1944 reddat
1129 1917 1246 1945 oﬁicium
1257 1937 1264 1950 ,
1281 1918 1333 1953 ipsi
1347 1926 1413 1946 vero
1427 1918 1523 1947 dentes
1535 1920 1581 1947 alii
1597 1924 1627 1947 ut

839 1964 961 1991 incidant
978 1968 1006 1992 et
1021 1964 1145 1992 dividant
1164 1964 1242 1992 cibos
1259 1968 1287 1992 et
1302 1965 1480 1993 interioribus
1499 1966 1624 1997 tradant.

839 2010 983 2038 interiores
992 2018 1057 2038 vero
1068 2014 1098 2038 ut
1109 2011 1136 2038 in
1148 2010 1257 2038 modum
1269 2012 1347 2039 mola:
1358 2012 1506 2040 conﬁciant
1514 2017 1541 2040 et
1551 2021 1627 2040 com-

838 2056 974 2087 minuant.
984 2065 1038 2092 quo
1049 2057 1232 2092 opportunius
1244 2058 1388 2085 stomacho
1397 2058 1490 2086 traditi
1504 2066 1626 2094 coquan-

838 2108 898 2135 tur,
917 2104 988 2131 unde
1000 2107 1025 2131 et
1042 2104 1160 2132 molares
1172 2104 1300 2140 appellati
1312 2108 1387 2132 sunt.

873 2149 958 2177 XXX.
980 2149 1033 2177 Sed
1052 2154 1080 2178 et
1104 2158 1200 2180 nares.
1224 2151 1395 2178 commeandi
1422 2150 1503 2180 ﬂatus
1523 2155 1550 2178 et
1567 2151 1626 2178 red-

839 2194 922 2226 dendi
937 2204 969 2223 ac
986 2196 1134 2231 recipiendi
1156 2196 1242 2231 gratia
1266 2196 1345 2224 factae
1366 2201 1445 2229 sunt,
1462 2201 1492 2224 ut
1515 2197 1626 2224 innova-

799 2228 824 2259 θ
837 2246 912 2272 tione
926 2228 1134 2279 spiritus-calor
1152 2228 1287 2270 naturalis
1301 2242 1348 2276 qui
1364 2243 1392 2269 in
1407 2242 1489 2270 corde
1508 2247 1567 2275 est,
1584 2243 1625 2269 vel

837 2290 949 2318 accendi
969 2289 1010 2317 vel
1034 2287 1202 2323 refrigerari,
1217 2295 1279 2315 cum
1295 2295 1339 2316 res
1355 2288 1522 2323 poposcerit.
1541 2292 1624 2323 queat

836 2335 973 2372 pulmonis
995 2333 1099 2365 officio,
1128 2332 1174 2367 qui
1196 2333 1299 2367 pectori
1327 2333 1460 2361 inhaerere
1481 2333 1563 2361 datus
1583 2338 1626 2360 est

37 2397 94 2437 'f-"
109 2396 174 2430 Qua
188 2396 348 2424 auctet-itote
363 2395 424 2424 cod.
436 2395 624 2426 Parisinorum
637 2403 884 2432 vetustissimorum
899 2404 927 2432 in
939 2407 1042 2431 textum
1057 2401 1256 2437 recepimus,in
1272 2403 1351 2430 uncis
1359 2402 1562 2431 eaincludenda
1577 2411 1625 2431 cu—

8 2432 132 2461 ravimus.

648 2503 830 2534 COTELERII
850 2505 967 2534 ΝΟΤΕ.

38 2566 92 2600 (Π)
111 2566 212 2595 Parvus
221 2568 248 2594 in
262 2568 318 2604 alio
331 2567 545 2604 mgtndusﬁodex
558 2568 783 2604 Candelerianus.

8 2601 80 2640 ulius_
93 2603 335 2640 parugs_mundus.
349 2603 550 2640 Carmelitlcus,
575 2605 644 2632 alius
660 2606 687 2632 in
705 2601 785 2640 parvo

8 2637 124 2674 mundus.
151 2637 250 2674 Eodem
267 2645 350 2674 sensit
367 2647 373 2665 :
393 2637 509 2672 Physici,
527 2640 614 2674 inquit
629 2637 784 2670 Macrobius

8 2672 47 2698 lib.
64 2680 83 2699 ιι
109 2673 144 2710 ὶιι
162 2672 300 2710 somnium
323 2672 452 2710 Scipionis
473 2681 533 2708 cap.
560 2672 594 2701 I2
615 2684 620 2702 :
643 2675 784 2710 Mundam,

8 2715 122 2742 magnum
133 2708 273 2737 hominem,
286 2713 310 2736 et
323 2709 462 2740 hominem,
479 2709 576 2735 brevem
591 2711 716 2738 "tandum
729 2708 786 2740 esse

8 2741 133 2778 dixerunt.
147 2743 224 2777 Quod
246 2743 287 2770 sic
300 2751 460 2778 expressum
482 2749 525 2772 est
536 2751 551 2771 a
564 2744 678 2774 Philone
690 2745 784 2775 Judan

8 2776 70 2815 libro
101 2777 268 2815 Quis_r¢rat_m
283 2776 434 2815 diuinarum
449 2778 544 2815 luens.
560 2787 587 2815 ρ,
603 2781 656 2808 502
672 2791 678 2808 :
692 2782 784 2809 Ἐναλ-

9 2812 150 2853 lateatne;
168 2813 270 2853 βρειχὺν
289 2813 455 2853 μὲν-κόσμον
468 2814 514 2840 τὸν
530 2812 682 2853 ςνθρωειον,
699 2817 786 2853 μέγαν

9 2846 29 2872 δὲ
45 2846 301 2884 hominem}
328 2848 374 2875 τὸν
387 2846 499 2884 γιίὁσμλον
521 2846 600 2877 εἶναί.
617 2851 655 2879 De
676 2846 787 2881 nomine

9 2877 183 2915 microc'ormo,
198 2877 296 2910 m'inor'i
312 2883 423 2917 mundo,
435 2877 529 2920 κόσμῳ
546 2877 785 2923 συντόμιρ

121 2931 256 2962 Ριιτιιοι..
277 2931 335 2960 (in.
367 2931 389 2961 Ι.

835 2573 918 2600 lenes.

845 2581 927 2643 es($155.)
948 2607 982 2634 Et
996 2606 1053 2634 cide
1072 2608 1101 2643 in
1115 2608 1163 2635 hoc
1177 2609 1290 2642 artiﬁcis
1309 2617 1385 2643 opgts,
1401 2614 1456 2639 etc.
1472 2610 1568 2639 Totum
1584 2612 1626 2638 lo—

836 2650 898 2680 cum
908 2642 1300 2680 confercumﬂesponsionead
1310 2642 1549 2680 interrogationem
1561 2647 1623 2676 ΗΟ.

834 2679 863 2705 in
879 2677 989 2706 Caesarii
1004 2677 1144 2711 Dialogis‘:
1161 2686 1211 2705 nec
1228 2679 1367 2707 dubitabis
1388 2677 1512 2708 asserere
1533 2689 1546 2708 a
1565 2681 1625 2709 Cm—

837 2713 910 2741 sario
933 2713 980 2750 illo
1005 2713 1156 2750 suppilatas
1178 2714 1272 2750 fuisse
1294 2713 1502 2750 Recagnitiones.
1535 2717 1623 2744 Minus

836 2748 978 2776 commode
998 2747 1136 2776 Arnbbius
1158 2749 1204 2776 lib.
1221 2757 1252 2776 ιιι
1269 2759 1276 2776 :
1294 2747 1369 2776 Nam
1388 2750 1451 2782 quid
1471 2752 1497 2778 in
1520 2751 1623 2779 homine

837 2783 976 2818 pulchrum
989 2788 1038 2815 est,
1050 2783 1124 2818 quid,
1140 2792 1241 2819 quieto.
1254 2783 1421 2816 admirabile,
1432 2785 1471 2812 uel
1488 2785 1621 2816 decorum.

839 2818 892 2845 nisi
905 2818 974 2859 quod
989 2823 1014 2845 et
1029 2818 1168 2859 υεςςι-ἱιισ(
1178 2819 1272 2859 legunt
1294 2820 1398 2859 ειμι-ἔιιο
1411 2828 1427 2847 e
1441 2828 1508 2849 mss.
1526 2821 1621 2859 Regio,

838 2861 899 2890 cum
917 2855 999 2881 etiam
1013 2854 1095 2880 scribi
1110 2854 1243 2890 potuisset
1256 2855 1380 2888 νει-τίετο)
1400 2863 1458 2882 cum
1473 2854 1623 2890 ρεεονίηδ.

839 2889 894 2916 uio
908 2890 965 2923 quis
979 2893 1073 2916 auctor
1085 2888 1167 2916 voluit
1179 2897 1235 2917 esse
1245 2892 1400 2917 tommune'

1387 2937 1425 2967 Is't
