1873 3095
240 155 308 184 1587

666 153 695 181 S.
713 151 912 180 CLEMENTIS
929 151 939 179 l
958 151 1041 180 ROM.
1060 152 1161 181 PONT.
1182 152 1297 181 OPEBA
1314 151 1428 180 DUBIA.

1784 153 1834 181 1388

238 217 268 240 ut
282 211 397 239 mollitie
421 211 463 239 sui
478 212 569 247 palpet
581 215 608 239 et
624 210 715 239 foveat
729 211 821 239 cordis
844 211 981 247 vigorem,
997 212 1023 238 in
1039 214 1061 243 Α
1076 215 1104 240 et
1117 219 1204 247 quare
1219 216 1276 239 tam
1289 212 1367 240 tarde
1377 212 1390 239 Ἰ
1412 210 1469 238 Hoc
1489 211 1581 247 possis
1599 211 1744 239 obtendere
1754 213 1835 240 etiamsi

237 266 294 294 quo
307 257 416 286 videtur
430 258 484 285 vita
498 257 660 289 consistere,
676 256 733 286 vita
751 256 815 284 dico
826 276 834 289 ,
849 264 905 283 non
921 256 1023 284 anima.

236 303 305 331 Nam
320 303 385 339 quid
396 303 486 332 dicam
498 304 533 332 de
544 304 700 332 substantia
714 303 856 340 sanguinis
866 323 874 336 ,
890 304 937 339 qui
952 304 1027 332 velut

237 350 338 378 fluvius
348 358 383 378 ex
399 350 475 379 fonte
497 351 659 386 procedens,
676 354 703 378 et
719 358 775 378 uno
796 350 872 386 prius
892 350 970 378 alveo
984 350 1028 378 in-

239 400 333 424 vectus
347 401 404 423 tum
417 396 517 424 deinde
530 404 579 432 per
593 397 752 424 innumeras
769 404 852 424 venas
862 415 870 428 ,
885 395 964 431 quasi
977 403 1027 431 per

238 448 317 468 areas
344 440 500 473 derivatus,
528 445 614 468 totam
638 441 750 468 humani
774 441 900 476 corporis
924 445 1027 468 terram

237 487 368 515 vitalibus
387 487 459 522 rigat
478 487 605 520 fluentis,
619 487 722 523 jecoris
737 495 820 523 opere
834 487 1024 520 ministratus,

237 533 310 568 quod
327 533 361 560 ad
378 532 526 561 eﬂicaciam
549 533 710 569 digestionis
734 534 876 568 ciborum,
897 539 980 571 atque
997 536 1027 563 in

237 578 398 614 sanguinem
421 579 613 606 mutandorum
629 578 658 606 in
681 579 780 607 dextro
799 580 884 608 latere
894 581 979 614 jacet.
995 581 1026 609 In

238 625 352 652 sinistro
371 631 435 652 vero
456 625 560 660 splenis
569 629 612 653 est
628 625 715 657 locus,
732 626 778 660 qui
791 625 899 654 trahere
909 626 943 653 ad
955 633 985 654 se
998 629 1026 654 et

238 677 356 704 purgare
368 670 572 705 quodammodo
586 671 684 698 sordes
699 671 844 706 sanguinis
858 672 956 706 possit.

274 716 370 745 XXXI.
392 716 587 744 lntestinorum
611 725 721 752 quoque
745 718 816 745 ratio
840 722 943 754 quanta
967 720 1024 746 est!

237 771 300 798 quae
312 763 416 791 idcirco
429 763 519 798 longis
542 763 659 792 nexibus
674 764 701 791 in
717 763 883 792 circulorum
899 764 1026 792 ordinata

237 814 303 837 sunt
329 809 459 841 modum,
484 812 513 836 ut
534 813 677 844 susceptas
709 810 877 846 digestiones
901 811 1025 839 ciborum

237 855 369 891 paulatim
391 859 520 891 egerant,
543 863 598 891 quo
620 863 708 890 neque
730 856 764 884 ad
785 856 906 884 subitum
929 857 1025 885 inanes

236 902 356 929 eﬂiciant
379 902 471 934 locos,
487 906 514 929 et
528 902 571 929 his
591 902 638 937 qui
662 902 831 937 superadditi
853 902 955 931 fuerint
970 911 1027 931 non

238 948 422 984 impediantur
436 948 516 976 cibis.
532 948 697 976 Membrana
709 953 799 976 autem
815 951 842 976 in
857 949 968 976 modum
983 949 1026 977 id-

237 994 314 1022 circo
337 994 410 1021 facta
432 997 516 1026 sunt,
531 997 561 1021 ut
574 1001 608 1022 ex
631 994 699 1029 ipsis
722 1001 754 1022 ea
773 1002 834 1030 quae
855 996 1027 1024 extrinsecus

237 1045 319 1072 sunt,
338 1039 482 1067 humorem
505 1039 607 1067 sensim
623 1039 792 1075 suscipiant,
808 1041 855 1075 qui
878 1047 966 1076 neque
980 1049 1027 1069 su-

237 1087 296 1114 bito
307 1086 412 1114 ellusus
425 1086 580 1114 exinaniret
594 1086 712 1119 interna,
726 1094 816 1122 neque
826 1087 954 1116 densiore
964 1092 1027 1116 cute

239 1133 412 1169 prohibitus,
438 1133 515 1161 arida
539 1141 600 1167 quae
619 1133 791 1161 extrinsecus
812 1133 947 1161 habentur
968 1134 1026 1162 elli-

237 1183 330 1212 ceret,
343 1184 371 1207 et
386 1183 469 1207 totam
481 1179 602 1207 hominis
625 1179 756 1207 fabricam
780 1180 841 1208 sitis
863 1181 1028 1209 necessitate

237 1226 373 1254 turbaret.

273 1272 380 1300 XXXII.
401 1271 487 1299 Porro
501 1279 566 1299 vero
581 1271 697 1300 feminea
713 1272 823 1308 positio,
836 1277 864 1301 et
879 1274 965 1301 vulvae
989 1274 1029 1302 si-

238 1327 292 1347 nus
307 1319 341 1345 ad
355 1318 542 1353 recipiendum
558 1326 669 1353 germen
683 1322 710 1346 et
724 1318 925 1347 confovendum
939 1320 1027 1348 vivifi-

238 1365 410 1400 candumque
436 1363 687 1396 commodissimus,
714 1371 795 1398 quem
810 1371 865 1392 non
878 1365 984 1393 ratione
999 1370 1027 1394 et

237 1410 383 1447 prudentia
394 1409 488 1438 effecta
502 1417 564 1437 esse
578 1417 638 1444 quae
650 1408 720 1436 facta
733 1414 808 1442 sunt,
821 1410 1027 1446 suadeat,quod

239 1458 267 1484 in
281 1465 314 1484 ea
330 1456 418 1484 solum
446 1459 522 1490 parte
547 1455 732 1483 membrorum
746 1463 762 1482 a
778 1456 850 1483 virili
879 1458 970 1492 specie
989 1458 1028 1486 fe-

239 1503 313 1531 mina
329 1503 476 1537 discrepat,
501 1509 554 1537 qua
580 1502 727 1536 posteritas
751 1506 810 1530 sata
836 1503 986 1538 suscipitur
1001 1509 1028 1531 et

240 1550 358 1580 fovetur,
374 1552 401 1576 et
416 1556 513 1576 rursus
540 1548 627 1575 virilis
652 1548 762 1576 habitus
776 1556 809 1575 ea
838 1549 1027 1577 tantummodo

239 1595 427 1623 membrorum
454 1599 530 1630 parte
546 1595 716 1626 immutatur,
743 1602 797 1629 qua
811 1595 836 1622 ei
861 1595 903 1623 vis
919 1595 1027 1623 serendi

239 1648 267 1671 et
284 1641 433 1678 generandi
460 1641 579 1668 hominis
594 1641 681 1668 inest?
700 1640 732 1667 Et
757 1642 783 1668 in
811 1641 863 1668 hoc
898 1649 1028 1676 magnum

238 1690 350 1725 quidem
365 1687 552 1716 testimonium
578 1686 758 1715 Providentiae
779 1687 871 1718 datur,
884 1695 917 1715 ex
931 1696 1028 1716 neces-

239 1735 314 1763 saria
328 1735 489 1762 diversitate
504 1733 700 1766 membrorum,
716 1733 764 1761 sed
777 1733 813 1761 ibi
825 1734 923 1767 majus,
941 1735 987 1762 ubi
998 1735 1027 1762 in

240 1782 352 1809 habitus
378 1780 568 1813 similitudine,
594 1787 664 1808 usus
682 1779 828 1808 diversitas
843 1783 870 1808 et
883 1780 963 1808 oﬂicii
979 1789 1027 1810 va-

240 1828 325 1855 rietas
339 1827 487 1854 invenitur.
518 1825 586 1853 Nam
602 1826 729 1853 mamillae
748 1826 816 1854 viris
826 1834 902 1861 aaque
914 1830 979 1854 sunt
995 1835 1027 1855 ac

241 1873 362 1905 feminis,
377 1872 424 1900 sed
440 1872 603 1899 feminarum
625 1872 690 1899 solae
710 1875 775 1899 sunt
793 1879 853 1907 quae
873 1873 952 1900 lactis
966 1881 1028 1900 mu-

238 1928 305 1948 nere
317 1920 468 1954 replentur,
496 1922 526 1945 ut
553 1918 645 1946 statim
658 1917 704 1945 ubi
728 1919 883 1953 genuerint,
899 1924 961 1954 apta
974 1919 1027 1947 sibi

240 1966 372 2001 parvulus
383 1962 503 1993 inveniat
516 1964 696 1991 nutrimenta.
707 1963 785 1996 Quod
799 1964 908 1998 si.tattta
921 1965 1027 1993 ratione

239 2013 366 2040 videmus
382 2012 410 2038 in
425 2010 535 2037 homine
553 2009 675 2037 membra
698 2009 840 2043 disposita,
859 2013 887 2037 ut
901 2010 929 2037 in
946 2014 1027 2039 caete-

240 2058 279 2086 ris
293 2057 422 2084 otttnibus
447 2056 545 2084 similis
573 2055 683 2082 habitus
711 2055 845 2088 videatur,
861 2055 889 2082 in
903 2055 946 2082 his
963 2060 1026 2083 tan-

240 2103 382 2130 tummodo
395 2103 562 2136 discrepent,
591 2101 619 2128 in
642 2101 742 2136 quibus
761 2109 827 2129 usus
842 2101 1026 2129 diversitatem

241 2148 366 2183 requirit,
396 2151 423 2174 et
443 2154 532 2181 neque
558 2147 586 2173 in
596 2147 656 2173 viro
673 2146 775 2181 aliquid
797 2146 964 2181 superﬂuum
979 2150 1027 2175 aut

240 2202 334 2229 egetts,
351 2201 438 2228 neque
452 2193 480 2220 in
512 2192 612 2219 femina
636 2192 710 2227 quod
739 2192 810 2220 desit
823 2192 972 2226 videamus
985 2194 1027 2221 vel

1041 1566 1061 1595 C

1076 262 1140 287 ante
1155 258 1244 286 factus
1257 258 1375 293 fuisset;
1402 258 1509 286 diceres
1523 258 1608 291 enim,
1625 257 1683 285 Cur
1697 266 1747 285 non
1760 264 1782 286 et
1790 265 1835 287 ante

1075 305 1148 332 hoc?
1161 311 1188 333 et
1201 305 1238 332 ita
1253 305 1388 333 immensa
1411 305 1512 334 saecula
1534 305 1733 333 transeendens
1754 314 1836 341 semper

1075 351 1167 386 possis
1181 351 1333 386 requirere,
1362 359 1413 379 cur
1432 359 1489 379 non
1502 354 1531 380 et
1546 355 1611 379 ante
1625 351 1697 379 hoc!
1720 350 1766 379 Sed
1778 353 1836 380 nobis

1076 404 1150 424 nunc
1165 405 1255 425 sermo
1268 405 1324 425 non
1338 397 1415 425 deeo
1427 400 1470 426 est
1497 397 1559 433 [cur
1577 405 1633 425 non
1649 397 1686 425 sit
1701 401 1759 426 ante
1771 398 1837 426 factu

1076 450 1158 478 quam
1177 443 1266 471 factus
1280 442 1348 479 est],
1364 443 1413 471 sed
1428 443 1451 471 si
1464 443 1576 471 omnino
1590 443 1683 471 factus
1690 447 1739 471 est.
1750 443 1776 470 Si
1784 445 1837 472 enim

1075 487 1178 516 factum
1193 492 1313 521 constat,
1329 489 1487 516 necessario
1501 489 1622 524 potentis
1637 493 1666 517 et
1691 490 1780 517 summi
1792 491 1839 516 arti~

1076 533 1135 561 ﬁcis
1146 541 1215 569 opus
1230 538 1292 569 est;
1308 533 1382 570 quod
1397 535 1423 562 si
1438 539 1558 567 constat,
1577 535 1691 570 quando
1701 542 1758 562 eum
1772 535 1839 562 facere

1075 579 1205 612 voluerit,
1236 579 1369 616 sapientis
1391 580 1505 609 artiﬁcis
1521 581 1640 609 arbitrio
1655 581 1798 616 iudicioque
1809 589 1839 608 re-

1076 625 1255 660 linquendum
1276 631 1329 654 est.
1359 626 1420 655 Nisi
1433 627 1558 655 videatur
1579 627 1631 654 tibi
1647 628 1735 655 omnis
1751 627 1838 654 bases:-

1076 671 1200 707 pientia,
1237 679 1298 707 quae
1333 677 1390 700 tam
1418 673 1567 700 immanem
1589 673 1687 700 mundi
1715 673 1837 701 machinam

1077 717 1187 749 struxit,
1199 721 1226 745 et
1243 718 1362 754 singulis
1376 719 1534 754 quibusque
1555 719 1642 747 rebus
1653 719 1750 747 formas
1762 724 1785 746 et
1794 727 1839 754 spe-

1077 762 1133 790 cies
1147 763 1233 796 dedit,
1245 771 1363 799 quarum
1379 764 1504 792 habitum
1521 773 1578 793 non
1592 765 1690 793 decort
1702 766 1782 793 solum
1793 773 1838 793 con-

1077 809 1241 842 venientem,
1258 809 1307 837 sed
1321 815 1349 838 et
1370 809 1472 838 futuris
1484 811 1583 839 usibus
1597 811 1766 847 aptissimum
1775 816 1838 839 etne-

1077 855 1228 882 cessariutn
1243 859 1368 890 poneret,
1384 856 1436 884 hoc
1446 864 1506 885 eam
1522 857 1613 885 solum
1626 857 1733 894 fugerit,
1743 862 1837 893 quotam

1078 901 1229 937 magnificae
1245 901 1412 932 conditionis
1427 907 1615 938 opportunum
1628 907 1734 939 tempus
1747 911 1839 931 assume-

1077 952 1128 979 ret.
1144 948 1191 976 Est
1202 949 1275 984 apud
1289 949 1367 976 illum
1394 949 1517 984 profecto
1532 954 1611 977 certa
1641 951 1721 984 ratio,
1733 950 1838 978 Stmteti-

1077 994 1174 1022 dentes
1185 1001 1289 1026 causae,
1296 1001 1347 1021 cur
1355 997 1382 1021 et
1394 993 1504 1029 quando
1517 997 1545 1022 et
1555 994 1679 1029 qualiter
1692 994 1838 1022 fecerimus

1076 1040 1154 1072 dum,
1169 1048 1238 1076 quas
1250 1039 1420 1074 hominibus,
1434 1041 1535 1076 quibus
1552 1040 1611 1069 haec
1623 1048 1686 1076 quae
1701 1045 1758 1069 ante
1768 1041 1838 1068 oculos

1077 1086 1165 1121 posita
1180 1090 1245 1114 sunt
1260 1092 1288 1114 et
1297 1089 1331 1115 de
1349 1087 1410 1122 ejus
1424 1086 1597 1122 providentia
1612 1090 1799 1118 contestantur,
1810 1086 1838 1112 in-

1077 1132 1186 1167 quirere
1214 1136 1242 1160 et
1264 1133 1417 1169 intelligere
1434 1133 1540 1169 pigrum
1567 1132 1634 1165 fuit,
1650 1134 1748 1169 aperiri
1770 1134 1837 1168 utique

1076 1186 1132 1206 non
1146 1179 1284 1213 oportuit;
1305 1187 1366 1214 qua:
1391 1179 1464 1207 cnim
1495 1179 1524 1206 in
1551 1179 1665 1207 Occulta
1693 1179 1837 1207 babenturet

1077 1224 1150 1251 intra
1166 1224 1307 1259 sapientia:
1321 1233 1430 1258 sensus.
1444 1225 1519 1252 velut
1533 1225 1607 1252 intra
1623 1225 1716 1260 regios
1725 1225 1836 1253 thesauros

1077 1269 1218 1298 recondita
1233 1275 1308 1302 sunt.
1321 1270 1425 1298 nemini
1452 1274 1557 1306 patent,
1575 1271 1632 1298 nisi
1648 1271 1692 1298 his
1709 1271 1755 1306 qui
1768 1271 1795 1298 ab
1806 1270 1836 1296 illo

1077 1316 1234 1350 didicerint,
1251 1317 1323 1352 apud
1338 1325 1421 1352 quem
1440 1318 1548 1353 signata
1563 1321 1631 1345 sunt
1656 1318 1713 1345 btec
1737 1322 1762 1344 et
1781 1324 1835 1352 repo—

1078 1362 1140 1390 sita.
1155 1361 1226 1391 Deus
1240 1370 1306 1398 ergo
1319 1368 1360 1391 est
1385 1363 1431 1398 qui
1462 1363 1526 1391 fecit
1539 1364 1647 1396 omnia,
1672 1368 1699 1391 et
1721 1364 1772 1399 ipse
1784 1371 1836 1391 am»
1859 1373 1860 1378 η

1077 1408 1152 1436 mitte
1165 1408 1255 1436 factus
1269 1413 1322 1437 est.
1338 1408 1390 1442 Qui
1403 1413 1493 1437 autem
1506 1413 1636 1436 naturam
1651 1417 1702 1445 pro
1711 1409 1761 1437 Deo
1773 1409 1835 1437 nomi-
1859 1420 1860 1442 ξ

1077 1459 1155 1486 nant,
1169 1460 1197 1482 et
1212 1462 1259 1490 per
1286 1458 1414 1482 naturam
1429 1454 1501 1482 facta
1525 1463 1588 1483 esse
1602 1460 1704 1484 cuncta
1722 1460 1835 1483 testantur.

1077 1501 1145 1528 latet
1154 1509 1201 1529 eos
1219 1501 1412 1537 appellationis
1426 1509 1483 1529 suae
1494 1509 1583 1529 error.
1603 1501 1634 1529 Si
1653 1503 1725 1530 enim
1739 1506 1835 1529 naturam

1079 1546 1295 1574 irrationabilem
1309 1550 1418 1582 putant,
1430 1546 1625 1575 stultissimum
1649 1551 1693 1576 est
1717 1546 1836 1574 rationabi-

1079 1593 1130 1621 lem
1146 1593 1280 1621 facturam
1295 1593 1330 1621 ab
1355 1593 1537 1621 irrationabili
1559 1592 1668 1622 factore
1686 1593 1805 1629 progredi.
1817 1591 1835 1617 Si

1077 1647 1143 1667 vero
1157 1639 1228 1667 ratio
1238 1642 1292 1671 est,
1309 1638 1336 1666 id
1352 1642 1395 1667 est
1415 1639 1503 1675 logos,
1521 1647 1570 1674 per
1581 1647 1666 1674 quam
1680 1639 1746 1666 facta
1755 1642 1837 1666 constat

1078 1685 1216 1717 universa,
1229 1683 1367 1720 superﬂuo
1381 1692 1480 1712 nomen
1494 1685 1653 1718 immutant,
1665 1686 1711 1713 ubi
1725 1685 1755 1712 de
1762 1684 1837 1712 Condi-

1078 1731 1147 1758 toris
1159 1731 1264 1758 ratione
1278 1730 1448 1765 proﬁtentur.
1464 1730 1505 1758 Ad
1519 1731 1578 1760 haec
1590 1732 1615 1760 si
1630 1732 1695 1767 quid
1706 1731 1788 1762 habes.
1799 1729 1837 1756 Pa-

1079 1781 1130 1808 ter,
1143 1784 1320 1812 prosequere.

1112 1822 1220 1850 XXXV.
1258 1822 1321 1850 Haec
1350 1831 1414 1851 cum
1437 1822 1533 1851 Niceta
1558 1823 1694 1855 dixisset,
1720 1830 1791 1850 senet
1811 1822 1835 1847 ita

1077 1867 1233 1903 respondit:
1250 1867 1293 1895 Tu
1321 1868 1444 1904 quidem,
1464 1869 1513 1901 fili,
1542 1869 1691 1904 prudenter
1714 1874 1738 1897 et
1755 1867 1835 1895 fortier

1077 1917 1240 1949 prosecutus
1254 1921 1295 1947 es,
1327 1914 1356 1942 in
1379 1918 1486 1942 tantum
1502 1919 1531 1942 ut
1552 1915 1653 1943 melius
1667 1908 1719 1943 dici
1730 1921 1798 1950 posse
1812 1913 1835 1939 de

1077 1959 1252 1998 Providentia
1279 1967 1334 1987 non
1362 1965 1470 1996 putem-
1493 1960 1548 1988 Sed
1574 1962 1704 1996 quoniam
1730 1960 1834 1994 horajaut

1077 2006 1162 2033 multa
1175 2010 1227 2038 est,
1257 2006 1380 2034 crastino
1409 2007 1443 2034 ad
1471 2007 1529 2034 hac
1548 2015 1609 2042 qua:
1635 2011 1784 2043 prosecutus
1804 2013 1832 2033 es.

1077 2053 1244 2088 respondere
1266 2053 1356 2088 aliqua
1375 2054 1448 2086 volo,
1474 2053 1508 2081 de
1521 2054 1623 2087 quibus
1635 2054 1659 2081 si
1671 2053 1733 2081 mihi
1751 2051 1833 2080 satisfe-

1077 2099 1149 2127 ceris
1159 2099 1254 2134 gratia:
1269 2107 1313 2127 me
1336 2099 1422 2127 fateor
1433 2099 1595 2128 debitorem.
1613 2100 1646 2128 Et
1661 2101 1702 2128 his
1715 2107 1729 2126 a
1741 2097 1832 2127 senedi—

1077 2145 1140 2178 ctis,
1154 2145 1273 2173 surrexit
1296 2144 1404 2173 Petrus.
1435 2145 1551 2178 Quidam
1577 2154 1643 2175 vero
1656 2154 1691 2174 ex
1710 2144 1831 2172 astantibus

1077 2190 1287 2219 Laodicensium
1301 2191 1407 2227 primus
1418 2191 1531 2227 rogabat
1543 2191 1654 2219 Petrum
1665 2196 1692 2220 et
1702 2199 1758 2224 nos,
1767 2193 1791 2217 ut
1800 2196 1830 2216 se-

231 2239 314 2274 quod
331 2238 460 2271 abundet,
486 2238 549 2272 quis
576 2245 607 2265 ex
633 2237 676 2265 his
698 2238 826 2266 omnibus
848 2246 902 2266 non
918 2239 1028 2267 eviden-
1043 2245 1066 2273 ι)
1078 2236 1121 2264 nis
1135 2236 1293 2264 indumenta
1308 2245 1369 2272 quae
1396 2237 1513 2265 habebat
1526 2238 1636 2265 sordida
1653 2243 1680 2266 et
1701 2238 1777 2266 scissa
1788 2242 1830 2262 tmt-

241 2289 283 2311 ter
304 2287 435 2319 agnoscat
459 2283 574 2310 rationis
603 2291 673 2318 opus
692 2288 719 2311 et
740 2284 902 2319 sapientiam
923 2285 1026 2313 Condi-

238 2330 328 2357 toris?

277 2375 396 2404 XXXIII.
427 2375 475 2404 His
502 2377 665 2412 astipulatur
691 2376 773 2404 etiam
798 2378 1028 2405 ceterorumani-

241 2422 354 2449 ntalium
369 2422 541 2450 rationabilis
553 2423 709 2455 diversitas.
727 2426 754 2450 et
764 2430 814 2450 suo
823 2423 950 2458 quodque
965 2424 1026 2451 usui

243 2468 449 2503 ministerioque
479 2469 654 2498 conveniens.
683 2468 746 2497 Haec
774 2473 890 2497 testatur
902 2473 930 2497 et
944 2470 1026 2497 arbo-

242 2521 302 2540 rutn
320 2513 439 2540 varietas
463 2513 666 2549 herbarumque
691 2514 848 2546 diversitas,
865 2518 920 2541 tam
936 2515 1027 2549 specie

242 2559 346 2586 variata
370 2567 452 2594 qttam
478 2560 580 2588 succis.
608 2559 670 2588 Ilzec
693 2561 792 2588 asserit
818 2566 844 2588 et
863 2561 1028 2596 permutatio

239 2611 395 2641 temporum
426 2606 453 2633 in
475 2611 592 2641 quatuor
616 2606 746 2634 distincta
771 2607 984 2639 vicissitudines,
1001 2611 1028 2634 et

242 2652 325 2679 certis
340 2651 427 2683 horis,
454 2651 562 2684 diebus,
592 2652 744 2684 mensibus,
775 2659 877 2679 annum
907 2652 1027 2679 circulus

236 2698 382 2729 claudens.
392 2701 420 2725 et
431 2706 465 2725 ne
478 2705 560 2725 unam
567 2698 676 2733 quidem
686 2698 781 2725 horam
792 2702 900 2726 statuta:
913 2699 1026 2726 rationis

241 2745 393 2777 excedens;
414 2744 478 2771 hinc
504 2744 622 2779 denique
647 2745 729 2772 etiam
741 2744 834 2771 mundi
852 2745 938 2779 ipsius
949 2748 1026 2774 mtas.

242 2795 316 2818 certa
331 2795 358 2818 et
373 2790 464 2819 stabili
480 2791 595 2823 ratione,
610 2796 742 2826 concepto
762 2798 894 2818 annorum
913 2798 1027 2819 numero

242 2841 378 2866 censetur.

280 2883 397 2910 XXXIV.
425 2883 476 2911 Sed
493 2884 578 2915 ilices,
597 2884 712 2917 Quando
728 2883 846 2911 mundus
872 2883 961 2911 factus
973 2887 1025 2916 est,

1079 2285 1166 2316 taret;
1178 2290 1258 2317 quem
1271 2281 1369 2310 Petrus
1380 2286 1408 2310 et
1420 2289 1472 2310 nos
1496 2283 1625 2318 amplexi,
1637 2287 1665 2311 et
1677 2281 1829 2310 collaudatum

1077 2335 1127 2363 pro
1140 2328 1255 2356 honesta
1277 2333 1306 2356 et
1319 2329 1423 2364 optima
1440 2329 1579 2357 voluntate
1608 2337 1668 2362 sua,
1682 2329 1827 2357 dicebamus:

1077 2373 1146 2407 Quia
1161 2381 1211 2402 nec
1226 2382 1276 2402 nos
1299 2375 1336 2402 ita
1352 2374 1513 2410 insipientes
1524 2383 1620 2403 sumus
1633 2381 1660 2403 et
1675 2374 1753 2410 impii,
1765 2376 1788 2400 ut
1798 2371 1828 2398 cui

1076 2423 1132 2447 tam
1150 2421 1270 2455 pretiosa
1287 2420 1368 2448 verba
1386 2420 1587 2454 concredimus,
1602 2429 1656 2449 non
1676 2421 1753 2448 multo
1766 2417 1828 2452 magis

1076 2467 1158 2495 etiam
1175 2467 1233 2495 haec
1251 2475 1313 2502 quae
1324 2467 1358 2495 ad
1371 2475 1438 2496 usus
1451 2476 1600 2504 corporeos
1625 2472 1688 2496 sunt
1704 2464 1828 2495 necessari!

1077 2511 1259 2549 praebeamus,
1272 2521 1333 2548 quae
1347 2521 1410 2541 eum
1426 2519 1454 2541 et
1468 2514 1587 2542 libenter
1600 2517 1776 2549 suscepturum
1785 2517 1827 2537 cte-

1077 2559 1179 2591 dimus,
1191 2565 1322 2595 tanquam
1337 2567 1352 2586 a
1363 2560 1427 2588 filiis
1438 2563 1555 2595 patrem,
1565 2561 1612 2588 sed
1625 2564 1653 2588 et
1666 2563 1758 2587 tectum
1768 2555 1827 2584 nobis

1076 2610 1103 2634 et
1116 2607 1199 2634 vitam
1218 2613 1390 2634 communem
1418 2606 1478 2634 fore
1491 2606 1638 2634 credimus.
1660 2605 1718 2632 Hac
1730 2611 1781 2631 cum
1791 2607 1826 2628 nos

1077 2652 1244 2685 diceremus,
1260 2657 1288 2680 et
1303 2653 1347 2680 ille
1362 2652 1512 2687 primarius
1527 2653 1645 2680 civitatis
1671 2657 1766 2680 summa
1777 2649 1797 2674 ti
1808 2651 1827 2673 ei

1076 2698 1273 2726 blandimentis
1288 2698 1414 2734 plurimis
1441 2699 1557 2726 avellere
1571 2706 1586 2725 a
1598 2698 1676 2726 nobis
1688 2698 1784 2732 cuperet
1795 2700 1825 2720 sc.

1077 2751 1150 2776 nem.
1166 2751 1218 2772 nos
1237 2752 1301 2772 vero
1315 2751 1348 2771 eo
1362 2744 1551 2772 vehementius
1566 2745 1746 2774 retinerentus,
1758 2738 1824 2768 omnis

1077 2791 1194 2826 populus
1205 2790 1364 2818 acelamavit
1380 2794 1411 2817 ut
1435 2789 1502 2817 illud
1528 2791 1614 2825 magis
1628 2790 1682 2823 fiat,
1707 2787 1768 2825 quod
1786 2783 1822 2820 ipsi

1078 2837 1166 2872 placet
1179 2837 1254 2870 seni;
1272 2841 1298 2864 et
1312 2843 1374 2864 cum
1390 2835 1530 2864 silentium
1545 2836 1644 2864 factum
1655 2836 1821 2865 fuisset.senﬂ

1073 2883 1231 2918 iuramento
1245 2882 1390 2918 praevenit,
1406 2881 1500 2910 dicens
1515 2892 1521 2910 :
1551 2882 1634 2911 Hodie
1657 2881 1723 2918 apud
1743 2877 1819 2908 nullmll
