1873 3095
31 181 91 210 I389

608 177 889 207 RECOGNITIONUM
907 177 972 206 LIB.
993 176 1060 204 VIII.

1581 175 1649 202 εὖθ’)

27 237 135 266 manebo
144 244 235 272 neque
245 237 382 273 abaliquo
392 237 542 272 quidquam
555 237 714 272 suscipiam,
728 237 766 264 uti
779 244 813 265 ne
828 239 850 268 Α
864 244 936 264 mam
950 234 1107 271 possidens,
1123 241 1173 261 cur
1183 235 1210 261 in
1226 235 1335 262 occulto
1350 234 1418 262 lates
1432 237 1459 261 et
1483 233 1648 261 verecundia

26 285 132 312 alterius
161 283 272 310 dilectio
296 283 410 311 alterius
435 283 547 311 tristitia
576 283 636 315 ﬁat;
662 284 720 311 haec
734 284 807 311 enim

25 329 193 365 postmodum
208 329 231 357 si
241 330 331 357 visum
347 329 439 361 fuerit,
456 329 512 356 fieri
527 335 652 365 possunt.

54 374 174 402 XXXVI.
192 374 224 402 Et
241 383 303 402 cum
332 376 390 403 haec
404 376 518 403 dixisset
544 384 638 408 senex,
658 376 754 405 Petrus
771 377 808 404 ait

23 422 51 448 ad
66 421 226 456 primarium
243 421 363 448 civitatis
377 431 383 448 :
411 421 546 455 Quoniam
563 423 648 450 nostri
663 423 808 457 praesentia

22 467 115 494 bonam
127 467 302 495 voluntatem
316 471 392 494 tuam
408 468 564 498 ostendistl,
581 468 687 496 tristem
712 471 739 495 te
752 476 806 496 non

21 517 121 548 oportet
134 513 294 546 abscedere,
315 513 362 541 sed
386 514 553 548 acripiemus
580 514 629 542 abs
650 518 677 541 te
691 516 805 550 gratiam

21 565 65 593 pro
75 559 175 593 gratia,
191 559 300 586 domum
317 564 390 587 tuam
407 561 486 588 nobis
509 561 631 592 ostende,
647 566 673 588 et
686 569 806 597 praepara

20 612 74 631 eam
92 608 122 631 ut
137 606 262 632 crastino
278 605 428 640 disputatio
443 614 503 641 quae
518 606 608 634 futura
632 612 674 634 est
698 608 735 634 ibi
760 608 808 634 ha-

21 650 120 681 beatur,
135 654 164 678 et
189 650 212 678 si
229 651 275 686 qui
286 652 381 678 volunt
397 651 495 679 adesse
510 652 543 679 ad
559 652 727 680 audiendum
744 661 806 688 pcr-

19 695 171 723 mittantur.
189 695 254 729 Quae
266 704 326 724 cum
343 697 466 725 audisset
480 698 586 732 primus
597 698 717 726 civitatis
728 699 806 726 valde

20 741 124 775 gavisus
135 747 190 774 est,
205 741 252 770 sed
269 746 295 770 et
309 743 399 771 omnis
427 743 544 778 populus
560 743 676 772 libenter
690 744 804 771 audivit.

17 786 137 822 Cumque
152 787 348 816 discessissent
364 788 473 823 turbaeh
487 789 598 817 domum
623 798 701 818 suam
712 796 805 818 osten-

17 832 70 866 dit;
82 833 227 861 discedere
237 837 326 861 autem
339 838 366 861 et
381 842 464 862 senex
475 835 568 870 ccepit.
582 835 638 871 Ego
652 840 743 864 tamen
757 837 804 864 uni

18 887 46 906 ex
59 879 234 915 pedissequis
248 880 317 907 meis
332 881 464 915 imperavi
480 881 550 909 clam
578 883 706 917 subsequi
721 883 805 911 vesti-

17 925 84 959 gium
111 926 206 958 senis,
235 930 261 953 et
287 926 393 954 discere
412 927 458 954 ubi
482 932 614 955 maneret.
640 928 696 957 Nos
713 933 803 956 autem

17 977 73 996 cum
93 970 265 999 redissemus
278 972 311 999 ad
327 972 475 1008 hospitium
488 993 496 1005 ,
512 974 701 1002 enarravimus
713 975 804 1002 omnia

17 1015 145 1044 fratribus
159 1025 221 1052 qua
233 1018 313 1045 nobis
327 1026 389 1045 cum
404 1027 470 1047 sene
484 1019 576 1047 habita
591 1024 666 1053 sunt,
678 1025 706 1048 et
718 1021 756 1048 ita
771 1028 804 1048 ex

17 1069 86 1089 more
98 1063 162 1090 cibo
176 1067 286 1098 sumpto
301 1064 493 1099 requievimus.

48 1107 181 1136 XXXVII.
198 1108 247 1137 Die
266 1114 356 1137 autem
371 1114 479 1145 postera
502 1111 599 1140 Petrus
621 1116 727 1140 mature
741 1121 803 1140 sur-

17 1160 78 1186 gens
90 1155 240 1182 suscitavit
252 1163 312 1188 nos,
327 1160 353 1183 et
364 1157 534 1191 perreximus
547 1158 649 1192 pariter
663 1158 697 1185 ad
713 1159 802 1186 locum

16 1205 160 1232 secretum,
188 1201 217 1228 in
241 1209 296 1236 quo
313 1205 340 1229 et
362 1202 449 1237 pridie
463 1203 595 1232 orationis
615 1211 698 1231 causa
711 1204 799 1232 fuera-

17 1252 89 1278 mus;
102 1250 187 1281 atque
199 1246 262 1274 inde
273 1251 336 1282 post
350 1249 502 1276 orationem
518 1249 583 1276 dum
599 1250 754 1278 veniremus
768 1250 802 1277 ad

15 1291 190 1319 constitutam
201 1292 322 1325 domum,
334 1293 362 1321 in
374 1294 471 1321 itinere
485 1295 612 1322 monebat
623 1303 684 1328 nos,
696 1295 800 1324 dicens:

17 1336 113 1366 Audite
138 1347 196 1371 me,
213 1339 339 1367 conservi
366 1340 551 1372 dilectissimi,
577 1341 678 1368 bonum
704 1346 745 1369 est
773 1346 802 1368 ut

17 1384 208 1419 unusquisque
217 1388 339 1412 vestrum
354 1386 505 1413 secundum
517 1386 589 1421 quod
603 1390 703 1422 potest,
715 1388 802 1423 prosit

17 1430 212 1458 accedentibus
238 1430 272 1458 ad
299 1431 378 1458 ﬁdem
399 1431 539 1467 religionis
560 1435 670 1467 n05trae,
698 1437 725 1460 et
740 1433 801 1461 ideo

15 1481 65 1501 non
79 1482 129 1504 vos
158 1477 249 1512 pigeat
268 1477 417 1504 secundum
442 1478 619 1512 sapientiam,
645 1487 707 1514 quae
724 1479 801 1507 vobis

15 1528 60 1555 per
86 1522 135 1550 Dei
167 1523 367 1558 providentiam
403 1523 502 1551 collata
534 1527 577 1551 est
611 1524 799 1558 disserentes,

860 281 1037 317 contegeris?
1049 279 1147 308 accede
1160 279 1212 307 huc
1228 281 1326 315 magis,
1343 283 1369 307 et
1383 286 1443 314 quae
1461 279 1508 306 tibi
1521 278 1649 306 videntur

858 334 1015 363 exsequere.

900 372 1022 401 XXXIX.
1035 372 1086 400 Ubi
1098 372 1155 400 hac
1170 372 1240 399 dixit
1263 371 1371 403 Petrus,
1392 371 1482 398 statim
1506 370 1593 398 turbae
1607 370 1649 397 lo-

858 427 921 447 cum
941 420 1008 447 dare
1025 423 1170 454 coeperunt
1185 418 1256 446 seni.
1277 418 1400 453 Cumque
1423 417 1595 450 accessisset,
1610 417 1651 444 ita

858 465 958 501 cmpit:
980 465 1081 492 Eorum
1092 472 1153 500 qua:
1163 465 1207 492 die
1220 464 1351 492 hesterno
1375 467 1538 498 prosccutus
1548 466 1591 489 est
1602 463 1648 497 ju-

859 512 949 545 venis,
961 512 1070 539 ctiamsi
1084 511 1167 539 verba
1183 518 1239 537 non
1253 509 1375 541 memini,
1390 517 1500 536 sensum
1514 512 1604 535 tamen
1620 514 1647 536 et

857 558 979 585 ordinem
994 562 1084 589 teneo,
1114 561 1141 584 et
1162 557 1224 584 ideo
1241 555 1427 583 necessarium
1445 559 1511 590 puto
1535 558 1647 590 propter

857 611 904 631 eos
919 604 965 639 qui
981 604 1110 631 hesterno
1138 610 1191 630 non
1224 601 1384 635 adfuerunt,
1412 600 1646 635 anacephalaaosin

857 650 948 677 facere
960 657 1055 677 eorum
1073 656 1134 684 quae
1161 649 1236 676 dicta
1265 652 1341 680 sunt,
1357 651 1384 675 et
1410 647 1531 675 breviter
1545 650 1646 674 cuncta

857 700 990 731 repetere,
1011 700 1041 722 ut
1053 695 1160 722 etiamsi
1177 702 1220 722 me
1233 694 1337 730 aliquid
1353 693 1489 729 eﬂ‘ugerit,
1505 693 1540 720 ab
1554 699 1587 720 eo
1598 693 1646 727 qui

857 746 1019 777 prosecutus
1037 745 1081 769 est
1098 745 1232 776 praesente
1255 747 1440 767 commouear.
1457 738 1507 765 Hic
1518 746 1583 773 ergo
1594 738 1646 765 fuit

857 788 992 816 hesternae
1005 787 1200 823 disputationis
1220 794 1328 818 sensus,
1340 785 1412 821 quod
1429 785 1520 813 omnia
1531 792 1593 819 quae.
1604 785 1647 810 vi-

856 834 965 866 dentur,
985 834 1115 869 quoniam
1130 837 1207 860 certa
1234 840 1363 859 mensura
1378 835 1405 859 et
1427 834 1486 858 arte
1504 830 1646 865 formaque

856 888 888 908 ac
903 880 994 916 specie
1010 883 1149 912 constant,
1177 879 1236 907 sine
1251 878 1336 906 dubio
1350 886 1366 905 a
1392 878 1516 912 sapiente
1543 877 1646 904 virtute

857 926 928 954 facta
943 933 1005 954 esse
1020 925 1168 961 [credenda
1183 928 1266 957 sunt;
1285 923 1359 959 quod
1376 923 1399 950 si
1426 930 1504 950 mens
1532 926 1559 950 et
1574 923 1645 949 ratio

855 976 898 1000 est
916 979 976 1007 qua:
994 972 1051 999 hac
1066 972 1198 1002 condidit,
1209 977 1381 1004 consequens
1393 968 1465 1004 esse]
1484 971 1514 995 ut
1528 968 1645 995 rationis

856 1018 943 1054 ipsius
970 1018 1141 1053 providentia
1167 1017 1424 1050 mundusregatur.
1443 1014 1551 1042 etiamsi
1563 1014 1644 1041 nobis

855 1072 887 1091 ea
902 1071 962 1099 quae
974 1068 1106 1099 geruntur
1132 1063 1160 1090 in
1183 1062 1294 1096 mundo,
1323 1061 1413 1088 minus
1429 1064 1503 1088 recte
1531 1059 1588 1095 geri
1602 1059 1643 1087 vi.

854 1109 980 1136 deantur.
1000 1109 1185 1144 Consequitur
1201 1112 1302 1139 autem,
1318 1111 1348 1134 ut
1362 1107 1385 1135 si
1401 1110 1509 1134 creator
1521 1106 1643 1133 omnium

855 1154 927 1183 Deus
942 1160 986 1182 est
1000 1162 1032 1182 ac
1046 1162 1135 1186 mens,
1149 1154 1185 1182 sit
1196 1154 1279 1181 etiam
1291 1153 1401 1188 justus;
1425 1152 1498 1188 quod
1513 1151 1537 1178 si
1550 1152 1643 1186 justus

853 1203 906 1232 est,
933 1200 1091 1228 necessario
1104 1199 1224 1234 judicat;
1237 1199 1260 1225 si
1283 1198 1400 1233 judicat,
1417 1205 1530 1225 necesse
1546 1202 1588 1224 est
1613 1201 1644 1224 ut

854 1245 977 1273 homines
990 1246 1023 1273 de
1031 1246 1089 1273 suis
1105 1245 1213 1272 actibus
1225 1244 1399 1279 iudicentur;
1412 1247 1439 1270 et
1453 1243 1477 1270 si
1488 1243 1522 1270 de
1536 1243 1644 1270 actibus

854 1291 912 1319 suis
927 1291 1119 1326 unusquisque
1142 1290 1294 1326 judicatur,
1314 1290 1367 1317 erit
1383 1297 1448 1324 ergo
1471 1289 1542 1315 inter
1552 1289 1643 1323 justos

853 1341 879 1364 et
892 1341 1053 1372 peccatores
1077 1336 1182 1371 justum
1200 1335 1365 1370 quandoque
1392 1334 1551 1361 discrimen.
1580 1333 1644 1360 Haec

853 1384 916 1416 fuit,
929 1387 959 1410 ut
972 1383 1080 1418 opinor,
1099 1382 1184 1409 totius
1205 1381 1281 1409 verbi
1296 1381 1474 1408 continentia.

886 1429 943 1457 XL.
961 1428 989 1456 Si
1008 1436 1072 1464 ergo
1084 1427 1192 1456 ostendi
1209 1432 1302 1463 potest
1325 1428 1398 1462 quod
1416 1434 1493 1454 mens
1512 1434 1544 1454 ac
1572 1426 1644 1454 ratio

852 1481 951 1504 cuncta
964 1476 1127 1508 condiderit,
1155 1483 1328 1510 consequens
1355 1479 1398 1502 est
1429 1480 1456 1501 et
1473 1481 1505 1501 ea
1526 1482 1587 1508 qua
1600 1481 1644 1501 se-

852 1528 976 1558 quuntur
990 1523 1098 1550 ratione
1113 1527 1140 1550 et
1153 1522 1323 1557 providentia
1331 1522 1398 1557 geri.
1416 1520 1444 1547 Si
1462 1528 1526 1548 vero
1547 1525 1644 1547 natura

16 1566 149 1596 instruere
165 1569 276 1604 ignaros
291 1573 318 1596 et
333 1569 441 1601 docere,
455 1570 493 1597 ita
519 1574 610 1598 tamen
630 1575 660 1598 ut
673 1572 715 1599 his
743 1580 804 1608 quae
817 1575 837 1603 ο
855 1569 1015 1604 imprudens
1031 1572 1059 1596 et
1075 1576 1148 1596 caeca
1164 1569 1251 1604 gignit
1271 1568 1410 1599 universa,
1431 1567 1573 1602 perimitur
1583 1566 1643 1593 sine

15 1619 29 1639 a
41 1621 81 1641 me
104 1615 224 1643 audistis
239 1619 265 1642 et
285 1615 386 1642 tradita
409 1620 474 1643 sunt
490 1617 578 1648 vobis,
595 1618 679 1645 vestri
694 1622 801 1646 tantum

16 1661 148 1689 sermonis
171 1661 354 1696 eloquentiam
384 1662 504 1690 societis.
528 1663 582 1690 Nec
607 1664 710 1699 aliquid
734 1672 801 1700 pro-

17 1704 102 1737 prium
118 1709 148 1733 et
160 1706 233 1741 quod
258 1706 337 1734 vobis
362 1715 416 1734 non
433 1713 473 1735 est
502 1708 630 1735 traditum
656 1709 802 1744 proloqua-

19 1750 93 1783 mini,
109 1752 219 1780 etiamsi
239 1753 317 1781 vobis
333 1754 481 1782 verisimile
505 1755 639 1787 videatur,
658 1755 703 1782 sed
715 1763 758 1786 ea,
771 1759 802 1782 ut

17 1794 82 1830 dixi,
107 1806 169 1833 qua:
188 1798 248 1833 ipse
274 1806 290 1825 a
319 1807 384 1826 vero
414 1800 544 1835 propheta
570 1805 696 1836 suscepta
723 1801 801 1830 vobis

17 1842 125 1876 tradidi,
141 1845 360 1880 prosequamini,
377 1846 482 1873 etiamsi
499 1847 589 1874 minus
606 1848 691 1882 plenae
713 1855 802 1875 asser-

14 1887 94 1916 tionis
105 1897 168 1918 esse
180 1891 355 1918 videbuntur.
384 1891 454 1918 Hinc
479 1893 551 1919 enim
579 1901 649 1928 saepe
669 1894 802 1929 contingit

15 1931 149 1962 declinare
162 1935 294 1970 quosdam
306 1942 321 1962 a
333 1935 457 1968 veritate,
473 1936 538 1963 dum
552 1937 670 1972 speciem
689 1939 739 1965 sibi
755 1947 802 1966 ve-

15 1977 95 2006 rioris
109 1983 137 2007 et
152 1980 294 2008 validioris
308 1981 442 2014 veritatis,
458 1982 576 2017 propriis
590 1984 801 2019 cogitationibus

15 2023 151 2056 reperisse
171 2032 201 2051 se
217 2025 344 2052 credunt.

50 2066 194 2097 XXXVIII.
212 2069 260 2096 His
280 2078 295 2096 a
309 2070 390 2098 Petro
410 2071 492 2099 dictis
509 2072 627 2100 libenter
641 2074 799 2106 annuimus,

15 2109 134 2140 dicentes
146 2115 182 2146 ei,
196 2115 266 2141 nihil
288 2123 340 2143 nos
365 2120 484 2148 acturos,
502 2118 555 2145 nisi
571 2119 643 2153 quod
659 2119 710 2154 ipsi
725 2120 800 2148 vide-

19 2161 101 2186 retur.
118 2159 187 2188 Tum
203 2161 249 2189 ille
263 2171 270 2188 :
284 2161 319 2189 Ut
327 2169 402 2198 ergo,
413 2163 511 2197 inquit,
524 2164 584 2192 sine
594 2166 713 2200 periculp
723 2174 801 2194 exer-

14 2205 140 2237 ccamini,
158 2214 201 2234 me
217 2214 312 2234 coram
329 2207 467 2243 disputate
493 2210 603 2245 singuli,
632 2211 669 2238 ita
685 2216 713 2238 ut
727 2219 800 2239 unus

852 1614 937 1642 dubio
964 1614 1061 1649 judicii
1076 1614 1157 1646 ratio,
1176 1621 1227 1641 nec
1255 1613 1393 1641 discussio
1408 1617 1581 1647 peccatorum
1610 1619 1643 1639 ac

852 1659 1057 1687 benefactorum
1085 1660 1270 1687 remuneratio
1299 1657 1464 1693 sperabitur,
1489 1656 1537 1683 ubi
1557 1656 1641 1690 judex

852 1713 906 1733 non
922 1709 972 1732 est.
991 1705 1059 1738 Quia
1075 1712 1140 1740 ergo
1157 1705 1249 1731 omnia
1272 1704 1300 1731 in
1330 1704 1381 1730 hoc
1397 1702 1516 1738 pendent
1528 1706 1556 1729 et
1577 1702 1642 1729 huic

852 1752 933 1788 capiti
952 1753 1103 1785 adhaerent,
1128 1760 1184 1779 non
1211 1751 1402 1785 indignemini,
1428 1751 1451 1778 si
1476 1750 1545 1777 forte
1560 1751 1642 1785 paulo

852 1800 933 1827 latius
950 1800 1050 1828 discuti
1068 1800 1126 1828 haec
1144 1803 1171 1828 et
1201 1800 1363 1835 pertractari
1387 1799 1509 1826 voluero.
1531 1799 1560 1826 ln
1589 1799 1640 1825 hoc

852 1847 924 1874 enim
939 1847 1004 1874 mihi
1019 1847 1052 1874 ad
1067 1847 1159 1874 omnia
1174 1855 1235 1882 quae
1250 1850 1452 1882 proponuntur,
1463 1845 1536 1872 velut
1553 1845 1640 1880 prima

849 1892 935 1927 janua
948 1892 1096 1924 clauditur,
1112 1897 1140 1920 et
1155 1893 1217 1920 ideo
1228 1892 1300 1919 hanc
1312 1891 1377 1918 mihi
1396 1896 1458 1918 ante
1470 1890 1562 1918 omnia
1579 1898 1641 1926 ape-

850 1938 900 1965 riri
917 1939 988 1966 volo.
1005 1938 1084 1966 Nunc
1095 1946 1161 1974 ergo
1176 1938 1267 1965 audite
1284 1945 1345 1972 quae
1369 1937 1465 1969 doceo,
1482 1940 1510 1964 et
1526 1944 1640 1971 respou-

850 1984 914 2012 deat
925 1985 993 2012 mihi
1008 1985 1032 2013 si
1042 1985 1106 2020 quis
1112 1988 1233 2011 vestrum
1242 1984 1328 2016 volet;
1341 1990 1395 2009 non
1402 1982 1474 2009 enim
1480 1982 1638 2009 erubescant

851 2030 968 2060 discere,
986 2031 1010 2058 si
1021 2030 1134 2058 audiero
1149 2029 1222 2065 quod
1232 2036 1327 2056 verum
1342 2031 1395 2060 est,
1407 2031 1434 2054 et
1449 2030 1523 2054 recte
1534 2027 1637 2054 dicenti

850 2076 1037 2112 acquiescere.
1055 2075 1139 2111 Igitur
1160 2076 1289 2103 hesterno
1313 2081 1328 2101 a
1354 2077 1380 2101 te
1407 2073 1518 2101 habitus
1534 2081 1636 2103 sermo,

850 2123 897 2158 qui
913 2123 1054 2151 asserebat
1070 2122 1142 2158 quod
1158 2126 1216 2150 arte
1230 2125 1257 2149 et
1271 2127 1399 2149 menSura
1413 2124 1440 2148 et
1453 2120 1559 2147 ratione
1569 2127 1638 2146 cuu-

850 2172 894 2195 cta
909 2172 1077 2200 constarent,
1094 2176 1148 2196 non
1168 2167 1246 2195 valde
1270 2175 1313 2194 me
1328 2166 1442 2197 suadet,
1458 2169 1576 2192 mentem
1593 2173 1638 2192 ra-

852 2215 1010 2249 tionemque
1026 2221 1088 2241 esse
1098 2221 1159 2249 quae
1173 2214 1267 2241 fecerit
1292 2212 1439 2243 mundum;
1464 2211 1549 2239 multa
1564 2212 1636 2238 enim

15 2247 57 2275 alii
72 2252 203 2279 succedat
217 2260 249 2280 ac
263 2261 329 2281 suas
346 2255 534 2290 unusquisque
544 2256 660 2290 explicet
671 2257 799 2292 quaestio—
815 2246 837 2273 Β
850 2259 947 2289 habeo.
963 2246 1024 2294 qua).
1039 2246 1181 2287 ostendam
1193 2260 1357 2294 competenti
1370 2265 1497 2285 mensura
1507 2265 1538 2284 ac
1551 2257 1638 2284 forma

14 2301 69 2323 nes.
87 2296 166 2326 Nunc
179 2307 245 2334 ergo
257 2300 386 2335 quoniam
403 2301 533 2329 hesterno
552 2303 596 2330 die
614 2302 709 2330 Niceta
728 2303 799 2331 suili-

14 2339 114 2370 Cienter
123 2344 264 2377 disseruit,
281 2345 363 2373 hodie
374 2354 528 2374 sermonem
542 2347 623 2375 faciat
639 2349 747 2384 Aquila,
770 2353 798 2377 et

15 2390 72 2418 post
87 2387 211 2423 Aquilam
222 2390 359 2422 Clemens,
372 2391 435 2420 inde
444 2400 504 2427 ego.
518 2393 541 2420 si
557 2397 646 2421 tamen
661 2395 742 2422 etiam
754 2403 797 2423 me

14 2437 55 2459 res
71 2436 225 2469 poposcerit
241 2437 343 2472 aliquid
354 2438 463 2466 addere.
474 2438 578 2467 Interea
592 2439 655 2467 dum
670 2440 798 2475 hujusce-

15 2478 84 2506 modi
99 2488 240 2510 sermones
254 2483 395 2515 caadimus,
411 2485 444 2512 ad
460 2485 570 2512 domum
585 2489 697 2513 ventum
713 2491 755 2514 est
768 2486 797 2514 in

15 2528 66 2556 Qua
80 2527 235 2563 suscipiens
248 2536 299 2556 nos
316 2530 523 2564 paterfamilias,
538 2531 687 2559 introducit
706 2532 740 2560 ad
754 2532 796 2559 lo-

15 2574 73 2597 cum
86 2574 230 2607 quemdam
245 2575 273 2602 in
288 2576 495 2604 similitudinem
523 2577 624 2605 theatri
649 2578 795 2605 collectum

15 2617 40 2639 ει
51 2618 162 2656 pulchre
175 2621 383 2654 exaediﬁcatum,
412 2623 440 2650 in
466 2631 521 2658 quo
545 2624 640 2651 turbas
659 2625 792 2659 plurimas

15 2665 45 2686 ex
60 2665 179 2699 tempore
192 2667 282 2694 noctis
297 2667 470 2702 opperientes
485 2676 534 2695 nos
549 2669 711 2703 reperimus,
725 2669 797 2697 inter

16 2711 80 2750 ςιιιοδ
94 2714 121 2736 et
135 2718 217 2739 senex
246 2713 292 2747 qui
320 2713 407 2748 pridie
427 2715 570 2741 nobiscum
598 2715 793 2750 disputaverat.

16 2748 104 2788 Itaque
119 2758 238 2785 medium
253 2759 386 2788 habentes
397 2759 507 2788 Petrum
527 2748 697 2795 ingredimur
711 2763 795 2790 etiam

16 2802 77 2830 “08.
92 2802 348 2838 circumspicientes
375 2805 463 2833 sicubi
486 2814 662 2834 cerneremus
685 2815 794 2842 senem;

17 2847 93 2874 quem
111 2848 186 2882 prior
198 2848 296 2878 Petrus
311 2851 407 2878 videns
424 2851 450 2878 in
477 2852 567 2880 medio
585 2853 672 2881 turba:
685 2854 796 2881 latitan-

18 2889 67 2915 tem
81 2894 204 2922 evocavit
219 2896 252 2924 ad
268 2904 309 2927 se.
325 2897 419 2925 dicens
435 2907 441 2924 :
459 2898 608 2926 Clariorem
631 2900 725 2928 multis
736 2900 795 2928 ani-

848 2309 876 2332 et
891 2305 982 2340 specie
998 2309 1136 2336 constare,
1155 2312 1206 2332 nec
1221 2308 1311 2331 tamen
1328 2311 1377 2339 per
1394 2307 1511 2333 mentem
1528 2303 1637 2330 condita

849 2358 881 2378 ac
896 2351 1040 2377 rationem.
1061 2349 1129 2377 Tum
1143 2353 1272 2385 praeterea
1289 2349 1366 2376 video
1381 2349 1465 2375 multa
1486 2347 1635 2380 incondite,

848 2396 1087 2430 inconsequenter,
1101 2395 1203 2430 injuste
1218 2397 1277 2430 geri
1292 2395 1319 2422 in
1344 2395 1456 2427 mundo,
1471 2398 1498 2421 ct
1513 2394 1572 2421 sine
1590 2401 1638 2428 ge-

848 2442 923 2469 nesis
945 2449 1028 2469 cursu
1050 2441 1117 2468 nihil
1144 2441 1201 2468 ﬁeri
1229 2449 1328 2476 posse;
1359 2440 1434 2475 quod
1459 2445 1521 2476 post
1544 2439 1635 2468 omnia

847 2487 929 2513 etiam
946 2495 979 2514 ex
994 2494 1038 2514 me
1051 2487 1111 2522 ipso
1128 2486 1351 2515 manifestissime
1368 2486 1537 2522 approbabo.

884 2531 951 2560 XLI.
969 2531 1032 2560 Haec
1054 2540 1116 2559 cum
1132 2540 1215 2559 senex
1230 2533 1342 2563 diceret,
1360 2533 1457 2568 Aquila
1474 2531 1633 2566 respondit:

849 2577 981 2611 Quoniam
993 2578 1051 2612 ipse
1065 2577 1241 2612 proposuisti,
1258 2581 1288 2604 ut
1301 2577 1335 2604 ad
1350 2585 1382 2604 ea
1393 2585 1455 2612 quae
1465 2577 1570 2604 diceres
1586 2577 1635 2602 ha-

847 2623 924 2651 beret
935 2624 1041 2658 copiam
1054 2623 1237 2658 respondendi
1259 2623 1306 2659 qui
1329 2623 1405 2655 velit,
1429 2622 1555 2650 concedit
1568 2622 1634 2648 mihi

848 2668 932 2696 frater
947 2677 1025 2697 meus
1041 2669 1135 2696 Niceta
1148 2669 1228 2696 hodie
1245 2669 1334 2696 facere
1350 2676 1516 2696 sermonem.
1543 2667 1576 2694 Et
1591 2675 1634 2694 se-

847 2722 900 2741 nex
917 2724 923 2741 :
941 2714 1122 2750 Prosequere,
1139 2715 1187 2745 ait,
1201 2715 1286 2746 ﬁli.ut
1296 2715 1348 2742 vis.
1362 2714 1395 2741 Et
1409 2713 1505 2748 Aquila
1520 2720 1633 2748 respon-

847 2763 912 2791 dit:
943 2763 1095 2791 Promisisti
1123 2763 1196 2798 quod
1226 2762 1386 2790 ostenderes
1412 2761 1496 2788 multa
1523 2768 1584 2788 esse
1605 2760 1632 2786 in

847 2809 966 2839 mundo,
982 2816 1042 2844 qua:
1067 2808 1181 2835 formam
1209 2815 1240 2835 ac
1265 2807 1382 2842 speciem
1409 2807 1506 2842 aequali
1528 2806 1633 2833 ratione

847 2855 989 2882 collectam
1001 2857 1108 2889 gerant,
1124 2862 1184 2888 quae
1201 2858 1290 2880 tamen
1306 2856 1414 2880 constet
1424 2861 1478 2879 non
1493 2851 1566 2880 efﬁci
1584 2860 1632 2886 per

847 2899 1015 2927 conditorem
1044 2898 1138 2926 Deum.
1166 2898 1243 2925 Nunc
1271 2905 1336 2933 ergo
1360 2897 1431 2932 quod
1462 2898 1631 2934 promisisti,
