1873 3095
222 155 287 183 1591
649 153 679 181 S.
697 153 896 182 CLEMENTIS
910 153 920 180 l
937 153 1021 182 80M.

1043 153 1144 182 ΡΟΝΤ.
1163 153 1280 182 ΟΡΕΒΑ
1298 154 1414 183 DUBIA.

1773 158 1824 185 l3?!

221 213 349 242 ostende.
367 212 399 240 Et
413 220 513 241 senex:
530 212 600 240 Ecce
629 220 724 240 arcum
746 211 870 239 videmus
894 211 922 238 in
940 212 1012 238 (σξιο
1027 219 1050 244 Α
1065 211 1164 238 liorum
1190 215 1299 239 textura
1323 215 1350 239 et
1375 211 1409 239 de
1434 211 1527 246 parvis
1547 211 1711 239 animalibus
1732 212 1824 246 colligis,

220 260 356 288 circulum
374 264 467 287 tenere
491 259 564 286 omni
586 266 715 285 mensura
736 258 881 286 collectum
898 257 967 292 (7G),
989 262 1016 284 et

223 306 326 334 habere
341 305 459 340 speciem
473 305 543 337 veri,
559 311 641 339 quam
652 303 778 332 fortassis
791 311 842 331 nec
859 311 937 331 mens
947 311 1016 330 con-

223 351 290 379 dere
305 358 355 378 nec
370 350 528 378 describere
546 350 616 377 ratio
631 350 774 384 pctuisset,
796 357 847 377 nec
865 352 956 376 tamen
972 349 1017 375 hic

225 398 259 425 ob
269 398 361 432 aliqua
376 401 468 424 mente
488 396 528 424 ﬁt.
547 396 617 424 Ecce
632 397 661 423 in
684 396 759 423 brevi
771 399 859 422 totum
875 394 1016 430 proposui,

224 442 360 478 responde
376 442 409 469 ad
426 442 494 470 haec.

260 486 341 515 XLII.
370 486 439 514 Tum
466 487 584 522 Aquila:
611 485 671 514 Non
698 486 847 517 continuo,
876 485 976 521 inquit,
993 485 1018 513 si

224 532 291 569 quid
305 540 339 560 ex
355 536 418 568 typo
431 535 458 560 et
474 532 561 559 forma
578 531 753 567 exprimitur,
771 531 801 559 id
821 531 986 567 intelligitur
1002 537 1018 558 a

225 580 333 608 ratione
347 587 410 608 esse
421 586 454 606 ae
470 579 530 606 sine
541 582 632 606 mente
643 586 699 606 non
714 578 772 606 ﬁeri
784 586 876 613 posse,
888 578 1019 613 quoniam

226 629 308 664 typus
323 625 382 660 ipse
393 625 441 660 qni
456 623 585 659 exprimit
595 623 697 659 ﬁguras
714 631 748 651 ac
763 623 876 654 formas,
894 630 949 650 non
960 623 1020 651 sine

227 675 319 699 mente
335 670 425 698 factus
448 675 502 698 est.
524 669 605 698 Verbi
635 676 731 702 causa,
757 676 821 697 cera
847 668 871 697 si
895 667 1019 703 alligatur

228 718 336 753 sculpto
350 717 464 749 annulo,
484 717 631 752 imaginem
643 715 756 752 quidem
770 721 797 743 ct
815 715 927 751 ﬁguram
936 715 1020 742 sumit

227 770 262 790 ex
283 763 396 794 annulo,
421 763 468 798 qui
484 763 545 790 sine
561 763 645 790 dubio
662 770 744 790 sensu
761 767 847 794 caret,
868 761 916 790 sed
932 769 1021 788 annu-

227 809 272 837 lus
285 810 331 844 qui
358 810 486 845 exprimit
503 809 630 844 efﬁgiem,
649 816 732 836 manu
753 808 868 836 artiﬁcis
895 808 1020 843 sculptus

227 859 279 887 est,
295 859 322 883 et
339 863 416 884 mens
433 855 485 883 fuit
502 863 533 883 ac
548 856 628 887 ratio,
647 863 708 890 qua:
733 860 826 891 typum
853 855 955 882 annulo
972 855 1021 883 de-

227 902 276 929 dit.
297 902 337 929 Ita
353 910 420 938 ergo
435 906 463 930 et
474 910 557 930 arcus
570 902 733 938 exprimitur
746 903 774 930 in
789 910 869 936 aere;
891 902 932 930 sol
947 902 1020 930 enim

227 947 350 975 nubibus
367 947 574 975 rarescentibus
602 947 696 975 radios
722 954 790 975 suos
806 947 978 982 imprimens,
993 951 1021 974 et

228 991 338 1020 humori
358 992 453 1020 nubilo
479 993 554 1020 velut
570 999 641 1020 cera:
657 992 733 1019 molli
751 991 865 1027 afﬁgens
887 992 962 1020 orbis
978 992 1021 1020 sui

227 1041 334 1074 typum,
348 1045 430 1066 arcus
448 1039 566 1073 speciem
579 1038 679 1070 reddit,
697 1041 724 1065 et
744 1037 830 1066 efﬁcit
846 1037 899 1066 hoc
910 1038 979 1073 ipsa.
992 1041 1022 1066 ut

228 1084 296 1116 dixi,
313 1085 488 1119 repercussio
506 1084 662 1120 splendoris
676 1084 743 1112 solis
758 1084 786 1111 in
799 1084 1022 1118 nubibus,atque

227 1139 262 1158 ex
279 1130 333 1158 illis
362 1130 497 1166 fulgorem
515 1131 611 1158 circuli
636 1130 697 1165 ejus
716 1131 844 1158 reddens.
870 1129 913 1157 Fit
929 1134 1019 1158 autem

230 1176 284 1204 boc
308 1185 364 1205 non
394 1185 521 1213 semper,
556 1177 605 1206 sed
629 1185 692 1205 cum
717 1177 951 1213 opportunitatem
979 1177 1020 1205 sui

230 1223 366 1251 humecta:
381 1223 469 1251 nubes
495 1223 662 1251 rarescendo
679 1223 868 1259 praestiterint.
895 1221 974 1250 Unde
995 1225 1023 1250 et

229 1276 327 1296 rursus
338 1276 400 1296 cum
418 1268 571 1296 densantur
578 1269 666 1296 nubes
680 1273 708 1296 et
721 1273 832 1302 coeunt,
845 1277 926 1296 arcus
935 1268 1023 1296 forma

229 1313 378 1341 resolvitur
392 1317 420 1341 et
433 1314 574 1346 exolescit,
592 1315 710 1350 denique
726 1322 866 1350 nunquam
878 1315 938 1342 sine
966 1314 1024 1342 sole

229 1364 257 1387 et
275 1359 397 1387 nubibus
422 1367 504 1387 arcus
520 1364 645 1395 apparet,
672 1361 746 1388 sicut
760 1368 812 1388 nec
826 1361 886 1389 sine
912 1365 976 1396 typo
996 1364 1024 1388 et

230 1413 294 1433 cera
309 1406 352 1433 vel
364 1406 417 1432 alia
434 1406 593 1441 bujusmodi
612 1407 726 1434 materia
742 1407 906 1442 exprimitur
922 1407 1022 1443 imago.

230 1452 291 1480 Non
306 1460 371 1488 ergo
382 1454 482 1480 mirum
498 1456 551 1485 est,
575 1453 599 1480 si
614 1453 742 1480 conditor
756 1452 828 1479 Deus
843 1460 876 1480 ex
890 1452 968 1480 initio
982 1452 1024 1481 fe-

231 1499 270 1526 cit
290 1503 382 1535 typos,
399 1507 431 1526 ex
449 1499 550 1534 quibus
577 1507 651 1526 nunc
675 1499 770 1526 format
790 1499 978 1533 exprimantur
991 1506 1024 1526 ac

233 1546 351 1580 species.
369 1545 463 1573 Simile
481 1550 571 1572 autem
593 1545 645 1572 hoc
669 1548 697 1572 et
714 1545 763 1577 illi,
784 1544 858 1579 quod
885 1544 920 1572 ab
944 1545 1024 1572 initio

232 1589 306 1618 Deus
317 1591 452 1617 elementa
466 1589 637 1617 insensibilia
653 1590 767 1621 creavit,
792 1590 894 1624 quibus
908 1589 940 1617 ad
963 1590 1027 1617 reli-

233 1644 287 1672 qua
299 1636 391 1664 omnia
406 1635 548 1663 formanda
559 1640 586 1663 et
599 1635 761 1670 explicanda
785 1639 919 1663 uteretur.
935 1635 987 1664 Sed
1001 1640 1029 1664 et

234 1682 280 1717 qni
294 1685 400 1710 statuas
415 1681 535 1708 formant
547 1701 554 1712 .
581 1685 674 1716 typum
689 1681 766 1716 prius
780 1681 829 1708 luti
842 1681 883 1708 vel
897 1689 967 1709 cera:
981 1681 1030 1709 ﬁn-

233 1733 312 1765 gunt,
326 1733 354 1756 et
366 1737 399 1757 ex
412 1729 472 1764 ipso
486 1728 610 1757 redditur
623 1732 720 1756 statuae
732 1728 916 1762 efﬁgies;lum
930 1728 1029 1756 deinde

237 1781 266 1804 et
280 1776 377 1804 umbra
392 1775 516 1803 redditur
528 1783 562 1803 ex
574 1779 676 1807 statua,
692 1783 752 1810 quae
764 1775 861 1802 umbra
875 1782 925 1810 per
937 1775 1030 1802 omnia

237 1821 354 1850 formam
368 1830 400 1849 ac
414 1821 622 1850 similitudinem
639 1825 738 1849 statuae
760 1821 841 1856 gerit.
866 1820 937 1854 Quid
961 1828 1028 1856 ergo

235 1869 359 1896 dicemus
370 1868 556 1896 insensibilem
568 1871 687 1895 statuam
700 1866 819 1894 formare
831 1866 966 1898 umbram,
974 1871 1029 1894 tam

235 1914 359 1950 diligenti
373 1921 455 1949 quam
469 1915 528 1949 ipsa
541 1917 632 1941 statua
646 1917 688 1940 est
701 1913 809 1940 ratione
819 1913 983 1940 collectam?
994 1920 1029 1940 an

237 1961 276 1988 illi
297 1961 357 1988 sine
370 1960 455 1988 dubio
483 1960 639 1987 ascribetur
653 1959 757 1987 umbra:
779 1959 921 1992 collectio,
944 1959 1031 1994 quiet

235 2010 356 2035 statuam
370 2005 468 2034 ﬁnxit?

273 2052 366 2081 XLIII.
383 2052 411 2079 Si
433 2051 559 2086 ergotibi
573 2051 682 2078 videtur
699 2050 751 2078 hoc
764 2050 802 2077 ita
825 2058 855 2079 se
878 2050 979 2079 habere
1003 2055 1031 2079 et

237 2101 341 2130 sufﬁcit
352 2099 426 2136 quod
439 2098 473 2127 de
498 2099 550 2126 hoc
562 2098 665 2126 dictum
679 2102 731 2130 est,
745 2098 779 2125 ad
793 2098 845 2125 alia
867 2097 1031 2132 inquirenda

236 2147 395 2180 veniamus;
410 2150 456 2174 aut
469 2146 491 2174 si
505 2145 608 2181 aliquid
634 2144 725 2172 adhuc
737 2144 834 2172 deesse
845 2148 936 2179 putas,
953 2152 1031 2179 repe-

237 2199 339 2222 tamus.
354 2193 387 2220 Et
399 2201 482 2220 senex
495 2192 534 2219 ait
547 2201 554 2219 z
568 2191 636 2219 Volo
651 2195 680 2218 ut
704 2194 814 2226 repetas
826 2190 860 2218 de
875 2191 937 2223 hoc,
963 2196 1030 2220 sunt

240 2239 317 2267 enim
331 2243 358 2266 et
368 2238 421 2265 alia
435 2238 520 2265 multa
534 2245 595 2272 quae
607 2237 734 2265 similiter
748 2237 806 2264 ﬁeri
820 2237 914 2271 video;
928 2245 991 2265 nam
1005 2241 1032 2266 et

240 2285 350 2312 fructus
372 2284 501 2312 arborum
515 2284 598 2311 simili
616 2283 697 2311 modo
711 2283 825 2319 pulchre
839 2282 949 2311 formati
961 2288 989 2310 et
1001 2284 1028 2312 in

239 2330 387 2358 rotundum
411 2331 479 2358 mire
506 2329 614 2357 collecti
638 2333 811 2361 nascuntur,
850 2332 877 2356 et
902 2329 1029 2357 foliorum

240 2376 346 2411 species
368 2375 472 2410 ingenti
497 2375 598 2403 decore
621 2374 766 2406 formatur,
793 2378 876 2409 atque
893 2374 1030 2409 exquisita

241 2427 300 2450 arte
311 2421 408 2449 viridis
428 2421 587 2449 membrana
613 2420 788 2452 contexitur;
817 2423 875 2447 tum
900 2424 1031 2454 praeterea

241 2469 357 2504 pulices,
372 2475 476 2498 mures,
490 2467 610 2494 lacertas
635 2471 664 2494 et
677 2466 720 2494 bis
732 2466 844 2498 similia,
858 2465 980 2501 nunquid
1004 2469 1032 2494 et

240 2515 298 2543 haec
310 2515 461 2542 dicemusa
476 2513 532 2541 Deo
558 2513 635 2541 ﬁeri?
660 2512 738 2541 Unde
761 2521 793 2541 ex
819 2513 863 2541 his
889 2513 1032 2540 vilioribus

240 2562 400 2597 conjectura
425 2561 532 2596 capitur
561 2560 722 2590 meliorum,
759 2558 833 2594 quod
858 2565 1032 2594 nequaquam

241 2608 340 2636 mentis
356 2612 415 2635 arte
430 2607 592 2635 formentur.
607 2605 689 2639 Bene,
702 2605 792 2640 inquit
813 2604 920 2640 Aquila,
934 2606 969 2633 de
993 2605 1034 2632 lo-

1068 257 1141 293 quod
1154 265 1186 285 ex
1201 258 1244 285 bis
1259 257 1327 284 ﬁdes
1338 258 1419 285 etiam
1434 257 1594 285 melioribus
1619 257 1766 292 deroganda
1785 259 1825 290 sit;

1068 304 1115 331 sed
1130 311 1184 330 non
1196 307 1223 331 te
1236 304 1289 331 ista
1302 303 1449 338 decipiant,
1459 307 1488 330 ut
1501 307 1579 338 putes
1588 302 1769 338 quasiduabus
1777 304 1827 331 solis

1068 349 1197 376 manibus
1209 352 1368 384 operantem
1381 347 1465 376 Deum
1479 355 1534 375 non
1549 355 1630 383 posse
1642 348 1761 376 universa
1771 356 1828 375 com-

1068 394 1142 428 plere
1154 401 1214 429 quae
1237 393 1316 426 ﬁunt,
1333 393 1381 421 sed
1405 396 1542 420 memento
1565 394 1701 428 quomodo
1723 394 1828 421 hesterno

1068 439 1118 467 tibi
1132 439 1217 467 frater
1229 447 1306 468 meus
1320 439 1414 467 Niceta
1427 439 1614 475 respondit,et
1624 440 1774 475 mysterium
1781 446 1828 468 anle

1068 489 1178 521 tempus
1191 485 1300 520 aperuit
1321 493 1386 514 vere
1412 486 1493 521 quasi
1517 493 1580 513 cum
1592 490 1670 521 patre
1693 486 1799 521 loquens,
1809 490 1830 513 et

1069 539 1120 559 cur
1131 536 1158 559 et
1171 531 1310 568 quomodo
1322 532 1388 559 ﬁant
1401 531 1459 560 haec
1469 540 1531 567 qua:
1544 532 1653 560 inutilia
1665 531 1785 562 videnlur.
1794 540 1829 560 ex-

1069 577 1172 613 posuit.

1105 623 1197 652 XLIV.
1212 623 1245 651 Et
1258 631 1343 652 senex
1357 633 1364 652 :
1376 623 1433 652 Cur
1445 624 1498 652 ista
1512 623 1620 652 inutilia
1631 624 1764 652 voluntate
1775 624 1829 651 illius

1070 677 1184 698 summie
1197 671 1296 698 mentis
1307 670 1384 702 ﬁant,
1402 671 1481 698 velim
1496 678 1510 698 a
1525 675 1552 698 te
1576 671 1683 699 audire.
1706 670 1742 702 Si,
1754 672 1828 706 inquit.

1070 715 1174 750 liquido
1197 715 1269 750 apud
1283 719 1310 743 te
1324 720 1446 748 constat,
1471 716 1546 751 quod
1569 717 1672 744 mentis
1693 720 1719 744 et
1739 717 1830 744 rationis

1070 769 1140 797 opus
1156 762 1183 789 in
1192 762 1259 797 ipsis
1272 767 1324 794 est,
1338 766 1396 789 tum
1418 762 1528 790 demum
1551 763 1602 790 tibi
1626 763 1706 792 etiam
1724 771 1767 791 cur
1780 764 1830 790 facta

1071 810 1146 838 sunt,
1161 807 1252 835 dicere
1277 815 1331 835 non
1360 808 1462 843 pigebit
1485 812 1513 836 et
1533 808 1609 844 quod
1627 809 1700 844 juste
1713 809 1773 836 facta
1790 810 1830 836 sint

1071 853 1200 881 edocere.
1213 853 1253 881 Ad
1270 853 1328 881 hac
1351 862 1434 883 senex
1460 855 1628 889 respondit:
1655 855 1712 883 Non
1733 864 1829 891 possum.

1037 893 1058 923 Β
1073 899 1121 931 ﬁli,
1140 907 1171 926 ea
1185 907 1246 935 quae
1257 899 1384 927 videntur
1408 907 1442 927 ex
1464 904 1524 928 arte
1551 900 1685 933 formata,
1707 901 1784 929 dicere
1794 910 1830 937 per

1072 950 1189 973 mentem
1205 945 1274 978 ﬁeri,
1292 950 1406 981 propter
1430 949 1528 974 caetera
1550 954 1613 982 qua:
1632 947 1729 982 injuste
1743 951 1767 974 et
1776 948 1830 975 inor-

1072 992 1164 1020 dinate
1179 991 1237 1019 ﬁeri
1250 992 1374 1020 videmus
1386 992 1413 1019 in
1435 992 1549 1021 mundo.
1562 993 1592 1020 Si
1605 997 1644 1024 te.
1658 994 1740 1028 inquit
1750 994 1830 1028 Aquila.

1072 1045 1103 1066 ea
1118 1045 1178 1074 qua:
1190 1038 1345 1065 inordinate
1361 1038 1440 1070 ﬁunt,
1463 1039 1555 1067 dicere
1569 1040 1644 1074 quod
1658 1048 1704 1076 per
1715 1040 1830 1067 Providen-

1072 1083 1138 1110 tiam
1158 1083 1204 1111 Dei
1220 1082 1292 1110 facta
1309 1083 1363 1111 sint
1383 1091 1437 1111 non
1452 1084 1557 1115 sinunt.
1572 1093 1625 1112 cur
1639 1093 1692 1113 non
1704 1094 1733 1114 ea
1743 1094 1792 1121 quae
1801 1094 1831 1112 or-

1073 1129 1168 1158 dinate
1181 1129 1260 1161 ﬁunt,
1273 1130 1365 1159 dicere
1375 1135 1403 1158 te
1415 1131 1487 1166 quod
1501 1139 1516 1158 a
1531 1131 1588 1159 Deo
1600 1132 1672 1160 facta
1684 1133 1734 1161 sint
1745 1138 1829 1168 cogunt.

1074 1180 1101 1203 et
1116 1177 1181 1212 quia
1199 1177 1399 1205 irrationabilis
1411 1181 1510 1205 natura
1540 1185 1613 1213 opus
1626 1179 1774 1207 rationabile
1786 1187 1830 1214 pm-

1074 1221 1146 1249 ferre
1170 1230 1225 1250 non
1242 1222 1352 1255 possit?
1374 1222 1488 1250 Certum
1510 1228 1553 1251 est
1577 1225 1664 1257 enim.
1689 1233 1736 1253 nec
1750 1225 1829 1252 omnim

1073 1275 1217 1303 negamus,
1243 1269 1308 1304 quia
1334 1269 1362 1296 in
1384 1268 1438 1296 hoc
1462 1269 1565 1297 mundo
1589 1270 1711 1306 quaedam
1728 1271 1828 1299 ordinate.

1074 1313 1197 1349 quaedam
1225 1314 1379 1342 inordinate
1405 1315 1486 1349 ﬁant;
1507 1323 1540 1343 ea
1564 1323 1632 1351 ergo
1661 1324 1718 1352 quae
1741 1316 1829 1344 rationa-

1074 1359 1168 1388 biliter
1192 1360 1270 1392 ﬁunt,
1291 1360 1372 1388 crede
1400 1360 1474 1396 quod
1498 1369 1548 1397 per
1571 1363 1763 1390 Providentiam
1777 1363 1827 1393 fiant,

1075 1414 1135 1441 qua:
1162 1414 1228 1434 vero
1251 1406 1477 1435 irrationabiliter
1495 1412 1524 1435 et
1546 1408 1720 1440 inordinate,
1735 1409 1786 1444 quia
1795 1415 1829 1435 Ino

1075 1452 1198 1480 turaliter
1225 1454 1352 1480 eveniant
1377 1457 1404 1481 et
1430 1453 1544 1481 fortuito
1564 1455 1701 1483 accidant.
1719 1455 1787 1482 Miror
1797 1462 1829 1480 au-

1075 1501 1130 1526 tem
1156 1506 1211 1526 non
1238 1498 1382 1527 advertere
1407 1499 1543 1531 homines.
1557 1501 1623 1535 quia
1648 1501 1691 1528 ubi
1704 1503 1828 1529 sensusesl.

1040 1567 1061 1595 ε
1078 1547 1194 1579 possunt
1209 1551 1253 1572 res
1268 1543 1395 1572 ordinate
1414 1544 1471 1572 ﬁeri
1486 1549 1513 1572 et
1527 1545 1693 1578 inordinate,
1710 1545 1749 1572 ubi
1765 1550 1828 1571 autem

1079 1590 1171 1618 nullus
1186 1593 1228 1618 est
1247 1598 1356 1623 sensus,
1371 1594 1499 1618 neutrum
1514 1592 1628 1619 omnino
1646 1591 1724 1624 efﬁci;
1742 1598 1791 1618 nam
1802 1597 1831 1616 n-

1080 1635 1119 1662 tio
1133 1635 1258 1663 ordinem
1274 1635 1350 1669 facit,
1365 1636 1471 1664 ordinis
1487 1640 1579 1664 autem
1604 1645 1710 1667 cursus.
1722 1636 1742 1663 si
1752 1639 1831 1663 conm-

1080 1682 1152 1709 rium
1170 1682 1235 1717 quid
1252 1683 1383 1711 acciderit
1397 1684 1471 1718 quod
1483 1684 1607 1712 ordinem
1623 1684 1720 1715 turbet,
1735 1689 1829 1710 necas:—

1080 1727 1122 1754 rio
1144 1726 1331 1754 inordinatum
1359 1728 1462 1764 aliquid
1491 1728 1608 1764 profert.
1639 1729 1671 1756 Et
1687 1736 1773 1756 senex:
1792 1725 1830 1754 Hoc
1854 1763 1855 1766 η

1080 1772 1170 1808 ipsum
1190 1773 1257 1800 mihi
1275 1780 1291 1800 a
1306 1777 1334 1801 te
1347 1774 1455 1802 ostendi
1468 1775 1540 1802 volo.

1116 1817 1197 1846 XLV.
1214 1818 1285 1852 Non,
1297 1819 1399 1855 inquit.
1413 1821 1542 1848 morabor
1555 1821 1665 1856 Aquila.
1680 1821 1733 1849 Duo
1743 1818 1829 1847 visibilit

1081 1863 1159 1899 signa
1170 1870 1360 1894 monstrantur
1382 1867 1410 1894 in
1436 1867 1517 1900 caelo,
1534 1875 1622 1895 unum
1647 1869 1719 1900 solis,
1732 1866 1791 1894 aliud
1801 1865 1828 1891 lu-

1080 1918 1140 1944 nae;
1157 1911 1214 1938 haec
1229 1916 1382 1947 sequuntur
1391 1916 1418 1940 et
1434 1913 1495 1940 alias
1505 1914 1628 1949 quinque
1642 1914 1729 1945 stellze,
1741 1912 1829 1940 diversm

1080 1960 1107 1983 et
1119 1957 1246 1991 proprios
1263 1957 1379 1993 singulae
1400 1958 1570 1994 explicantes
1599 1968 1704 1988 cursus.
1725 1959 1776 1986 Περ
1787 1964 1829 1992 ετςο

1081 2001 1152 2030 Deus
1167 2004 1258 2038 posuit
1270 2004 1298 2031 in
1315 2004 1394 2037 cmlo,
1404 2005 1505 2040 quibus
1520 2006 1594 2034 aeris
1605 2007 1743 2042 temperies
1755 2012 1793 2040 pro
1801 2012 1827 2029 n-

1081 2048 1156 2076 tione
1171 2052 1326 2084 temporum
1338 2050 1523 2086 dispensetur.
1535 2057 1562 2081 et
1572 2052 1642 2080 ordo
1652 2051 1826 2080 vicissitudinum

1081 2096 1369 2131 permutationumque
1383 2101 1517 2125 servetur.
1529 2097 1633 2126 Horum
1649 2103 1730 2126 autem
1742 2100 1826 2132 ipsorum

1082 2140 1247 2173 ministerio,
1273 2145 1300 2170 et
1325 2142 1348 2169 si
1373 2143 1484 2177 quando
1507 2151 1558 2179 pro
1580 2145 1697 2179 peccatis
1724 2142 1825 2170 hominum

1081 2188 1160 2223 plaga
1175 2193 1202 2216 et
1214 2190 1356 2223 corruptio
1371 2190 1452 2218 terris
1466 2190 1601 2225 injicitur,
1615 2191 1772 2226 perturbatur
1788 2195 1825 2215 aer.

1048 2239 1070 2267 Ῑ)
1084 2234 1144 2261 lues
1159 2235 1358 2266 animantibus,
1373 2237 1516 2271 corruptio
1531 2236 1667 2272 frugibus,
1678 2236 1785 2272 pestilens
1797 2239 1826 2267 per

1083 2279 1176 2307 omnia
1191 2281 1355 2309 mortalibus
1367 2289 1456 2309 annus
1468 2282 1618 2315 inducitur,
1635 2287 1662 2310 et
1674 2283 1706 2310 ita
1720 2281 1752 2312 lit,
1760 2284 1781 2307 ut
1792 2285 1825 2304 uno

1083 2326 1234 2362 eodemque
1249 2328 1403 2356 ministerio
1417 2332 1444 2356 et
1470 2333 1595 2356 servetur
1615 2329 1680 2356 ordo
1693 2332 1717 2356 et
1739 2331 1824 2354 corrum-

1084 2376 1173 2408 patur.
1191 2372 1299 2401 Etenim
1326 2374 1415 2409 palam
1439 2378 1481 2402 est
1513 2375 1661 2403 incredulis
1677 2379 1701 2402 et
1721 2370 1823 2407 imperitis.

1083 2418 1158 2454 quod
1170 2426 1269 2447 cursus
1284 2420 1350 2447 solis
1368 2420 1444 2448 utilis
1466 2424 1493 2448 et
1511 2421 1683 2449 necessarius
1696 2419 1784 2448 munde.
1795 2421 1825 2450 l‘"

1080 2466 1284 2495 Providentiam
1310 2467 1402 2500 datus,
1427 2475 1536 2502 semper
1563 2468 1702 2496 ordinatus
1720 2466 1822 2494 habeatur;
1851 2501 1852 2504 η

1084 2512 1157 2540 luna).
1182 2519 1247 2539 vero
1275 2512 1310 2540 ad
1343 2514 1576 2548 comparationem
1607 2522 1700 2542 cursus
1727 2511 1791 2540 solis,
1807 2507 1822 2532 in
1851 2542 1852 2551 γ

1086 2558 1239 2593 augmentis
1262 2562 1290 2586 et
1305 2557 1477 2587 detrimentis
1488 2560 1546 2588 suis
1561 2561 1633 2595 apud
1645 2559 1765 2595 imperitos
1775 2556 1823 2582 inor-

1086 2604 1174 2632 dinati
1203 2612 1303 2633 cursus
1329 2605 1458 2633 videntur
1480 2609 1509 2633 et
1534 2606 1712 2642 incompositi.
1727 2603 1779 2631 Nam
1797 2597 1822 2626 sol

897 2683 1080 2713 COTELERII
1094 2684 1210 2714 ΝΟΤιΕ.

281 2756 335 2794 (76)
355 2755 422 2783 Ecce
444 2763 536 2782 arcum
558 2753 723 2794 videmnsnir}
741 2752 887 2794 ’σφὴξ-εις.
900 2751 999 2794 ρττερξξ
1011 2752 1034 2781 sl

243 2787 349 2820 ma‘vis'.
365 2796 393 2818 et
406 2799 457 2818 cur
481 2798 535 2817 non
557 2788 688 2816 mavelis?
704 2789 780 2815 dabit
804 2788 875 2815 idem
897 2787 1034 2816 Caesarius

243 2827 457 2866 interrogatione
473 2826 525 2866 II?)
540 2835 546 2866 ξ
561 2824 627 2851 Ἰδοὺ
640 2824 688 2866 τῇς
701 2825 781 2866 [panis
796 2823 939 2866 bemus.qu
954 2823 1035 2866 ἀβρι-

243 2863 279 2902 σέῆ
296 2858 472 2905 περίερὲρῖιαν
486 2861 611 2905 ὲχούσῃς,
619 2859 667 2905 καὶ
676 2858 808 2902 ξτᾶντοθεν
819 2859 890 2905 (quvi.
903 2858 961 2885 οἷαν
968 2858 1036 2905 ἐλῃ-

246 2893 300 2927 ιιῶς
313 2893 372 2922 οὖδὲ
387 2893 448 2927 νοῦς
465 2893 632 2932 περιγρᾶψαι
653 2894 782 2922 δύναται·
803 2895 849 2920 καὶ
869 2894 943 2928 ὅμως
967 2893 1033 2929 6ρῶ-

1088 2762 1136 2789 μεν
1167 2753 1212 2779 ὑπ’
1225 2752 1331 2789 φὺδενὺς
1344 2753 1442 2789 γαΰτὴν
1467 2752 1627 2788 γινομένην,
1644 2750 1696 2778 ἀλλ’
1708 2746 1821 2789 simsim:

1087 2784 1295 2823 ξτυνισταμένην.
1313 2787 1352 2815 Ad
1378 2784 1462 2823 caput
1473 2784 1577 2814 autem
1589 2784 1714 2823 fsequens
1726 2784 1818 2823 legitu‘n:

1087 2818 1269 2858 sponsio'nem'
1286 2818 1423 2859 ejusdem
1452 2822 1612 2859 quaestionis
1626 2818 1686 2857 ,ἐι
1709 2818 1819 2853 sequam
1849 2844 1850 2859 ἦ

1087 2859 1266 2893 quaestionem
1281 2858 1343 2885 ΗΔ.

1853 1601 1856 1737 ι
