1873 3095
55 124 66 150 Ι
71 123 129 151 393

649 120 932 149 RECOGNITIONIIM
954 120 1018 149 LIB.
1038 120 1103 148 Vill.

1631 120 1698 149 l59i

52 180 144 208 certis
162 178 392 208 distinctionibus
408 182 435 207 et
445 178 582 206 ordinatis
597 182 739 212 movetur;
755 187 787 206 ex
798 178 858 213 ipso
873 182 893 210 Α
909 178 991 205 etiant
1010 178 1137 206 tremoris
1153 178 1268 213 languor
1283 178 1432 211 advenerit,
1447 183 1474 207 et
1489 179 1561 215 quod
1584 179 1642 208 haec
1664 181 1698 209 ab

53 226 133 253 enim
151 230 222 253 sunt
234 225 318 258 horae,
329 233 363 253 ex
380 225 441 260 ipso
459 224 518 252 dies
547 232 610 252 cum
637 225 804 256 ascenderit,
825 233 859 252 ex

54 272 119 305 ipso
138 271 229 299 etiam
242 279 296 298 nox
311 278 374 298 cum
400 269 550 302 occiderit,
576 277 608 297 ex
626 270 686 305 ipso
710 278 819 298 menses
833 274 860 298 et

54 317 124 345 anni
138 321 339 349 numerantur,
351 324 384 344 ex
412 317 472 352 ipso
486 317 691 345 vicissitudines
705 322 858 353 temporum

54 363 140 396 ﬁunt,
157 363 227 390 dum
242 362 276 390 ad
303 365 446 407 superiora
474 363 663 391 conscendens
691 372 739 391 ver
754 368 858 398 tempe-

53 411 110 441 rat,
127 407 183 436 ubi
195 411 284 435 autent
299 407 333 434 ad
359 415 496 436 summum
516 408 578 435 coeli
608 409 723 441 venerit,
748 408 857 436 aestivos

52 454 194 482 accendit
211 454 334 487 calores;
351 453 483 481 decidens
497 461 595 481 rursus
612 455 736 481 autumni
754 459 858 490 tempe-

51 501 126 528 riem
139 499 246 533 reddit,
259 500 306 527 ubi
318 507 383 527 vero
398 499 432 526 ad
460 499 618 527 inferiorem
641 500 754 528 redierit
767 500 857 527 circu-

53 547 125 578 lum,
141 554 182 573 ex
194 545 300 581 glaciali
312 552 443 581 compage
455 546 516 573 (ια)ιὶ
529 547 647 582 rigorem
661 546 741 573 nobis
751 545 856 573 hiberni

51 592 176 627 frigoris
193 591 368 627 derelinquit.

88 637 193 665 XLVI.
223 637 277 665 Sed
293 637 326 665 de
345 638 388 665 bis
401 638 469 665 alias
483 638 566 666 latius
578 638 756 667 disseremus.
773 637 855 666 Nunc

51 685 189 717 interim,
204 691 267 711 cum
285 684 321 711 sit
336 684 387 712 iste
409 685 536 713 minister
556 685 656 717 bonus,
674 685 708 712 ad
720 684 856 712 vicissitu-

49 731 135 759 dines
148 735 307 768 temporum
326 730 518 763 moderandas,
536 734 627 758 tamen
647 731 691 758 ubi
703 731 853 759 secundum

48 776 231 804 voluntatem
260 774 308 802 Dei
321 776 458 811 correptio
474 777 637 804 mortalibus
651 777 742 809 datur,
760 778 854 804 incan-

48 822 144 850 descit
178 823 270 851 acrius
297 825 324 849 et
352 822 408 849 urit
438 822 571 849 mundum
601 823 852 851 vehementioribus

911 224 991 252 initio
1009 224 1091 252 ftterit
1106 224 1226 251 vindicta
1237 225 1377 260 parricidii
1389 225 1422 253 ⁸⁸.

944 269 1060 298 XLVIII.
1080 269 1148 297 Nam
1162 269 1197 297 ab
1211 270 1316 305 origine
1331 271 1425 297 mundi
1439 271 1506 298 nihil
1521 271 1618 299 horum
1635 272 1697 306 fuit,

908 315 956 343 sed
971 324 1003 343 ex
1019 315 1159 351 impietate
1175 315 1314 342 hominum
1330 315 1437 342 initiunt
1453 317 1523 342 mala
1549 317 1600 344 ista
1623 325 1699 344 sum-

907 369 996 396 psere,
1011 365 1038 388 et
1062 361 1126 388 tnde
1147 368 1254 396 semper
1270 362 1458 389 crescentibus
1470 362 1659 397 iniquitatibus
1673 370 1700 392 et

907 407 1040 434 malorutn
1057 414 1188 434 numerus
1199 406 1295 434 crevit.
1308 406 1362 434 Sed
1376 407 1480 435 idcirco
1494 408 1586 435 divina
1602 409 1697 436 Provi-

907 452 998 480 dentia
1019 452 1152 488 judicium
1178 459 1242 487 erga
1267 460 1363 480 ontnes
1385 453 1492 486 statuit,
1508 453 1569 489 quia
1578 463 1698 490 praesens

907 499 1036 526 saeculum
1054 506 1108 525 non
1124 503 1180 525 erat
1197 499 1262 531 tale,
1279 498 1306 526 in
1331 507 1386 534 quo
1410 500 1597 535 unusquisque
1612 503 1699 536 possit

907 552 957 579 pro
981 545 1087 572 meritis
1111 543 1276 578 dispensari.
1291 544 1351 572 Non
1366 553 1430 580 ergo
1453 553 1487 572 ex
1503 546 1556 578 Itis,
1572 555 1633 581 qua:
1649 556 1698 582 pro

906 591 1026 626 peccatis
1051 591 1192 617 hominum
1218 590 1320 618 mttndo
1340 591 1501 618 acciderunt
1528 593 1624 626 malis,
1651 593 1696 620 illa

905 636 1115 670 contemplanda
1137 639 1212 667 sunt,
1230 643 1291 670 quae
1305 635 1340 662 ab
1354 635 1432 662 ittitio
1447 645 1507 663 cutn
1531 638 1612 664 nulla:
1634 640 1698 666 tnali

905 690 995 710 causae
1024 683 1185 715 existerent,
1208 683 1275 710 bene
1290 687 1317 710 et
1333 683 1458 711 ordinate
1474 685 1599 711 instituta
1620 690 1695 713 sunt.

905 727 1027 763 Denique
1042 729 1076 756 ad
1090 728 1220 755 ittdicium
1236 736 1330 755 eorum
1344 737 1404 764 qua:
1416 730 1450 757 ab
1461 730 1540 757 ittitio
1555 730 1641 763 fuere,
1656 731 1698 758 in-

903 774 1052 801 veniuntur
1084 774 1222 801 nonnullae
1248 779 1342 810 gentes
1365 775 1460 803 alienae
1483 776 1517 803 ab
1541 776 1696 811 hujusntodi

904 819 993 847 tttalis.
1010 819 1076 847 Nam
1101 819 1183 848 Seres
1201 819 1256 856 (7'1)
1272 821 1336 855 quia
1351 826 1427 849 caste
1438 822 1550 854 vivunt,
1569 828 1697 857 expertes

48 868 188 898 ﬂammis.
209 869 342 898 Similiter
357 873 383 897 et
404 869 475 896 lanae
488 876 597 901 cursus,
613 873 694 905 atque
711 869 769 897 haec
791 877 852 905 quae
867 858 888 886 Β
903 864 1038 892 habemur
1053 865 1150 892 horum
1167 866 1298 899 omlliums
1312 867 1376 901 fl"ia
1400 874 1489 901 ιιείιυε
1510 871 1572 902 Ροδι
1596 876 1697 896 conce-

48 916 196 950 imperitis
209 916 316 944 videtur
341 915 496 943 inordinata
508 916 683 950 permutatio,
697 915 851 944 incremen-

47 961 84 988 tis
110 960 229 996 frugutn
255 967 282 989 et
306 961 440 997 pecudum
471 962 648 996 omniumque
669 961 850 988 animantium

48 1006 204 1033 commoda
220 1011 278 1039 est;
293 1007 445 1042 augmentis
460 1007 532 1033 enim
547 1005 607 1041 ejus
624 1006 850 1042 detrimentisque

47 1052 120 1079 mira
138 1052 259 1087 quadam
275 1053 456 1080 Pr0videntice
470 1056 530 1080 arte
546 1060 626 1080 omne
640 1052 712 1088 quod
730 1053 861 1088 gignitur,

48 1097 137 1124 alitur
148 1102 178 1126 et
197 1098 308 1130 crescit,
325 1098 358 1126 de
375 1098 475 1133 quibus
505 1098 588 1125 latius
605 1098 736 1133 prosequi
755 1105 850 1133 posse-

48 1151 112 1170 mus
129 1147 160 1171 et
176 1143 284 1178 aperire
299 1143 332 1170 de
348 1143 464 1178 singulis
481 1143 626 1175 rationem,
654 1143 707 1171 nisi
723 1151 773 1171 nos
786 1151 850 1178 pro-

48 1189 151 1222 positae
167 1188 328 1224 quaestionis
344 1189 411 1216 ordo
429 1192 581 1217 revocaret.
593 1188 642 1216 His
664 1193 754 1217 tamen
780 1189 849 1224 ipsis

49 1234 218 1270 eisdemque
240 1235 401 1263 ministeriis
420 1235 522 1271 quibus
547 1236 706 1271 gignuntur,
726 1235 848 1268 aluntur,

50 1286 193 1316 augentur
219 1282 367 1314 universa;
401 1289 464 1309 cum
493 1282 576 1309 fuerit
596 1282 671 1317 jttsta
704 1282 795 1318 aliqua
815 1290 849 1310 ex

50 1333 137 1355 causa
170 1327 276 1355 ordinis
298 1327 415 1355 instituti
445 1331 550 1355 mutata
578 1328 732 1363 temperies,
751 1336 848 1356 corru-

50 1372 109 1408 ptio
121 1372 215 1400 oritur
229 1378 257 1401 et
283 1374 504 1409 intemperantia,
524 1378 553 1401 ut
581 1374 608 1401 in
635 1375 759 1402 homines
771 1394 778 1407 ,
794 1375 846 1402 θεας

51 1421 81 1443 ut
105 1425 195 1453 supra
220 1418 352 1451 diximus,
387 1419 531 1456 castigatio
548 1419 596 1448 Dei
626 1421 767 1449 voluntate
783 1429 849 1457 pro-

51 1464 146 1492 cedat.

86 1507 197 1536 XLVII.
224 1510 277 1538 Sed
297 1510 416 1539 fortasse
440 1511 515 1539 dices
531 1521 538 1539 :
561 1511 642 1544 Quid,
661 1511 733 1547 quod
749 1512 776 1539 in
794 1512 846 1539 ista
861 1528 882 1557 ο

51 1556 197 1583 communi
221 1557 402 1592 castigatione
433 1557 533 1585 similia
559 1556 635 1592 impii
663 1557 805 1592 patiuntur
820 1561 847 1584 et

53 1601 108 1636 pii?
124 1601 228 1629 Verum
240 1606 293 1635 est,
308 1603 389 1630 etiam
410 1611 460 1631 nos
487 1603 625 1636 fatemur;
640 1603 686 1630 sed
702 1603 755 1638 piis
766 1605 848 1630 casti-

51 1647 127 1681 gatio
141 1648 176 1675 ad
187 1649 339 1683 profectum
353 1649 434 1682 cedit,
451 1653 481 1676 ut
504 1649 532 1676 in
547 1654 674 1684 prmsentt
695 1649 749 1676 vita
777 1649 846 1676 all'ti-

53 1694 88 1720 cti
107 1695 283 1730 purgatiores
304 1696 414 1722 veniant
432 1695 466 1722 ad
493 1695 625 1727 futuram,
653 1695 681 1722 in
703 1702 756 1730 qua
785 1703 846 1729 per-

53 1743 134 1773 petua
151 1741 192 1768 eis
205 1742 315 1776 requies
333 1745 484 1777 praeparata
501 1745 555 1772 est,
569 1740 650 1768 simul
667 1746 756 1768 autettt
775 1744 804 1767 ut
821 1745 847 1767 et

54 1786 130 1821 impii
147 1786 346 1822 aliquantulum
368 1795 401 1815 ex
416 1788 539 1823 ipsorum
568 1786 749 1822 castigatione
764 1787 848 1822 proli-

57 1832 151 1864 ciant,
174 1837 221 1860 aut
237 1832 311 1868 justa
331 1833 358 1860 in
379 1841 426 1861 eos
447 1833 548 1861 feratur
564 1834 658 1869 judicii
679 1833 763 1861 futuri
783 1841 848 1862 sen-

59 1878 142 1905 tentia
154 1899 161 1910 ,
179 1886 240 1906 cum
264 1878 291 1905 in
311 1879 411 1906 eisdem
427 1879 647 1914 castigationibus
660 1879 726 1914 justi
739 1880 849 1915 quidem

54 1924 158 1956 gratias
175 1925 281 1960 egerint
304 1925 370 1957 Deo,
390 1925 484 1960 injusti
517 1928 608 1953 autem
639 1925 847 1960 blasphemave-

55 1968 119 1997 rint.
138 1969 223 2005 Igitur
237 1978 299 1997 cum
330 1971 358 1998 in
378 1971 447 1999 duas
472 1975 565 2005 partes
591 1978 683 1998 rerum
708 1970 847 1997 dividatur

54 2015 157 2048 opinio,
171 2017 243 2051 quod
260 2017 313 2043 alia
329 2025 378 2052 per
389 2017 525 2048 ordinem,
541 2017 594 2043 alia
609 2021 706 2044 contra
721 2016 846 2044 ordinem

54 2057 120 2086 ﬁant
134 2070 141 2087 :
158 2068 191 2087 ex
210 2061 253 2088 his
265 2061 374 2096 quidem
390 2069 450 2096 quae
466 2061 615 2089 secundum
636 2061 758 2089 ordinem
769 2065 844 2093 sunt,

54 2107 176 2139 oportuit
195 2106 269 2134 credi
284 2114 346 2134 esse
362 2105 564 2134 Providentiam
577 2116 583 2140 ;
600 2107 633 2134 de
649 2106 692 2134 his
704 2114 770 2134 vero
785 2114 846 2142 qua:

54 2156 150 2179 contra
174 2153 297 2180 ordinem
315 2157 458 2187 geruntur,
474 2161 572 2181 causas
588 2153 728 2188 requirere
743 2152 777 2179 ab
791 2152 844 2184 his,

901 915 978 945 ptum
1004 911 1072 938 adiri
1100 912 1170 938 ultra
1186 908 1320 946 apud/eos
1334 912 1463 940 feminam
1480 913 1521 941 fas
1536 919 1589 947 est,
1607 922 1697 950 neque

901 964 963 983 cum
975 962 1125 992 purgatur;
1144 958 1275 985 carnibus
1292 959 1328 985 ibi
1345 959 1494 987 immundis
1509 968 1589 988 nemo
1606 962 1696 989 vesui-

901 1007 956 1035 tur,
975 1003 1108 1030 sacriﬁcia
1124 1011 1206 1031 nemo
1223 1005 1308 1036 novit,
1323 1006 1475 1036 secundum
1490 1005 1622 1040 justitiam
1636 1015 1696 1034 ont-

901 1057 950 1076 nes
965 1049 1017 1076 sibi
1031 1049 1098 1084 ipsis
1111 1049 1218 1084 judices
1237 1049 1314 1078 ﬁunt.
1333 1049 1438 1078 Idcirco
1455 1051 1537 1085 igitur
1552 1059 1639 1087 neqtte
1650 1061 1695 1079 ca-

900 1095 1038 1130 stigantur
1055 1094 1117 1122 istis
1133 1094 1220 1129 plagis
1235 1103 1305 1130 quas
1322 1103 1406 1131 supra
1422 1096 1552 1129 diximus,
1567 1101 1594 1124 et
1610 1098 1695 1132 pluri-

901 1148 975 1167 mutn
992 1141 1123 1175 temporis
1139 1141 1235 1168 invita
1250 1141 1391 1174 durantes,
1408 1143 1512 1178 alisque
1533 1144 1695 1179 aegritudine

901 1186 999 1213 finiunt
1013 1186 1108 1214 vitam.
1125 1186 1181 1213 Nos
1193 1190 1284 1214 autem
1300 1187 1404 1220 miseri,
1419 1189 1493 1216 velut
1509 1197 1571 1216 cum
1585 1197 1695 1225 serpen-

899 1232 974 1259 tibus
998 1231 1126 1267 pessimis
1147 1231 1343 1264 habitantes'",
1358 1241 1420 1260 cum
1450 1233 1607 1262 hontinibus
1631 1235 1695 1262 dico

899 1276 1011 1312 iniquis,
1031 1277 1195 1313 perferimus
1209 1279 1367 1306 necessario
1390 1287 1452 1306 cum
1477 1279 1545 1315 ipsis
1570 1281 1695 1308 afﬂictio-

899 1331 964 1351 num
991 1324 1084 1360 plagas
1111 1324 1138 1351 in
1164 1324 1217 1352 hoc
1239 1325 1352 1357 mundo,
1369 1325 1416 1353 sed
1431 1333 1506 1361 spem
1520 1327 1640 1361 gerimus
1659 1335 1694 1354 ex

899 1370 1088 1397 consolatione
1104 1369 1259 1398 futurorum
1274 1370 1420 1399 bonorum.

934 1414 1028 1444 XLIX.
1050 1416 1078 1443 Si
1093 1421 1204 1452 propter
1220 1417 1391 1452 iniquitates,
1406 1418 1495 1453 inquit
1514 1426 1609 1452 senex,
1624 1419 1692 1447 alio-

898 1471 960 1490 rum
976 1463 1136 1490 cruciantur
1149 1463 1232 1490 etiam
1246 1463 1325 1498 justi,
1337 1466 1457 1499 oportuit
1466 1464 1550 1491 Deutn
1562 1468 1693 1500 tanquam

899 1508 1069 1543 provisorem
1084 1507 1182 1542 jubere
1198 1508 1367 1540 ltominibus,
1384 1513 1417 1535 ut
1441 1516 1494 1535 tton
1515 1509 1636 1537 facerent
1649 1518 1692 1540 ea.

898 1562 932 1581 ex
946 1554 1047 1589 quibus
1063 1561 1177 1581 necesse
1192 1557 1265 1582 esset
1288 1561 1351 1581 cutn
1374 1554 1486 1589 injustis
1510 1555 1593 1591 atlligi
1610 1556 1693 1584 etiam

896 1600 997 1635 justos,
1012 1603 1059 1627 aut
1084 1592 1107 1627 si
1124 1599 1247 1627 facerent
1261 1600 1480 1628 emendationem
1499 1601 1629 1636 aliquam,
1645 1607 1693 1629 aut

898 1646 1115 1682 puriﬁcationem
1145 1646 1250 1673 mundo
1275 1647 1446 1674 adhiberent.
1472 1645 1577 1679 Jussit,
1604 1648 1693 1683 inquit

898 1692 1007 1727 Aquila,
1024 1691 1096 1719 Deus
1110 1692 1168 1719 haec
1181 1695 1208 1719 et
1221 1692 1295 1719 dedit
1311 1696 1445 1727 praecepta
1467 1700 1515 1727 per
1530 1694 1689 1728 prophetas,

898 1738 1036 1774 quomodo
1050 1738 1176 1766 homines
1188 1737 1279 1766 vivere
1295 1738 1443 1771 deberent;
1454 1738 1502 1766 sed
1514 1742 1541 1766 et
1553 1739 1610 1767 haec
1625 1747 1692 1767 con-

898 1789 1076 1820 tentpserunt,
1090 1785 1145 1812 imo
1160 1791 1225 1811 vero
1246 1789 1273 1811 et
1292 1792 1340 1812 eos
1356 1785 1379 1812 si
1397 1785 1443 1820 qui
1459 1784 1529 1812 forte
1544 1785 1691 1814 observare

898 1831 1054 1866 cupiebant,
1069 1831 1186 1858 diversis
1199 1831 1309 1866 injuriis
1328 1827 1493 1860 aﬂlixerunt.
1509 1831 1596 1858 donec
1608 1832 1689 1859 etiatn

898 1877 972 1912 ipsos
988 1884 1003 1903 a
1018 1876 1155 1912 proposita
1171 1876 1360 1903 observatione
1372 1875 1532 1910 dejicerent,
1552 1880 1580 1902 et
1596 1876 1629 1903 ad
1643 1877 1686 1904 in-

897 1923 1068 1950 credulitatis
1093 1922 1273 1950 nihilominus
1301 1925 1440 1949 verterent
1460 1921 1570 1948 turbam
1582 1922 1690 1958 sibique

897 1968 1000 1996 similes
1018 1967 1165 1996 efﬁcerent.

932 2013 963 2041 L.
984 2013 1130 2049 Propterea
1147 2013 1266 2049 denique
1283 2013 1317 2041 ab
1335 2013 1412 2041 initio
1428 2021 1490 2041 cttm
1508 2013 1605 2043 fuisset
1630 2022 1690 2042 om-

897 2061 940 2088 nis
957 2064 1028 2088 terra
1044 2060 1177 2087 maculata
1192 2060 1323 2095 peccatis,
1342 2059 1413 2088 Deus
1436 2061 1569 2087 diluvium
1586 2060 1690 2088 mundo

896 2106 1013 2137 induxit,
1030 2107 1102 2141 quod
1118 2113 1166 2134 vos
1182 2106 1235 2133 sub
1248 2105 1414 2133 Deucalione
1430 2106 1530 2133 factum
1543 2106 1648 2139 dicitis,
1662 2110 1688 2134 et

897 2157 962 2180 tunc
975 2161 1058 2179 unuttt
1073 2152 1218 2187 quemdam
1233 2151 1338 2186 justum
1352 2160 1413 2179 cum
1431 2152 1494 2180 ﬁliis
1509 2152 1566 2180 suis
1584 2152 1611 2180 in
1624 2159 1689 2179 arca

55 2196 99 2229 qui
113 2205 162 2225 eas
177 2206 224 2233 per
245 2199 397 2226 doctrinam
414 2200 603 2235 proplteticam
629 2200 767 2233 didicere;
786 2199 847 2234 qui-
863 2198 884 2226 D
900 2200 1059 2230 reservavit,
1076 2203 1103 2226 et
1118 2206 1179 2226 cum
1204 2206 1237 2226 eo
1258 2198 1380 2225 omnium
1399 2199 1533 2226 seminum
1550 2198 1687 2225 omnium-

55 2241 104 2270 bus
117 2244 191 2271 enini
220 2245 391 2273 innotescere
415 2246 503 2281 potuit
532 2253 622 2273 sermo
649 2245 843 2281 propheticus.

56 2287 147 2315 sciunt
159 2290 268 2324 quando
291 2294 317 2318 et
332 2291 367 2318 ob
381 2299 462 2326 quam
484 2298 595 2318 causam
610 2298 712 2326 aerugo,
729 2290 843 2326 grando,

56 2335 219 2367 pestilentia,
239 2341 266 2364 et
283 2337 380 2364 horutn
400 2338 500 2365 similia
523 2345 570 2372 per
583 2337 704 2372 singulas
721 2345 844 2372 quasque

55 2382 244 2411 generationes
257 2386 352 2409 exorta
372 2383 437 2415 sint,
456 2388 483 2410 et
496 2391 530 2410 ex
545 2382 644 2418 quibus
655 2383 773 2418 peccatis
787 2384 844 2412 hzce

55 2423 87 2449 ad
99 2424 247 2452 vindictam
262 2427 324 2454 data
341 2427 407 2459 sittt,
426 2428 499 2455 uttde
513 2427 634 2454 huntano
653 2428 745 2462 generi
761 2435 844 2456 causa

58 2468 185 2503 tristitia},
200 2471 272 2498 unde
286 2473 403 2507 gemitus
419 2481 452 2500 ac
467 2473 575 2500 dolores
596 2473 758 2505 acciderittt,
772 2474 844 2501 unde

89 2536 112 2552 "
125 2537 194 2567 Gen.
213 2547 251 2573 tv,
268 2540 302 2568 l2
317 2541 344 2568 in
358 2541 445 2569 LXX.
484 2542 507 2558 "
524 2542 622 2570 Ezech.
638 2550 669 2576 ll,
688 2543 714 2571 6.

895 2253 948 2281 que
964 2245 1144 2272 animantium
1162 2253 1258 2280 genus.
1277 2245 1309 2271 Et
1319 2250 1407 2273 tamen
1416 2246 1498 2272 etiam
1514 2245 1560 2280 qui
1573 2252 1606 2272 ex
1620 2244 1688 2280 ipsis

896 2292 953 2319 nati
964 2295 1038 2322 sunt,
1047 2294 1170 2326 tempore
1186 2291 1381 2322 itttercedente,
1392 2299 1489 2319 rursus
1502 2291 1600 2318 similia
1613 2291 1687 2326 prio-

895 2338 971 2365 ribus
995 2341 1095 2372 agunt;
1118 2336 1249 2364 oblivioni
1273 2337 1346 2364 enim
1370 2344 1430 2372 quae
1453 2338 1611 2364 acciderant
1624 2336 1687 2364 data

896 2386 971 2413 sunt.
988 2382 1024 2408 ita
1040 2385 1070 2408 ut
1086 2382 1186 2416 posteri
1198 2390 1232 2409 ue
1244 2382 1295 2409 hoc
1306 2383 1395 2418 ipsuut
1410 2383 1519 2417 quidem
1530 2382 1685 2412 crederent,

895 2428 969 2464 quod
984 2428 1116 2454 diluvium
1133 2427 1233 2454 factum
1254 2433 1306 2456 est.
1322 2428 1400 2456 Uttde
1411 2433 1439 2456 et
1454 2429 1549 2456 statuit
1565 2427 1636 2455 Deus
1658 2427 1686 2454 in

897 2475 1024 2511 praesenti
1047 2474 1148 2502 saeculo
1171 2474 1241 2501 ultra
1267 2483 1322 2502 non
1345 2475 1403 2503 fieri
1426 2475 1569 2507 diluviunt,
1584 2473 1686 2508 alioqui

705 2617 889 2647 COTELERII
909 2618 1027 2646 ΝΟΤᾸΞ.

93 2684 145 2720 ('l'l)
164 2686 250 2713 Seres.
267 2686 342 2719 Quos
365 2694 399 2714 ex
422 2687 541 2715 lectione
563 2686 724 2719 Strabonis,
749 2686 840 2718 Plinii,

59 2718 140 2750 Helm,
157 2721 254 2752 Soliui,
270 2718 394 2753 Luciani,
412 2722 547 2749 Ammiani
564 2722 727 2753 Marcellini,
745 2721 842 2755 Origo-

60 2755 110 2786 uis,
132 2755 253 2786 Eusebii.
270 2758 392 2787 (Izesarii.
408 2757 537 2790 Cedreni,
554 2756 700 2789 Eustathii,
721 2761 785 2789 etc.,
801 2756 843 2782 di-

60 2790 158 2818 Srimus
177 2792 298 2820 celebres
314 2792 454 2820 exstitisse
479 2798 534 2820 tum
559 2792 722 2819 salubritate
737 2796 765 2818 et
781 2793 843 2818 vita:

59 2824 233 2862 diuturnitate
249 2828 282 2854 ad
297 2831 434 2855 trecentos
450 2835 537 2855 annos
551 2827 701 2862 productae,
714 2830 771 2854 tum
785 2827 843 2853 lau-

60 2860 135 2889 dtbus
163 2862 296 2895 leuitatis,
322 2863 432 2896 quietis,
460 2860 635 2897 frugalitatis,
662 2862 843 2895 castimonia},

891 2686 1013 2723 jjtstitiat,
1026 2687 1190 2723 acipietatis.
1209 2686 1269 2720 Quo
1294 2688 1380 2723 magis
1394 2687 1548 2715 mirandum
1568 2688 1650 2716 scribi
1667 2697 1683 2718 a

896 2721 924 2749 S.
939 2721 1089 2756 Epiphanio
1104 2722 1131 2748 itt
1148 2721 1318 2756 Expositione
1341 2721 1404 2757 ﬁdei
1416 2743 1423 2753 ,
1441 2731 1467 2749 n.
1485 2723 1528 2752 10,
1547 2724 1617 2757 apud
1634 2724 1684 2751 Se-

894 2764 950 2787 ras.
965 2758 1085 2783 virorum
1101 2758 1328 2785 consuetudinem
1353 2758 1439 2785 fuisse
1453 2757 1622 2785 muliebriter
1643 2759 1684 2786 vi-

894 2799 967 2825 vere,
997 2792 1160 2819 feminarum
1183 2800 1250 2819 vero
1273 2793 1400 2819 viril’tcr.
1423 2792 1534 2819 Scilicet
1559 2793 1683 2822 attribuit

896 2826 1192 2865 Epip_ltanius_5eribus
1204 2828 1275 2865 quod
1289 2827 1322 2854 ad
1337 2827 1417 2855 Gelos
1431 2827 1567 2862 pertinet;
1582 2829 1615 2855 de
1625 2827 1672 2865 qui

896 2862 947 2890 bus
962 2861 1032 2889 ittfra
1049 2862 1096 2889 lib.
1113 2870 1149 2895 Ix,
1166 2861 1224 2895 cap.
1241 2862 1285 2892 ‘22.
