1873 3095
221 131 292 158 13θῦ

634 132 661 161 S.
682 133 880 161 CLEMENTIS
901 134 909 160 Ι
928 132 1013 161 ROM.

1034 132 1136 162 PONT.
1156 135 1272 164 OPEBA
1291 136 1407 166 DUBIA.
1754 144 1801 172 1396

219 189 369 217 secundum
383 190 514 216 rationein
533 194 707 225 peccaturum
723 199 836 219 necesse
851 195 910 218 erat
925 192 1007 218 etiam
1022 193 1044 220 Α
1060 193 1193 227 apostolis
1207 193 1442 229 pseudoapostoli,
1458 199 1486 222 et
1502 196 1660 225 doctoribus
1670 197 1722 225 falsi
1734 199 1802 227 docto-
1843 214 1844 217 η

218 243 267 270 per
279 235 400 270 singulas
415 236 605 270 generationes
622 236 674 263 hoc
689 237 746 265 ﬁeri
760 237 928 264 inﬁdelitatis
943 244 1005 271 gra-

217 280 272 313 tia;
287 281 334 308 sed
357 281 442 316 inagis
461 281 574 309 indulsit
588 289 636 317 per
651 282 772 317 singulas
787 287 880 317 gentes
894 282 1005 317 angelos

216 326 350 361 quosdam
365 334 445 361 agerc
458 327 640 362 principatum
652 328 698 362 qui
714 327 793 355 malis
805 328 932 362 gaudent,
942 327 1004 362 qui-

215 372 267 400 bus
282 376 372 399 tamen
389 380 419 399 ea
434 373 589 400 conditione
602 377 724 408 potestas
746 373 890 400 adversum
905 381 1004 400 unum-

215 425 352 453 quemque
366 419 522 446 mortalium
537 419 600 446 data
614 423 666 450 est,
682 420 705 446 si
725 420 802 454 prius
822 427 851 448 se
868 420 926 455 ipse
941 420 1003 454 quis

215 464 354 498 peccando
376 465 416 492 eis
441 464 550 492 fecisset
573 465 734 497 obnoxium,
757 466 843 493 donec
863 466 1002 493 adveniret

214 511 259 538 ille
273 511 319 546 qui
331 510 410 538 bonis
425 511 532 545 gaudet.
550 514 577 538 et
592 511 773 546 eompleretur
786 519 833 547 per
846 512 934 547 ipsum
950 520 1001 539 nu-

213 564 305 584 merus
317 557 466 591 justorum,
482 561 509 584 et
522 565 570 592 per
591 565 698 585 omnem
714 558 845 584 mundum
860 562 1002 586 cre5ccnte

213 602 387 630 multitudine
414 604 532 637 piorum,
549 603 640 637 aliqua
656 610 688 630 ex
706 607 783 638 parte
806 604 1001 638 reprimeretur

211 649 340 684 impietas
355 653 382 676 et
397 649 581 676 innotesceret
595 649 732 683 omnibus,
748 649 813 685 quia
834 657 915 678 omne
927 649 1000 685 quod

211 695 313 722 bonum
329 699 371 722 est
388 703 403 722 a
419 694 473 722 Deo
486 696 525 723 lit.

243 742 287 770 ιι.
309 742 348 770 Ex
363 743 468 770 arbitrii
486 746 576 770 autem
597 743 722 771 libertate
743 745 932 780 unusquisque
950 745 1000 772 ho-

210 790 313 816 minum
337 789 400 817 dum
425 789 582 818 incredulus
605 794 646 817 est
671 790 704 818 de
722 791 832 821 futuris.
849 799 897 826 per
913 792 998 820 malos

209 839 288 862 actus
310 836 425 863 incurrit
447 837 473 863 in
498 837 579 864 mala.
596 836 626 863 Et
651 837 707 863 hinc
721 841 785 865 sunt
800 846 860 872 quas
873 838 998 865 videntur

209 882 235 908 in
253 882 354 909 mundo
375 888 469 910 contra
494 883 616 910 ordinem
632 884 700 917 geri,
722 884 822 918 quibus
842 892 950 916 causas,
968 889 997 911 ut

207 931 309 957 essent.
324 927 470 956 inﬁdelitas
491 929 573 956 dedit.
592 928 713 955 Miranda
733 929 814 964 igitur
839 937 886 964 per
904 930 996 957 omnia

207 976 250 998 est
273 972 372 999 divinae
396 972 576 1000 Providentize
600 974 784 1008 dispensatio.
809 981 869 1008 qua:
885 973 927 1001 his
949 975 995 1008 qui

206 1018 286 1045 initio
310 1018 422 1051 fuerint,
440 1019 538 1046 bonam
559 1020 668 1053 quidem
685 1020 754 1046 viam
770 1022 829 1046 vitae
842 1020 995 1047 incedenti-

206 1064 268 1097 bus,
283 1064 362 1092 bonis
377 1066 631 1100 incorruptibilibns
647 1065 719 1092 dedit
733 1065 835 1100 perfrui
849 1073 856 1097 ;
874 1065 918 1092 ubi
931 1073 995 1092 vero

207 1114 389 1144 peccaverunt
405 1110 488 1146 [mali
503 1111 635 1145 originem
656 1116 767 1145 peccato
781 1111 903 1146 pariente
919 1119 994 1138 sum-

205 1159 318 1190 pserunt
331 1155 352 1192 J,
365 1160 392 1183 et
404 1157 554 1191 unicuique
568 1156 638 1183 bono
652 1157 728 1191 quasi
742 1157 859 1190 quodam
874 1157 993 1191 conjugii

204 1201 307 1230 fmdere
320 1211 352 1229 ex
370 1208 446 1238 parte
465 1203 569 1238 peccati
585 1203 717 1230 sociatum
732 1207 774 1230 est
791 1203 892 1230 malum
903 1222 910 1234 ,
925 1211 993 1238 quo-

203 1249 276 1276 niam
290 1248 399 1283 quidem
412 1249 530 1276 humano
546 1249 678 1284 sanguine
692 1253 764 1276 terra
780 1249 883 1284 polluta
896 1254 947 1281 est,
965 1254 993 1277 et

203 1301 258 1321 arae
274 1294 443 1322 daemonibus
465 1303 612 1325 succensm.
627 1303 717 1322 aerem
732 1303 838 1330 quoque
850 1296 939 1331 ipsum
954 1296 993 1323 in-

203 1344 279 1367 testo
293 1340 489 1368 sacriﬁciorum
507 1340 582 1367 fumo
597 1345 774 1373 temerarunt,
791 1345 817 1368 et
831 1341 866 1368 ita
882 1341 991 1368 demum

201 1390 330 1421 corrupta
345 1387 421 1420 prius
440 1387 572 1413 elementa
595 1387 752 1414 hominibus
772 1387 934 1422 corruptela:
954 1388 992 1414 vi-

201 1431 280 1462 tium,
301 1431 373 1458 velut
391 1432 496 1459 radices
512 1432 594 1460 ramis
609 1439 642 1459 ac
661 1432 793 1459 fructibus
807 1433 990 1461 tradiderunt.

238 1475 291 1503 LII.
313 1475 380 1504 Vide
393 1483 459 1511 ergo
476 1477 502 1503 in
515 1477 576 1509 hoc,
589 1481 619 1503 ut
630 1477 696 1506 dixi.
710 1485 791 1511 quam
803 1477 875 1511 juste
888 1478 990 1507 vitiatis

201 1521 285 1548 rebus
300 1521 471 1548 Providentia
487 1521 578 1548 divina
592 1523 740 1554 succurrit,
755 1526 785 1550 ut
799 1524 927 1558 quoniam
943 1524 989 1551 bo-
1001 1532 1024 1563 ς

199 1566 243 1594 nis
257 1566 312 1598 Dei,
324 1566 394 1593 mala
408 1574 468 1601 quae
487 1574 518 1593 ex
535 1572 646 1601 peccato
659 1567 792 1601 originem
813 1572 986 1603 sumpserant

199 1613 302 1640 sociata
329 1617 404 1646 sunt,
419 1613 526 1640 duabus
552 1613 594 1640 his
616 1613 739 1647 partibus
761 1613 830 1642 duos
850 1615 986 1649 principes

199 1663 322 1694 poneret.
339 1662 366 1686 et
384 1659 408 1686 ei
424 1659 470 1694 qui
486 1659 566 1686 bonis
582 1660 681 1694 gaudet
694 1662 828 1687 bonorum
850 1661 984 1694 ordinem,

198 1706 244 1740 qui
263 1706 296 1732 ad
315 1705 393 1732 ﬁdem
407 1705 582 1740 providentia:
597 1712 653 1732 suae
666 1706 809 1733 credentes
826 1706 984 1740 adduceret,

198 1750 304 1780 statuit.
320 1749 346 1777 ei
359 1757 423 1776 vero
436 1751 483 1785 qui
498 1751 576 1777 malis
589 1750 699 1785 gaudet,
713 1759 744 1779 ea
759 1759 819 1786 qum
831 1755 927 1779 contra
941 1761 986 1780 or-

197 1795 288 1823 dinem
305 1799 332 1823 et
356 1795 488 1823 inutiliter
501 1801 644 1831 geruntur,
660 1805 691 1824 ex
708 1797 809 1832 quibus
826 1797 885 1825 sine
901 1798 985 1826 dubio

196 1842 278 1869 etiam
293 1842 469 1877 providentia:
481 1841 547 1870 ﬁdes
562 1842 588 1870 in
603 1843 716 1870 dubium
733 1843 836 1876 veniat;
852 1847 878 1871 et
893 1844 984 1871 habita

196 1893 238 1914 est
254 1895 302 1923 per
314 1888 364 1915 hoc
377 1895 391 1914 a
403 1888 480 1922 justo
495 1888 549 1915 Deo
560 1889 633 1922 justa
645 1888 752 1916 divisio.
766 1888 836 1916 Hinc
850 1897 915 1924 ergo
929 1893 983 1922 est,

196 1935 269 1968 quod
287 1941 348 1960 cum
363 1934 505 1961 ordinatus
530 1940 665 1961 astrorum
690 1942 789 1962 cursus
809 1934 887 1962 ﬁdem
902 1935 984 1962 faciat

197 1987 280 2006 inanu
294 1979 406 2006 artiﬁcis
427 1980 566 2006 conditum
591 1981 733 2013 mundum,
748 1988 856 2007 rursum
873 1985 984 2007 contur-

196 2025 270 2052 batio
290 2025 374 2058 aeris,
391 2032 458 2051 aura
482 2025 623 2059 pestilens,
645 2024 788 2051 fulminum
813 2024 871 2059 vagi
894 2024 981 2059 ignes,

192 2070 373 2100 Providentiae
393 2078 462 2105 opus
484 2069 619 2097 refellant.
636 2068 742 2096 Habent
762 2069 847 2102 enim,
863 2072 893 2097 ut
912 2069 984 2096 dixi-

194 2124 268 2148 mus,
283 2116 389 2152 singula
409 2123 524 2151 quaeque
538 2116 619 2144 bona.
636 2115 774 2142 contraria
793 2119 820 2144 et
835 2115 982 2149 conjuncta

195 2162 248 2190 sibi
262 2163 343 2193 mala,
360 2166 389 2189 ut
406 2162 530 2189 fecundis
543 2160 675 2188 imbribus
692 2161 796 2196 grando
809 2160 916 2188 inimica
928 2163 980 2192 est,

1056 245 1111 265 res.
1129 238 1161 264 Et
1177 239 1239 267 inde
1248 245 1292 267 est
1305 240 1377 267 unde
1389 241 1460 276 apud
1473 241 1646 276 philosophos
1657 242 1698 269 alii
1709 249 1802 272 asserunt
1843 248 1844 251 ‘

1055 283 1268 317 providentiam,
1294 285 1341 312 alii
1364 290 1475 322 negant,
1499 287 1546 314 alii
1570 295 1651 314 unum
1671 287 1752 322 Deum,
1770 291 1801 317 alii

1049 329 1148 357 Plures
1161 330 1320 359 defendunt.
1341 331 1433 367 Usque
1449 332 1483 359 ad
1498 332 1551 360 hoc
1564 325 1607 361 res
1618 334 1724 368 denique
1735 342 1802 363 acres.

1054 374 1099 407 sit,
1115 379 1144 402 ut
1157 384 1219 403 cum
1234 377 1315 404 verbo
1330 377 1376 404 Dei
1390 377 1519 412 fugentur
1532 379 1675 410 daemones,
1695 388 1735 415 per
1750 382 1802 415 quod

1052 427 1114 446 esse
1135 419 1309 448 Providentia
1333 421 1499 454 declaratur.
1514 423 1646 451 invenerit
1667 432 1706 452 ars
1725 426 1804 461 magica

1052 463 1086 490 ad
1099 464 1285 493 inﬁdelitatem
1298 467 1525 499 confirmandam,
1541 469 1675 503 quomodo
1687 471 1755 497 etiam
1767 470 1804 498 hoc

1051 518 1084 538 ex
1100 512 1248 539 contrariis
1259 511 1392 540 imitetur.
1410 511 1456 540 Sic
1472 519 1628 549 serpentum
1643 523 1735 543 venena
1749 517 1804 543 miti-

1051 565 1116 593 gare
1136 558 1306 586 carminibus
1329 559 1482 590 inventum,
1497 564 1525 588 et
1548 561 1631 588 verbo
1653 568 1682 588 ac
1705 563 1803 596 potestati

1051 601 1098 629 Dei
1119 603 1274 630 contrarias
1298 603 1429 631 inducere
1449 605 1591 633 sanitates.
1606 606 1710 641 Angelis
1722 615 1803 642 quoque

1050 647 1097 676 Dei
1112 649 1250 676 contraria
1266 650 1366 685 reperit
1380 658 1425 678 ars
1439 652 1544 687 magica
1559 652 1715 683 ministeria.
1726 653 1804 680 anima-

1050 702 1110 722 rum
1128 696 1322 723 suscitationes
1344 701 1441 724 contra
1460 697 1517 725 haec
1540 702 1568 725 et
1591 698 1711 733 ﬁgmenta
1727 700 1803 726 ἀπωθ-

1048 749 1113 769 num
1137 748 1252 776 ponens.
1272 741 1303 768 Et
1319 749 1354 769 ne
1369 742 1455 769 multa
1480 743 1665 770 enumerando
1681 751 1804 772 sermonem

1049 786 1156 822 longius
1170 786 1288 819 traham,
1301 787 1369 814 nihil
1384 788 1495 815 omnino
1508 792 1550 816 est
1563 789 1637 823 quod
1652 789 1723 817 ﬁdem
1734 789 1804 817 Proﬁ-

1048 830 1148 859 dentiae
1162 830 1255 865 faciat,
1266 835 1293 860 et
1307 839 1362 859 non
1377 832 1477 860 habeat
1489 834 1646 861 econtrario
1660 834 1726 861 aliud
1739 833 1765 861 ad
1775 834 1804 861 in-

1014 861 1035 888 Β
1049 877 1204 905 ﬁdelitatem
1220 861 1362 913 paratum;
1380 882 1408 906 et
1422 879 1485 906 ideo
1501 880 1547 916 qui
1564 882 1687 915 ignorant
1698 880 1763 907 istam
1773 879 1803 906 di-

1047 924 1180 951 visionem
1195 931 1298 956 rerum,
1315 933 1365 959 pro
1380 925 1423 952 bis
1436 933 1498 960 quae
1522 933 1537 952 a
1561 925 1710 961 semetipsis
1722 926 1803 953 discor-

1046 969 1112 996 dant
1127 969 1155 996 in
1172 970 1283 1002 mundo.
1297 978 1352 999 non
1366 975 1463 1008 putant
1478 979 1540 999 esse
1549 972 1752 1000 Providentiam.
1764 971 1802 998 Sed

1046 1019 1086 1047 tu,
1101 1015 1193 1048 Pater,
1206 1017 1285 1051 quasi
1302 1017 1344 1043 vir
1358 1017 1471 1052 sapiens
1484 1026 1518 1045 ex
1539 1018 1593 1045 ista
1617 1018 1741 1044 divisione
1752 1017 1802 1051 elige

1045 1065 1160 1096 partem,
1177 1070 1238 1096 qua:
1259 1062 1383 1090 ordinem
1399 1067 1491 1091 servat
1509 1067 1537 1091 et
1560 1063 1642 1091 ﬁdem
1658 1064 1803 1099 providenti:

1045 1106 1121 1138 facit,
1137 1110 1164 1133 et
1190 1115 1245 1134 non
1268 1107 1357 1135 solum
1380 1108 1506 1143 sequaris
1532 1108 1608 1135 illam
1632 1114 1739 1144 partem,
1759 1116 1802 1143 qua

1044 1157 1141 1180 contra
1153 1153 1277 1181 ordinem
1287 1156 1374 1181 currit
1384 1157 1412 1182 et
1420 1155 1554 1183 Providen
1559 1156 1604 1183 tia:
1617 1156 1724 1191 derogat
1734 1156 1793 1184 ﬁdem

1078 1198 1144 1226 LIV.
1166 1198 1207 1226 Ad
1233 1200 1290 1227 haec
1313 1208 1397 1228 senex
1410 1201 1553 1236 respondit
1571 1211 1579 1229 :
1598 1201 1637 1229 Da
1659 1202 1720 1229 mihi
1741 1202 1801 1233 viam,

1043 1243 1093 1275 ﬁli,
1111 1251 1164 1279 qua
1178 1245 1281 1279 possim
1302 1253 1335 1273 ex
1349 1245 1456 1274 duobus
1471 1246 1531 1274 istis
1543 1247 1698 1280 ordinibus.
1711 1255 1801 1283 quorum:

1043 1290 1112 1318 alter
1129 1291 1238 1323 asserit.
1253 1292 1322 1319 alter
1336 1291 1438 1319 refutat
1449 1293 1666 1325 Providentiam,
1682 1301 1756 1321 unum
1766 1294 1802 1320 ali-

1042 1344 1122 1372 quem
1138 1337 1165 1364 in
1180 1338 1247 1365 meis
1265 1338 1393 1367 sensibus
1412 1339 1585 1368 confirmare.
1601 1339 1723 1372 Rectum,
1737 1339 1801 1374 inquit

1041 1382 1150 1417 Aquila.
1164 1383 1273 1410 habenti
1287 1383 1422 1418 judicium
1438 1385 1518 1412 facile
1532 1385 1683 1414 discrimen
1697 1390 1800 1414 estznam

1041 1433 1067 1457 et
1082 1428 1134 1456 hoc
1150 1429 1238 1465 ipsum
1257 1429 1330 1463 quod
1345 1429 1395 1463 ais,
1410 1430 1478 1458 ordo
1497 1434 1524 1458 et
1544 1431 1718 1465 inordinatio,
1731 1430 1759 1458 ab
1769 1438 1801 1456 ar-

1041 1475 1114 1502 tiﬁce
1127 1474 1184 1502 ﬁeri
1201 1479 1301 1510 potest,
1315 1483 1330 1502 a
1346 1479 1442 1503 natura
1459 1484 1524 1504 vero
1541 1477 1695 1506 insensibili
1708 1485 1756 1504 non
1768 1484 1801 1512 p0-

1041 1524 1110 1554 test;
1126 1528 1190 1547 nam
1211 1521 1287 1551 verbi
1303 1522 1389 1556 gratia
1414 1530 1550 1558 ponamus
1575 1524 1611 1551 de
1634 1524 1736 1554 excelsa
1753 1530 1802 1557 rupe

1038 1566 1184 1600 abruptum
1195 1573 1291 1593 saxum
1304 1566 1331 1593 in
1343 1575 1464 1603 praeceps
1476 1567 1553 1600 ferri,
1565 1568 1650 1603 idque
1659 1569 1752 1595 illisum
1759 1568 1801 1595 solo

1038 1611 1066 1638 in
1079 1611 1163 1638 multa
1178 1611 1330 1647 fragmenta
1341 1613 1502 1645 comminui,
1514 1615 1642 1649 nunquid
1653 1614 1753 1641 evenire
1761 1612 1802 1640 ullo

1037 1656 1119 1683 modo
1134 1661 1236 1692 potest,
1255 1661 1286 1684 ut
1311 1658 1338 1684 in
1363 1658 1409 1685 illa
1423 1659 1599 1688 multitudine
1615 1659 1801 1695 fragmentorum

1036 1702 1194 1730 inveniatur
1209 1711 1293 1730 unum
1310 1704 1407 1731 saltem
1428 1705 1625 1740 fragmentum,
1649 1706 1677 1732 in
1697 1712 1745 1740 quo
1756 1713 1802 1740 per-

1036 1747 1107 1774 fecta
1123 1747 1214 1783 aliqua
1230 1748 1337 1782 species
1352 1757 1400 1785 per
1414 1750 1505 1776 omnia
1522 1750 1660 1777 habeatur
1675 1758 1704 1777 ac
1717 1747 1802 1776 formai

1035 1794 1068 1821 Et
1083 1803 1166 1823 senex
1185 1795 1328 1831 respondit
1345 1805 1351 1823 :
1368 1795 1426 1824 Non
1443 1800 1544 1832 potest.
1557 1796 1638 1830 Quod
1653 1798 1676 1825 si
1689 1795 1801 1827 adsit.in-

1034 1842 1094 1877 quit
1114 1842 1223 1876 Aquila,
1244 1842 1385 1877 signorum
1406 1841 1515 1874 artifex,
1530 1843 1657 1870 excisum
1678 1843 1711 1870 de
1729 1845 1801 1869 monte

1035 1894 1131 1914 saxum
1145 1893 1228 1913 manu
1245 1885 1345 1912 artifici
1356 1889 1383 1913 et
1399 1893 1481 1913 sensu
1495 1886 1655 1915 rationabili
1669 1886 1773 1913 formare
1781 1885 1800 1910 in

1034 1940 1116 1968 quam
1136 1933 1202 1960 velit
1220 1933 1341 1967 speciem
1359 1936 1458 1967 potest.
1475 1931 1509 1959 Et
1524 1940 1631 1960 senex:
1650 1932 1751 1964 Verum,
1768 1932 1799 1958 iu-

1033 1978 1103 2013 quit,
1118 1978 1191 2006 istud
1215 1982 1268 2006 est.
1286 1978 1368 2014 Ergo,
1383 1978 1422 2005 ait
1446 1977 1557 2013 Aquila,
1572 1979 1621 2006 ubi
1647 1986 1740 2006 sensus
1760 1984 1799 2004 nol

1033 2030 1075 2052 est
1089 2025 1273 2056 rationabilis,
1288 2025 1364 2051 nulla
1389 2025 1495 2060 species
1519 2032 1553 2052 ex
1578 2025 1688 2060 integro
1710 2022 1798 2051 formari

1032 2073 1134 2105 potest,
1152 2070 1196 2098 ubi
1212 2075 1302 2098 autem
1319 2078 1418 2098 sensus
1443 2074 1486 2098 est
1510 2070 1623 2103 artifex,
1641 2071 1678 2099 ibi
1694 2074 1718 2098 et
1731 2069 1797 2096 forma

1031 2122 1058 2146 et
1071 2117 1225 2146 informitas
1239 2125 1300 2145 esse
1316 2121 1406 2152 potest
1421 2125 1428 2143 ι
1442 2117 1518 2145 verbi
1533 2118 1635 2153 gratia.
1652 2117 1674 2145 si
1686 2116 1776 2144 excidat
1787 2121 1797 2140 ε

1033 2167 1124 2190 monte
1149 2171 1245 2191 saxum
1271 2163 1369 2192 artifex
1392 2163 1437 2190 cui
1458 2163 1573 2190 formam
1588 2164 1655 2190 velit
1671 2163 1795 2198 imponen‘.

194 2213 225 2235 ut
247 2208 303 2235 rori
327 2208 434 2243 placido
457 2208 590 2243 rubiginis
612 2212 654 2234 est
670 2207 771 2235 sociata
785 2207 935 2242 corruptio,
953 2213 980 2234 ut
994 2217 1021 2246 ι)
1033 2217 1145 2237 necesse
1169 2214 1212 2236 est
1235 2213 1266 2236 ut
1288 2209 1315 2236 id
1336 2209 1425 2244 primo
1442 2209 1560 2236 informe
1576 2209 1666 2237 cadat
1679 2213 1704 2236 et
1720 2207 1796 2237 barba-

193 2254 284 2281 ventis
305 2253 412 2282 lenibus
438 2254 621 2289 procellarum
647 2252 769 2280 turbines
791 2252 879 2287 juncti
904 2256 979 2285 sunt,

193 2299 342 2327 fructuosis
366 2300 510 2327 arboribus
533 2299 721 2329 infructuosa).
748 2298 841 2326 herbis
866 2298 980 2326 utilibus

192 2345 292 2376 noxiae,
309 2345 473 2372 animalibus
488 2345 600 2372 mitibus
621 2344 678 2372 fera
701 2347 728 2371 et
745 2344 898 2378 perniciosa
913 2351 980 2371 con-

193 2399 262 2419 nexa
275 2396 349 2420 sunt.
362 2391 424 2418 Haec
437 2395 528 2418 autem
540 2391 632 2418 omnia
648 2390 736 2425 posita
751 2394 816 2417 sunt
827 2397 842 2416 a
854 2389 919 2422 Deo,
929 2397 979 2424 pro

191 2445 225 2465 eo
246 2437 319 2472 quod
342 2437 498 2464 hominibus
521 2436 648 2463 voluntas
673 2435 780 2462 arbitrii
805 2442 821 2462 a
844 2435 978 2463 bonorum

191 2484 332 2519 proposito
346 2483 473 2511 discessit
485 2487 511 2511 et
526 2483 673 2512 declinavit
688 2482 722 2510 ad
737 2482 817 2510 mala.

227 2528 295 2557 Llll.
313 2530 397 2564 Igitur
412 2529 438 2556 in
455 2529 583 2556 omnibus
595 2529 689 2556 mundi
701 2529 782 2556 rebus
795 2528 911 2554 habetur
924 2527 976 2554 ista

190 2575 298 2609 divisio,
313 2580 340 2603 et
353 2576 425 2603 sicut
442 2580 506 2603 sunt
520 2576 568 2610 pii.
589 2576 624 2602 ita
640 2580 667 2602 et
681 2575 767 2610 impii,
790 2578 818 2601 ut
834 2578 898 2602 sunt
913 2582 977 2609 pro-

190 2622 288 2657 phetae,
302 2622 339 2649 ita
354 2625 381 2649 et
395 2621 455 2649 falsi
470 2621 624 2657 prophetae;
648 2621 695 2648 sed
718 2624 746 2648 et
767 2620 839 2656 apud
861 2620 978 2656 gentiles

190 2662 436 2708 sunt'philosophi,
453 2673 518 2695 sunt
542 2671 570 2694 et
594 2667 655 2694 falsi
682 2666 853 2702 philosophi;
868 2663 976 2692 Iudaeo-

189 2722 250 2743 rum
276 2722 384 2750 quoque
401 2713 639 2741 circumcisionem
657 2712 779 2739 Arabicae
794 2715 888 2746 gentes
902 2711 976 2737 alim-

189 2766 242 2792 que
255 2758 377 2792 plurima:
398 2758 431 2785 ad
447 2758 627 2785 ministerium
645 2765 701 2785 suae
715 2757 860 2791 impietatis
876 2756 974 2782 imitati

190 2809 263 2830 sunt.
280 2803 325 2830 Sic
339 2808 366 2831 et
379 2804 472 2831 divino
490 2803 573 2831 cultui
589 2808 631 2831 est
649 2803 804 2831 contrarius
820 2802 972 2829 dzemonum

190 2839 292 2882 cultus,
316 2853 342 2877 et
371 2851 506 2885 baptismo
529 2850 692 2889 baptismus,
708 2855 733 2878 et
759 2850 809 2885 legi
835 2850 919 2885 leges,
947 2853 973 2877 et

1033 2263 1103 2288 rum,
1121 2259 1178 2281 tum
1201 2254 1300 2282 deinde
1316 2255 1448 2290 paulatim
1471 2254 1612 2282 excudens
1628 2259 1657 2282 et
1676 2253 1708 2280 ad
1721 2253 1794 2280 libram
1843 2268 1844 2298 ἶ

1031 2308 1087 2328 suae
1098 2301 1167 2328 artis
1176 2301 1351 2338 exsculpens,
1360 2300 1497 2336 exprimat
1509 2299 1626 2330 formam
1638 2308 1716 2335 quam
1726 2302 1795 2325 mente

1029 2347 1197 2382 conceperit.
1211 2346 1250 2374 Ita
1265 2354 1330 2382 ergo
1340 2355 1373 2375 ex
1389 2346 1558 2374 informitate
1574 2347 1617 2374 vel
1633 2346 1792 2374 deformium

1029 2392 1142 2420 artiﬁcis
1158 2400 1241 2420 manu
1255 2392 1414 2427 pervenitur
1435 2393 1468 2420 ad
1485 2392 1614 2424 formam,
1630 2396 1658 2419 et
1673 2396 1793 2423 utrumun

1029 2437 1063 2464 ab
1083 2437 1187 2465 artiﬁce
1210 2437 1351 2471 procedit;
1368 2437 1450 2464 simili
1473 2437 1557 2472 igitur
1572 2437 1656 2464 modo
1670 2443 1695 2464 et
1711 2443 1738 2463 ea
1749 2440 1793 2468 qua:

1028 2482 1057 2514 in
1072 2482 1175 2509 mundo
1190 2485 1332 2517 geruntur,
1343 2489 1392 2516 per
1401 2481 1515 2508 artiﬁcis
1524 2481 1720 2516 providentiam
1732 2478 1791 2506 ﬁunt.

1027 2528 1135 2555 etiamsi
1150 2528 1241 2555 minus
1256 2527 1383 2554 ordinata
1398 2527 1553 2554 videantur.
1568 2526 1603 2553 Et
1618 2526 1678 2554 ideo
1689 2525 1743 2561 quia
1755 2523 1791 2550 tibi

1026 2574 1087 2602 duae
1102 2574 1161 2602 istae
1178 2574 1355 2601 innatuerunt
1377 2573 1438 2605 viae,
1453 2580 1603 2608 earumque
1627 2571 1747 2606 accepisti
1759 2569 1791 2595 di-

1026 2619 1157 2650 visiones,
1175 2618 1236 2654 fuge
1254 2618 1424 2646 inﬁdelitatis
1444 2617 1530 2650 viam,
1545 2625 1580 2645 ne
1594 2617 1667 2645 forte
1681 2615 1790 2652 perducat

1025 2669 1053 2692 te
1068 2665 1101 2692 ad
1118 2665 1193 2692 illum
1208 2665 1359 2700 principem
1373 2664 1421 2699 qui
1436 2664 1517 2691 malis
1529 2664 1641 2699 gaudet,
1657 2669 1759 2698 sequere
1770 2661 1790 2686 li-

1025 2711 1069 2738 dei
1084 2711 1167 2743 viam,
1183 2715 1213 2738 ut
1231 2711 1374 2745 pervenire
1396 2711 1488 2746 possis
1514 2710 1547 2739 ad
1569 2718 1661 2747 regem
1677 2705 1788 2742 illumqui

1025 2758 1105 2786 bonis
1119 2757 1276 2785 hominibus
1290 2758 1398 2793 gaudet.

1059 2803 1114 2830 LV.
1134 2803 1174 2831 Ad
1200 2803 1258 2830 haec
1283 2811 1366 2830 senex
1394 2803 1536 2838 respondit
1557 2812 1563 2830 :
1585 2803 1645 2829 Cur
1668 2806 1747 2829 autem
1767 2803 1787 2826 et

1025 2850 1150 2887 princeps
1167 2850 1211 2878 ille
1224 2850 1271 2885 qui
1287 2850 1366 2878 malis
1385 2849 1484 2885 gaudet
1509 2848 1596 2877 factus
1619 2855 1671 2881 est,
1689 2854 1714 2876 et
1733 2846 1786 2874 nulla
