1873 3095
47 115 108 143 i597

636 103 933 134 RECOGNITlONUM.
951 117 986 122 -—
1004 101 1069 129 LIB.
1086 100 1155 129 VIII.

1591 99 1661 125 1598

45 173 124 200 factus
136 175 178 199 est
193 174 239 198 aut
254 177 308 198 non
321 173 365 197 est
380 168 489 196 factus?
513 166 610 202 Aquila
624 165 662 192 ait
678 174 685 192 :
700 163 820 191 Alterius
835 165 858 194 Α
872 161 938 193 sint,
950 168 1003 187 non
1020 162 1135 194 possunt
1151 162 1240 186 tamen
1254 157 1362 202 flectere
1377 164 1421 184 me
1434 159 1463 182 ut
1477 155 1587 202 credam
1602 155 1659 202 fieri

45 218 164 253 temporis
179 221 221 245 est
237 216 289 244 iste
303 219 453 248 tractatus;
467 221 563 241 verum
576 220 610 240 ne
625 219 723 246 expers
740 210 821 237 abeas

43 264 117 292 etiam
133 263 215 296 hujus
229 262 428 297 responsionis,
442 267 528 296 pauca
540 259 588 286 tibi
601 258 635 286 de
647 258 698 284 hoc
713 263 822 292 quoque

44 309 192 337 insinuabo.
208 307 343 336 Praescius
363 306 485 334 omnium
510 304 582 331 Deus
606 307 669 330 ante
685 301 821 330 constitu-

44 356 135 383 tionem
149 354 254 386 mundi,
267 353 360 382 sciens
372 351 435 387 quia
448 350 533 378 futuri
549 349 684 379 homines,
697 347 743 374 alii
765 345 823 381 qui-

40 401 99 429 dem
119 400 154 428 ad
180 401 261 431 bona,
280 399 327 426 alii
342 406 408 426 vero
423 397 457 425 ad
471 396 611 425 contraria
632 393 821 424 declinabunt,

43 456 84 476 eos
99 447 144 482 qui
153 447 227 474 bona
239 446 382 482 elegerint,
394 452 444 472 suo
461 442 627 479 principatui
639 445 666 469 et
681 448 738 468 sua:
750 447 823 467 cura:

43 494 150 522 sociavit
167 498 248 528 atque
262 491 450 520 hereditatem
471 489 524 518 sibi
541 496 590 516 eos
614 486 752 523 propriam
774 492 824 512 no-

42 540 148 568 minavit
158 539 198 573 ‘°;
213 546 261 566 eos
275 545 340 566 vero
353 537 398 573 qui
407 536 441 564 ad
449 535 518 563 mala
530 533 703 565 declinarint,
719 530 823 566 angelis

42 585 169 622 regendos
190 585 314 621 permisit
328 584 372 611 his
401 582 448 618 qui
471 589 526 609 non
548 587 597 615 per
619 577 800 607 substantiam
814 596 823 608 ,

42 632 84 660 sed
109 639 159 667 per
178 631 338 667 oppositum
353 637 414 657 cum
430 628 486 656 Deo
506 632 666 663 permanere
676 623 825 651 noluerunt

41 677 144 705 invidiae
165 680 193 704 et
216 676 353 712 superbiae
372 675 439 702 vitio
462 673 602 708 corrupti;
632 671 731 706 dignos
759 676 826 704 ergo

42 724 181 759 dignorum
195 723 334 758 principes
348 721 422 748 fecit.
435 719 475 746 Ita
491 723 583 746 tamen
599 725 646 745 eos
661 716 826 751 tradiditgut

42 776 91 796 non
100 768 221 795 habeant
234 769 398 803 potestatem
412 764 440 791 in
450 772 498 792 eos
511 762 628 791 faciendi
638 761 710 797 quod
720 761 825 793 volunt,

44 814 92 841 nisi
115 817 250 842 statutum
276 813 329 840 sibi
352 812 386 839 ab
408 810 488 838 initio
510 808 657 836 terminum
676 811 825 834 transeant.

871 204 973 240 aliquid
990 211 1071 239 posse
1084 208 1161 231 extra
1175 202 1307 238 genesim.
1325 201 1388 229 Scio
1401 201 1474 228 enim
1491 199 1582 226 omnia
1594 198 1659 226 mihi

871 250 1036 277 necessitate
1057 256 1164 284 genesis
1187 247 1332 276 accidisse.
1340 251 1368 274 et
1390 247 1452 274 ideo
1469 246 1579 275 suaderi
1593 247 1660 274 mihi

872 303 928 322 non
951 298 1052 330 potest,
1067 295 1131 329 quia
1146 293 1189 321 vel
1207 294 1277 321 bene
1292 293 1335 320 vel
1347 293 1418 320 male
1432 300 1513 328 agere
1526 293 1552 320 in
1569 297 1662 320 nostra

872 343 1006 375 potestate
1019 339 1071 372 sit;
1094 342 1121 366 et
1145 338 1170 366 si
1194 341 1273 365 actus
1292 336 1401 366 nostros
1416 338 1444 365 in
1457 341 1594 373 potestate
1608 345 1662 364 non

873 385 1017 417 habemus,
1043 392 1096 411 non
1116 386 1206 419 potest
1220 383 1295 410 credi
1313 383 1433 411 futurum
1447 391 1508 411 esse
1518 383 1662 418 judicium,

873 438 923 466 per
936 430 1008 465 quod
1022 430 1063 457 vel
1077 429 1157 457 malis
1171 436 1257 464 pana;
1268 429 1396 457 velbonis
1412 428 1523 464 pratInia
1539 428 1664 455 tribuan—

874 482 928 504 tur.
940 476 1061 512 Denique
1072 476 1201 512 quoniam
1217 480 1244 504 te
1255 477 1389 504 imbutum
1402 475 1482 502 video
1498 475 1524 502 in
1537 475 1665 510 hujusce-

873 523 947 551 modi
963 522 1128 558 disciplinis,
1147 530 1234 557 pauca
1249 522 1297 550 tibi
1313 531 1346 550 ex
1364 522 1422 557 ipsa
1443 526 1501 549 arte
1516 521 1663 556 proferam.

875 568 915 603 Si,
932 570 1021 605 inquit
1034 569 1142 604 Aquila,
1158 576 1191 597 ex
1217 569 1275 604 ipsa
1300 569 1444 604 disciplina
1464 573 1590 596 astruere
1613 569 1665 595 ali-

875 614 941 650 quid
952 614 1041 649 cupis,
1058 614 1141 641 frater
1156 621 1233 640 meus
1247 613 1373 640 Clemens
1390 612 1437 639 tibi
1450 611 1608 646 diligentius
1623 619 1668 638 re~

876 660 1030 696 spondebit,
1046 660 1092 695 qui
1118 659 1225 695 plenius
1248 658 1391 686 scientiam
1411 657 1543 685 mathesis
1559 657 1665 691 attigit;

875 714 926 741 ego
942 706 1014 734 enim
1029 706 1089 733 aliis
1103 705 1156 733 viis
1168 712 1292 733 asserere
1308 711 1431 738 possum,
1441 703 1514 738 quod
1527 706 1605 730 actus
1619 709 1668 728 no-

877 754 927 782 stri
947 754 975 780 in
991 756 1086 780 nostra
1106 752 1162 780 sint
1175 751 1257 787 positi
1274 755 1417 786 potestate,
1434 749 1486 777 ista
1502 753 1592 776 autem
1608 756 1668 784 qua:

877 808 932 828 non
944 800 1220 835 didici,.pra:sumere
1235 806 1289 826 non
1305 798 1400 826 debeo.

43 859 87 886 llic
100 862 142 886 est
157 863 248 886 autem
267 860 387 885 statutus
401 855 548 885 terminus.
564 857 593 880 ut
605 852 658 879 nisi
671 851 732 887 quis
750 850 826 886 prius
843 845 863 872 Β
912 856 1004 885 ινιη,
1025 856 1093 884 cum
1119 856 1176 883 ιιςεε
1199 855 1297 889 Aquila
1310 855 1434 887 dixisset,
1451 863 1502 890 ego
1517 855 1645 883 Clemens
1660 864 1666 881 ε

43 903 132 931 fecerit
146 903 302 931 daemonum
317 901 497 931 voluntatem,
519 898 657 926 daemones
680 897 709 923 in
724 902 757 923 eo
773 902 826 922 non

43 950 159 977 habeant
173 951 348 984 potestatein.

73 996 139 1024 LV].
160 995 194 1022 Et
209 1002 292 1023 senex
307 994 345 1021 ait
363 1003 370 1021 :
387 992 529 1028 Magniﬁce
541 994 704 1027 prosccutus
716 997 757 1022 es,
772 989 826 1022 Illi;

44 1045 163 1077 superest
182 1048 254 1068 nunc
270 1043 300 1067 ut
317 1039 393 1066 dicas
411 1037 482 1065 unde
505 1041 548 1065 est
567 1036 723 1064 substantia
745 1034 827 1067 mali;

44 1088 65 1116 si
82 1088 154 1115 enim
182 1094 197 1114 a
224 1085 277 1113 Deo
301 1085 371 1112 facta
391 1087 442 1117 est,
461 1082 568 1110 fructus
594 1082 682 1110 malus
708 1081 828 1108 radicem

44 1133 202 1168 culpabilem
216 1132 306 1164 docet,
321 1131 430 1158 videtur
445 1130 518 1158 enim
534 1133 562 1156 et
584 1129 643 1164 ipsa
658 1128 736 1155 malae
749 1131 829 1154 natu-

44 1186 78 1206 ra;
91 1188 97 1205 :
114 1178 138 1205 si
154 1185 220 1205 vero
235 1180 369 1205 coaeterna
385 1174 436 1202 fuit
449 1174 507 1201 haac
518 1172 672 1201 substantia
683 1172 749 1205 Deo,
759 1179 829 1206 quo-

45 1224 121 1251 modo
135 1226 226 1259 potest
239 1221 315 1257 quod
327 1220 470 1256 aequaliter
494 1219 643 1254 ingenitth
665 1221 693 1246 et
716 1222 830 1245 comter-

45 1277 106 1297 num
125 1273 180 1300 est,
196 1268 274 1295 alteri
298 1275 360 1295 esse
380 1265 554 1301 subjectum?
567 1263 627 1292 Non
643 1271 751 1299 semper
767 1262 828 1296 fuit,

45 1316 130 1352 inquit
146 1315 264 1350 Aquila;
285 1314 332 1342 sed
348 1321 436 1349 neque
451 1312 475 1341 si
489 1321 523 1340 ex
537 1311 593 1340 Deo
608 1311 680 1338 facta
696 1314 749 1342 est,
763 1318 830 1338 con-

45 1360 119 1389 tinuo
133 1367 248 1388 necesse
268 1362 310 1387 est
331 1359 414 1385 etiam
429 1357 599 1385 conditorem
613 1356 674 1390 ejus
688 1355 769 1383 talem
787 1356 831 1382 vi-

46 1407 111 1440 derl,
123 1407 208 1443 quale
225 1410 268 1434 est
290 1404 356 1433 illud
380 1404 453 1440 quod
477 1404 512 1431 ab
532 1411 565 1432 eo
580 1403 681 1431 factum
695 1406 748 1431 est.
763 1401 831 1430 Nam

47 1451 212 1478 substantias
226 1449 337 1485 quidem
353 1447 424 1476 Deus
450 1447 514 1476 fecit
529 1447 663 1480 omnium,
679 1448 727 1475 sed
745 1447 768 1475 si
787 1455 832 1474 ra-

47 1496 182 1524 tionabilis
201 1503 278 1523 mens
301 1502 364 1530 qua:
385 1501 401 1521 a
422 1493 476 1522 Deo
498 1493 570 1521 facta
592 1497 644 1526 est,
659 1500 830 1528 nequaquam

48 1542 194 1570 conditoris
208 1541 251 1569 sui
263 1541 368 1575 legibus
382 1539 543 1575 acquiescit,
559 1543 586 1566 et
598 1539 709 1567 modum
724 1543 834 1567 statuta:

48 1587 96 1615 sibi
119 1587 307 1623 temperantiae
328 1587 451 1619 excedit,
467 1585 533 1621 quid
550 1586 601 1613 hoc
614 1585 647 1612 ad
665 1585 834 1612 conditorem

49 1633 170 1668 spectat?
183 1632 232 1661 Vel
246 1634 269 1661 si
283 1634 373 1669 aliqua
394 1637 436 1662 est
459 1633 529 1660 ratio
544 1632 602 1659 hzec
625 1632 751 1666 superior
765 1632 833 1666 (78),

49 1679 221 1715 ignoramus;
237 1687 326 1715 neque
340 1679 413 1707 enim
436 1678 471 1706 de
493 1678 608 1713 singulis
629 1677 666 1704 ad
684 1676 834 1712 perfectum

50 1725 118 1753 scire
129 1733 287 1761 possumus,
302 1728 330 1752 et
343 1724 377 1752 de
390 1724 434 1751 his
449 1723 584 1759 pmcipue
606 1730 657 1758 pro
670 1722 769 1758 quibus
780 1729 835 1749 non

51 1779 143 1799 sumus
153 1770 305 1806 iudicandi,
320 1777 372 1797 cur
392 1769 558 1805 ignoremus.
571 1768 609 1795 Ea
623 1775 688 1796 vero
702 1775 751 1804 pro
773 1768 834 1803 qui-

51 1817 100 1845 bus
113 1816 254 1854 iudicandi
270 1823 377 1847 sumus,
395 1814 524 1842 facillima
546 1818 611 1842 sunt
627 1813 660 1840 ad
683 1813 837 1849 intelligen-

52 1863 125 1896 dum,
139 1867 168 1891 et
192 1870 263 1898 pene
287 1869 343 1890 uno
369 1868 496 1889 sermone
527 1860 717 1887 absolvuntur.
741 1859 836 1887 Omnis

52 1909 121 1936 enim
136 1908 333 1945 propemodum
347 1911 456 1934 actuum
474 1911 628 1934 nostrorum
639 1906 666 1932 in
682 1913 715 1933 eo
729 1905 835 1941 colligi-

52 1959 95 1981 tur
110 1954 297 1986 observantia,
314 1957 343 1980 ut
357 1952 430 1989 quod
443 1953 494 1988 ipsi
510 1952 565 1988 pati
583 1951 720 1985 nolumus,
737 1959 772 1979 ne
785 1952 836 1980 hoc

54 2001 112 2030 aliis
126 2000 296 2033 inferamus;
311 1999 383 2027 sicut
397 1998 470 2026 enim
485 1998 544 2033 ipse
558 1997 646 2026 occidi
659 2005 714 2024 non
728 1997 779 2030 vis,
790 2005 838 2024 ca-

52 2053 115 2074 veas
138 2048 246 2080 oportet
268 2053 303 2072 ne
329 2044 413 2072 alium
433 2043 555 2075 occidas;
567 2047 592 2070 et
607 2043 678 2070 sicut
690 2046 768 2069 tuum
783 2050 837 2070 non

53 2092 95 2120 vis
107 2092 206 2120 violari
220 2090 437 2122 matrimonium,
453 2097 505 2117 nec
529 2093 558 2116 tu
581 2088 694 2116 alterius
716 2089 838 2116 macules

53 2143 158 2172 torum;
171 2138 273 2166 furtum
289 2137 345 2173 pati
360 2144 415 2164 non
427 2136 481 2168 vis,
501 2143 552 2164 nec
566 2136 624 2171 ipse
638 2135 739 2168 facias;
755 2139 782 2163 et
797 2135 839 2162 in-

877 902 1016 935 Crastino,
1033 903 1155 937 inquam,
1171 901 1258 934 dices,
1274 902 1367 934 Pater,
1383 906 1413 929 ut
1427 902 1514 930 voles.
1530 905 1557 928 et
1573 901 1667 929 audie-

878 958 940 978 mus
954 950 1082 982 libenter,
1096 957 1158 976 nam
1173 954 1199 976 et
1209 953 1235 976 te
1250 954 1316 984 puto
1327 953 1401 983 grate
1417 948 1583 980 habiturum,
1595 949 1668 984 quod

879 1004 941 1024 cum
956 996 999 1024 his
1013 996 1062 1023 tibi
1077 996 1129 1023 erit
1143 1003 1245 1027 sermo,
1262 995 1308 1030 qui
1323 1000 1448 1030 expertes
1459 1002 1515 1022 non
1531 998 1595 1022 sunt
1609 995 1669 1030 ejus

879 1049 960 1077 quam
974 1042 1122 1077 protuleris
1136 1040 1298 1076 disciplinae.
1310 1040 1377 1068 Cum
1393 1049 1458 1076 ergo
1471 1041 1617 1076 placuisset
1629 1041 1671 1068 iu-

880 1092 921 1116 ter
937 1096 981 1116 me
994 1092 1021 1116 et
1039 1095 1144 1120 senem,
1160 1091 1190 1114 ut
1211 1087 1336 1122 sequenti
1356 1087 1401 1114 die
1415 1088 1567 1122 disputatio
1590 1087 1669 1116 nobis

880 1133 914 1161 de
937 1135 1044 1162 ratione
1065 1133 1174 1169 genesis
1200 1133 1357 1166 haberetur,
1373 1137 1466 1160 utrum
1487 1134 1579 1160 omnia
1590 1141 1623 1161 ex
1638 1141 1670 1161 ea

880 1179 987 1211 flerent,
1002 1187 1037 1207 an
1051 1183 1124 1207 esset
1137 1178 1241 1214 aliquid
1256 1178 1285 1206 in
1300 1178 1391 1210 nobis,
1406 1179 1480 1214 quod
1495 1187 1550 1206 non
1563 1179 1672 1214 genesis

881 1225 928 1252 sed
942 1224 1026 1251 animi
1039 1224 1175 1259 judicium
1191 1227 1307 1259 gereret,
1323 1223 1422 1252 Petrus
1438 1225 1559 1252 surrexit
1574 1228 1602 1252 et
1614 1232 1672 1252 ser-

880 1278 989 1298 monem
1008 1269 1097 1298 facere
1121 1270 1173 1298 hoc
1199 1269 1281 1297 modo
1300 1271 1402 1305 cmpit:
1419 1270 1516 1297 Mirum
1532 1270 1600 1298 mihi
1624 1271 1673 1298 ad-

881 1316 993 1344 modum
1009 1319 1061 1348 est,
1074 1315 1148 1351 quod
1163 1324 1208 1344 res
1225 1324 1286 1352 qua!
1301 1315 1382 1344 facile
1406 1316 1522 1344 inveniri
1546 1322 1672 1350 possunt,

881 1361 1008 1390 homines
1022 1361 1168 1396 exquisitis
1184 1362 1399 1397 cogitationibus
1418 1370 1451 1389 ac
1466 1362 1558 1390 verbis
1578 1362 1674 1390 diffici-

881 1407 923 1436 les
936 1407 1050 1440 faciunt,
1067 1411 1094 1434 et
1110 1407 1136 1434 hi
1151 1408 1268 1435 maxime
1283 1407 1331 1442 qui
1352 1407 1479 1435 videntur
1494 1407 1547 1435 sibi
1566 1407 1675 1442 sapien-

883 1458 935 1486 tes,
945 1454 1047 1489 quique
1058 1454 1179 1482 volentes
1196 1453 1243 1481 Dei
1254 1453 1421 1482 voluntatem
1433 1453 1674 1489 comprehendere,

845 1517 871 1547 α
883 1501 961 1536 quasi
975 1500 1086 1528 homine
1102 1503 1216 1527 utuntur
1234 1499 1300 1533 Deo,
1316 1499 1371 1527 imo
1393 1502 1420 1527 et
1437 1499 1461 1527 si
1476 1499 1542 1535 quid
1565 1500 1674 1533 minus;

884 1554 947 1575 nam
964 1546 1084 1574 hominis
1099 1546 1245 1574 consilium
1260 1546 1302 1574 vel
1317 1553 1430 1574 sensum
1445 1546 1516 1573 scire
1532 1553 1614 1574 nemo
1627 1553 1676 1581 po-

884 1596 949 1624 test,
964 1592 1017 1620 nisi
1036 1592 1094 1627 ipse
1109 1592 1208 1627 prodat
1221 1593 1267 1627 qui
1281 1592 1451 1627 cogitaverit,
1468 1591 1515 1620 sed
1531 1599 1620 1627 neque
1631 1599 1676 1619 ar-

884 1639 939 1662 tem
954 1635 1018 1670 quis
1032 1635 1138 1663 discere
1155 1639 1255 1670 potest,
1280 1636 1333 1663 nisi
1349 1636 1435 1663 multo
1451 1639 1572 1671 tempore
1586 1643 1601 1662 a
1618 1644 1677 1663 ma-

885 1679 971 1715 gistro
994 1679 1077 1708 fuerit
1092 1681 1230 1715 imbutus;
1250 1686 1354 1717 quanto
1374 1682 1462 1717 magis
1485 1682 1630 1710 invisibilis
1649 1687 1676 1711 et

885 1725 1170 1761 incomprehensibilis
1192 1726 1239 1755 Dei
1258 1735 1347 1763 neque
1361 1735 1474 1756 sensum
1498 1736 1587 1764 neque
1606 1737 1677 1764 opus

886 1771 958 1798 scire
977 1771 1040 1806 quis
1055 1775 1154 1806 potest,
1177 1772 1231 1800 nisi
1255 1772 1314 1808 ipse
1338 1773 1429 1801 mittat
1442 1774 1613 1809 prophetam,
1629 1777 1676 1810 qui

886 1819 995 1842 enarret
1009 1816 1155 1844 consilium
1168 1825 1248 1844 suum
1269 1822 1297 1845 et
1318 1818 1390 1845 viam
1406 1819 1573 1847 conditionis
1589 1828 1676 1855 expo»

887 1863 944 1892 nat,
966 1859 994 1887 in
1017 1864 1150 1895 quantum
1173 1861 1279 1889 discere
1299 1862 1457 1891 hominibus
1473 1862 1514 1891 fas
1533 1868 1584 1892 est.
1601 1863 1678 1891 Undo

887 1906 1033 1934 ridiculum
1048 1910 1124 1942 puto,
1141 1914 1203 1934 cum
1218 1908 1389 1936 naturalibus
1401 1909 1454 1936 viis
1469 1909 1502 1936 de
1516 1910 1618 1937 virtute
1630 1909 1676 1937 Dei

888 1951 1011 1980 homines
1029 1952 1166 1987 judicant,
1183 1956 1210 1980 et
1232 1957 1333 1988 putant
1354 1953 1406 1981 hoc
1433 1955 1542 1989 quidem
1564 1955 1590 1983 ei
1615 1963 1677 1983 esse

887 1998 1029 2033 possibile,
1045 1999 1112 2026 illud
1126 2006 1190 2026 vero
1205 1999 1382 2034 impossibile,
1397 2004 1444 2027 aut
1460 2001 1511 2028 hoc
1524 2002 1625 2035 majus,
1645 2002 1678 2028 il-

888 2043 935 2070 lud
957 2043 1059 2076 minus.
1074 2044 1161 2079 ignari
1177 2044 1310 2077 omnium,
1326 2045 1373 2080 qui
1394 2053 1456 2073 cum
1477 2045 1532 2073 sint
1553 2046 1678 2074 homines

888 2090 994 2124 injusti,
1018 2090 1144 2125 judicant
1167 2089 1252 2118 Deum
1274 2090 1390 2126 justum,
1408 2090 1543 2119 artiﬁcem
1568 2092 1679 2126 imperi-

888 2134 909 2161 ti
925 2135 993 2170 (79),
1006 2135 1241 2170 incorruptibilem
1261 2136 1394 2171 corrupti,
1413 2136 1518 2164 factura
1535 2136 1678 2164 factorem.

54 2187 95 2212 tm
118 2185 190 2212 hanc
212 2183 334 2219 regulam
360 2189 542 2210 numanorum
563 2186 701 2217 gestorum
731 2181 838 2216 singula
854 2189 876 2217 ι)
925 2179 993 2208 ΗΧ.
1014 2180 1048 2207 Et
1059 2181 1122 2208 nolo
1134 2182 1243 2216 putetis,
1259 2181 1324 2217 quia
1346 2182 1404 2209 haec
1422 2182 1518 2210 dicens
1538 2182 1679 2217 judicandi

55 2238 167 2266 quaeque
178 2234 357 2257 CODCIII'I'UIII.

89 2275 167 2304 LVII.
187 2275 257 2304 Tum
272 2282 355 2303 senex
372 2284 379 2302 :
395 2273 434 2303 Ne
451 2282 533 2310 aegre,
549 2273 648 2309 inquit,
663 2274 792 2308 accipias,
809 2273 839 2301 fi-

58 2322 86 2354 li,
100 2323 174 2359 quod
183 2323 308 2351 dicturus
318 2329 396 2355 sum;
411 2328 554 2349 sermones
566 2320 605 2347 tui
619 2319 744 2355 quamvis
758 2319 840 2347 validi

108 2392 130 2408 ‘°
144 2390 222 2419 Deut.
236 2398 321 2422 χχιιι,
335 2389 352 2417 8
366 2390 393 2416 in
405 2387 492 2416 LXX.

889 2226 923 2254 de
937 2227 1019 2255 rebus
1035 2228 1138 2262 perimo
1153 2227 1320 2261 facultatem,
1342 2228 1390 2256 sed
1416 2229 1562 2257 consilium
1584 2229 1620 2256 do
1646 2236 1680 2256 ne

889 2283 938 2310 per
955 2275 1034 2303 devia
1048 2275 1110 2310 quis
1125 2275 1268 2307 incedens,
1282 2276 1342 2303 sine
1358 2275 1411 2304 fine
1425 2276 1549 2303 incurrat
1559 2283 1678 2303 errores.

891 2320 924 2349 Et
937 2321 998 2350 ideo
1012 2329 1068 2349 non
1082 2322 1170 2350 solum
1186 2322 1367 2358 sapientibus,
1383 2322 1431 2351 sed
1446 2327 1474 2350 et
1489 2323 1616 2351 omnibus
1631 2322 1682 2350 ho-

701 2455 882 2485 COTELERH
901 2457 1017 2486 NOT/E.

97 2531 148 2569 (78)
172 2529 217 2557 νει
228 2530 251 2557 si
266 2529 355 2569 eliqua
369 2527 490 2569 curatio
505 2526 555 2569 ha_c
566 2524 769 2569 superiorjfide
792 2525 843 2569 (-13-

60 2560 231 2594 teler.'notas
247 2564 281 2591 ad
301 2560 525 2591 Clementinorum
541 2563 615 2588 hom.
631 2568 689 2593 xIx,
705 2567 780 2587 num.
796 2560 840 2594 t2;

61 2602 135 2629 Patr.
147 2601 192 2629 Gr.
217 2604 238 2628 ι,
253 2599 283 2627 Il.
301 2599 379 2626 Enrr.

93 2647 149 2709 (79?
169 2646 221 2679 Qui
233 2653 292 2672 cum
305 2645 358 2685 sint
370 2643 486 2670 homines
497 2642 601 2677 injusti,
613 2645 666 2682 etc:
682 2640 741 2668 Huc
756 2640 839 2675 perti-

93 2689 106 2709 t
126 2682 192 2709 ilud
213 2680 426 2708 Tertullianeum
441 2689 447 2705 :
465 2679 571 2709 Quanto
594 2684 677 2709 magis
699 2676 745 2702 hos
768 2676 839 2702 Ana-

60 2676 106 2710 net
126 2676 192 2710 iflud
213 2680 426 2708 Tertullianeum
441 2689 447 2705 :
465 2679 571 2711 Quanto
594 2677 677 2711 magis
699 2676 745 2711 Ito;
768 2676 841 2711 Anq-

61 2709 159 2745 chursis
175 2716 334 2745 denotasset.
346 2709 522 2748 imprudentes
536 2712 570 2748 Vde
583 2709 842 2748 prudentibusjudi-

61 2757 159 2784 cantes,
173 2759 252 2787 quam
265 2745 416 2787 immusiéar
426 2748 462 2787 de
472 2747 589 2787 musicis.
599 2746 765 2787 Apologetici
773 2753 797 2772 c.
812 2745 838 2787 1:.

63 2795 96 2816 ex
109 2780 185 2815 dicto
195 2787 256 2819 ejus
273 2783 463 2820 Scythmiapud
477 2780 633 2820 Laeuium}
644 2780 793 2820 θαύμάζεξν
812 2780 840 2806 δὲ

63 2821 111 2855 iam
128 2822 184 2854 πῶς
201 2816 279 2852 tinnit
290 2816 343 2851 τὸἰς
358 2816 482 2853 Ἕλλησιν
499 2816 673 2852 ἀγωνίζονται
691 2817 738 2851 μὲν
755 2816 780 2843 oi
797 2824 839 2843 τε·

894 2530 997 2566 χγῖταιι
1019 2528 1139 2566 κρίνουσι
1155 2529 1186 2566 δὲγ
1200 2531 1230 2556 οἱτ-
1243 2532 1279 2566 μὴ
1296 2532 1423 2566 τεχνῖται.
1442 2530 1475 2556 Et
1490 2528 1561 2566 apud
1574 2527 1682 2566 Plutar-

894 2562 974 2591 chum
991 2564 1024 2601 ini
1035 2562 1134 2601 Solone
1155 2562 1249 2601 ;“Ἐφη’
1265 2562 1373 2592 δὶὰχέῗνο
1399 2562 1549 2601 θαυμάζὲιν
1571 2565 1585 2590 ό
1609 2564 1682 2601 "Avi:

894 2607 1000 2635 χαρσις,
1018 2599 1150 2661 ἑκκλτὶσίᾳ
1169 2599 1401 2635 παρὰγενόμενος,
1414 2599 1458 2626 an
1469 2599 1577 2632 λέγουσι
1593 2599 1642 2658 εἶὲν
1656 2599 1680 2624 οι

894 2634 970 2660 σοφοὶ
987 2636 1051 2662 παρ’
1062 2635 1094 2661 ’Ἐ
1111 2634 1184 2662 λησι.
1201 2636 1323 2662 κρίνουσι
1349 2635 1378 2662 δὲ
1402 2636 1426 2661 οἱ
1447 2633 1572 2662 ἀμαθεῖς.
1622 2638 1683 2660 ecto

894 2642 970 2668 συφοι
987 2642 1184 2670 παρ”ιιΑΛησι,
1201 2642 1323 2671 κρίνουσι
1349 2642 1378 2662 οε
1402 2642 1426 2661 οι
1447 2642 1572 2669 αμαυεις.
1597 2642 1682 2660 necto

892 2667 982 2697 Julius
994 2669 1128 2698 Firmicus
1146 2671 1192 2698 lib.
1209 2679 1228 2702 |,
1242 2678 1267 2698 c.
1281 2670 1298 2696 2
1316 2680 1322 2697 ;
1342 2669 1439 2703 lniusn‘
1451 2672 1512 2696 sunt
1526 2668 1596 2694 enim
1614 2675 1682 2703 εεηιτ

892 2711 938 2738 per
962 2705 1050 2738 (sicut
1071 2706 1209 2739 novimus)
1228 2705 1343 2740 judices,
1358 2705 1402 2739 qui
1420 2705 1452 2731 de
1467 2703 1610 2740 incognitis
1629 2702 1682 2729 sibi

892 2737 1066 2772 pronuntiant
1081 2740 1168 2768 rebus.
1184 2737 1246 2767 Non
1262 2737 1449 2766 habent‘etiam
1467 2737 1610 2771 judicandi
1633 2744 1683 2762 au-

894 2775 1053 2805 ctoritatem,
1069 2777 1114 2811 qui
1125 2776 1159 2803 ad
1170 2775 1337 2803 statuendum
1350 2773 1451 2808 aliquid
1465 2773 1586 2806 imperita
1599 2772 1680 2799 licen-

896 2811 932 2837 lia
947 2811 1100 2838 temeritatis
1115 2811 1290 2839 adducuntur.
