  <div class='ocr_page' id='page_1' title='image "/cluster/home/n/w/nwhite01/storage/ocr_20150623/1/njp.32101077772331/851.png"; bbox 0 0 1873 3095; ppageno 0'>
   <div class='ocr_carea' id='block_1_1' title="bbox 204 92 273 122">
    <p class='ocr_par' dir='ltr' id='par_1_1' title="bbox 204 92 273 122">
     <span class='ocr_line' id='line_1_1' title="bbox 204 92 273 122; baseline 0.029 -2"><span class='ocrx_word' id='word_1_1' title='bbox 204 92 273 122; x_wconf 67' lang='grc' dir='ltr'><strong>Ιῑθθ</strong></span> 
     </span>
    </p>
   </div>
   <div class='ocr_carea' id='block_1_2' title="bbox 665 85 1425 118">
    <p class='ocr_par' dir='ltr' id='par_1_2' title="bbox 665 85 1425 118">
     <span class='ocr_line' id='line_1_2' title="bbox 665 85 1425 118; baseline -0.004 -2"><span class='ocrx_word' id='word_1_2' title='bbox 665 89 692 118; x_wconf 80' lang='lat' dir='ltr'><strong>S.</strong></span> <span class='ocrx_word' id='word_1_3' title='bbox 713 87 910 117; x_wconf 70' lang='lat' dir='ltr'><strong>CLEMENTIS</strong></span> <span class='ocrx_word' id='word_1_4' title='bbox 929 87 1036 116; x_wconf 81' lang='lat' dir='ltr'><strong>IROM.</strong></span> <span class='ocrx_word' id='word_1_5' title='bbox 1057 85 1159 115; x_wconf 80' lang='lat' dir='ltr'><strong>PONT.</strong></span> <span class='ocrx_word' id='word_1_6' title='bbox 1180 85 1294 114; x_wconf 82' lang='lat' dir='ltr'><strong>OPERA</strong></span> <span class='ocrx_word' id='word_1_7' title='bbox 1313 85 1425 117; x_wconf 76' lang='lat' dir='ltr'><strong>D&#39;JBIA.</strong></span> 
     </span>
    </p>
   </div>
   <div class='ocr_carea' id='block_1_3' title="bbox 1756 86 1807 113">
    <p class='ocr_par' dir='ltr' id='par_1_3' title="bbox 1756 86 1807 113">
     <span class='ocr_line' id='line_1_3' title="bbox 1756 86 1807 113; baseline -0.02 0"><span class='ocrx_word' id='word_1_8' title='bbox 1756 86 1807 113; x_wconf 72' lang='lat'><strong>“00</strong></span> 
     </span>
    </p>
   </div>
   <div class='ocr_carea' id='block_1_4' title="bbox 202 141 1808 185">
    <p class='ocr_par' dir='ltr' id='par_1_4' title="bbox 202 141 1808 185">
     <span class='ocr_line' id='line_1_4' title="bbox 202 141 1808 185; baseline -0.006 -4"><span class='ocrx_word' id='word_1_9' title='bbox 202 153 322 181; x_wconf 82' lang='lat' dir='ltr'><strong>minibus</strong></span> <span class='ocrx_word' id='word_1_10' title='bbox 345 150 393 185; x_wconf 89' lang='lat' dir='ltr'><strong>qui</strong></span> <span class='ocrx_word' id='word_1_11' title='bbox 414 148 581 177; x_wconf 77' lang='lat' dir='ltr'><strong>desiderium</strong></span> <span class='ocrx_word' id='word_1_12' title='bbox 607 151 704 183; x_wconf 85' lang='lat' dir='ltr'><strong>gerunt</strong></span> <span class='ocrx_word' id='word_1_13' title='bbox 730 146 897 182; x_wconf 78' lang='lat' dir='ltr'><strong>agnoscendi</strong></span> <span class='ocrx_word' id='word_1_14' title='bbox 922 145 996 181; x_wconf 89' lang='lat' dir='ltr'><strong>quod</strong></span> <span class='ocrx_word' id='word_1_15' title='bbox 1010 148 1034 177; x_wconf 83' lang='grc' dir='ltr'><strong>Α</strong></span> <span class='ocrx_word' id='word_1_16' title='bbox 1048 152 1123 172; x_wconf 90' lang='lat' dir='ltr'><strong>mum</strong></span> <span class='ocrx_word' id='word_1_17' title='bbox 1138 144 1215 171; x_wconf 88' lang='lat' dir='ltr'><strong>credi</strong></span> <span class='ocrx_word' id='word_1_18' title='bbox 1229 144 1271 172; x_wconf 89' lang='lat' dir='ltr'><strong>eis</strong></span> <span class='ocrx_word' id='word_1_19' title='bbox 1286 143 1320 172; x_wconf 87' lang='lat' dir='ltr'><strong>de</strong></span> <span class='ocrx_word' id='word_1_20' title='bbox 1336 144 1466 172; x_wconf 84' lang='lat' dir='ltr'><strong>omnibus</strong></span> <span class='ocrx_word' id='word_1_21' title='bbox 1490 142 1589 178; x_wconf 77' lang='lat' dir='ltr'><strong>quibus</strong></span> <span class='ocrx_word' id='word_1_22' title='bbox 1612 141 1726 171; x_wconf 88' lang='lat' dir='ltr'><strong>dixerint</strong></span> <span class='ocrx_word' id='word_1_23' title='bbox 1738 148 1761 171; x_wconf 85' lang='lat' dir='ltr'><strong>et</strong></span> <span class='ocrx_word' id='word_1_24' title='bbox 1774 152 1808 172; x_wconf 58' lang='lat' dir='ltr'><strong>re</strong></span> 
     </span>
    </p>
   </div>
   <div class='ocr_carea' id='block_1_5' title="bbox 202 193 995 232">
    <p class='ocr_par' dir='ltr' id='par_1_5' title="bbox 202 193 995 232">
     <span class='ocr_line' id='line_1_5' title="bbox 202 193 995 232; baseline -0.01 -6"><span class='ocrx_word' id='word_1_25' title='bbox 202 199 254 227; x_wconf 78' lang='lat' dir='ltr'><strong>sibi</strong></span> <span class='ocrx_word' id='word_1_26' title='bbox 269 196 387 232; x_wconf 78' lang='lat' dir='ltr'><strong>expedit,</strong></span> <span class='ocrx_word' id='word_1_27' title='bbox 403 195 504 225; x_wconf 81' lang='lat' dir='ltr'><strong>suadeo</strong></span> <span class='ocrx_word' id='word_1_28' title='bbox 518 199 548 222; x_wconf 95' lang='lat' dir='ltr'><strong>ut</strong></span> <span class='ocrx_word' id='word_1_29' title='bbox 563 194 704 230; x_wconf 92' lang='lat' dir='ltr'><strong>requirant</strong></span> <span class='ocrx_word' id='word_1_30' title='bbox 715 201 808 221; x_wconf 90' lang='lat' dir='ltr'><strong>verum</strong></span> <span class='ocrx_word' id='word_1_31' title='bbox 820 193 995 228; x_wconf 83' lang='lat' dir='ltr'><strong>Prophelam,</strong></span> 
     </span>
    </p>
   </div>
   <div class='ocr_carea' id='block_1_6' title="bbox 202 238 998 280">
    <p class='ocr_par' dir='ltr' id='par_1_6' title="bbox 202 238 998 280">
     <span class='ocr_line' id='line_1_6' title="bbox 202 238 998 280; baseline -0.009 -9"><span class='ocrx_word' id='word_1_32' title='bbox 202 245 265 280; x_wconf 86' lang='lat' dir='ltr'><strong>quia</strong></span> <span class='ocrx_word' id='word_1_33' title='bbox 282 244 341 278; x_wconf 86' lang='lat' dir='ltr'><strong>ipse</strong></span> <span class='ocrx_word' id='word_1_34' title='bbox 356 242 432 270; x_wconf 85' lang='lat' dir='ltr'><strong>solus</strong></span> <span class='ocrx_word' id='word_1_35' title='bbox 443 245 495 273; x_wconf 86' lang='lat' dir='ltr'><strong>est,</strong></span> <span class='ocrx_word' id='word_1_36' title='bbox 510 241 557 277; x_wconf 90' lang='lat' dir='ltr'><strong>qui</strong></span> <span class='ocrx_word' id='word_1_37' title='bbox 575 240 651 267; x_wconf 93' lang='lat' dir='ltr'><strong>novit</strong></span> <span class='ocrx_word' id='word_1_38' title='bbox 665 240 769 272; x_wconf 83' lang='lat' dir='ltr'><strong>omnia,</strong></span> <span class='ocrx_word' id='word_1_39' title='bbox 782 245 808 266; x_wconf 89' lang='lat' dir='ltr'><strong>et</strong></span> <span class='ocrx_word' id='word_1_40' title='bbox 822 239 874 266; x_wconf 85' lang='lat' dir='ltr'><strong>scit</strong></span> <span class='ocrx_word' id='word_1_41' title='bbox 888 238 953 273; x_wconf 90' lang='lat' dir='ltr'><strong>quid</strong></span> <span class='ocrx_word' id='word_1_42' title='bbox 969 241 998 265; x_wconf 88' lang='lat' dir='ltr'><strong>et</strong></span> 
     </span>
    </p>
   </div>
   <div class='ocr_carea' id='block_1_7' title="bbox 202 283 994 325">
    <p class='ocr_par' dir='ltr' id='par_1_7' title="bbox 202 283 994 325">
     <span class='ocr_line' id='line_1_7' title="bbox 202 283 994 325; baseline -0.009 -9"><span class='ocrx_word' id='word_1_43' title='bbox 202 288 339 325; x_wconf 87' lang='lat' dir='ltr'><strong>quomodo</strong></span> <span class='ocrx_word' id='word_1_44' title='bbox 364 286 553 321; x_wconf 83' lang='lat' dir='ltr'><strong>unusquisque</strong></span> <span class='ocrx_word' id='word_1_45' title='bbox 577 287 703 320; x_wconf 77' lang='lat' dir='ltr'><strong>quzerat.‘</strong></span> <span class='ocrx_word' id='word_1_46' title='bbox 722 283 792 312; x_wconf 87' lang='lat' dir='ltr'><strong>lnest</strong></span> <span class='ocrx_word' id='word_1_47' title='bbox 818 284 892 312; x_wconf 92' lang='lat' dir='ltr'><strong>enim</strong></span> <span class='ocrx_word' id='word_1_48' title='bbox 920 284 994 310; x_wconf 92' lang='lat' dir='ltr'><strong>intra</strong></span> 
     </span>
    </p>
   </div>
   <div class='ocr_carea' id='block_1_8' title="bbox 203 329 997 368">
    <p class='ocr_par' dir='ltr' id='par_1_8' title="bbox 203 329 997 368">
     <span class='ocr_line' id='line_1_8' title="bbox 203 329 997 368; baseline -0.008 -6"><span class='ocrx_word' id='word_1_49' title='bbox 203 333 422 368; x_wconf 84' lang='lat' dir='ltr'><strong>uniuscujusque</strong></span> <span class='ocrx_word' id='word_1_50' title='bbox 440 336 564 359; x_wconf 89' lang='lat' dir='ltr'><strong>nostrum</strong></span> <span class='ocrx_word' id='word_1_51' title='bbox 584 335 714 363; x_wconf 83' lang='lat' dir='ltr'><strong>mentem,</strong></span> <span class='ocrx_word' id='word_1_52' title='bbox 741 330 789 358; x_wconf 90' lang='lat' dir='ltr'><strong>sed</strong></span> <span class='ocrx_word' id='word_1_53' title='bbox 812 330 840 357; x_wconf 90' lang='lat' dir='ltr'><strong>in</strong></span> <span class='ocrx_word' id='word_1_54' title='bbox 861 330 915 357; x_wconf 85' lang='lat' dir='ltr'><strong>illis</strong></span> <span class='ocrx_word' id='word_1_55' title='bbox 935 329 997 364; x_wconf 88' lang='lat' dir='ltr'><strong>qui-</strong></span> 
     </span>
    </p>
   </div>
   <div class='ocr_carea' id='block_1_9' title="bbox 203 374 997 414">
    <p class='ocr_par' dir='ltr' id='par_1_9' title="bbox 203 374 997 414">
     <span class='ocr_line' id='line_1_9' title="bbox 203 374 997 414; baseline -0.01 -5"><span class='ocrx_word' id='word_1_56' title='bbox 203 382 276 412; x_wconf 83' lang='lat' dir='ltr'><strong>dem,</strong></span> <span class='ocrx_word' id='word_1_57' title='bbox 289 380 336 414; x_wconf 88' lang='lat' dir='ltr'><strong>qui</strong></span> <span class='ocrx_word' id='word_1_58' title='bbox 351 378 519 407; x_wconf 82' lang='lat' dir='ltr'><strong>desiderium</strong></span> <span class='ocrx_word' id='word_1_59' title='bbox 534 377 581 405; x_wconf 88' lang='lat' dir='ltr'><strong>Dei</strong></span> <span class='ocrx_word' id='word_1_60' title='bbox 598 376 748 412; x_wconf 84' lang='lat' dir='ltr'><strong>agnitionis</strong></span> <span class='ocrx_word' id='word_1_61' title='bbox 766 379 793 402; x_wconf 92' lang='lat' dir='ltr'><strong>et</strong></span> <span class='ocrx_word' id='word_1_62' title='bbox 807 375 922 410; x_wconf 74' lang='lat' dir='ltr'><strong>justitia:</strong></span> <span class='ocrx_word' id='word_1_63' title='bbox 936 374 997 408; x_wconf 88' lang='lat' dir='ltr'><strong>ejus</strong></span> 
     </span>
    </p>
   </div>
   <div class='ocr_carea' id='block_1_10' title="bbox 203 421 997 462">
    <p class='ocr_par' dir='ltr' id='par_1_10' title="bbox 203 421 997 462">
     <span class='ocr_line' id='line_1_10' title="bbox 203 421 997 462; baseline -0.009 -7"><span class='ocrx_word' id='word_1_64' title='bbox 203 428 307 455; x_wconf 93' lang='lat' dir='ltr'><strong>nullum</strong></span> <span class='ocrx_word' id='word_1_65' title='bbox 318 429 427 462; x_wconf 82' lang='lat' dir='ltr'><strong>gerunt,</strong></span> <span class='ocrx_word' id='word_1_66' title='bbox 442 425 555 456; x_wconf 82' lang='lat' dir='ltr'><strong>otiatur,</strong></span> <span class='ocrx_word' id='word_1_67' title='bbox 572 423 599 450; x_wconf 90' lang='lat' dir='ltr'><strong>in</strong></span> <span class='ocrx_word' id='word_1_68' title='bbox 613 423 656 450; x_wconf 86' lang='lat' dir='ltr'><strong>his</strong></span> <span class='ocrx_word' id='word_1_69' title='bbox 671 430 736 450; x_wconf 87' lang='lat' dir='ltr'><strong>vero</strong></span> <span class='ocrx_word' id='word_1_70' title='bbox 751 422 798 457; x_wconf 87' lang='lat' dir='ltr'><strong>qui</strong></span> <span class='ocrx_word' id='word_1_71' title='bbox 815 421 887 456; x_wconf 91' lang='lat' dir='ltr'><strong>quod</strong></span> <span class='ocrx_word' id='word_1_72' title='bbox 899 421 997 448; x_wconf 75' lang='lat' dir='ltr'><strong>animae</strong></span> 
     </span>
    </p>
   </div>
   <div class='ocr_carea' id='block_1_11' title="bbox 203 467 996 507">
    <p class='ocr_par' dir='ltr' id='par_1_11' title="bbox 203 467 996 507">
     <span class='ocr_line' id='line_1_11' title="bbox 203 467 996 507; baseline -0.01 -6"><span class='ocrx_word' id='word_1_73' title='bbox 203 481 260 501; x_wconf 74' lang='lat' dir='ltr'><strong>suae</strong></span> <span class='ocrx_word' id='word_1_74' title='bbox 281 472 392 507; x_wconf 82' lang='lat' dir='ltr'><strong>expedit</strong></span> <span class='ocrx_word' id='word_1_75' title='bbox 413 473 551 506; x_wconf 61' lang='lat' dir='ltr'><strong>quierunt,</strong></span> <span class='ocrx_word' id='word_1_76' title='bbox 566 473 697 504; x_wconf 76' lang='lat' dir='ltr'><strong>operatur</strong></span> <span class='ocrx_word' id='word_1_77' title='bbox 722 472 750 496; x_wconf 87' lang='lat' dir='ltr'><strong>et</strong></span> <span class='ocrx_word' id='word_1_78' title='bbox 771 467 892 496; x_wconf 75' lang='lat' dir='ltr'><strong>seientiae</strong></span> <span class='ocrx_word' id='word_1_79' title='bbox 906 467 996 494; x_wconf 91' lang='lat' dir='ltr'><strong>lumen</strong></span> 
     </span>
    </p>
   </div>
   <div class='ocr_carea' id='block_1_12' title="bbox 203 514 998 553">
    <p class='ocr_par' dir='ltr' id='par_1_12' title="bbox 203 514 998 553">
     <span class='ocr_line' id='line_1_12' title="bbox 203 514 998 553; baseline -0.009 -6"><span class='ocrx_word' id='word_1_80' title='bbox 203 519 338 547; x_wconf 77' lang='lat' dir='ltr'><strong>accendit.</strong></span> <span class='ocrx_word' id='word_1_81' title='bbox 355 517 471 553; x_wconf 79' lang='lat' dir='ltr'><strong>Propter</strong></span> <span class='ocrx_word' id='word_1_82' title='bbox 485 516 560 551; x_wconf 92' lang='lat' dir='ltr'><strong>quod</strong></span> <span class='ocrx_word' id='word_1_83' title='bbox 582 516 669 550; x_wconf 92' lang='lat' dir='ltr'><strong>primo</strong></span> <span class='ocrx_word' id='word_1_84' title='bbox 684 515 806 542; x_wconf 89' lang='lat' dir='ltr'><strong>omnium</strong></span> <span class='ocrx_word' id='word_1_85' title='bbox 821 514 894 541; x_wconf 90' lang='lat' dir='ltr'><strong>hunc</strong></span> <span class='ocrx_word' id='word_1_86' title='bbox 909 514 998 549; x_wconf 88' lang='lat' dir='ltr'><strong>requi-</strong></span> 
     </span>
    </p>
   </div>
   <div class='ocr_carea' id='block_1_13' title="bbox 203 560 996 598">
    <p class='ocr_par' dir='ltr' id='par_1_13' title="bbox 203 560 996 598">
     <span class='ocr_line' id='line_1_13' title="bbox 203 560 996 598; baseline -0.005 -7"><span class='ocrx_word' id='word_1_87' title='bbox 203 566 264 595; x_wconf 85' lang='lat' dir='ltr'><strong>rite.</strong></span> <span class='ocrx_word' id='word_1_88' title='bbox 280 571 360 598; x_wconf 89' lang='lat' dir='ltr'><strong>quem</strong></span> <span class='ocrx_word' id='word_1_89' title='bbox 375 564 399 590; x_wconf 90' lang='lat' dir='ltr'><strong>si</strong></span> <span class='ocrx_word' id='word_1_90' title='bbox 414 570 469 590; x_wconf 90' lang='lat' dir='ltr'><strong>non</strong></span> <span class='ocrx_word' id='word_1_91' title='bbox 484 561 656 591; x_wconf 86' lang='lat' dir='ltr'><strong>inveneritis,</strong></span> <span class='ocrx_word' id='word_1_92' title='bbox 673 560 710 588; x_wconf 86' lang='lat' dir='ltr'><strong>ab</strong></span> <span class='ocrx_word' id='word_1_93' title='bbox 724 561 778 588; x_wconf 92' lang='lat' dir='ltr'><strong>alio</strong></span> <span class='ocrx_word' id='word_1_94' title='bbox 792 567 842 587; x_wconf 88' lang='lat' dir='ltr'><strong>vos</strong></span> <span class='ocrx_word' id='word_1_95' title='bbox 855 560 996 595; x_wconf 87' lang='lat' dir='ltr'><strong>agnituros</strong></span> 
     </span>
    </p>
   </div>
   <div class='ocr_carea' id='block_1_14' title="bbox 203 604 998 644">
    <p class='ocr_par' dir='ltr' id='par_1_14' title="bbox 203 604 998 644">
     <span class='ocr_line' id='line_1_14' title="bbox 203 604 998 644; baseline -0.005 -8"><span class='ocrx_word' id='word_1_96' title='bbox 203 610 306 644; x_wconf 89' lang='lat' dir='ltr'><strong>aliquid</strong></span> <span class='ocrx_word' id='word_1_97' title='bbox 317 616 372 636; x_wconf 91' lang='lat' dir='ltr'><strong>non</strong></span> <span class='ocrx_word' id='word_1_98' title='bbox 383 608 509 643; x_wconf 81' lang='lat' dir='ltr'><strong>speretis.</strong></span> <span class='ocrx_word' id='word_1_99' title='bbox 525 606 666 634; x_wconf 87' lang='lat' dir='ltr'><strong>Invenitur</strong></span> <span class='ocrx_word' id='word_1_100' title='bbox 681 609 772 634; x_wconf 85' lang='lat' dir='ltr'><strong>autem</strong></span> <span class='ocrx_word' id='word_1_101' title='bbox 784 605 839 633; x_wconf 90' lang='lat' dir='ltr'><strong>cito</strong></span> <span class='ocrx_word' id='word_1_102' title='bbox 849 606 884 633; x_wconf 90' lang='lat' dir='ltr'><strong>ab</strong></span> <span class='ocrx_word' id='word_1_103' title='bbox 899 605 942 633; x_wconf 93' lang='lat' dir='ltr'><strong>his</strong></span> <span class='ocrx_word' id='word_1_104' title='bbox 950 604 998 640; x_wconf 95' lang='lat' dir='ltr'><strong>qui</strong></span> 
     </span>
    </p>
   </div>
   <div class='ocr_carea' id='block_1_15' title="bbox 203 652 998 688">
    <p class='ocr_par' dir='ltr' id='par_1_15' title="bbox 203 652 998 688">
     <span class='ocr_line' id='line_1_15' title="bbox 203 652 998 688; baseline -0.005 -6"><span class='ocrx_word' id='word_1_105' title='bbox 203 655 327 684; x_wconf 80' lang='lat' dir='ltr'><strong>veritatis</strong></span> <span class='ocrx_word' id='word_1_106' title='bbox 348 662 441 682; x_wconf 91' lang='lat' dir='ltr'><strong>amore</strong></span> <span class='ocrx_word' id='word_1_107' title='bbox 456 654 630 688; x_wconf 78' lang='lat' dir='ltr'><strong>perquirunt,</strong></span> <span class='ocrx_word' id='word_1_108' title='bbox 642 658 669 679; x_wconf 92' lang='lat' dir='ltr'><strong>et</strong></span> <span class='ocrx_word' id='word_1_109' title='bbox 684 659 802 687; x_wconf 89' lang='lat' dir='ltr'><strong>quorum</strong></span> <span class='ocrx_word' id='word_1_110' title='bbox 818 652 909 679; x_wconf 89' lang='lat' dir='ltr'><strong>anima</strong></span> <span class='ocrx_word' id='word_1_111' title='bbox 926 658 998 686; x_wconf 72' lang='lat' dir='ltr'><strong>prae-</strong></span> 
     </span>
    </p>
   </div>
   <div class='ocr_carea' id='block_1_16' title="bbox 203 697 997 736">
    <p class='ocr_par' dir='ltr' id='par_1_16' title="bbox 203 697 997 736">
     <span class='ocr_line' id='line_1_16' title="bbox 203 697 997 736; baseline -0.006 -7"><span class='ocrx_word' id='word_1_112' title='bbox 203 705 336 736; x_wconf 85' lang='lat' dir='ltr'><strong>occupata</strong></span> <span class='ocrx_word' id='word_1_113' title='bbox 351 708 405 728; x_wconf 89' lang='lat' dir='ltr'><strong>non</strong></span> <span class='ocrx_word' id='word_1_114' title='bbox 423 703 532 727; x_wconf 85' lang='lat' dir='ltr'><strong>tenetur</strong></span> <span class='ocrx_word' id='word_1_115' title='bbox 545 699 572 725; x_wconf 90' lang='lat' dir='ltr'><strong>in</strong></span> <span class='ocrx_word' id='word_1_116' title='bbox 583 699 697 726; x_wconf 88' lang='lat' dir='ltr'><strong>malitia.</strong></span> <span class='ocrx_word' id='word_1_117' title='bbox 710 698 794 726; x_wconf 83' lang='lat' dir='ltr'><strong>Adest</strong></span> <span class='ocrx_word' id='word_1_118' title='bbox 808 698 881 725; x_wconf 90' lang='lat' dir='ltr'><strong>enim</strong></span> <span class='ocrx_word' id='word_1_119' title='bbox 897 697 940 725; x_wconf 87' lang='lat' dir='ltr'><strong>his</strong></span> <span class='ocrx_word' id='word_1_120' title='bbox 949 697 997 732; x_wconf 89' lang='lat' dir='ltr'><strong>qui</strong></span> 
     </span>
    </p>
   </div>
   <div class='ocr_carea' id='block_1_17' title="bbox 203 745 999 782">
    <p class='ocr_par' dir='ltr' id='par_1_17' title="bbox 203 745 999 782">
     <span class='ocr_line' id='line_1_17' title="bbox 203 745 999 782; baseline -0.006 -5"><span class='ocrx_word' id='word_1_121' title='bbox 203 757 266 777; x_wconf 89' lang='lat' dir='ltr'><strong>eum</strong></span> <span class='ocrx_word' id='word_1_122' title='bbox 291 749 319 775; x_wconf 94' lang='lat' dir='ltr'><strong>in</strong></span> <span class='ocrx_word' id='word_1_123' title='bbox 345 747 504 775; x_wconf 90' lang='lat' dir='ltr'><strong>innocentia</strong></span> <span class='ocrx_word' id='word_1_124' title='bbox 521 747 635 782; x_wconf 83' lang='lat' dir='ltr'><strong>spiritus</strong></span> <span class='ocrx_word' id='word_1_125' title='bbox 647 746 690 774; x_wconf 91' lang='lat' dir='ltr'><strong>sui</strong></span> <span class='ocrx_word' id='word_1_126' title='bbox 704 745 874 776; x_wconf 86' lang='lat' dir='ltr'><strong>desiderant,</strong></span> <span class='ocrx_word' id='word_1_127' title='bbox 888 745 935 780; x_wconf 90' lang='lat' dir='ltr'><strong>qui</strong></span> <span class='ocrx_word' id='word_1_128' title='bbox 950 752 999 780; x_wconf 81' lang='lat' dir='ltr'><strong>per</strong></span> 
     </span>
    </p>
   </div>
   <div class='ocr_carea' id='block_1_18' title="bbox 204 790 998 830">
    <p class='ocr_par' dir='ltr' id='par_1_18' title="bbox 204 790 998 830">
     <span class='ocr_line' id='line_1_18' title="bbox 204 790 998 830; baseline -0.006 -8"><span class='ocrx_word' id='word_1_129' title='bbox 204 794 363 830; x_wconf 83' lang='lat' dir='ltr'><strong>patientiam</strong></span> <span class='ocrx_word' id='word_1_130' title='bbox 379 793 527 825; x_wconf 79' lang='lat' dir='ltr'><strong>sustinent,</strong></span> <span class='ocrx_word' id='word_1_131' title='bbox 541 797 567 819; x_wconf 86' lang='lat' dir='ltr'><strong>et</strong></span> <span class='ocrx_word' id='word_1_132' title='bbox 583 792 703 827; x_wconf 85' lang='lat' dir='ltr'><strong>suspiria</strong></span> <span class='ocrx_word' id='word_1_133' title='bbox 728 791 762 818; x_wconf 89' lang='lat' dir='ltr'><strong>de</strong></span> <span class='ocrx_word' id='word_1_134' title='bbox 788 790 923 826; x_wconf 80' lang='lat' dir='ltr'><strong>profundo</strong></span> <span class='ocrx_word' id='word_1_135' title='bbox 936 797 998 817; x_wconf 93' lang='lat' dir='ltr'><strong>cor-</strong></span> 
     </span>
    </p>
   </div>
   <div class='ocr_carea' id='block_1_19' title="bbox 203 836 999 874">
    <p class='ocr_par' dir='ltr' id='par_1_19' title="bbox 203 836 999 874">
     <span class='ocr_line' id='line_1_19' title="bbox 203 836 999 874; baseline -0.008 -6"><span class='ocrx_word' id='word_1_136' title='bbox 203 841 247 869; x_wconf 86' lang='lat' dir='ltr'><strong>dis</strong></span> <span class='ocrx_word' id='word_1_137' title='bbox 262 841 388 869; x_wconf 82' lang='lat' dir='ltr'><strong>veritatis</strong></span> <span class='ocrx_word' id='word_1_138' title='bbox 403 847 496 867; x_wconf 88' lang='lat' dir='ltr'><strong>amore</strong></span> <span class='ocrx_word' id='word_1_139' title='bbox 519 838 693 874; x_wconf 88' lang='lat' dir='ltr'><strong>producunt;</strong></span> <span class='ocrx_word' id='word_1_140' title='bbox 720 836 790 871; x_wconf 81' lang='lat' dir='ltr'><strong>fugit</strong></span> <span class='ocrx_word' id='word_1_141' title='bbox 805 841 897 864; x_wconf 90' lang='lat' dir='ltr'><strong>autem</strong></span> <span class='ocrx_word' id='word_1_142' title='bbox 913 836 999 863; x_wconf 88' lang='lat' dir='ltr'><strong>male-</strong></span> 
     </span>
    </p>
   </div>
   <div class='ocr_carea' id='block_1_20' title="bbox 202 883 998 920">
    <p class='ocr_par' dir='ltr' id='par_1_20' title="bbox 202 883 998 920">
     <span class='ocr_line' id='line_1_20' title="bbox 202 883 998 920; baseline -0.005 -7"><span class='ocrx_word' id='word_1_143' title='bbox 202 887 280 913; x_wconf 81' lang='lat' dir='ltr'><strong>volas</strong></span> <span class='ocrx_word' id='word_1_144' title='bbox 295 890 400 914; x_wconf 84' lang='lat' dir='ltr'><strong>mentes</strong></span> <span class='ocrx_word' id='word_1_145' title='bbox 409 886 443 917; x_wconf 81' lang='lat'><strong>“,</strong></span> <span class='ocrx_word' id='word_1_146' title='bbox 459 886 525 920; x_wconf 85' lang='lat' dir='ltr'><strong>quia</strong></span> <span class='ocrx_word' id='word_1_147' title='bbox 541 888 571 912; x_wconf 92' lang='lat' dir='ltr'><strong>ut</strong></span> <span class='ocrx_word' id='word_1_148' title='bbox 586 883 717 919; x_wconf 81' lang='lat' dir='ltr'><strong>propheta</strong></span> <span class='ocrx_word' id='word_1_149' title='bbox 735 883 877 918; x_wconf 77' lang='lat' dir='ltr'><strong>cognoscit</strong></span> <span class='ocrx_word' id='word_1_150' title='bbox 894 883 998 918; x_wconf 69' lang='lat' dir='ltr'><strong>cogita~</strong></span> 
     </span>
    </p>
   </div>
   <div class='ocr_carea' id='block_1_21' title="bbox 203 929 999 966">
    <p class='ocr_par' dir='ltr' id='par_1_21' title="bbox 203 929 999 966">
     <span class='ocr_line' id='line_1_21' title="bbox 203 929 999 966; baseline -0.005 -7"><span class='ocrx_word' id='word_1_151' title='bbox 203 933 293 960; x_wconf 84' lang='lat' dir='ltr'><strong>tiones</strong></span> <span class='ocrx_word' id='word_1_152' title='bbox 306 931 536 966; x_wconf 85' lang='lat' dir='ltr'><strong>uniuscujusque.</strong></span> <span class='ocrx_word' id='word_1_153' title='bbox 556 930 588 957; x_wconf 87' lang='lat' dir='ltr'><strong>Et</strong></span> <span class='ocrx_word' id='word_1_154' title='bbox 604 929 665 957; x_wconf 93' lang='lat' dir='ltr'><strong>ideo</strong></span> <span class='ocrx_word' id='word_1_155' title='bbox 681 936 762 956; x_wconf 89' lang='lat' dir='ltr'><strong>nemo</strong></span> <span class='ocrx_word' id='word_1_156' title='bbox 784 933 861 964; x_wconf 91' lang='lat' dir='ltr'><strong>putet</strong></span> <span class='ocrx_word' id='word_1_157' title='bbox 873 936 935 956; x_wconf 90' lang='lat' dir='ltr'><strong>eum</strong></span> <span class='ocrx_word' id='word_1_158' title='bbox 951 936 999 964; x_wconf 87' lang='lat' dir='ltr'><strong>per</strong></span> 
     </span>
    </p>
   </div>
   <div class='ocr_carea' id='block_1_22' title="bbox 204 974 1000 1013">
    <p class='ocr_par' dir='ltr' id='par_1_22' title="bbox 204 974 1000 1013">
     <span class='ocr_line' id='line_1_22' title="bbox 204 974 1000 1013; baseline -0.004 -8"><span class='ocrx_word' id='word_1_159' title='bbox 204 977 378 1013; x_wconf 82' lang='lat' dir='ltr'><strong>prudentiam</strong></span> <span class='ocrx_word' id='word_1_160' title='bbox 385 985 463 1005; x_wconf 86' lang='lat' dir='ltr'><strong>suam</strong></span> <span class='ocrx_word' id='word_1_161' title='bbox 474 976 597 1004; x_wconf 87' lang='lat' dir='ltr'><strong>invenire</strong></span> <span class='ocrx_word' id='word_1_162' title='bbox 609 983 702 1011; x_wconf 85' lang='lat' dir='ltr'><strong>posse.</strong></span> <span class='ocrx_word' id='word_1_163' title='bbox 712 975 781 1008; x_wconf 85' lang='lat' dir='ltr'><strong>nisi,</strong></span> <span class='ocrx_word' id='word_1_164' title='bbox 793 979 822 1002; x_wconf 85' lang='lat' dir='ltr'><strong>ut</strong></span> <span class='ocrx_word' id='word_1_165' title='bbox 833 982 917 1010; x_wconf 83' lang='lat' dir='ltr'><strong>supra</strong></span> <span class='ocrx_word' id='word_1_166' title='bbox 927 974 1000 1002; x_wconf 75' lang='lat' dir='ltr'><strong>dixi-</strong></span> 
     </span>
    </p>
   </div>
   <div class='ocr_carea' id='block_1_23' title="bbox 204 1021 998 1058">
    <p class='ocr_par' dir='ltr' id='par_1_23' title="bbox 204 1021 998 1058">
     <span class='ocr_line' id='line_1_23' title="bbox 204 1021 998 1058; baseline -0.005 -6"><span class='ocrx_word' id='word_1_167' title='bbox 204 1032 277 1058; x_wconf 77' lang='lat' dir='ltr'><strong>mus,</strong></span> <span class='ocrx_word' id='word_1_168' title='bbox 294 1027 413 1052; x_wconf 80' lang='lat' dir='ltr'><strong>mentem</strong></span> <span class='ocrx_word' id='word_1_169' title='bbox 429 1030 506 1050; x_wconf 88' lang='lat' dir='ltr'><strong>suam</strong></span> <span class='ocrx_word' id='word_1_170' title='bbox 518 1023 591 1050; x_wconf 89' lang='lat' dir='ltr'><strong>omni</strong></span> <span class='ocrx_word' id='word_1_171' title='bbox 604 1022 725 1057; x_wconf 87' lang='lat' dir='ltr'><strong>nequitia</strong></span> <span class='ocrx_word' id='word_1_172' title='bbox 739 1029 853 1050; x_wconf 83' lang='lat' dir='ltr'><strong>vacuam</strong></span> <span class='ocrx_word' id='word_1_173' title='bbox 868 1021 998 1056; x_wconf 73' lang='lat' dir='ltr'><strong>etTecerit,</strong></span> 
     </span>
    </p>
   </div>
   <div class='ocr_carea' id='block_1_24' title="bbox 203 1068 1000 1106">
    <p class='ocr_par' dir='ltr' id='par_1_24' title="bbox 203 1068 1000 1106">
     <span class='ocr_line' id='line_1_24' title="bbox 203 1068 1000 1106; baseline -0.001 -9"><span class='ocrx_word' id='word_1_174' title='bbox 203 1075 285 1106; x_wconf 75' lang='lat' dir='ltr'><strong>atque</strong></span> <span class='ocrx_word' id='word_1_175' title='bbox 310 1069 457 1105; x_wconf 80' lang='lat' dir='ltr'><strong>agnitionis</strong></span> <span class='ocrx_word' id='word_1_176' title='bbox 482 1068 544 1103; x_wconf 83' lang='lat' dir='ltr'><strong>ejus</strong></span> <span class='ocrx_word' id='word_1_177' title='bbox 565 1068 733 1096; x_wconf 90' lang='lat' dir='ltr'><strong>desiderium</strong></span> <span class='ocrx_word' id='word_1_178' title='bbox 751 1076 850 1104; x_wconf 90' lang='lat' dir='ltr'><strong>purum</strong></span> <span class='ocrx_word' id='word_1_179' title='bbox 871 1073 899 1096; x_wconf 90' lang='lat' dir='ltr'><strong>et</strong></span> <span class='ocrx_word' id='word_1_180' title='bbox 920 1068 1000 1097; x_wconf 82' lang='lat' dir='ltr'><strong>ﬁdele</strong></span> 
     </span>
    </p>
   </div>
   <div class='ocr_carea' id='block_1_25' title="bbox 202 1114 998 1152">
    <p class='ocr_par' dir='ltr' id='par_1_25' title="bbox 202 1114 998 1152">
     <span class='ocr_line' id='line_1_25' title="bbox 202 1114 998 1152; baseline -0.004 -7"><span class='ocrx_word' id='word_1_181' title='bbox 202 1116 369 1152; x_wconf 83' lang='lat' dir='ltr'><strong>conceperit.</strong></span> <span class='ocrx_word' id='word_1_182' title='bbox 389 1115 439 1143; x_wconf 87' lang='lat' dir='ltr'><strong>Ubi</strong></span> <span class='ocrx_word' id='word_1_183' title='bbox 455 1115 530 1143; x_wconf 93' lang='lat' dir='ltr'><strong>enim</strong></span> <span class='ocrx_word' id='word_1_184' title='bbox 553 1114 634 1142; x_wconf 87' lang='lat' dir='ltr'><strong>talem</strong></span> <span class='ocrx_word' id='word_1_185' title='bbox 661 1122 691 1142; x_wconf 90' lang='lat' dir='ltr'><strong>se</strong></span> <span class='ocrx_word' id='word_1_186' title='bbox 715 1115 778 1150; x_wconf 91' lang='lat' dir='ltr'><strong>quis</strong></span> <span class='ocrx_word' id='word_1_187' title='bbox 792 1115 998 1150; x_wconf 74' lang='lat' dir='ltr'><strong>prteparaverit,</strong></span> 
     </span>
    </p>
   </div>
   <div class='ocr_carea' id='block_1_26' title="bbox 203 1161 1000 1198">
    <p class='ocr_par' dir='ltr' id='par_1_26' title="bbox 203 1161 1000 1198">
     <span class='ocr_line' id='line_1_26' title="bbox 203 1161 1000 1198; baseline -0.003 -8"><span class='ocrx_word' id='word_1_188' title='bbox 203 1164 262 1198; x_wconf 83' lang='lat' dir='ltr'><strong>ipse</strong></span> <span class='ocrx_word' id='word_1_189' title='bbox 277 1164 306 1189; x_wconf 81' lang='lat' dir='ltr'><strong>u‘t</strong></span> <span class='ocrx_word' id='word_1_190' title='bbox 321 1161 465 1197; x_wconf 85' lang='lat' dir='ltr'><strong>propheta,</strong></span> <span class='ocrx_word' id='word_1_191' title='bbox 474 1161 571 1188; x_wconf 90' lang='lat' dir='ltr'><strong>videns</strong></span> <span class='ocrx_word' id='word_1_192' title='bbox 581 1165 762 1196; x_wconf 73' lang='lat' dir='ltr'><strong>praeparatam</strong></span> <span class='ocrx_word' id='word_1_193' title='bbox 773 1164 893 1189; x_wconf 85' lang='lat' dir='ltr'><strong>mentem</strong></span> <span class='ocrx_word' id='word_1_194' title='bbox 902 1165 1000 1196; x_wconf 86' lang='lat' dir='ltr'><strong>sponte</strong></span> 
     </span>
    </p>
   </div>
   <div class='ocr_carea' id='block_1_27' title="bbox 203 1207 644 1244">
    <p class='ocr_par' dir='ltr' id='par_1_27' title="bbox 203 1207 644 1244">
     <span class='ocr_line' id='line_1_27' title="bbox 203 1207 644 1244; baseline -0.007 -7"><span class='ocrx_word' id='word_1_195' title='bbox 203 1216 234 1237; x_wconf 73' lang='lat' dir='ltr'><strong>se</strong></span> <span class='ocrx_word' id='word_1_196' title='bbox 248 1208 360 1236; x_wconf 86' lang='lat' dir='ltr'><strong>adhibet</strong></span> <span class='ocrx_word' id='word_1_197' title='bbox 378 1207 412 1235; x_wconf 92' lang='lat' dir='ltr'><strong>ad</strong></span> <span class='ocrx_word' id='word_1_198' title='bbox 428 1207 644 1244; x_wconf 74' lang='lat' dir='ltr'><strong>agnoscendum.</strong></span> 
     </span>
    </p>
   </div>
   <div class='ocr_carea' id='block_1_28' title="bbox 238 1294 999 1331">
    <p class='ocr_par' dir='ltr' id='par_1_28' title="bbox 238 1294 999 1331">
     <span class='ocr_line' id='line_1_28' title="bbox 238 1294 999 1331; baseline 0.001 -9"><span class='ocrx_word' id='word_1_199' title='bbox 238 1295 295 1323; x_wconf 82' lang='lat' dir='ltr'><strong>LX.</strong></span> <span class='ocrx_word' id='word_1_200' title='bbox 312 1294 340 1322; x_wconf 90' lang='lat' dir='ltr'><strong>Si</strong></span> <span class='ocrx_word' id='word_1_201' title='bbox 355 1296 418 1331; x_wconf 85' lang='lat' dir='ltr'><strong>quis</strong></span> <span class='ocrx_word' id='word_1_202' title='bbox 441 1295 524 1331; x_wconf 78' lang='lat' dir='ltr'><strong>igitur</strong></span> <span class='ocrx_word' id='word_1_203' title='bbox 539 1295 597 1323; x_wconf 83' lang='lat' dir='ltr'><strong>vult</strong></span> <span class='ocrx_word' id='word_1_204' title='bbox 618 1295 711 1322; x_wconf 89' lang='lat' dir='ltr'><strong>omnia</strong></span> <span class='ocrx_word' id='word_1_205' title='bbox 735 1294 861 1327; x_wconf 84' lang='lat' dir='ltr'><strong>discere,</strong></span> <span class='ocrx_word' id='word_1_206' title='bbox 879 1303 932 1322; x_wconf 91' lang='lat' dir='ltr'><strong>nou</strong></span> <span class='ocrx_word' id='word_1_207' title='bbox 951 1303 999 1331; x_wconf 91' lang='lat' dir='ltr'><strong>per</strong></span> 
     </span>
    </p>
   </div>
   <div class='ocr_carea' id='block_1_29' title="bbox 205 1341 1000 1376">
    <p class='ocr_par' dir='ltr' id='par_1_29' title="bbox 205 1341 1000 1376">
     <span class='ocr_line' id='line_1_29' title="bbox 205 1341 1000 1376; baseline -0.001 -7"><span class='ocrx_word' id='word_1_208' title='bbox 205 1342 313 1376; x_wconf 74' lang='lat' dir='ltr'><strong>singula</strong></span> <span class='ocrx_word' id='word_1_209' title='bbox 337 1341 509 1375; x_wconf 85' lang='lat' dir='ltr'><strong>discutiens;</strong></span> <span class='ocrx_word' id='word_1_210' title='bbox 535 1349 625 1376; x_wconf 91' lang='lat' dir='ltr'><strong>neque</strong></span> <span class='ocrx_word' id='word_1_211' title='bbox 646 1342 720 1368; x_wconf 89' lang='lat' dir='ltr'><strong>enim</strong></span> <span class='ocrx_word' id='word_1_212' title='bbox 743 1342 862 1376; x_wconf 87' lang='lat' dir='ltr'><strong>poterit,</strong></span> <span class='ocrx_word' id='word_1_213' title='bbox 878 1349 941 1369; x_wconf 91' lang='lat' dir='ltr'><strong>cum</strong></span> <span class='ocrx_word' id='word_1_214' title='bbox 963 1341 1000 1368; x_wconf 90' lang='lat' dir='ltr'><strong>sit</strong></span> 
     </span>
    </p>
   </div>
   <div class='ocr_carea' id='block_1_30' title="bbox 204 1387 1000 1423">
    <p class='ocr_par' dir='ltr' id='par_1_30' title="bbox 204 1387 1000 1423">
     <span class='ocr_line' id='line_1_30' title="bbox 204 1387 1000 1423; baseline -0.001 -8"><span class='ocrx_word' id='word_1_215' title='bbox 204 1388 328 1415; x_wconf 87' lang='lat' dir='ltr'><strong>mortalis</strong></span> <span class='ocrx_word' id='word_1_216' title='bbox 340 1408 348 1420; x_wconf 83' lang='lat'><strong>,</strong></span> <span class='ocrx_word' id='word_1_217' title='bbox 368 1387 417 1415; x_wconf 90' lang='lat' dir='ltr'><strong>Dei</strong></span> <span class='ocrx_word' id='word_1_218' title='bbox 441 1387 608 1423; x_wconf 88' lang='lat' dir='ltr'><strong>investigare</strong></span> <span class='ocrx_word' id='word_1_219' title='bbox 626 1388 774 1415; x_wconf 89' lang='lat' dir='ltr'><strong>consilium</strong></span> <span class='ocrx_word' id='word_1_220' title='bbox 789 1392 817 1416; x_wconf 88' lang='lat' dir='ltr'><strong>et</strong></span> <span class='ocrx_word' id='word_1_221' title='bbox 837 1388 925 1423; x_wconf 86' lang='lat' dir='ltr'><strong>ipsam</strong></span> <span class='ocrx_word' id='word_1_222' title='bbox 947 1387 1000 1415; x_wconf 76' lang='lat' dir='ltr'><strong>irr-</strong></span> 
     </span>
    </p>
   </div>
   <div class='ocr_carea' id='block_1_31' title="bbox 206 1433 998 1469">
    <p class='ocr_par' dir='ltr' id='par_1_31' title="bbox 206 1433 998 1469">
     <span class='ocr_line' id='line_1_31' title="bbox 206 1433 998 1469; baseline 0 -8"><span class='ocrx_word' id='word_1_223' title='bbox 206 1434 382 1461; x_wconf 88' lang='lat' dir='ltr'><strong>mensitatem</strong></span> <span class='ocrx_word' id='word_1_224' title='bbox 405 1434 575 1469; x_wconf 88' lang='lat' dir='ltr'><strong>perscrutari</strong></span> <span class='ocrx_word' id='word_1_225' title='bbox 593 1443 599 1461; x_wconf 92' lang='lat'>:</span> <span class='ocrx_word' id='word_1_226' title='bbox 622 1434 670 1462; x_wconf 89' lang='lat' dir='ltr'><strong>sed</strong></span> <span class='ocrx_word' id='word_1_227' title='bbox 693 1434 716 1462; x_wconf 90' lang='lat' dir='ltr'><strong>si</strong></span> <span class='ocrx_word' id='word_1_228' title='bbox 736 1434 858 1466; x_wconf 88' lang='lat' dir='ltr'><strong>discere,</strong></span> <span class='ocrx_word' id='word_1_229' title='bbox 877 1438 907 1461; x_wconf 91' lang='lat' dir='ltr'><strong>ut</strong></span> <span class='ocrx_word' id='word_1_230' title='bbox 927 1433 998 1461; x_wconf 82' lang='lat' dir='ltr'><strong>dixi-</strong></span> 
     </span>
    </p>
   </div>
   <div class='ocr_carea' id='block_1_32' title="bbox 205 1479 995 1515">
    <p class='ocr_par' dir='ltr' id='par_1_32' title="bbox 205 1479 995 1515">
     <span class='ocr_line' id='line_1_32' title="bbox 205 1479 995 1515; baseline 0.001 -9"><span class='ocrx_word' id='word_1_231' title='bbox 205 1487 267 1507; x_wconf 89' lang='lat' dir='ltr'><strong>mus</strong></span> <span class='ocrx_word' id='word_1_232' title='bbox 277 1499 284 1511; x_wconf 91' lang='lat'><strong>,</strong></span> <span class='ocrx_word' id='word_1_233' title='bbox 299 1479 391 1506; x_wconf 89' lang='lat' dir='ltr'><strong>omnia</strong></span> <span class='ocrx_word' id='word_1_234' title='bbox 407 1479 557 1512; x_wconf 87' lang='lat' dir='ltr'><strong>desiderat,</strong></span> <span class='ocrx_word' id='word_1_235' title='bbox 574 1488 669 1508; x_wconf 88' lang='lat' dir='ltr'><strong>verum</strong></span> <span class='ocrx_word' id='word_1_236' title='bbox 685 1480 846 1515; x_wconf 86' lang='lat' dir='ltr'><strong>prophetam</strong></span> <span class='ocrx_word' id='word_1_237' title='bbox 861 1480 995 1515; x_wconf 88' lang='lat' dir='ltr'><strong>requirat.</strong></span> 
     </span>
    </p>
   </div>
   <div class='ocr_carea' id='block_1_33' title="bbox 204 1524 999 1561">
    <p class='ocr_par' dir='ltr' id='par_1_33' title="bbox 204 1524 999 1561">
     <span class='ocr_line' id='line_1_33' title="bbox 204 1524 999 1561; baseline 0.003 -10"><span class='ocrx_word' id='word_1_238' title='bbox 204 1524 291 1558; x_wconf 81' lang='lat' dir='ltr'><strong>Quem</strong></span> <span class='ocrx_word' id='word_1_239' title='bbox 304 1532 365 1552; x_wconf 91' lang='lat' dir='ltr'><strong>cum</strong></span> <span class='ocrx_word' id='word_1_240' title='bbox 378 1525 529 1558; x_wconf 86' lang='lat' dir='ltr'><strong>invenerit,</strong></span> <span class='ocrx_word' id='word_1_241' title='bbox 547 1533 603 1553; x_wconf 89' lang='lat' dir='ltr'><strong>non</strong></span> <span class='ocrx_word' id='word_1_242' title='bbox 615 1526 815 1560; x_wconf 69' lang='lat' dir='ltr'><strong>quastionibus</strong></span> <span class='ocrx_word' id='word_1_243' title='bbox 830 1529 857 1553; x_wconf 91' lang='lat' dir='ltr'><strong>et</strong></span> <span class='ocrx_word' id='word_1_244' title='bbox 872 1525 999 1561; x_wconf 88' lang='lat' dir='ltr'><strong>disputa-</strong></span> 
     </span>
    </p>
   </div>
   <div class='ocr_carea' id='block_1_34' title="bbox 204 1571 1000 1607">
    <p class='ocr_par' dir='ltr' id='par_1_34' title="bbox 204 1571 1000 1607">
     <span class='ocr_line' id='line_1_34' title="bbox 204 1571 1000 1607; baseline 0.003 -10"><span class='ocrx_word' id='word_1_245' title='bbox 204 1571 328 1599; x_wconf 80' lang='lat' dir='ltr'><strong>tionibus</strong></span> <span class='ocrx_word' id='word_1_246' title='bbox 351 1578 439 1606; x_wconf 87' lang='lat' dir='ltr'><strong>neque</strong></span> <span class='ocrx_word' id='word_1_247' title='bbox 466 1571 636 1607; x_wconf 76' lang='lat' dir='ltr'><strong>argumentis</strong></span> <span class='ocrx_word' id='word_1_248' title='bbox 664 1578 727 1598; x_wconf 91' lang='lat' dir='ltr'><strong>cum</strong></span> <span class='ocrx_word' id='word_1_249' title='bbox 751 1578 784 1598; x_wconf 92' lang='lat' dir='ltr'><strong>eo</strong></span> <span class='ocrx_word' id='word_1_250' title='bbox 807 1575 887 1606; x_wconf 80' lang='lat' dir='ltr'><strong>agat,</strong></span> <span class='ocrx_word' id='word_1_251' title='bbox 905 1571 954 1598; x_wconf 89' lang='lat' dir='ltr'><strong>sed</strong></span> <span class='ocrx_word' id='word_1_252' title='bbox 975 1571 1000 1599; x_wconf 88' lang='lat' dir='ltr'><strong>si</strong></span> 
     </span>
    </p>
   </div>
   <div class='ocr_carea' id='block_1_35' title="bbox 205 1616 1000 1652">
    <p class='ocr_par' dir='ltr' id='par_1_35' title="bbox 205 1616 1000 1652">
     <span class='ocr_line' id='line_1_35' title="bbox 205 1616 1000 1652; baseline -0.001 -8"><span class='ocrx_word' id='word_1_253' title='bbox 205 1616 272 1652; x_wconf 86' lang='lat' dir='ltr'><strong>quid</strong></span> <span class='ocrx_word' id='word_1_254' title='bbox 287 1616 477 1652; x_wconf 87' lang='lat' dir='ltr'><strong>responderit,</strong></span> <span class='ocrx_word' id='word_1_255' title='bbox 491 1617 514 1645; x_wconf 89' lang='lat' dir='ltr'><strong>si</strong></span> <span class='ocrx_word' id='word_1_256' title='bbox 530 1617 597 1652; x_wconf 92' lang='lat' dir='ltr'><strong>quid</strong></span> <span class='ocrx_word' id='word_1_257' title='bbox 615 1616 838 1652; x_wconf 88' lang='lat' dir='ltr'><strong>pronuntiaverit</strong></span> <span class='ocrx_word' id='word_1_258' title='bbox 848 1637 856 1649; x_wconf 90' lang='lat'><strong>,</strong></span> <span class='ocrx_word' id='word_1_259' title='bbox 870 1616 923 1645; x_wconf 91' lang='lat' dir='ltr'><strong>hoc</strong></span> <span class='ocrx_word' id='word_1_260' title='bbox 938 1624 1000 1644; x_wconf 85' lang='lat' dir='ltr'><strong>cer-</strong></span> 
     </span>
    </p>
   </div>
   <div class='ocr_carea' id='block_1_36' title="bbox 205 1662 1000 1699">
    <p class='ocr_par' dir='ltr' id='par_1_36' title="bbox 205 1662 1000 1699">
     <span class='ocr_line' id='line_1_36' title="bbox 205 1662 1000 1699; baseline 0.001 -9"><span class='ocrx_word' id='word_1_261' title='bbox 205 1668 264 1691; x_wconf 91' lang='lat' dir='ltr'><strong>tum</strong></span> <span class='ocrx_word' id='word_1_262' title='bbox 289 1671 350 1691; x_wconf 86' lang='lat' dir='ltr'><strong>esse</strong></span> <span class='ocrx_word' id='word_1_263' title='bbox 373 1671 429 1690; x_wconf 92' lang='lat' dir='ltr'><strong>non</strong></span> <span class='ocrx_word' id='word_1_264' title='bbox 453 1667 544 1699; x_wconf 88' lang='lat' dir='ltr'><strong>potest</strong></span> <span class='ocrx_word' id='word_1_265' title='bbox 569 1663 701 1691; x_wconf 89' lang='lat' dir='ltr'><strong>dubitari.</strong></span> <span class='ocrx_word' id='word_1_266' title='bbox 725 1662 758 1690; x_wconf 86' lang='lat' dir='ltr'><strong>Et</strong></span> <span class='ocrx_word' id='word_1_267' title='bbox 779 1663 842 1690; x_wconf 86' lang='lat' dir='ltr'><strong>ideo</strong></span> <span class='ocrx_word' id='word_1_268' title='bbox 861 1668 1000 1698; x_wconf 68' lang='lat' dir='ltr'><strong>quaeratur</strong></span> 
     </span>
    </p>
   </div>
   <div class='ocr_carea' id='block_1_37' title="bbox 206 1709 1001 1746">
    <p class='ocr_par' dir='ltr' id='par_1_37' title="bbox 206 1709 1001 1746">
     <span class='ocr_line' id='line_1_37' title="bbox 206 1709 1001 1746; baseline -0.001 -9"><span class='ocrx_word' id='word_1_269' title='bbox 206 1717 289 1738; x_wconf 88' lang='lat' dir='ltr'><strong>verus</strong></span> <span class='ocrx_word' id='word_1_270' title='bbox 304 1709 437 1746; x_wconf 87' lang='lat' dir='ltr'><strong>propheta</strong></span> <span class='ocrx_word' id='word_1_271' title='bbox 461 1714 525 1737; x_wconf 90' lang='lat' dir='ltr'><strong>ante</strong></span> <span class='ocrx_word' id='word_1_272' title='bbox 538 1710 647 1741; x_wconf 88' lang='lat' dir='ltr'><strong>omnia,</strong></span> <span class='ocrx_word' id='word_1_273' title='bbox 661 1714 689 1737; x_wconf 91' lang='lat' dir='ltr'><strong>et</strong></span> <span class='ocrx_word' id='word_1_274' title='bbox 703 1709 764 1745; x_wconf 88' lang='lat' dir='ltr'><strong>ejus</strong></span> <span class='ocrx_word' id='word_1_275' title='bbox 785 1709 866 1737; x_wconf 84' lang='lat' dir='ltr'><strong>verba</strong></span> <span class='ocrx_word' id='word_1_276' title='bbox 887 1713 1001 1737; x_wconf 88' lang='lat' dir='ltr'><strong>tenean-</strong></span> 
     </span>
    </p>
   </div>
   <div class='ocr_carea' id='block_1_38' title="bbox 206 1755 1000 1792">
    <p class='ocr_par' dir='ltr' id='par_1_38' title="bbox 206 1755 1000 1792">
     <span class='ocr_line' id='line_1_38' title="bbox 206 1755 1000 1792; baseline 0.001 -8"><span class='ocrx_word' id='word_1_277' title='bbox 206 1761 272 1789; x_wconf 84' lang='lat' dir='ltr'><strong>tur;</strong></span> <span class='ocrx_word' id='word_1_278' title='bbox 298 1756 326 1783; x_wconf 91' lang='lat' dir='ltr'><strong>in</strong></span> <span class='ocrx_word' id='word_1_279' title='bbox 349 1756 452 1792; x_wconf 86' lang='lat' dir='ltr'><strong>quibus</strong></span> <span class='ocrx_word' id='word_1_280' title='bbox 481 1755 549 1783; x_wconf 93' lang='lat' dir='ltr'><strong>illud</strong></span> <span class='ocrx_word' id='word_1_281' title='bbox 580 1755 770 1783; x_wconf 86' lang='lat' dir='ltr'><strong>tantummodo</strong></span> <span class='ocrx_word' id='word_1_282' title='bbox 796 1755 1000 1785; x_wconf 83' lang='lat' dir='ltr'><strong>discutiendum</strong></span> 
     </span>
    </p>
   </div>
   <div class='ocr_carea' id='block_1_39' title="bbox 207 1801 1001 1838">
    <p class='ocr_par' dir='ltr' id='par_1_39' title="bbox 207 1801 1001 1838">
     <span class='ocr_line' id='line_1_39' title="bbox 207 1801 1001 1838; baseline -0.001 -8"><span class='ocrx_word' id='word_1_283' title='bbox 207 1803 356 1838; x_wconf 89' lang='lat' dir='ltr'><strong>unicuique</strong></span> <span class='ocrx_word' id='word_1_284' title='bbox 370 1806 428 1836; x_wconf 90' lang='lat' dir='ltr'><strong>est,</strong></span> <span class='ocrx_word' id='word_1_285' title='bbox 442 1806 472 1829; x_wconf 93' lang='lat' dir='ltr'><strong>ut</strong></span> <span class='ocrx_word' id='word_1_286' title='bbox 488 1801 642 1830; x_wconf 79' lang='lat' dir='ltr'><strong>satisfaciat</strong></span> <span class='ocrx_word' id='word_1_287' title='bbox 658 1802 710 1830; x_wconf 88' lang='lat' dir='ltr'><strong>sibi</strong></span> <span class='ocrx_word' id='word_1_288' title='bbox 726 1803 751 1830; x_wconf 88' lang='lat' dir='ltr'><strong>si</strong></span> <span class='ocrx_word' id='word_1_289' title='bbox 765 1810 830 1830; x_wconf 86' lang='lat' dir='ltr'><strong>vere</strong></span> <span class='ocrx_word' id='word_1_290' title='bbox 840 1802 1001 1838; x_wconf 85' lang='lat' dir='ltr'><strong>prophetica</strong></span> 
     </span>
    </p>
   </div>
   <div class='ocr_carea' id='block_1_40' title="bbox 205 1848 999 1884">
    <p class='ocr_par' dir='ltr' id='par_1_40' title="bbox 205 1848 999 1884">
     <span class='ocr_line' id='line_1_40' title="bbox 205 1848 999 1884; baseline -0.003 -7"><span class='ocrx_word' id='word_1_291' title='bbox 205 1850 267 1884; x_wconf 84' lang='lat' dir='ltr'><strong>ejus</strong></span> <span class='ocrx_word' id='word_1_292' title='bbox 283 1850 365 1877; x_wconf 86' lang='lat' dir='ltr'><strong>verba</strong></span> <span class='ocrx_word' id='word_1_293' title='bbox 380 1854 462 1882; x_wconf 91' lang='lat' dir='ltr'><strong>sunt,</strong></span> <span class='ocrx_word' id='word_1_294' title='bbox 480 1849 508 1877; x_wconf 90' lang='lat' dir='ltr'><strong>id</strong></span> <span class='ocrx_word' id='word_1_295' title='bbox 524 1853 584 1881; x_wconf 85' lang='lat' dir='ltr'><strong>est,</strong></span> <span class='ocrx_word' id='word_1_296' title='bbox 600 1849 623 1877; x_wconf 88' lang='lat' dir='ltr'><strong>si</strong></span> <span class='ocrx_word' id='word_1_297' title='bbox 640 1848 821 1877; x_wconf 85' lang='lat' dir='ltr'><strong>indubitatam</strong></span> <span class='ocrx_word' id='word_1_298' title='bbox 838 1848 917 1876; x_wconf 85' lang='lat' dir='ltr'><strong>tidem</strong></span> <span class='ocrx_word' id='word_1_299' title='bbox 930 1855 999 1876; x_wconf 45' lang='lat' dir='ltr'><strong>con:</strong></span> 
     </span>
    </p>
   </div>
   <div class='ocr_carea' id='block_1_41' title="bbox 207 1894 998 1929">
    <p class='ocr_par' dir='ltr' id='par_1_41' title="bbox 207 1894 998 1929">
     <span class='ocr_line' id='line_1_41' title="bbox 207 1894 998 1929; baseline -0.003 -7"><span class='ocrx_word' id='word_1_300' title='bbox 207 1896 296 1922; x_wconf 86' lang='lat' dir='ltr'><strong>tinent</strong></span> <span class='ocrx_word' id='word_1_301' title='bbox 311 1895 467 1922; x_wconf 81' lang='lat' dir='ltr'><strong>futurorum</strong></span> <span class='ocrx_word' id='word_1_302' title='bbox 478 1914 486 1927; x_wconf 89' lang='lat'><strong>,</strong></span> <span class='ocrx_word' id='word_1_303' title='bbox 500 1895 524 1922; x_wconf 90' lang='lat' dir='ltr'><strong>si</strong></span> <span class='ocrx_word' id='word_1_304' title='bbox 539 1900 663 1929; x_wconf 89' lang='lat' dir='ltr'><strong>tempora</strong></span> <span class='ocrx_word' id='word_1_305' title='bbox 685 1894 799 1922; x_wconf 83' lang='lat' dir='ltr'><strong>deﬁnita</strong></span> <span class='ocrx_word' id='word_1_306' title='bbox 819 1894 998 1929; x_wconf 74' lang='lat' dir='ltr'><strong>consignant,</strong></span> 
     </span>
    </p>
   </div>
   <div class='ocr_carea' id='block_1_42' title="bbox 206 1940 998 1975">
    <p class='ocr_par' dir='ltr' id='par_1_42' title="bbox 206 1940 998 1975">
     <span class='ocr_line' id='line_1_42' title="bbox 206 1940 998 1975; baseline -0.001 -8"><span class='ocrx_word' id='word_1_307' title='bbox 206 1940 230 1968; x_wconf 78' lang='lat' dir='ltr'><strong>si</strong></span> <span class='ocrx_word' id='word_1_308' title='bbox 248 1947 339 1967; x_wconf 92' lang='lat' dir='ltr'><strong>rerum</strong></span> <span class='ocrx_word' id='word_1_309' title='bbox 353 1940 476 1967; x_wconf 81' lang='lat' dir='ltr'><strong>ordinem</strong></span> <span class='ocrx_word' id='word_1_310' title='bbox 490 1943 618 1972; x_wconf 85' lang='lat' dir='ltr'><strong>servant,</strong></span> <span class='ocrx_word' id='word_1_311' title='bbox 632 1940 655 1968; x_wconf 86' lang='lat' dir='ltr'><strong>si</strong></span> <span class='ocrx_word' id='word_1_312' title='bbox 671 1948 727 1968; x_wconf 90' lang='lat' dir='ltr'><strong>non</strong></span> <span class='ocrx_word' id='word_1_313' title='bbox 742 1948 804 1975; x_wconf 62' lang='lat' dir='ltr'><strong>qua:</strong></span> <span class='ocrx_word' id='word_1_314' title='bbox 818 1940 906 1975; x_wconf 88' lang='lat' dir='ltr'><strong>prima</strong></span> <span class='ocrx_word' id='word_1_315' title='bbox 923 1943 998 1973; x_wconf 80' lang='lat' dir='ltr'><strong>sunt,</strong></span> 
     </span>
    </p>
   </div>
   <div class='ocr_carea' id='block_1_43' title="bbox 208 1986 1000 2022">
    <p class='ocr_par' dir='ltr' id='par_1_43' title="bbox 208 1986 1000 2022">
     <span class='ocr_line' id='line_1_43' title="bbox 208 1986 1000 2022; baseline 0 -10"><span class='ocrx_word' id='word_1_316' title='bbox 208 1986 358 2014; x_wconf 86' lang='lat' dir='ltr'><strong>novissima</strong></span> <span class='ocrx_word' id='word_1_317' title='bbox 368 2006 376 2018; x_wconf 92' lang='lat'><strong>,</strong></span> <span class='ocrx_word' id='word_1_318' title='bbox 390 1990 417 2014; x_wconf 89' lang='lat' dir='ltr'><strong>et</strong></span> <span class='ocrx_word' id='word_1_319' title='bbox 432 1994 494 2021; x_wconf 64' lang='lat' dir='ltr'><strong>quae</strong></span> <span class='ocrx_word' id='word_1_320' title='bbox 509 1987 536 2013; x_wconf 92' lang='lat' dir='ltr'><strong>in</strong></span> <span class='ocrx_word' id='word_1_321' title='bbox 553 1986 712 2015; x_wconf 86' lang='lat' dir='ltr'><strong>novissimis</strong></span> <span class='ocrx_word' id='word_1_322' title='bbox 727 1991 803 2022; x_wconf 88' lang='lat' dir='ltr'><strong>gesta</strong></span> <span class='ocrx_word' id='word_1_323' title='bbox 814 1990 896 2019; x_wconf 84' lang='lat' dir='ltr'><strong>sunt,</strong></span> <span class='ocrx_word' id='word_1_324' title='bbox 911 1986 1000 2021; x_wconf 87' lang='lat' dir='ltr'><strong>prima</strong></span> 
     </span>
    </p>
   </div>
   <div class='ocr_carea' id='block_1_44' title="bbox 208 2033 1000 2069">
    <p class='ocr_par' dir='ltr' id='par_1_44' title="bbox 208 2033 1000 2069">
     <span class='ocr_line' id='line_1_44' title="bbox 208 2033 1000 2069; baseline 0 -9"><span class='ocrx_word' id='word_1_325' title='bbox 208 2037 374 2066; x_wconf 90' lang='lat' dir='ltr'><strong>narrarunt,</strong></span> <span class='ocrx_word' id='word_1_326' title='bbox 389 2033 413 2061; x_wconf 93' lang='lat' dir='ltr'><strong>si</strong></span> <span class='ocrx_word' id='word_1_327' title='bbox 427 2034 496 2061; x_wconf 90' lang='lat' dir='ltr'><strong>nihil</strong></span> <span class='ocrx_word' id='word_1_328' title='bbox 510 2036 652 2062; x_wconf 88' lang='lat' dir='ltr'><strong>versutum</strong></span> <span class='ocrx_word' id='word_1_329' title='bbox 662 2054 671 2067; x_wconf 89' lang='lat'><strong>,</strong></span> <span class='ocrx_word' id='word_1_330' title='bbox 688 2034 757 2061; x_wconf 86' lang='lat' dir='ltr'><strong>nihil</strong></span> <span class='ocrx_word' id='word_1_331' title='bbox 771 2034 878 2069; x_wconf 84' lang='lat' dir='ltr'><strong>magica</strong></span> <span class='ocrx_word' id='word_1_332' title='bbox 893 2037 950 2061; x_wconf 83' lang='lat' dir='ltr'><strong>arte</strong></span> <span class='ocrx_word' id='word_1_333' title='bbox 965 2033 1000 2060; x_wconf 91' lang='lat' dir='ltr'><strong>ad</strong></span> 
     </span>
    </p>
   </div>
   <div class='ocr_carea' id='block_1_45' title="bbox 207 2079 1000 2115">
    <p class='ocr_par' dir='ltr' id='par_1_45' title="bbox 207 2079 1000 2115">
     <span class='ocr_line' id='line_1_45' title="bbox 207 2079 1000 2115; baseline 0 -9"><span class='ocrx_word' id='word_1_334' title='bbox 207 2079 399 2114; x_wconf 88' lang='lat' dir='ltr'><strong>decipiendum</strong></span> <span class='ocrx_word' id='word_1_335' title='bbox 425 2079 609 2115; x_wconf 87' lang='lat' dir='ltr'><strong>compositum</strong></span> <span class='ocrx_word' id='word_1_336' title='bbox 638 2080 797 2112; x_wconf 88' lang='lat' dir='ltr'><strong>continent,</strong></span> <span class='ocrx_word' id='word_1_337' title='bbox 824 2083 872 2106; x_wconf 87' lang='lat' dir='ltr'><strong>aut</strong></span> <span class='ocrx_word' id='word_1_338' title='bbox 895 2079 920 2108; x_wconf 87' lang='lat' dir='ltr'><strong>si</strong></span> <span class='ocrx_word' id='word_1_339' title='bbox 944 2086 1000 2106; x_wconf 90' lang='lat' dir='ltr'><strong>non</strong></span> 
     </span>
    </p>
   </div>
   <div class='ocr_carea' id='block_1_46' title="bbox 208 2124 1000 2159">
    <p class='ocr_par' dir='ltr' id='par_1_46' title="bbox 208 2124 1000 2159">
     <span class='ocr_line' id='line_1_46' title="bbox 208 2124 1000 2159; baseline 0 -8"><span class='ocrx_word' id='word_1_340' title='bbox 208 2132 269 2159; x_wconf 71' lang='lat' dir='ltr'><strong>qua:</strong></span> <span class='ocrx_word' id='word_1_341' title='bbox 284 2124 345 2152; x_wconf 87' lang='lat' dir='ltr'><strong>aliis</strong></span> <span class='ocrx_word' id='word_1_342' title='bbox 359 2124 478 2152; x_wconf 89' lang='lat' dir='ltr'><strong>revelata</strong></span> <span class='ocrx_word' id='word_1_343' title='bbox 498 2129 580 2157; x_wconf 90' lang='lat' dir='ltr'><strong>sunt,</strong></span> <span class='ocrx_word' id='word_1_344' title='bbox 597 2125 631 2152; x_wconf 90' lang='lat' dir='ltr'><strong>ad</strong></span> <span class='ocrx_word' id='word_1_345' title='bbox 647 2132 675 2152; x_wconf 91' lang='lat' dir='ltr'><strong>se</strong></span> <span class='ocrx_word' id='word_1_346' title='bbox 691 2125 862 2152; x_wconf 86' lang='lat' dir='ltr'><strong>transtulerit</strong></span> <span class='ocrx_word' id='word_1_347' title='bbox 874 2124 1000 2152; x_wconf 85' lang='lat' dir='ltr'><strong>admistis</strong></span> 
     </span>
    </p>
   </div>
   <div class='ocr_carea' id='block_1_47' title="bbox 1049 188 1338 224">
    <p class='ocr_par' dir='ltr' id='par_1_47' title="bbox 1049 188 1338 224">
     <span class='ocr_line' id='line_1_47' title="bbox 1049 188 1338 224; baseline 0.007 -8"><span class='ocrx_word' id='word_1_348' title='bbox 1049 188 1211 224; x_wconf 89' lang='lat' dir='ltr'><strong>sponderint</strong></span> <span class='ocrx_word' id='word_1_349' title='bbox 1220 208 1228 222; x_wconf 84' lang='lat'><strong>,</strong></span> <span class='ocrx_word' id='word_1_350' title='bbox 1246 189 1338 218; x_wconf 87' lang='lat' dir='ltr'><strong>debet.</strong></span> 
     </span>
    </p>
   </div>
   <div class='ocr_carea' id='block_1_48' title="bbox 1084 234 1809 270">
    <p class='ocr_par' dir='ltr' id='par_1_48' title="bbox 1084 234 1809 270">
     <span class='ocr_line' id='line_1_48' title="bbox 1084 234 1809 270; baseline -0.003 -7"><span class='ocrx_word' id='word_1_351' title='bbox 1084 235 1153 264; x_wconf 77' lang='lat' dir='ltr'><strong>LXI.</strong></span> <span class='ocrx_word' id='word_1_352' title='bbox 1170 235 1278 264; x_wconf 85' lang='lat' dir='ltr'><strong>Etenim</strong></span> <span class='ocrx_word' id='word_1_353' title='bbox 1301 234 1508 263; x_wconf 87' lang='lat' dir='ltr'><strong>consideremus</strong></span> <span class='ocrx_word' id='word_1_354' title='bbox 1525 235 1684 270; x_wconf 86' lang='lat' dir='ltr'><strong>diligentius</strong></span> <span class='ocrx_word' id='word_1_355' title='bbox 1703 241 1762 269; x_wconf 89' lang='lat' dir='ltr'><strong>opus</strong></span> <span class='ocrx_word' id='word_1_356' title='bbox 1778 234 1809 261; x_wconf 84' lang='lat' dir='ltr'><strong>di-</strong></span> 
     </span>
    </p>
   </div>
   <div class='ocr_carea' id='block_1_49' title="bbox 1048 281 1811 317">
    <p class='ocr_par' dir='ltr' id='par_1_49' title="bbox 1048 281 1811 317">
     <span class='ocr_line' id='line_1_49' title="bbox 1048 281 1811 317; baseline -0.003 -8"><span class='ocrx_word' id='word_1_357' title='bbox 1048 283 1118 310; x_wconf 66' lang='lat' dir='ltr'><strong>vinat</strong></span> <span class='ocrx_word' id='word_1_358' title='bbox 1132 281 1323 310; x_wconf 75' lang='lat' dir='ltr'><strong>Providentiae.</strong></span> <span class='ocrx_word' id='word_1_359' title='bbox 1338 281 1406 309; x_wconf 84' lang='lat' dir='ltr'><strong>Nam</strong></span> <span class='ocrx_word' id='word_1_360' title='bbox 1421 281 1495 317; x_wconf 92' lang='lat' dir='ltr'><strong>quod</strong></span> <span class='ocrx_word' id='word_1_361' title='bbox 1511 281 1668 317; x_wconf 87' lang='lat' dir='ltr'><strong>philosophi</strong></span> <span class='ocrx_word' id='word_1_362' title='bbox 1682 281 1811 309; x_wconf 77' lang='lat' dir='ltr'><strong>introduxe-</strong></span> 
     </span>
    </p>
   </div>
   <div class='ocr_carea' id='block_1_50' title="bbox 1048 326 1812 363">
    <p class='ocr_par' dir='ltr' id='par_1_50' title="bbox 1048 326 1812 363">
     <span class='ocr_line' id='line_1_50' title="bbox 1048 326 1812 363; baseline -0.003 -8"><span class='ocrx_word' id='word_1_363' title='bbox 1048 332 1115 355; x_wconf 90' lang='lat' dir='ltr'><strong>runt</strong></span> <span class='ocrx_word' id='word_1_364' title='bbox 1133 328 1218 357; x_wconf 89' lang='lat' dir='ltr'><strong>verba</strong></span> <span class='ocrx_word' id='word_1_365' title='bbox 1242 328 1354 356; x_wconf 88' lang='lat' dir='ltr'><strong>subtilia</strong></span> <span class='ocrx_word' id='word_1_366' title='bbox 1377 327 1503 363; x_wconf 61' lang='lat' dir='ltr'><strong>quaedam</strong></span> <span class='ocrx_word' id='word_1_367' title='bbox 1517 331 1544 356; x_wconf 89' lang='lat' dir='ltr'><strong>et</strong></span> <span class='ocrx_word' id='word_1_368' title='bbox 1559 326 1697 359; x_wconf 82' lang='lat' dir='ltr'><strong>dimcilia,</strong></span> <span class='ocrx_word' id='word_1_369' title='bbox 1710 327 1743 354; x_wconf 84' lang='lat' dir='ltr'><strong>ita</strong></span> <span class='ocrx_word' id='word_1_370' title='bbox 1754 331 1812 354; x_wconf 82' lang='lat' dir='ltr'><strong>utne</strong></span> 
     </span>
    </p>
   </div>
   <div class='ocr_carea' id='block_1_51' title="bbox 1050 373 1812 410">
    <p class='ocr_par' dir='ltr' id='par_1_51' title="bbox 1050 373 1812 410">
     <span class='ocr_line' id='line_1_51' title="bbox 1050 373 1812 410; baseline -0.001 -8"><span class='ocrx_word' id='word_1_371' title='bbox 1050 375 1109 410; x_wconf 91' lang='lat' dir='ltr'><strong>ipsa</strong></span> <span class='ocrx_word' id='word_1_372' title='bbox 1123 374 1234 409; x_wconf 89' lang='lat' dir='ltr'><strong>quidem</strong></span> <span class='ocrx_word' id='word_1_373' title='bbox 1245 374 1379 402; x_wconf 88' lang='lat' dir='ltr'><strong>vocabula</strong></span> <span class='ocrx_word' id='word_1_374' title='bbox 1391 381 1549 402; x_wconf 91' lang='lat' dir='ltr'><strong>sermonum</strong></span> <span class='ocrx_word' id='word_1_375' title='bbox 1560 377 1626 401; x_wconf 92' lang='lat' dir='ltr'><strong>nota</strong></span> <span class='ocrx_word' id='word_1_376' title='bbox 1636 381 1696 401; x_wconf 84' lang='lat' dir='ltr'><strong>esse</strong></span> <span class='ocrx_word' id='word_1_377' title='bbox 1709 373 1812 401; x_wconf 80' lang='lat' dir='ltr'><strong>omnibus</strong></span> 
     </span>
    </p>
   </div>
   <div class='ocr_carea' id='block_1_52' title="bbox 1049 419 1854 456">
    <p class='ocr_par' dir='ltr' id='par_1_52' title="bbox 1049 419 1854 456">
     <span class='ocr_line' id='line_1_52' title="bbox 1049 419 1854 456; baseline -0.004 -7"><span class='ocrx_word' id='word_1_378' title='bbox 1049 425 1162 456; x_wconf 85' lang='lat' dir='ltr'><strong>possent</strong></span> <span class='ocrx_word' id='word_1_379' title='bbox 1175 425 1202 448; x_wconf 91' lang='lat' dir='ltr'><strong>et</strong></span> <span class='ocrx_word' id='word_1_380' title='bbox 1215 419 1412 456; x_wconf 83' lang='lat' dir='ltr'><strong>intelligibilia,</strong></span> <span class='ocrx_word' id='word_1_381' title='bbox 1430 419 1502 448; x_wconf 89' lang='lat' dir='ltr'><strong>Deus</strong></span> <span class='ocrx_word' id='word_1_382' title='bbox 1518 427 1566 448; x_wconf 89' lang='lat' dir='ltr'><strong>eos</strong></span> <span class='ocrx_word' id='word_1_383' title='bbox 1580 420 1630 456; x_wconf 92' lang='lat' dir='ltr'><strong>qui</strong></span> <span class='ocrx_word' id='word_1_384' title='bbox 1650 419 1702 448; x_wconf 87' lang='lat' dir='ltr'><strong>sibi</strong></span> <span class='ocrx_word' id='word_1_385' title='bbox 1716 420 1813 447; x_wconf 81' lang='lat' dir='ltr'><strong>artiﬁces</strong></span> <span class='ocrx_word' id='word_1_386' title='bbox 1853 419 1854 456; x_wconf 49' lang='grc' dir='ltr'>ξ</span> 
     </span>
    </p>
   </div>
   <div class='ocr_carea' id='block_1_53' title="bbox 1049 466 1854 501">
    <p class='ocr_par' dir='ltr' id='par_1_53' title="bbox 1049 466 1854 501">
     <span class='ocr_line' id='line_1_53' title="bbox 1049 466 1854 501; baseline -0.004 -8"><span class='ocrx_word' id='word_1_387' title='bbox 1049 466 1194 494; x_wconf 89' lang='lat' dir='ltr'><strong>verborum</strong></span> <span class='ocrx_word' id='word_1_388' title='bbox 1224 466 1404 498; x_wconf 83' lang='lat' dir='ltr'><strong>videbantur,</strong></span> <span class='ocrx_word' id='word_1_389' title='bbox 1424 474 1473 501; x_wconf 89' lang='lat' dir='ltr'><strong>per</strong></span> <span class='ocrx_word' id='word_1_390' title='bbox 1493 466 1586 494; x_wconf 87' lang='lat' dir='ltr'><strong>omnia</strong></span> <span class='ocrx_word' id='word_1_391' title='bbox 1612 466 1747 501; x_wconf 88' lang='lat' dir='ltr'><strong>imperitos</strong></span> <span class='ocrx_word' id='word_1_392' title='bbox 1763 475 1812 501; x_wconf 79' lang='lat' dir='ltr'><strong>erga</strong></span> <span class='ocrx_word' id='word_1_393' title='bbox 1853 486 1854 490; x_wconf 50' lang='grc' dir='ltr'><strong>η</strong></span> 
     </span>
    </p>
   </div>
   <div class='ocr_carea' id='block_1_54' title="bbox 1049 510 1813 547">
    <p class='ocr_par' dir='ltr' id='par_1_54' title="bbox 1049 510 1813 547">
     <span class='ocr_line' id='line_1_54' title="bbox 1049 510 1813 547; baseline 0.003 -10"><span class='ocrx_word' id='word_1_394' title='bbox 1049 510 1217 547; x_wconf 85' lang='lat' dir='ltr'><strong>agnitionem</strong></span> <span class='ocrx_word' id='word_1_395' title='bbox 1237 510 1363 539; x_wconf 80' lang='lat' dir='ltr'><strong>veritatis</strong></span> <span class='ocrx_word' id='word_1_396' title='bbox 1380 510 1511 538; x_wconf 90' lang='lat' dir='ltr'><strong>ostendit.</strong></span> <span class='ocrx_word' id='word_1_397' title='bbox 1530 510 1654 546; x_wconf 78' lang='lat' dir='ltr'><strong>Simplex</strong></span> <span class='ocrx_word' id='word_1_398' title='bbox 1669 510 1736 538; x_wconf 90' lang='lat' dir='ltr'><strong>enim</strong></span> <span class='ocrx_word' id='word_1_399' title='bbox 1748 515 1813 539; x_wconf 75' lang='lat' dir='ltr'><strong>estet</strong></span> 
     </span>
    </p>
   </div>
   <div class='ocr_carea' id='block_1_55' title="bbox 1048 556 1813 593">
    <p class='ocr_par' dir='ltr' id='par_1_55' title="bbox 1048 556 1813 593">
     <span class='ocr_line' id='line_1_55' title="bbox 1048 556 1813 593; baseline -0.001 -9"><span class='ocrx_word' id='word_1_400' title='bbox 1048 556 1195 585; x_wconf 81' lang='lat' dir='ltr'><strong>manifesta</strong></span> <span class='ocrx_word' id='word_1_401' title='bbox 1213 564 1244 584; x_wconf 90' lang='lat' dir='ltr'><strong>ac</strong></span> <span class='ocrx_word' id='word_1_402' title='bbox 1255 557 1348 585; x_wconf 85' lang='lat' dir='ltr'><strong>brevis</strong></span> <span class='ocrx_word' id='word_1_403' title='bbox 1360 565 1451 585; x_wconf 92' lang='lat' dir='ltr'><strong>rerum</strong></span> <span class='ocrx_word' id='word_1_404' title='bbox 1469 557 1583 585; x_wconf 89' lang='lat' dir='ltr'><strong>scientia</strong></span> <span class='ocrx_word' id='word_1_405' title='bbox 1591 577 1600 589; x_wconf 93' lang='lat'><strong>,</strong></span> <span class='ocrx_word' id='word_1_406' title='bbox 1619 564 1678 593; x_wconf 68' lang='lat' dir='ltr'><strong>qua:</strong></span> <span class='ocrx_word' id='word_1_407' title='bbox 1689 564 1732 592; x_wconf 88' lang='lat' dir='ltr'><strong>per</strong></span> <span class='ocrx_word' id='word_1_408' title='bbox 1740 564 1813 584; x_wconf 82' lang='lat' dir='ltr'><strong>verum</strong></span> 
     </span>
    </p>
   </div>
   <div class='ocr_carea' id='block_1_56' title="bbox 1049 602 1814 638">
    <p class='ocr_par' dir='ltr' id='par_1_56' title="bbox 1049 602 1814 638">
     <span class='ocr_line' id='line_1_56' title="bbox 1049 602 1814 638; baseline 0 -8"><span class='ocrx_word' id='word_1_409' title='bbox 1049 603 1209 638; x_wconf 87' lang='lat' dir='ltr'><strong>prophetam</strong></span> <span class='ocrx_word' id='word_1_410' title='bbox 1224 603 1355 635; x_wconf 88' lang='lat' dir='ltr'><strong>traditur,</strong></span> <span class='ocrx_word' id='word_1_411' title='bbox 1371 611 1453 638; x_wconf 88' lang='lat' dir='ltr'><strong>quam</strong></span> <span class='ocrx_word' id='word_1_412' title='bbox 1469 603 1514 631; x_wconf 90' lang='lat' dir='ltr'><strong>isti</strong></span> <span class='ocrx_word' id='word_1_413' title='bbox 1527 611 1575 638; x_wconf 89' lang='lat' dir='ltr'><strong>per</strong></span> <span class='ocrx_word' id='word_1_414' title='bbox 1590 602 1670 630; x_wconf 86' lang='lat' dir='ltr'><strong>devia</strong></span> <span class='ocrx_word' id='word_1_415' title='bbox 1684 602 1814 630; x_wconf 72' lang='lat' dir='ltr'><strong>incedentes</strong></span> 
     </span>
    </p>
   </div>
   <div class='ocr_carea' id='block_1_57' title="bbox 1048 648 1814 684">
    <p class='ocr_par' dir='ltr' id='par_1_57' title="bbox 1048 648 1814 684">
     <span class='ocr_line' id='line_1_57' title="bbox 1048 648 1814 684; baseline 0 -8"><span class='ocrx_word' id='word_1_416' title='bbox 1048 652 1076 676; x_wconf 90' lang='lat' dir='ltr'><strong>et</strong></span> <span class='ocrx_word' id='word_1_417' title='bbox 1090 655 1222 683; x_wconf 90' lang='lat' dir='ltr'><strong>scrupeas</strong></span> <span class='ocrx_word' id='word_1_418' title='bbox 1240 648 1386 676; x_wconf 89' lang='lat' dir='ltr'><strong>verborum</strong></span> <span class='ocrx_word' id='word_1_419' title='bbox 1407 648 1600 680; x_wconf 68' lang='lat' dir='ltr'><strong>difﬁcultates,</strong></span> <span class='ocrx_word' id='word_1_420' title='bbox 1621 652 1678 676; x_wconf 88' lang='lat' dir='ltr'><strong>tota</strong></span> <span class='ocrx_word' id='word_1_421' title='bbox 1697 648 1814 684; x_wconf 73' lang='lat' dir='ltr'><strong>ignorave-</strong></span> 
     </span>
    </p>
   </div>
   <div class='ocr_carea' id='block_1_58' title="bbox 1048 693 1854 732">
    <p class='ocr_par' dir='ltr' id='par_1_58' title="bbox 1048 693 1854 732">
     <span class='ocr_line' id='line_1_58' title="bbox 1048 693 1854 732; baseline -0.002 -10"><span class='ocrx_word' id='word_1_422' title='bbox 1048 698 1113 722; x_wconf 82' lang='lat' dir='ltr'><strong>runt</strong></span> <span class='ocrx_word' id='word_1_423' title='bbox 1124 694 1179 721; x_wconf 90' lang='lat' dir='ltr'><strong>via.</strong></span> <span class='ocrx_word' id='word_1_424' title='bbox 1190 694 1274 730; x_wconf 86' lang='lat' dir='ltr'><strong>Igitur</strong></span> <span class='ocrx_word' id='word_1_425' title='bbox 1289 693 1452 722; x_wconf 86' lang='lat' dir='ltr'><strong>verecundis</strong></span> <span class='ocrx_word' id='word_1_426' title='bbox 1465 697 1492 721; x_wconf 88' lang='lat' dir='ltr'><strong>et</strong></span> <span class='ocrx_word' id='word_1_427' title='bbox 1505 693 1678 729; x_wconf 83' lang='lat' dir='ltr'><strong>simplicibus</strong></span> <span class='ocrx_word' id='word_1_428' title='bbox 1689 693 1813 724; x_wconf 85' lang='lat' dir='ltr'><strong>mentibus.</strong></span> <span class='ocrx_word' id='word_1_429' title='bbox 1853 714 1854 732; x_wconf 31' lang='grc' dir='ltr'>ξ</span> 
     </span>
    </p>
   </div>
   <div class='ocr_carea' id='block_1_59' title="bbox 1049 738 1854 775">
    <p class='ocr_par' dir='ltr' id='par_1_59' title="bbox 1049 738 1854 775">
     <span class='ocr_line' id='line_1_59' title="bbox 1049 738 1854 775; baseline -0.001 -8"><span class='ocrx_word' id='word_1_430' title='bbox 1049 748 1114 768; x_wconf 90' lang='lat' dir='ltr'><strong>cum</strong></span> <span class='ocrx_word' id='word_1_431' title='bbox 1128 739 1249 767; x_wconf 91' lang='lat' dir='ltr'><strong>viderint</strong></span> <span class='ocrx_word' id='word_1_432' title='bbox 1270 739 1328 767; x_wconf 79' lang='lat' dir='ltr'><strong>ﬁeri</strong></span> <span class='ocrx_word' id='word_1_433' title='bbox 1344 747 1404 775; x_wconf 69' lang='lat' dir='ltr'><strong>quae</strong></span> <span class='ocrx_word' id='word_1_434' title='bbox 1426 738 1556 775; x_wconf 66' lang='lat' dir='ltr'><strong>praedicta</strong></span> <span class='ocrx_word' id='word_1_435' title='bbox 1576 742 1659 769; x_wconf 86' lang='lat' dir='ltr'><strong>sunt,</strong></span> <span class='ocrx_word' id='word_1_436' title='bbox 1675 739 1737 766; x_wconf 87' lang='lat' dir='ltr'><strong>satis</strong></span> <span class='ocrx_word' id='word_1_437' title='bbox 1748 739 1815 766; x_wconf 82' lang='lat' dir='ltr'><strong>abun-</strong></span> <span class='ocrx_word' id='word_1_438' title='bbox 1853 738 1854 749; x_wconf 83' lang='lat'>‘</span> 
     </span>
    </p>
   </div>
   <div class='ocr_carea' id='block_1_60' title="bbox 1050 783 1854 820">
    <p class='ocr_par' dir='ltr' id='par_1_60' title="bbox 1050 783 1854 820">
     <span class='ocr_line' id='line_1_60' title="bbox 1050 783 1854 820; baseline 0.001 -9"><span class='ocrx_word' id='word_1_439' title='bbox 1050 783 1139 820; x_wconf 89' lang='lat' dir='ltr'><strong>deque</strong></span> <span class='ocrx_word' id='word_1_440' title='bbox 1154 784 1269 818; x_wconf 79' lang='lat' dir='ltr'><strong>suﬂicit,</strong></span> <span class='ocrx_word' id='word_1_441' title='bbox 1282 789 1313 812; x_wconf 92' lang='lat' dir='ltr'><strong>ut</strong></span> <span class='ocrx_word' id='word_1_442' title='bbox 1328 785 1362 813; x_wconf 90' lang='lat' dir='ltr'><strong>de</strong></span> <span class='ocrx_word' id='word_1_443' title='bbox 1374 785 1530 812; x_wconf 85' lang='lat' dir='ltr'><strong>certissima</strong></span> <span class='ocrx_word' id='word_1_444' title='bbox 1551 784 1723 820; x_wconf 66' lang='lat' dir='ltr'><strong>praescientia</strong></span> <span class='ocrx_word' id='word_1_445' title='bbox 1735 785 1814 812; x_wconf 85' lang='lat' dir='ltr'><strong>certis-</strong></span> <span class='ocrx_word' id='word_1_446' title='bbox 1853 800 1854 815; x_wconf 62' lang='grc' dir='ltr'>ι</span> 
     </span>
    </p>
   </div>
   <div class='ocr_carea' id='block_1_61' title="bbox 1014 828 1854 866">
    <p class='ocr_par' dir='ltr' id='par_1_61' title="bbox 1014 828 1854 866">
     <span class='ocr_line' id='line_1_61' title="bbox 1014 828 1854 866; baseline -0.001 -9"><span class='ocrx_word' id='word_1_447' title='bbox 1014 828 1036 857; x_wconf 86' lang='grc' dir='ltr'><strong>Β</strong></span> <span class='ocrx_word' id='word_1_448' title='bbox 1051 830 1148 858; x_wconf 89' lang='lat' dir='ltr'><strong>simam</strong></span> <span class='ocrx_word' id='word_1_449' title='bbox 1164 831 1310 858; x_wconf 86' lang='lat' dir='ltr'><strong>scientiam</strong></span> <span class='ocrx_word' id='word_1_450' title='bbox 1327 831 1448 866; x_wconf 83' lang='lat' dir='ltr'><strong>capiant,</strong></span> <span class='ocrx_word' id='word_1_451' title='bbox 1464 834 1491 858; x_wconf 91' lang='lat' dir='ltr'><strong>et</strong></span> <span class='ocrx_word' id='word_1_452' title='bbox 1505 830 1539 858; x_wconf 90' lang='lat' dir='ltr'><strong>de</strong></span> <span class='ocrx_word' id='word_1_453' title='bbox 1554 833 1656 857; x_wconf 59' lang='lat' dir='ltr'><strong>caetero</strong></span> <span class='ocrx_word' id='word_1_454' title='bbox 1670 830 1814 864; x_wconf 81' lang='lat' dir='ltr'><strong>requiesch</strong></span> <span class='ocrx_word' id='word_1_455' title='bbox 1853 830 1854 866; x_wconf 46' lang='grc' dir='ltr'>ἦ</span> 
     </span>
    </p>
   </div>
   <div class='ocr_carea' id='block_1_62' title="bbox 1049 876 1815 912">
    <p class='ocr_par' dir='ltr' id='par_1_62' title="bbox 1049 876 1815 912">
     <span class='ocr_line' id='line_1_62' title="bbox 1049 876 1815 912; baseline -0.004 -9"><span class='ocrx_word' id='word_1_456' title='bbox 1049 876 1169 904; x_wconf 86' lang='lat' dir='ltr'><strong>evidenti</strong></span> <span class='ocrx_word' id='word_1_457' title='bbox 1182 876 1321 912; x_wconf 86' lang='lat' dir='ltr'><strong>agnitione</strong></span> <span class='ocrx_word' id='word_1_458' title='bbox 1332 877 1459 904; x_wconf 87' lang='lat' dir='ltr'><strong>veritatis</strong></span> <span class='ocrx_word' id='word_1_459' title='bbox 1471 880 1631 911; x_wconf 80' lang='lat' dir='ltr'><strong>assumpta;</strong></span> <span class='ocrx_word' id='word_1_460' title='bbox 1643 879 1737 903; x_wconf 63' lang='lat' dir='ltr'><strong>caetera</strong></span> <span class='ocrx_word' id='word_1_461' title='bbox 1744 876 1815 902; x_wconf 71' lang='lat' dir='ltr'><strong>omnia</strong></span> 
     </span>
    </p>
   </div>
   <div class='ocr_carea' id='block_1_63' title="bbox 1049 920 1854 957">
    <p class='ocr_par' dir='ltr' id='par_1_63' title="bbox 1049 920 1854 957">
     <span class='ocr_line' id='line_1_63' title="bbox 1049 920 1854 957; baseline -0.004 -7"><span class='ocrx_word' id='word_1_462' title='bbox 1049 922 1230 950; x_wconf 81' lang='lat' dir='ltr'><strong>aestimatione</strong></span> <span class='ocrx_word' id='word_1_463' title='bbox 1257 925 1428 955; x_wconf 88' lang='lat' dir='ltr'><strong>tractantur,</strong></span> <span class='ocrx_word' id='word_1_464' title='bbox 1452 922 1482 949; x_wconf 91' lang='lat' dir='ltr'><strong>in</strong></span> <span class='ocrx_word' id='word_1_465' title='bbox 1507 921 1611 957; x_wconf 92' lang='lat' dir='ltr'><strong>quibus</strong></span> <span class='ocrx_word' id='word_1_466' title='bbox 1640 920 1741 948; x_wconf 81' lang='lat' dir='ltr'><strong>ﬁrmum</strong></span> <span class='ocrx_word' id='word_1_467' title='bbox 1764 920 1816 947; x_wconf 81' lang='lat' dir='ltr'><strong>nihil</strong></span> <span class='ocrx_word' id='word_1_468' title='bbox 1853 920 1854 956; x_wconf 64' lang='lat'>1</span> 
     </span>
    </p>
   </div>
   <div class='ocr_carea' id='block_1_64' title="bbox 1049 967 1854 1004">
    <p class='ocr_par' dir='ltr' id='par_1_64' title="bbox 1049 967 1854 1004">
     <span class='ocr_line' id='line_1_64' title="bbox 1049 967 1854 1004; baseline -0.005 -6"><span class='ocrx_word' id='word_1_469' title='bbox 1049 977 1111 998; x_wconf 86' lang='lat' dir='ltr'><strong>esse</strong></span> <span class='ocrx_word' id='word_1_470' title='bbox 1125 973 1225 1004; x_wconf 89' lang='lat' dir='ltr'><strong>potest.</strong></span> <span class='ocrx_word' id='word_1_471' title='bbox 1246 968 1315 1002; x_wconf 85' lang='lat' dir='ltr'><strong>Quis</strong></span> <span class='ocrx_word' id='word_1_472' title='bbox 1340 969 1413 996; x_wconf 92' lang='lat' dir='ltr'><strong>enim</strong></span> <span class='ocrx_word' id='word_1_473' title='bbox 1435 976 1527 997; x_wconf 91' lang='lat' dir='ltr'><strong>sermo</strong></span> <span class='ocrx_word' id='word_1_474' title='bbox 1553 975 1608 1000; x_wconf 73' lang='grc' dir='ltr'><strong>εει,</strong></span> <span class='ocrx_word' id='word_1_475' title='bbox 1627 968 1674 1004; x_wconf 91' lang='lat' dir='ltr'><strong>qui</strong></span> <span class='ocrx_word' id='word_1_476' title='bbox 1695 976 1745 995; x_wconf 86' lang='lat' dir='ltr'><strong>non</strong></span> <span class='ocrx_word' id='word_1_477' title='bbox 1763 967 1815 994; x_wconf 80' lang='lat' dir='ltr'><strong>reci-</strong></span> <span class='ocrx_word' id='word_1_478' title='bbox 1853 972 1854 1004; x_wconf 56' lang='grc' dir='ltr'>ξ</span> 
     </span>
    </p>
   </div>
   <div class='ocr_carea' id='block_1_65' title="bbox 1049 1014 1813 1050">
    <p class='ocr_par' dir='ltr' id='par_1_65' title="bbox 1049 1014 1813 1050">
     <span class='ocr_line' id='line_1_65' title="bbox 1049 1014 1813 1050; baseline 0.001 -8"><span class='ocrx_word' id='word_1_479' title='bbox 1049 1016 1107 1050; x_wconf 87' lang='lat' dir='ltr'><strong>piat</strong></span> <span class='ocrx_word' id='word_1_480' title='bbox 1131 1015 1398 1043; x_wconf 83' lang='lat' dir='ltr'><strong>contradictionem?</strong></span> <span class='ocrx_word' id='word_1_481' title='bbox 1422 1018 1450 1043; x_wconf 88' lang='lat' dir='ltr'><strong>et</strong></span> <span class='ocrx_word' id='word_1_482' title='bbox 1475 1023 1535 1050; x_wconf 67' lang='lat' dir='ltr'><strong>qua:</strong></span> <span class='ocrx_word' id='word_1_483' title='bbox 1561 1014 1752 1050; x_wconf 86' lang='lat' dir='ltr'><strong>argumentatio</strong></span> <span class='ocrx_word' id='word_1_484' title='bbox 1771 1018 1813 1043; x_wconf 72' lang='lat' dir='ltr'><strong>est.</strong></span> 
     </span>
    </p>
   </div>
   <div class='ocr_carea' id='block_1_66' title="bbox 1049 1059 1815 1098">
    <p class='ocr_par' dir='ltr' id='par_1_66' title="bbox 1049 1059 1815 1098">
     <span class='ocr_line' id='line_1_66' title="bbox 1049 1059 1815 1098; baseline -0.004 -9"><span class='ocrx_word' id='word_1_485' title='bbox 1049 1070 1110 1098; x_wconf 62' lang='lat' dir='ltr'><strong>qua</strong></span> <span class='ocrx_word' id='word_1_486' title='bbox 1125 1069 1180 1089; x_wconf 89' lang='lat' dir='ltr'><strong>non</strong></span> <span class='ocrx_word' id='word_1_487' title='bbox 1202 1062 1290 1098; x_wconf 85' lang='lat' dir='ltr'><strong>possit</strong></span> <span class='ocrx_word' id='word_1_488' title='bbox 1315 1061 1369 1090; x_wconf 85' lang='lat' dir='ltr'><strong>alia</strong></span> <span class='ocrx_word' id='word_1_489' title='bbox 1392 1061 1634 1096; x_wconf 86' lang='lat' dir='ltr'><strong>argumentatione</strong></span> <span class='ocrx_word' id='word_1_490' title='bbox 1655 1059 1815 1089; x_wconf 79' lang='lat' dir='ltr'><strong>subverti?£t</strong></span> 
     </span>
    </p>
   </div>
   <div class='ocr_carea' id='block_1_67' title="bbox 1050 1107 1815 1142">
    <p class='ocr_par' dir='ltr' id='par_1_67' title="bbox 1050 1107 1815 1142">
     <span class='ocr_line' id='line_1_67' title="bbox 1050 1107 1815 1142; baseline -0.001 -7"><span class='ocrx_word' id='word_1_491' title='bbox 1050 1108 1114 1135; x_wconf 92' lang='lat' dir='ltr'><strong>inde</strong></span> <span class='ocrx_word' id='word_1_492' title='bbox 1134 1111 1178 1136; x_wconf 90' lang='lat' dir='ltr'><strong>est</strong></span> <span class='ocrx_word' id='word_1_493' title='bbox 1201 1107 1276 1142; x_wconf 91' lang='lat' dir='ltr'><strong>quod</strong></span> <span class='ocrx_word' id='word_1_494' title='bbox 1294 1107 1329 1136; x_wconf 86' lang='lat' dir='ltr'><strong>ad</strong></span> <span class='ocrx_word' id='word_1_495' title='bbox 1351 1107 1455 1134; x_wconf 94' lang='lat' dir='ltr'><strong>nullum</strong></span> <span class='ocrx_word' id='word_1_496' title='bbox 1480 1107 1563 1134; x_wconf 86' lang='lat' dir='ltr'><strong>ﬁnem</strong></span> <span class='ocrx_word' id='word_1_497' title='bbox 1587 1107 1709 1135; x_wconf 64' lang='lat' dir='ltr'><strong>scientia!</strong></span> <span class='ocrx_word' id='word_1_498' title='bbox 1720 1111 1744 1135; x_wconf 90' lang='lat' dir='ltr'><strong>et</strong></span> <span class='ocrx_word' id='word_1_499' title='bbox 1759 1108 1815 1140; x_wconf 68' lang='lat' dir='ltr'><strong>agni-</strong></span> 
     </span>
    </p>
   </div>
   <div class='ocr_carea' id='block_1_68' title="bbox 1048 1152 1814 1190">
    <p class='ocr_par' dir='ltr' id='par_1_68' title="bbox 1048 1152 1814 1190">
     <span class='ocr_line' id='line_1_68' title="bbox 1048 1152 1814 1190; baseline -0.004 -9"><span class='ocrx_word' id='word_1_500' title='bbox 1048 1154 1133 1182; x_wconf 85' lang='lat' dir='ltr'><strong>tionis</strong></span> <span class='ocrx_word' id='word_1_501' title='bbox 1149 1161 1197 1189; x_wconf 85' lang='lat' dir='ltr'><strong>per</strong></span> <span class='ocrx_word' id='word_1_502' title='bbox 1212 1153 1368 1188; x_wconf 87' lang='lat' dir='ltr'><strong>hujusmodi</strong></span> <span class='ocrx_word' id='word_1_503' title='bbox 1389 1153 1606 1190; x_wconf 86' lang='lat' dir='ltr'><strong>disputationem</strong></span> <span class='ocrx_word' id='word_1_504' title='bbox 1630 1153 1764 1190; x_wconf 84' lang='lat' dir='ltr'><strong>pervenire</strong></span> <span class='ocrx_word' id='word_1_505' title='bbox 1779 1152 1814 1179; x_wconf 85' lang='lat' dir='ltr'><strong>ho-</strong></span> 
     </span>
    </p>
   </div>
   <div class='ocr_carea' id='block_1_69' title="bbox 1049 1198 1814 1237">
    <p class='ocr_par' dir='ltr' id='par_1_69' title="bbox 1049 1198 1814 1237">
     <span class='ocr_line' id='line_1_69' title="bbox 1049 1198 1814 1237; baseline -0.007 -8"><span class='ocrx_word' id='word_1_506' title='bbox 1049 1202 1137 1229; x_wconf 89' lang='lat' dir='ltr'><strong>mines</strong></span> <span class='ocrx_word' id='word_1_507' title='bbox 1170 1205 1304 1237; x_wconf 85' lang='lat' dir='ltr'><strong>possunt,</strong></span> <span class='ocrx_word' id='word_1_508' title='bbox 1332 1201 1468 1237; x_wconf 87' lang='lat' dir='ltr'><strong>priusque</strong></span> <span class='ocrx_word' id='word_1_509' title='bbox 1495 1201 1578 1229; x_wconf 82' lang='lat' dir='ltr'><strong>tinem</strong></span> <span class='ocrx_word' id='word_1_510' title='bbox 1609 1200 1673 1229; x_wconf 80' lang='lat' dir='ltr'><strong>vitae</strong></span> <span class='ocrx_word' id='word_1_511' title='bbox 1699 1198 1814 1226; x_wconf 86' lang='lat' dir='ltr'><strong>inveniqu</strong></span> 
     </span>
    </p>
   </div>
   <div class='ocr_carea' id='block_1_70' title="bbox 1049 1249 1348 1284">
    <p class='ocr_par' dir='ltr' id='par_1_70' title="bbox 1049 1249 1348 1284">
     <span class='ocr_line' id='line_1_70' title="bbox 1049 1249 1348 1284; baseline 0 -9"><span class='ocrx_word' id='word_1_512' title='bbox 1049 1256 1131 1284; x_wconf 93' lang='lat' dir='ltr'><strong>quam</strong></span> <span class='ocrx_word' id='word_1_513' title='bbox 1152 1249 1348 1284; x_wconf 43' lang='lat' dir='ltr'><strong>quaestionum.</strong></span> 
     </span>
    </p>
   </div>
   <div class='ocr_carea' id='block_1_71' title="bbox 1086 1291 1813 1322">
    <p class='ocr_par' dir='ltr' id='par_1_71' title="bbox 1086 1291 1813 1322">
     <span class='ocr_line' id='line_1_71' title="bbox 1086 1291 1813 1322; baseline -0.003 -1"><span class='ocrx_word' id='word_1_514' title='bbox 1086 1294 1167 1321; x_wconf 75' lang='lat' dir='ltr'><strong>LXll.</strong></span> <span class='ocrx_word' id='word_1_515' title='bbox 1188 1294 1221 1321; x_wconf 89' lang='lat' dir='ltr'><strong>Et</strong></span> <span class='ocrx_word' id='word_1_516' title='bbox 1241 1294 1302 1322; x_wconf 89' lang='lat' dir='ltr'><strong>ideo</strong></span> <span class='ocrx_word' id='word_1_517' title='bbox 1325 1301 1388 1321; x_wconf 81' lang='lat' dir='ltr'><strong>eum</strong></span> <span class='ocrx_word' id='word_1_518' title='bbox 1407 1294 1434 1321; x_wconf 94' lang='lat' dir='ltr'><strong>in</strong></span> <span class='ocrx_word' id='word_1_519' title='bbox 1448 1293 1492 1322; x_wconf 90' lang='lat' dir='ltr'><strong>his</strong></span> <span class='ocrx_word' id='word_1_520' title='bbox 1507 1294 1602 1321; x_wconf 89' lang='lat' dir='ltr'><strong>omnia</strong></span> <span class='ocrx_word' id='word_1_521' title='bbox 1629 1293 1770 1322; x_wconf 84' lang='lat' dir='ltr'><strong>habeantur</strong></span> <span class='ocrx_word' id='word_1_522' title='bbox 1783 1291 1813 1319; x_wconf 80' lang='lat' dir='ltr'><strong>in-</strong></span> 
     </span>
    </p>
   </div>
   <div class='ocr_carea' id='block_1_72' title="bbox 1049 1335 1854 1375">
    <p class='ocr_par' dir='ltr' id='par_1_72' title="bbox 1049 1335 1854 1375">
     <span class='ocr_line' id='line_1_72' title="bbox 1049 1335 1854 1375; baseline -0.004 -7"><span class='ocrx_word' id='word_1_523' title='bbox 1049 1345 1125 1369; x_wconf 88' lang='lat' dir='ltr'><strong>certa</strong></span> <span class='ocrx_word' id='word_1_524' title='bbox 1135 1360 1144 1374; x_wconf 89' lang='lat'><strong>,</strong></span> <span class='ocrx_word' id='word_1_525' title='bbox 1160 1341 1194 1368; x_wconf 93' lang='lat' dir='ltr'><strong>ad</strong></span> <span class='ocrx_word' id='word_1_526' title='bbox 1209 1348 1305 1368; x_wconf 88' lang='lat' dir='ltr'><strong>verum</strong></span> <span class='ocrx_word' id='word_1_527' title='bbox 1322 1340 1482 1375; x_wconf 81' lang='lat' dir='ltr'><strong>prophetam</strong></span> <span class='ocrx_word' id='word_1_528' title='bbox 1504 1340 1671 1368; x_wconf 88' lang='lat' dir='ltr'><strong>veniendum</strong></span> <span class='ocrx_word' id='word_1_529' title='bbox 1686 1344 1741 1373; x_wconf 78' lang='lat' dir='ltr'><strong>est,</strong></span> <span class='ocrx_word' id='word_1_530' title='bbox 1753 1346 1813 1374; x_wconf 81' lang='lat' dir='ltr'><strong>quem</strong></span> 
     </span>
    </p>
   </div>
   <div class='ocr_carea' id='block_1_73' title="bbox 1049 1386 1813 1422">
    <p class='ocr_par' dir='ltr' id='par_1_73' title="bbox 1049 1386 1813 1422">
     <span class='ocr_line' id='line_1_73' title="bbox 1049 1386 1813 1422; baseline -0.001 -8"><span class='ocrx_word' id='word_1_531' title='bbox 1049 1386 1122 1415; x_wconf 87' lang='lat' dir='ltr'><strong>Deus</strong></span> <span class='ocrx_word' id='word_1_532' title='bbox 1138 1386 1219 1414; x_wconf 81' lang='lat' dir='ltr'><strong>Pater</strong></span> <span class='ocrx_word' id='word_1_533' title='bbox 1235 1387 1330 1415; x_wconf 86' lang='lat' dir='ltr'><strong>volens</strong></span> <span class='ocrx_word' id='word_1_534' title='bbox 1345 1387 1380 1415; x_wconf 88' lang='lat' dir='ltr'><strong>ab</strong></span> <span class='ocrx_word' id='word_1_535' title='bbox 1394 1386 1523 1414; x_wconf 89' lang='lat' dir='ltr'><strong>omnibus</strong></span> <span class='ocrx_word' id='word_1_536' title='bbox 1538 1387 1636 1422; x_wconf 87' lang='lat' dir='ltr'><strong>diligi,</strong></span> <span class='ocrx_word' id='word_1_537' title='bbox 1650 1387 1705 1414; x_wconf 67' lang='lat' dir='ltr'><strong>haec</strong></span> <span class='ocrx_word' id='word_1_538' title='bbox 1717 1394 1768 1422; x_wconf 82' lang='lat' dir='ltr'><strong>qua:</strong></span> <span class='ocrx_word' id='word_1_539' title='bbox 1780 1386 1813 1412; x_wconf 84' lang='lat' dir='ltr'><strong>ho-</strong></span> 
     </span>
    </p>
   </div>
   <div class='ocr_carea' id='block_1_74' title="bbox 1049 1433 1813 1468">
    <p class='ocr_par' dir='ltr' id='par_1_74' title="bbox 1049 1433 1813 1468">
     <span class='ocr_line' id='line_1_74' title="bbox 1049 1433 1813 1468; baseline -0.003 -7"><span class='ocrx_word' id='word_1_540' title='bbox 1049 1434 1138 1461; x_wconf 84' lang='lat' dir='ltr'><strong>mines</strong></span> <span class='ocrx_word' id='word_1_541' title='bbox 1162 1434 1346 1464; x_wconf 79' lang='lat' dir='ltr'><strong>induxerunt,</strong></span> <span class='ocrx_word' id='word_1_542' title='bbox 1363 1433 1391 1460; x_wconf 93' lang='lat' dir='ltr'><strong>in</strong></span> <span class='ocrx_word' id='word_1_543' title='bbox 1410 1433 1513 1468; x_wconf 89' lang='lat' dir='ltr'><strong>quibus</strong></span> <span class='ocrx_word' id='word_1_544' title='bbox 1537 1433 1609 1460; x_wconf 90' lang='lat' dir='ltr'><strong>nihil</strong></span> <span class='ocrx_word' id='word_1_545' title='bbox 1634 1436 1722 1468; x_wconf 88' lang='lat' dir='ltr'><strong>potest</strong></span> <span class='ocrx_word' id='word_1_546' title='bbox 1742 1439 1813 1467; x_wconf 55' lang='lat' dir='ltr'><strong>appla-</strong></span> 
     </span>
    </p>
   </div>
   <div class='ocr_carea' id='block_1_75' title="bbox 1049 1478 1813 1515">
    <p class='ocr_par' dir='ltr' id='par_1_75' title="bbox 1049 1478 1813 1515">
     <span class='ocr_line' id='line_1_75' title="bbox 1049 1478 1813 1515; baseline 0 -9"><span class='ocrx_word' id='word_1_547' title='bbox 1049 1479 1131 1507; x_wconf 90' lang='lat' dir='ltr'><strong>hendi</strong></span> <span class='ocrx_word' id='word_1_548' title='bbox 1140 1499 1148 1511; x_wconf 92' lang='lat'><strong>,</strong></span> <span class='ocrx_word' id='word_1_549' title='bbox 1163 1479 1249 1507; x_wconf 91' lang='lat' dir='ltr'><strong>voluit</strong></span> <span class='ocrx_word' id='word_1_550' title='bbox 1264 1480 1374 1515; x_wconf 85' lang='lat' dir='ltr'><strong>penitus</strong></span> <span class='ocrx_word' id='word_1_551' title='bbox 1387 1480 1564 1515; x_wconf 75' lang='lat' dir='ltr'><strong>exstinguere</strong></span> <span class='ocrx_word' id='word_1_552' title='bbox 1575 1499 1583 1511; x_wconf 87' lang='lat'><strong>.</strong></span> <span class='ocrx_word' id='word_1_553' title='bbox 1598 1483 1630 1506; x_wconf 93' lang='lat' dir='ltr'><strong>ut</strong></span> <span class='ocrx_word' id='word_1_554' title='bbox 1641 1487 1674 1507; x_wconf 93' lang='lat' dir='ltr'><strong>eo</strong></span> <span class='ocrx_word' id='word_1_555' title='bbox 1688 1479 1763 1514; x_wconf 86' lang='lat' dir='ltr'><strong>magis</strong></span> <span class='ocrx_word' id='word_1_556' title='bbox 1777 1478 1813 1506; x_wconf 75' lang='lat' dir='ltr'><strong>ist!</strong></span> 
     </span>
    </p>
   </div>
   <div class='ocr_carea' id='block_1_76' title="bbox 1050 1525 1812 1562">
    <p class='ocr_par' dir='ltr' id='par_1_76' title="bbox 1050 1525 1812 1562">
     <span class='ocr_line' id='line_1_76' title="bbox 1050 1525 1812 1562; baseline -0.003 -8"><span class='ocrx_word' id='word_1_557' title='bbox 1050 1530 1237 1562; x_wconf 57' lang='lat' dir='ltr'><strong>quereretur,</strong></span> <span class='ocrx_word' id='word_1_558' title='bbox 1264 1530 1292 1554; x_wconf 87' lang='lat' dir='ltr'><strong>ct</strong></span> <span class='ocrx_word' id='word_1_559' title='bbox 1316 1534 1397 1562; x_wconf 88' lang='lat' dir='ltr'><strong>quem</strong></span> <span class='ocrx_word' id='word_1_560' title='bbox 1413 1527 1453 1554; x_wconf 91' lang='lat' dir='ltr'><strong>illi</strong></span> <span class='ocrx_word' id='word_1_561' title='bbox 1475 1527 1676 1560; x_wconf 85' lang='lat' dir='ltr'><strong>obcluserant,</strong></span> <span class='ocrx_word' id='word_1_562' title='bbox 1691 1526 1731 1554; x_wconf 87' lang='lat' dir='ltr'><strong>hic</strong></span> <span class='ocrx_word' id='word_1_563' title='bbox 1749 1525 1812 1554; x_wconf 72' lang='lat' dir='ltr'><strong>homi-</strong></span> 
     </span>
    </p>
   </div>
   <div class='ocr_carea' id='block_1_77' title="bbox 1052 1571 1813 1609">
    <p class='ocr_par' dir='ltr' id='par_1_77' title="bbox 1052 1571 1813 1609">
     <span class='ocr_line' id='line_1_77' title="bbox 1052 1571 1813 1609; baseline -0.003 -9"><span class='ocrx_word' id='word_1_564' title='bbox 1052 1573 1133 1601; x_wconf 88' lang='lat' dir='ltr'><strong>nibus</strong></span> <span class='ocrx_word' id='word_1_565' title='bbox 1154 1573 1227 1600; x_wconf 82' lang='lat' dir='ltr'><strong>viam</strong></span> <span class='ocrx_word' id='word_1_566' title='bbox 1247 1573 1373 1601; x_wconf 84' lang='lat' dir='ltr'><strong>veritatis</strong></span> <span class='ocrx_word' id='word_1_567' title='bbox 1395 1573 1523 1608; x_wconf 89' lang='lat' dir='ltr'><strong>aperiret.</strong></span> <span class='ocrx_word' id='word_1_568' title='bbox 1538 1572 1657 1609; x_wconf 79' lang='lat' dir='ltr'><strong>Propter</strong></span> <span class='ocrx_word' id='word_1_569' title='bbox 1677 1573 1744 1601; x_wconf 79' lang='lat' dir='ltr'><strong>hunc</strong></span> <span class='ocrx_word' id='word_1_570' title='bbox 1760 1571 1813 1600; x_wconf 72' lang='lat' dir='ltr'><strong>enim</strong></span> 
     </span>
    </p>
   </div>
   <div class='ocr_carea' id='block_1_78' title="bbox 1051 1617 1815 1654">
    <p class='ocr_par' dir='ltr' id='par_1_78' title="bbox 1051 1617 1815 1654">
     <span class='ocr_line' id='line_1_78' title="bbox 1051 1617 1815 1654; baseline -0.004 -7"><span class='ocrx_word' id='word_1_571' title='bbox 1051 1619 1125 1647; x_wconf 88' lang='lat' dir='ltr'><strong>Deus</strong></span> <span class='ocrx_word' id='word_1_572' title='bbox 1140 1619 1224 1647; x_wconf 87' lang='lat' dir='ltr'><strong>etiam</strong></span> <span class='ocrx_word' id='word_1_573' title='bbox 1236 1619 1368 1646; x_wconf 91' lang='lat' dir='ltr'><strong>mundum</strong></span> <span class='ocrx_word' id='word_1_574' title='bbox 1383 1618 1448 1646; x_wconf 77' lang='lat' dir='ltr'><strong>fecit</strong></span> <span class='ocrx_word' id='word_1_575' title='bbox 1463 1622 1490 1646; x_wconf 90' lang='lat' dir='ltr'><strong>et</strong></span> <span class='ocrx_word' id='word_1_576' title='bbox 1502 1618 1536 1646; x_wconf 81' lang='lat' dir='ltr'><strong>ab</strong></span> <span class='ocrx_word' id='word_1_577' title='bbox 1550 1618 1613 1654; x_wconf 87' lang='lat' dir='ltr'><strong>ipso</strong></span> <span class='ocrx_word' id='word_1_578' title='bbox 1627 1618 1740 1646; x_wconf 85' lang='lat' dir='ltr'><strong>mundus</strong></span> <span class='ocrx_word' id='word_1_579' title='bbox 1749 1617 1815 1653; x_wconf 79' lang='lat' dir='ltr'><strong>reple-</strong></span> 
     </span>
    </p>
   </div>
   <div class='ocr_carea' id='block_1_79' title="bbox 1051 1662 1814 1700">
    <p class='ocr_par' dir='ltr' id='par_1_79' title="bbox 1051 1662 1814 1700">
     <span class='ocr_line' id='line_1_79' title="bbox 1051 1662 1814 1700; baseline -0.005 -7"><span class='ocrx_word' id='word_1_580' title='bbox 1051 1669 1097 1693; x_wconf 87' lang='lat' dir='ltr'><strong>tur</strong></span> <span class='ocrx_word' id='word_1_581' title='bbox 1106 1685 1113 1698; x_wconf 89' lang='lat'><strong>,</strong></span> <span class='ocrx_word' id='word_1_582' title='bbox 1129 1665 1203 1692; x_wconf 80' lang='lat' dir='ltr'><strong>unde</strong></span> <span class='ocrx_word' id='word_1_583' title='bbox 1218 1668 1246 1693; x_wconf 89' lang='lat' dir='ltr'><strong>et</strong></span> <span class='ocrx_word' id='word_1_584' title='bbox 1260 1664 1446 1700; x_wconf 64' lang='lat' dir='ltr'><strong>quatrentibus</strong></span> <span class='ocrx_word' id='word_1_585' title='bbox 1457 1672 1488 1692; x_wconf 88' lang='lat' dir='ltr'><strong>se</strong></span> <span class='ocrx_word' id='word_1_586' title='bbox 1502 1663 1582 1691; x_wconf 89' lang='lat' dir='ltr'><strong>adest</strong></span> <span class='ocrx_word' id='word_1_587' title='bbox 1603 1664 1718 1700; x_wconf 87' lang='lat' dir='ltr'><strong>ubique,</strong></span> <span class='ocrx_word' id='word_1_588' title='bbox 1731 1662 1814 1691; x_wconf 79' lang='lat' dir='ltr'><strong>etiamsi</strong></span> 
     </span>
    </p>
   </div>
   <div class='ocr_carea' id='block_1_80' title="bbox 1050 1710 1815 1746">
    <p class='ocr_par' dir='ltr' id='par_1_80' title="bbox 1050 1710 1815 1746">
     <span class='ocr_line' id='line_1_80' title="bbox 1050 1710 1815 1746; baseline -0.007 -6"><span class='ocrx_word' id='word_1_589' title='bbox 1050 1713 1079 1740; x_wconf 88' lang='lat' dir='ltr'><strong>in</strong></span> <span class='ocrx_word' id='word_1_590' title='bbox 1089 1711 1193 1740; x_wconf 90' lang='lat' dir='ltr'><strong>ultimis</strong></span> <span class='ocrx_word' id='word_1_591' title='bbox 1208 1715 1289 1739; x_wconf 69' lang='lat' dir='ltr'><strong>terra:</strong></span> <span class='ocrx_word' id='word_1_592' title='bbox 1304 1711 1405 1738; x_wconf 81' lang='lat' dir='ltr'><strong>ﬁnibus</strong></span> <span class='ocrx_word' id='word_1_593' title='bbox 1420 1715 1571 1746; x_wconf 66' lang='lat' dir='ltr'><strong>quaeratur.</strong></span> <span class='ocrx_word' id='word_1_594' title='bbox 1587 1710 1616 1738; x_wconf 88' lang='lat' dir='ltr'><strong>Si</strong></span> <span class='ocrx_word' id='word_1_595' title='bbox 1631 1718 1692 1739; x_wconf 89' lang='lat' dir='ltr'><strong>vero</strong></span> <span class='ocrx_word' id='word_1_596' title='bbox 1704 1717 1751 1738; x_wconf 81' lang='lat' dir='ltr'><strong>non</strong></span> <span class='ocrx_word' id='word_1_597' title='bbox 1764 1716 1815 1744; x_wconf 76' lang='lat' dir='ltr'><strong>pure</strong></span> 
     </span>
    </p>
   </div>
   <div class='ocr_carea' id='block_1_81' title="bbox 1050 1756 1814 1793">
    <p class='ocr_par' dir='ltr' id='par_1_81' title="bbox 1050 1756 1814 1793">
     <span class='ocr_line' id='line_1_81' title="bbox 1050 1756 1814 1793; baseline -0.004 -8"><span class='ocrx_word' id='word_1_598' title='bbox 1050 1765 1114 1786; x_wconf 90' lang='lat' dir='ltr'><strong>eum</strong></span> <span class='ocrx_word' id='word_1_599' title='bbox 1127 1758 1191 1793; x_wconf 89' lang='lat' dir='ltr'><strong>quis</strong></span> <span class='ocrx_word' id='word_1_600' title='bbox 1207 1765 1259 1785; x_wconf 80' lang='lat' dir='ltr'><strong>nec</strong></span> <span class='ocrx_word' id='word_1_601' title='bbox 1283 1762 1379 1785; x_wconf 87' lang='lat' dir='ltr'><strong>sancte</strong></span> <span class='ocrx_word' id='word_1_602' title='bbox 1394 1764 1484 1791; x_wconf 86' lang='lat' dir='ltr'><strong>neque</strong></span> <span class='ocrx_word' id='word_1_603' title='bbox 1500 1756 1618 1785; x_wconf 82' lang='lat' dir='ltr'><strong>ﬁdeliter</strong></span> <span class='ocrx_word' id='word_1_604' title='bbox 1639 1761 1748 1793; x_wconf 65' lang='lat' dir='ltr'><strong>quam,</strong></span> <span class='ocrx_word' id='word_1_605' title='bbox 1760 1756 1814 1783; x_wconf 84' lang='lat' dir='ltr'><strong>intra</strong></span> 
     </span>
    </p>
   </div>
   <div class='ocr_carea' id='block_1_82' title="bbox 1050 1802 1815 1840">
    <p class='ocr_par' dir='ltr' id='par_1_82' title="bbox 1050 1802 1815 1840">
     <span class='ocr_line' id='line_1_82' title="bbox 1050 1802 1815 1840; baseline -0.004 -9"><span class='ocrx_word' id='word_1_606' title='bbox 1050 1804 1141 1840; x_wconf 90' lang='lat' dir='ltr'><strong>ipsum</strong></span> <span class='ocrx_word' id='word_1_607' title='bbox 1156 1803 1267 1839; x_wconf 90' lang='lat' dir='ltr'><strong>quidem</strong></span> <span class='ocrx_word' id='word_1_608' title='bbox 1282 1806 1340 1836; x_wconf 88' lang='lat' dir='ltr'><strong>est,</strong></span> <span class='ocrx_word' id='word_1_609' title='bbox 1357 1803 1423 1838; x_wconf 89' lang='lat' dir='ltr'><strong>quia</strong></span> <span class='ocrx_word' id='word_1_610' title='bbox 1445 1802 1546 1837; x_wconf 90' lang='lat' dir='ltr'><strong>ubique</strong></span> <span class='ocrx_word' id='word_1_611' title='bbox 1560 1807 1605 1831; x_wconf 89' lang='lat' dir='ltr'><strong>est</strong></span> <span class='ocrx_word' id='word_1_612' title='bbox 1620 1808 1648 1831; x_wconf 93' lang='lat' dir='ltr'><strong>et</strong></span> <span class='ocrx_word' id='word_1_613' title='bbox 1662 1804 1729 1831; x_wconf 88' lang='lat' dir='ltr'><strong>intra</strong></span> <span class='ocrx_word' id='word_1_614' title='bbox 1739 1808 1815 1830; x_wconf 70' lang='lat' dir='ltr'><strong>senuit</strong></span> 
     </span>
    </p>
   </div>
   <div class='ocr_carea' id='block_1_83' title="bbox 1050 1844 1813 1882">
    <p class='ocr_par' dir='ltr' id='par_1_83' title="bbox 1050 1844 1813 1882">
     <span class='ocr_line' id='line_1_83' title="bbox 1050 1844 1813 1882; baseline -0.005 -6"><span class='ocrx_word' id='word_1_615' title='bbox 1050 1848 1173 1876; x_wconf 90' lang='lat' dir='ltr'><strong>omnium</strong></span> <span class='ocrx_word' id='word_1_616' title='bbox 1190 1847 1343 1879; x_wconf 88' lang='lat' dir='ltr'><strong>invenitur;</strong></span> <span class='ocrx_word' id='word_1_617' title='bbox 1361 1846 1425 1879; x_wconf 87' lang='lat' dir='ltr'><strong>sed,</strong></span> <span class='ocrx_word' id='word_1_618' title='bbox 1444 1851 1474 1874; x_wconf 94' lang='lat' dir='ltr'><strong>ut</strong></span> <span class='ocrx_word' id='word_1_619' title='bbox 1490 1854 1575 1882; x_wconf 89' lang='lat' dir='ltr'><strong>supra</strong></span> <span class='ocrx_word' id='word_1_620' title='bbox 1596 1847 1728 1878; x_wconf 86' lang='lat' dir='ltr'><strong>diximus,</strong></span> <span class='ocrx_word' id='word_1_621' title='bbox 1741 1844 1813 1873; x_wconf 77' lang='lat' dir='ltr'><strong>inlide-</strong></span> 
     </span>
    </p>
   </div>
   <div class='ocr_carea' id='block_1_84' title="bbox 1050 1893 1812 1928">
    <p class='ocr_par' dir='ltr' id='par_1_84' title="bbox 1050 1893 1812 1928">
     <span class='ocr_line' id='line_1_84' title="bbox 1050 1893 1812 1928; baseline -0.005 -6"><span class='ocrx_word' id='word_1_622' title='bbox 1050 1895 1122 1922; x_wconf 91' lang='lat' dir='ltr'><strong>libus</strong></span> <span class='ocrx_word' id='word_1_623' title='bbox 1140 1893 1243 1921; x_wconf 89' lang='lat' dir='ltr'><strong>dormit</strong></span> <span class='ocrx_word' id='word_1_624' title='bbox 1257 1896 1285 1920; x_wconf 89' lang='lat' dir='ltr'><strong>et</strong></span> <span class='ocrx_word' id='word_1_625' title='bbox 1299 1893 1401 1920; x_wconf 87' lang='lat' dir='ltr'><strong>absens</strong></span> <span class='ocrx_word' id='word_1_626' title='bbox 1423 1893 1540 1920; x_wconf 90' lang='lat' dir='ltr'><strong>habetur</strong></span> <span class='ocrx_word' id='word_1_627' title='bbox 1558 1893 1619 1925; x_wconf 84' lang='lat' dir='ltr'><strong>his,</strong></span> <span class='ocrx_word' id='word_1_628' title='bbox 1635 1893 1751 1928; x_wconf 85' lang='lat' dir='ltr'><strong>aquibus</strong></span> <span class='ocrx_word' id='word_1_629' title='bbox 1767 1897 1812 1918; x_wconf 77' lang='lat' dir='ltr'><strong>esse</strong></span> 
     </span>
    </p>
   </div>
   <div class='ocr_carea' id='block_1_85' title="bbox 1051 1937 1854 1975">
    <p class='ocr_par' dir='ltr' id='par_1_85' title="bbox 1051 1937 1854 1975">
     <span class='ocr_line' id='line_1_85' title="bbox 1051 1937 1854 1975; baseline -0.006 -7"><span class='ocrx_word' id='word_1_630' title='bbox 1051 1948 1106 1968; x_wconf 93' lang='lat' dir='ltr'><strong>non</strong></span> <span class='ocrx_word' id='word_1_631' title='bbox 1118 1939 1252 1968; x_wconf 86' lang='lat' dir='ltr'><strong>creditur.</strong></span> <span class='ocrx_word' id='word_1_632' title='bbox 1265 1939 1391 1975; x_wconf 91' lang='lat' dir='ltr'><strong>Cumque</strong></span> <span class='ocrx_word' id='word_1_633' title='bbox 1403 1939 1462 1967; x_wconf 77' lang='lat' dir='ltr'><strong>haec</strong></span> <span class='ocrx_word' id='word_1_634' title='bbox 1473 1942 1502 1966; x_wconf 89' lang='lat' dir='ltr'><strong>et</strong></span> <span class='ocrx_word' id='word_1_635' title='bbox 1514 1939 1567 1966; x_wconf 86' lang='lat' dir='ltr'><strong>alia</strong></span> <span class='ocrx_word' id='word_1_636' title='bbox 1580 1939 1730 1975; x_wconf 85' lang='lat' dir='ltr'><strong>hujusmodi</strong></span> <span class='ocrx_word' id='word_1_637' title='bbox 1739 1937 1813 1965; x_wconf 78' lang='lat' dir='ltr'><strong>Petrus</strong></span> <span class='ocrx_word' id='word_1_638' title='bbox 1853 1959 1854 1974; x_wconf 26' lang='grc' dir='ltr'>ἦ</span> 
     </span>
    </p>
   </div>
   <div class='ocr_carea' id='block_1_86' title="bbox 1050 1984 1810 2021">
    <p class='ocr_par' dir='ltr' id='par_1_86' title="bbox 1050 1984 1810 2021">
     <span class='ocr_line' id='line_1_86' title="bbox 1050 1984 1810 2021; baseline -0.001 -7"><span class='ocrx_word' id='word_1_639' title='bbox 1050 1986 1084 2014; x_wconf 90' lang='lat' dir='ltr'><strong>de</strong></span> <span class='ocrx_word' id='word_1_640' title='bbox 1097 1994 1162 2014; x_wconf 88' lang='lat' dir='ltr'><strong>vero</strong></span> <span class='ocrx_word' id='word_1_641' title='bbox 1178 1985 1311 2021; x_wconf 85' lang='lat' dir='ltr'><strong>propheta</strong></span> <span class='ocrx_word' id='word_1_642' title='bbox 1327 1990 1492 2021; x_wconf 87' lang='lat' dir='ltr'><strong>prosecutus</strong></span> <span class='ocrx_word' id='word_1_643' title='bbox 1507 1989 1601 2018; x_wconf 83' lang='lat' dir='ltr'><strong>esset,</strong></span> <span class='ocrx_word' id='word_1_644' title='bbox 1618 1986 1709 2014; x_wconf 82' lang='lat' dir='ltr'><strong>turbas</strong></span> <span class='ocrx_word' id='word_1_645' title='bbox 1722 1984 1810 2013; x_wconf 74' lang='lat' dir='ltr'><strong>dimisit.</strong></span> 
     </span>
    </p>
   </div>
   <div class='ocr_carea' id='block_1_87' title="bbox 1049 2033 1811 2068">
    <p class='ocr_par' dir='ltr' id='par_1_87' title="bbox 1049 2033 1811 2068">
     <span class='ocr_line' id='line_1_87' title="bbox 1049 2033 1811 2068; baseline -0.003 -8"><span class='ocrx_word' id='word_1_646' title='bbox 1049 2040 1143 2061; x_wconf 83' lang='lat' dir='ltr'><strong>senem</strong></span> <span class='ocrx_word' id='word_1_647' title='bbox 1157 2040 1223 2061; x_wconf 91' lang='lat' dir='ltr'><strong>vero</strong></span> <span class='ocrx_word' id='word_1_648' title='bbox 1236 2041 1299 2061; x_wconf 91' lang='lat' dir='ltr'><strong>cum</strong></span> <span class='ocrx_word' id='word_1_649' title='bbox 1315 2036 1440 2068; x_wconf 82' lang='lat' dir='ltr'><strong>rogasset</strong></span> <span class='ocrx_word' id='word_1_650' title='bbox 1453 2033 1604 2068; x_wconf 87' lang='lat' dir='ltr'><strong>plurimum</strong></span> <span class='ocrx_word' id='word_1_651' title='bbox 1620 2038 1766 2068; x_wconf 79' lang='lat' dir='ltr'><strong>permanere</strong></span> <span class='ocrx_word' id='word_1_652' title='bbox 1775 2037 1811 2057; x_wconf 82' lang='lat' dir='ltr'><strong>no-</strong></span> 
     </span>
    </p>
   </div>
   <div class='ocr_carea' id='block_1_88' title="bbox 1050 2077 1809 2115">
    <p class='ocr_par' dir='ltr' id='par_1_88' title="bbox 1050 2077 1809 2115">
     <span class='ocr_line' id='line_1_88' title="bbox 1050 2077 1809 2115; baseline 0 -9"><span class='ocrx_word' id='word_1_653' title='bbox 1050 2079 1157 2106; x_wconf 89' lang='lat' dir='ltr'><strong>biscum</strong></span> <span class='ocrx_word' id='word_1_654' title='bbox 1167 2097 1175 2111; x_wconf 87' lang='lat'><strong>,</strong></span> <span class='ocrx_word' id='word_1_655' title='bbox 1191 2078 1317 2106; x_wconf 88' lang='lat' dir='ltr'><strong>obtinere</strong></span> <span class='ocrx_word' id='word_1_656' title='bbox 1330 2086 1386 2106; x_wconf 88' lang='lat' dir='ltr'><strong>non</strong></span> <span class='ocrx_word' id='word_1_657' title='bbox 1401 2079 1490 2114; x_wconf 87' lang='lat' dir='ltr'><strong>potuit</strong></span> <span class='ocrx_word' id='word_1_658' title='bbox 1502 2099 1511 2112; x_wconf 91' lang='lat'><strong>,</strong></span> <span class='ocrx_word' id='word_1_659' title='bbox 1526 2079 1573 2107; x_wconf 87' lang='lat' dir='ltr'><strong>sed</strong></span> <span class='ocrx_word' id='word_1_660' title='bbox 1588 2084 1616 2108; x_wconf 90' lang='lat' dir='ltr'><strong>et</strong></span> <span class='ocrx_word' id='word_1_661' title='bbox 1629 2079 1686 2115; x_wconf 85' lang='lat' dir='ltr'><strong>ipse</strong></span> <span class='ocrx_word' id='word_1_662' title='bbox 1696 2077 1809 2106; x_wconf 62' lang='lat' dir='ltr'><strong>discutit.</strong></span> 
     </span>
    </p>
   </div>
   <div class='ocr_carea' id='block_1_89' title="bbox 1050 2125 1809 2162">
    <p class='ocr_par' dir='ltr' id='par_1_89' title="bbox 1050 2125 1809 2162">
     <span class='ocr_line' id='line_1_89' title="bbox 1050 2125 1809 2162; baseline -0.003 -10"><span class='ocrx_word' id='word_1_663' title='bbox 1050 2125 1104 2152; x_wconf 88' lang='lat' dir='ltr'><strong>alia</strong></span> <span class='ocrx_word' id='word_1_664' title='bbox 1119 2125 1165 2153; x_wconf 91' lang='lat' dir='ltr'><strong>die</strong></span> <span class='ocrx_word' id='word_1_665' title='bbox 1175 2125 1249 2153; x_wconf 88' lang='lat' dir='ltr'><strong>sicut</strong></span> <span class='ocrx_word' id='word_1_666' title='bbox 1263 2125 1402 2159; x_wconf 84' lang='lat' dir='ltr'><strong>placuerat</strong></span> <span class='ocrx_word' id='word_1_667' title='bbox 1423 2125 1576 2154; x_wconf 82' lang='lat' dir='ltr'><strong>rediturus.</strong></span> <span class='ocrx_word' id='word_1_668' title='bbox 1591 2125 1625 2154; x_wconf 81' lang='lat' dir='ltr'><strong>Et</strong></span> <span class='ocrx_word' id='word_1_669' title='bbox 1640 2129 1699 2162; x_wconf 79' lang='lat' dir='ltr'><strong>post</strong></span> <span class='ocrx_word' id='word_1_670' title='bbox 1709 2125 1758 2152; x_wconf 70' lang='lat' dir='ltr'><strong>hac</strong></span> <span class='ocrx_word' id='word_1_671' title='bbox 1772 2129 1809 2150; x_wconf 81' lang='lat' dir='ltr'><strong>nos</strong></span> 
     </span>
    </p>
   </div>
   <div class='ocr_carea' id='block_1_90' title="bbox 209 2169 1808 2207">
    <p class='ocr_par' dir='ltr' id='par_1_90' title="bbox 209 2169 1808 2207">
     <span class='ocr_line' id='line_1_90' title="bbox 209 2169 1808 2207; baseline 0.001 -10"><span class='ocrx_word' id='word_1_672' title='bbox 209 2170 370 2198; x_wconf 86' lang='lat' dir='ltr'><strong>mendaciis.</strong></span> <span class='ocrx_word' id='word_1_673' title='bbox 390 2170 424 2198; x_wconf 88' lang='lat' dir='ltr'><strong>Et</strong></span> <span class='ocrx_word' id='word_1_674' title='bbox 440 2178 504 2198; x_wconf 89' lang='lat' dir='ltr'><strong>cum</strong></span> <span class='ocrx_word' id='word_1_675' title='bbox 521 2171 565 2198; x_wconf 91' lang='lat' dir='ltr'><strong>his</strong></span> <span class='ocrx_word' id='word_1_676' title='bbox 580 2171 709 2199; x_wconf 89' lang='lat' dir='ltr'><strong>omnibus</strong></span> <span class='ocrx_word' id='word_1_677' title='bbox 731 2175 806 2198; x_wconf 92' lang='lat' dir='ltr'><strong>recto</strong></span> <span class='ocrx_word' id='word_1_678' title='bbox 820 2171 925 2205; x_wconf 88' lang='lat' dir='ltr'><strong>judicio</strong></span> <span class='ocrx_word' id='word_1_679' title='bbox 941 2171 999 2198; x_wconf 88' lang='lat' dir='ltr'><strong>dis—</strong></span> <span class='ocrx_word' id='word_1_680' title='bbox 1013 2177 1037 2205; x_wconf 81' lang='grc' dir='ltr'><strong>ι)</strong></span> <span class='ocrx_word' id='word_1_681' title='bbox 1051 2178 1107 2198; x_wconf 91' lang='lat' dir='ltr'><strong>una</strong></span> <span class='ocrx_word' id='word_1_682' title='bbox 1125 2179 1190 2198; x_wconf 89' lang='lat' dir='ltr'><strong>cum</strong></span> <span class='ocrx_word' id='word_1_683' title='bbox 1206 2170 1290 2198; x_wconf 87' lang='lat' dir='ltr'><strong>Petro</strong></span> <span class='ocrx_word' id='word_1_684' title='bbox 1312 2170 1431 2206; x_wconf 80' lang='lat' dir='ltr'><strong>ingressi</strong></span> <span class='ocrx_word' id='word_1_685' title='bbox 1454 2171 1624 2207; x_wconf 86' lang='lat' dir='ltr'><strong>hospitium,</strong></span> <span class='ocrx_word' id='word_1_686' title='bbox 1635 2172 1695 2200; x_wconf 86' lang='lat' dir='ltr'><strong>cibo</strong></span> <span class='ocrx_word' id='word_1_687' title='bbox 1707 2174 1730 2199; x_wconf 86' lang='lat' dir='ltr'><strong>et</strong></span> <span class='ocrx_word' id='word_1_688' title='bbox 1741 2169 1808 2205; x_wconf 71' lang='lat' dir='ltr'><strong>quiete</strong></span> 
     </span>
    </p>
   </div>
   <div class='ocr_carea' id='block_1_91' title="bbox 209 2215 998 2252">
    <p class='ocr_par' dir='ltr' id='par_1_91' title="bbox 209 2215 998 2252">
     <span class='ocr_line' id='line_1_91' title="bbox 209 2215 998 2252; baseline 0.003 -10"><span class='ocrx_word' id='word_1_689' title='bbox 209 2215 316 2247; x_wconf 83' lang='lat' dir='ltr'><strong>cussis.</strong></span> <span class='ocrx_word' id='word_1_690' title='bbox 336 2216 421 2244; x_wconf 91' lang='lat' dir='ltr'><strong>verba</strong></span> <span class='ocrx_word' id='word_1_691' title='bbox 445 2217 601 2245; x_wconf 88' lang='lat' dir='ltr'><strong>constiterit</strong></span> <span class='ocrx_word' id='word_1_692' title='bbox 621 2224 684 2244; x_wconf 88' lang='lat' dir='ltr'><strong>esse</strong></span> <span class='ocrx_word' id='word_1_693' title='bbox 706 2217 883 2252; x_wconf 78' lang='lat' dir='ltr'><strong>prophetica,</strong></span> <span class='ocrx_word' id='word_1_694' title='bbox 896 2217 934 2244; x_wconf 92' lang='lat' dir='ltr'><strong>ita</strong></span> <span class='ocrx_word' id='word_1_695' title='bbox 949 2216 998 2244; x_wconf 89' lang='lat' dir='ltr'><strong>de-</strong></span> 
     </span>
    </p>
   </div>
   <div class='ocr_carea' id='block_1_92' title="bbox 1051 2217 1265 2245">
    <p class='ocr_par' dir='ltr' id='par_1_92' title="bbox 1051 2217 1265 2245">
     <span class='ocr_line' id='line_1_92' title="bbox 1051 2217 1265 2245; baseline 0 -1"><span class='ocrx_word' id='word_1_696' title='bbox 1051 2217 1135 2245; x_wconf 88' lang='lat' dir='ltr'><strong>solito</strong></span> <span class='ocrx_word' id='word_1_697' title='bbox 1150 2217 1265 2245; x_wconf 88' lang='lat' dir='ltr'><strong>utimur.</strong></span> 
     </span>
    </p>
   </div>
   <div class='ocr_carea' id='block_1_93' title="bbox 216 2290 1793 2304">
    <p class='ocr_par' dir='ltr' id='par_1_93' title="bbox 216 2290 1793 2304">
     <span class='ocr_line' id='line_1_93' title="bbox 216 2290 1793 2304; baseline -0.003 -2"><span class='ocrx_word' id='word_1_698' title='bbox 216 2290 1793 2304; x_wconf 64' lang='lat'><strong>.._..—___________________—________.</strong></span> 
     </span>
    </p>
   </div>
   <div class='ocr_carea' id='block_1_94' title="bbox 804 2353 1260 2400">
    <p class='ocr_par' dir='ltr' id='par_1_94' title="bbox 804 2353 1260 2400">
     <span class='ocr_line' id='line_1_94' title="bbox 804 2353 1260 2400; baseline 0.004 -2"><span class='ocrx_word' id='word_1_699' title='bbox 804 2355 982 2400; x_wconf 77' lang='lat' dir='ltr'><strong>LIBER</strong></span> <span class='ocrx_word' id='word_1_700' title='bbox 1031 2353 1260 2400; x_wconf 89' lang='lat' dir='ltr'><strong>NONUS.</strong></span> 
     </span>
    </p>
   </div>
   <div class='ocr_carea' id='block_1_95' title="bbox 246 2496 998 2533">
    <p class='ocr_par' dir='ltr' id='par_1_95' title="bbox 246 2496 998 2533">
     <span class='ocr_line' id='line_1_95' title="bbox 246 2496 998 2533; baseline 0 -8"><span class='ocrx_word' id='word_1_701' title='bbox 246 2499 266 2525; x_wconf 96' lang='grc' dir='ltr'>Ι.</span> <span class='ocrx_word' id='word_1_702' title='bbox 289 2497 419 2533; x_wconf 84' lang='lat' dir='ltr'><strong>Sequenti</strong></span> <span class='ocrx_word' id='word_1_703' title='bbox 434 2497 478 2524; x_wconf 89' lang='lat' dir='ltr'><strong>die</strong></span> <span class='ocrx_word' id='word_1_704' title='bbox 493 2496 590 2524; x_wconf 85' lang='lat' dir='ltr'><strong>Petrus</strong></span> <span class='ocrx_word' id='word_1_705' title='bbox 605 2504 659 2523; x_wconf 88' lang='lat' dir='ltr'><strong>una</strong></span> <span class='ocrx_word' id='word_1_706' title='bbox 675 2496 820 2524; x_wconf 82' lang='lat' dir='ltr'><strong>nobiscum</strong></span> <span class='ocrx_word' id='word_1_707' title='bbox 844 2500 953 2525; x_wconf 86' lang='lat' dir='ltr'><strong>mature</strong></span> <span class='ocrx_word' id='word_1_708' title='bbox 964 2497 998 2525; x_wconf 89' lang='lat' dir='ltr'><strong>ad</strong></span> 
     </span>
    </p>
   </div>
   <div class='ocr_carea' id='block_1_96' title="bbox 209 2541 1000 2579">
    <p class='ocr_par' dir='ltr' id='par_1_96' title="bbox 209 2541 1000 2579">
     <span class='ocr_line' id='line_1_96' title="bbox 209 2541 1000 2579; baseline -0.003 -7"><span class='ocrx_word' id='word_1_709' title='bbox 209 2545 318 2577; x_wconf 87' lang='lat' dir='ltr'><strong>locum,</strong></span> <span class='ocrx_word' id='word_1_710' title='bbox 335 2544 363 2571; x_wconf 92' lang='lat' dir='ltr'><strong>in</strong></span> <span class='ocrx_word' id='word_1_711' title='bbox 375 2551 429 2579; x_wconf 89' lang='lat' dir='ltr'><strong>quo</strong></span> <span class='ocrx_word' id='word_1_712' title='bbox 445 2543 533 2578; x_wconf 86' lang='lat' dir='ltr'><strong>pridie</strong></span> <span class='ocrx_word' id='word_1_713' title='bbox 547 2542 641 2570; x_wconf 86' lang='lat' dir='ltr'><strong>habita</strong></span> <span class='ocrx_word' id='word_1_714' title='bbox 655 2542 744 2570; x_wconf 78' lang='lat' dir='ltr'><strong>fuerat</strong></span> <span class='ocrx_word' id='word_1_715' title='bbox 759 2541 921 2578; x_wconf 85' lang='lat' dir='ltr'><strong>disputatio.</strong></span> <span class='ocrx_word' id='word_1_716' title='bbox 934 2550 1000 2579; x_wconf 83' lang='lat' dir='ltr'><strong>pro-</strong></span> 
     </span>
    </p>
   </div>
   <div class='ocr_carea' id='block_1_97' title="bbox 208 2589 998 2627">
    <p class='ocr_par' dir='ltr' id='par_1_97' title="bbox 208 2589 998 2627">
     <span class='ocr_line' id='line_1_97' title="bbox 208 2589 998 2627; baseline -0.001 -9"><span class='ocrx_word' id='word_1_717' title='bbox 208 2592 331 2627; x_wconf 86' lang='lat' dir='ltr'><strong>peravit,</strong></span> <span class='ocrx_word' id='word_1_718' title='bbox 346 2594 429 2626; x_wconf 88' lang='lat' dir='ltr'><strong>atque</strong></span> <span class='ocrx_word' id='word_1_719' title='bbox 440 2590 478 2618; x_wconf 89' lang='lat' dir='ltr'><strong>ibi</strong></span> <span class='ocrx_word' id='word_1_720' title='bbox 493 2597 553 2617; x_wconf 93' lang='lat' dir='ltr'><strong>cum</strong></span> <span class='ocrx_word' id='word_1_721' title='bbox 566 2589 698 2624; x_wconf 90' lang='lat' dir='ltr'><strong>plurimas</strong></span> <span class='ocrx_word' id='word_1_722' title='bbox 709 2589 766 2624; x_wconf 90' lang='lat' dir='ltr'><strong>jam</strong></span> <span class='ocrx_word' id='word_1_723' title='bbox 782 2589 815 2616; x_wconf 92' lang='lat' dir='ltr'><strong>ad</strong></span> <span class='ocrx_word' id='word_1_724' title='bbox 832 2589 998 2617; x_wconf 89' lang='lat' dir='ltr'><strong>audiendum</strong></span> 
     </span>
    </p>
   </div>
   <div class='ocr_carea' id='block_1_98' title="bbox 208 2635 999 2667">
    <p class='ocr_par' dir='ltr' id='par_1_98' title="bbox 208 2635 999 2667">
     <span class='ocr_line' id='line_1_98' title="bbox 208 2635 999 2667; baseline -0.003 -2"><span class='ocrx_word' id='word_1_725' title='bbox 208 2638 371 2666; x_wconf 85' lang='lat' dir='ltr'><strong>convenisse</strong></span> <span class='ocrx_word' id='word_1_726' title='bbox 384 2637 480 2663; x_wconf 89' lang='lat' dir='ltr'><strong>turbas</strong></span> <span class='ocrx_word' id='word_1_727' title='bbox 491 2640 517 2663; x_wconf 91' lang='lat' dir='ltr'><strong>et</strong></span> <span class='ocrx_word' id='word_1_728' title='bbox 530 2643 622 2663; x_wconf 88' lang='lat' dir='ltr'><strong>senem</strong></span> <span class='ocrx_word' id='word_1_729' title='bbox 638 2643 701 2662; x_wconf 92' lang='lat' dir='ltr'><strong>cum</strong></span> <span class='ocrx_word' id='word_1_730' title='bbox 721 2635 762 2663; x_wconf 89' lang='lat' dir='ltr'><strong>eis</strong></span> <span class='ocrx_word' id='word_1_731' title='bbox 776 2635 897 2667; x_wconf 87' lang='lat' dir='ltr'><strong>videret,</strong></span> <span class='ocrx_word' id='word_1_732' title='bbox 913 2635 951 2663; x_wconf 91' lang='lat' dir='ltr'><strong>ait</strong></span> <span class='ocrx_word' id='word_1_733' title='bbox 963 2635 999 2663; x_wconf 83' lang='lat' dir='ltr'><strong>ad</strong></span> 
     </span>
    </p>
   </div>
   <div class='ocr_carea' id='block_1_99' title="bbox 209 2681 999 2717">
    <p class='ocr_par' dir='ltr' id='par_1_99' title="bbox 209 2681 999 2717">
     <span class='ocr_line' id='line_1_99' title="bbox 209 2681 999 2717; baseline -0.004 -6"><span class='ocrx_word' id='word_1_734' title='bbox 209 2691 272 2711; x_wconf 88' lang='lat' dir='ltr'><strong>eum</strong></span> <span class='ocrx_word' id='word_1_735' title='bbox 288 2693 295 2711; x_wconf 94' lang='lat'>:</span> <span class='ocrx_word' id='word_1_736' title='bbox 312 2683 446 2711; x_wconf 84' lang='lat' dir='ltr'><strong>Hesterna</strong></span> <span class='ocrx_word' id='word_1_737' title='bbox 469 2682 531 2714; x_wconf 88' lang='lat' dir='ltr'><strong>dic,</strong></span> <span class='ocrx_word' id='word_1_738' title='bbox 548 2689 564 2708; x_wconf 83' lang='grc' dir='ltr'><strong>ο</strong></span> <span class='ocrx_word' id='word_1_739' title='bbox 580 2689 680 2714; x_wconf 82' lang='lat' dir='ltr'><strong>senex,</strong></span> <span class='ocrx_word' id='word_1_740' title='bbox 696 2688 760 2709; x_wconf 91' lang='lat' dir='ltr'><strong>cum</strong></span> <span class='ocrx_word' id='word_1_741' title='bbox 777 2681 917 2709; x_wconf 82' lang='lat' dir='ltr'><strong>Clemente</strong></span> <span class='ocrx_word' id='word_1_742' title='bbox 939 2682 999 2717; x_wconf 88' lang='lat' dir='ltr'><strong>pla-</strong></span> 
     </span>
    </p>
   </div>
   <div class='ocr_carea' id='block_1_100' title="bbox 210 2726 999 2760">
    <p class='ocr_par' dir='ltr' id='par_1_100' title="bbox 210 2726 999 2760">
     <span class='ocr_line' id='line_1_100' title="bbox 210 2726 999 2760; baseline 0.001 -4"><span class='ocrx_word' id='word_1_743' title='bbox 210 2733 307 2757; x_wconf 88' lang='lat' dir='ltr'><strong>cuerat</strong></span> <span class='ocrx_word' id='word_1_744' title='bbox 320 2733 350 2756; x_wconf 92' lang='lat' dir='ltr'><strong>ut</strong></span> <span class='ocrx_word' id='word_1_745' title='bbox 363 2728 444 2756; x_wconf 89' lang='lat' dir='ltr'><strong>hodie</strong></span> <span class='ocrx_word' id='word_1_746' title='bbox 468 2735 559 2756; x_wconf 88' lang='lat' dir='ltr'><strong>sermo</strong></span> <span class='ocrx_word' id='word_1_747' title='bbox 579 2726 673 2760; x_wconf 83' lang='lat' dir='ltr'><strong>ﬁeret,</strong></span> <span class='ocrx_word' id='word_1_748' title='bbox 688 2731 716 2755; x_wconf 92' lang='lat' dir='ltr'><strong>et</strong></span> <span class='ocrx_word' id='word_1_749' title='bbox 731 2732 777 2755; x_wconf 92' lang='lat' dir='ltr'><strong>aut</strong></span> <span class='ocrx_word' id='word_1_750' title='bbox 791 2733 821 2756; x_wconf 89' lang='lat' dir='ltr'><strong>tu</strong></span> <span class='ocrx_word' id='word_1_751' title='bbox 840 2729 999 2757; x_wconf 88' lang='lat' dir='ltr'><strong>ostenderes</strong></span> 
     </span>
    </p>
   </div>
   <div class='ocr_carea' id='block_1_101' title="bbox 246 2784 421 2819">
    <p class='ocr_par' dir='ltr' id='par_1_101' title="bbox 246 2784 421 2819">
     <span class='ocr_line' id='line_1_101' title="bbox 246 2784 421 2819; baseline 0.006 -8"><span class='ocrx_word' id='word_1_752' title='bbox 246 2785 266 2800; x_wconf 81' lang='lat'><strong>&quot;</strong></span> <span class='ocrx_word' id='word_1_753' title='bbox 284 2784 348 2819; x_wconf 88' lang='lat' dir='ltr'><strong>Sap.</strong></span> <span class='ocrx_word' id='word_1_754' title='bbox 362 2793 381 2816; x_wconf 81' lang='grc' dir='ltr'><strong>ι,</strong></span> <span class='ocrx_word' id='word_1_755' title='bbox 394 2785 421 2812; x_wconf 73' lang='grc'><strong>4.</strong></span> 
     </span>
    </p>
   </div>
   <div class='ocr_carea' id='block_1_102' title="bbox 1050 2499 1804 2536">
    <p class='ocr_par' dir='ltr' id='par_1_102' title="bbox 1050 2499 1804 2536">
     <span class='ocr_line' id='line_1_102' title="bbox 1050 2499 1804 2536; baseline 0.008 -10"><span class='ocrx_word' id='word_1_756' title='bbox 1050 2499 1120 2527; x_wconf 91' lang='lat' dir='ltr'><strong>nihil</strong></span> <span class='ocrx_word' id='word_1_757' title='bbox 1135 2504 1212 2528; x_wconf 84' lang='lat' dir='ltr'><strong>extra</strong></span> <span class='ocrx_word' id='word_1_758' title='bbox 1228 2501 1352 2536; x_wconf 89' lang='lat' dir='ltr'><strong>genesim</strong></span> <span class='ocrx_word' id='word_1_759' title='bbox 1366 2500 1425 2528; x_wconf 81' lang='lat' dir='ltr'><strong>ﬁeri</strong></span> <span class='ocrx_word' id='word_1_760' title='bbox 1435 2520 1444 2533; x_wconf 86' lang='lat'><strong>,</strong></span> <span class='ocrx_word' id='word_1_761' title='bbox 1460 2505 1508 2528; x_wconf 86' lang='lat' dir='ltr'><strong>aut</strong></span> <span class='ocrx_word' id='word_1_762' title='bbox 1520 2500 1648 2530; x_wconf 81' lang='lat' dir='ltr'><strong>Clemens</strong></span> <span class='ocrx_word' id='word_1_763' title='bbox 1668 2500 1760 2528; x_wconf 62' lang='lat' dir='ltr'><strong>docerei</strong></span> <span class='ocrx_word' id='word_1_764' title='bbox 1771 2504 1804 2532; x_wconf 70' lang='grc' dir='ltr'><strong>ει·</strong></span> 
     </span>
    </p>
   </div>
   <div class='ocr_carea' id='block_1_103' title="bbox 1051 2545 1803 2583">
    <p class='ocr_par' dir='ltr' id='par_1_103' title="bbox 1051 2545 1803 2583">
     <span class='ocr_line' id='line_1_103' title="bbox 1051 2545 1803 2583; baseline -0.001 -10"><span class='ocrx_word' id='word_1_765' title='bbox 1051 2547 1139 2574; x_wconf 89' lang='lat' dir='ltr'><strong>nesim</strong></span> <span class='ocrx_word' id='word_1_766' title='bbox 1155 2554 1211 2574; x_wconf 92' lang='lat' dir='ltr'><strong>non</strong></span> <span class='ocrx_word' id='word_1_767' title='bbox 1225 2554 1288 2575; x_wconf 85' lang='lat' dir='ltr'><strong>esse</strong></span> <span class='ocrx_word' id='word_1_768' title='bbox 1302 2545 1362 2583; x_wconf 71' lang='lat' dir='ltr'><strong>[sed</strong></span> <span class='ocrx_word' id='word_1_769' title='bbox 1378 2546 1406 2574; x_wconf 91' lang='lat' dir='ltr'><strong>in</strong></span> <span class='ocrx_word' id='word_1_770' title='bbox 1421 2547 1502 2575; x_wconf 84' lang='lat' dir='ltr'><strong>nobis</strong></span> <span class='ocrx_word' id='word_1_771' title='bbox 1514 2551 1542 2575; x_wconf 90' lang='lat' dir='ltr'><strong>et</strong></span> <span class='ocrx_word' id='word_1_772' title='bbox 1556 2547 1585 2575; x_wconf 89' lang='lat' dir='ltr'><strong>in</strong></span> <span class='ocrx_word' id='word_1_773' title='bbox 1600 2552 1690 2576; x_wconf 85' lang='lat' dir='ltr'><strong>nostra</strong></span> <span class='ocrx_word' id='word_1_774' title='bbox 1702 2547 1803 2581; x_wconf 74' lang='lat' dir='ltr'><strong>potestate</strong></span> 
     </span>
    </p>
   </div>
   <div class='ocr_carea' id='block_1_104' title="bbox 1051 2587 1802 2629">
    <p class='ocr_par' dir='ltr' id='par_1_104' title="bbox 1051 2587 1802 2629">
     <span class='ocr_line' id='line_1_104' title="bbox 1051 2587 1802 2629; baseline -0.008 -9"><span class='ocrx_word' id='word_1_775' title='bbox 1051 2592 1145 2620; x_wconf 88' lang='lat' dir='ltr'><strong>haberi</strong></span> <span class='ocrx_word' id='word_1_776' title='bbox 1166 2601 1227 2629; x_wconf 73' lang='lat' dir='ltr'><strong>qua:</strong></span> <span class='ocrx_word' id='word_1_777' title='bbox 1240 2593 1383 2629; x_wconf 80' lang='lat' dir='ltr'><strong>gerimus].</strong></span> <span class='ocrx_word' id='word_1_778' title='bbox 1395 2593 1437 2621; x_wconf 83' lang='lat' dir='ltr'><strong>Ad</strong></span> <span class='ocrx_word' id='word_1_779' title='bbox 1452 2593 1512 2621; x_wconf 65' lang='lat' dir='ltr'><strong>haec</strong></span> <span class='ocrx_word' id='word_1_780' title='bbox 1525 2602 1609 2622; x_wconf 82' lang='lat' dir='ltr'><strong>senex</strong></span> <span class='ocrx_word' id='word_1_781' title='bbox 1630 2591 1755 2629; x_wconf 82' lang='lat' dir='ltr'><strong>respondit</strong></span> <span class='ocrx_word' id='word_1_782' title='bbox 1765 2599 1770 2616; x_wconf 89' lang='lat'>:</span> <span class='ocrx_word' id='word_1_783' title='bbox 1780 2587 1802 2614; x_wconf 83' lang='lat' dir='ltr'><strong>n</strong></span> 
     </span>
    </p>
   </div>
   <div class='ocr_carea' id='block_1_105' title="bbox 1050 2639 1801 2675">
    <p class='ocr_par' dir='ltr' id='par_1_105' title="bbox 1050 2639 1801 2675">
     <span class='ocr_line' id='line_1_105' title="bbox 1050 2639 1801 2675; baseline 0.005 -9"><span class='ocrx_word' id='word_1_784' title='bbox 1050 2639 1116 2674; x_wconf 88' lang='lat' dir='ltr'><strong>quid</strong></span> <span class='ocrx_word' id='word_1_785' title='bbox 1143 2640 1276 2675; x_wconf 86' lang='lat' dir='ltr'><strong>placuerit</strong></span> <span class='ocrx_word' id='word_1_786' title='bbox 1300 2639 1432 2672; x_wconf 87' lang='lat' dir='ltr'><strong>memini,</strong></span> <span class='ocrx_word' id='word_1_787' title='bbox 1450 2643 1479 2667; x_wconf 84' lang='lat' dir='ltr'><strong>et</strong></span> <span class='ocrx_word' id='word_1_788' title='bbox 1502 2645 1550 2668; x_wconf 91' lang='lat' dir='ltr'><strong>tua</strong></span> <span class='ocrx_word' id='word_1_789' title='bbox 1571 2641 1653 2668; x_wconf 82' lang='lat' dir='ltr'><strong>verba</strong></span> <span class='ocrx_word' id='word_1_790' title='bbox 1675 2644 1742 2667; x_wconf 85' lang='lat' dir='ltr'><strong>teneo</strong></span> <span class='ocrx_word' id='word_1_791' title='bbox 1759 2640 1801 2670; x_wconf 67' lang='grc'><strong>’1³³</strong></span> 
     </span>
    </p>
   </div>
   <div class='ocr_carea' id='block_1_106' title="bbox 1051 2684 1800 2722">
    <p class='ocr_par' dir='ltr' id='par_1_106' title="bbox 1051 2684 1800 2722">
     <span class='ocr_line' id='line_1_106' title="bbox 1051 2684 1800 2722; baseline -0.004 -9"><span class='ocrx_word' id='word_1_792' title='bbox 1051 2691 1113 2721; x_wconf 89' lang='lat' dir='ltr'><strong>post</strong></span> <span class='ocrx_word' id='word_1_793' title='bbox 1127 2686 1270 2721; x_wconf 89' lang='lat' dir='ltr'><strong>pactiones</strong></span> <span class='ocrx_word' id='word_1_794' title='bbox 1285 2686 1394 2713; x_wconf 88' lang='lat' dir='ltr'><strong>locutus</strong></span> <span class='ocrx_word' id='word_1_795' title='bbox 1404 2686 1470 2719; x_wconf 82' lang='lat' dir='ltr'><strong>es“,</strong></span> <span class='ocrx_word' id='word_1_796' title='bbox 1486 2687 1587 2722; x_wconf 86' lang='lat' dir='ltr'><strong>quibus</strong></span> <span class='ocrx_word' id='word_1_797' title='bbox 1602 2686 1711 2714; x_wconf 87' lang='lat' dir='ltr'><strong>docuisti</strong></span> <span class='ocrx_word' id='word_1_798' title='bbox 1725 2684 1800 2716; x_wconf 78' lang='lat' dir='ltr'><strong>impos-</strong></span> 
     </span>
    </p>
   </div>
   <div class='ocr_carea' id='block_1_107' title="bbox 1053 2726 1799 2768">
    <p class='ocr_par' dir='ltr' id='par_1_107' title="bbox 1053 2726 1799 2768">
     <span class='ocr_line' id='line_1_107' title="bbox 1053 2726 1799 2768; baseline -0.011 -8"><span class='ocrx_word' id='word_1_799' title='bbox 1053 2731 1133 2759; x_wconf 86' lang='lat' dir='ltr'><strong>sibile</strong></span> <span class='ocrx_word' id='word_1_800' title='bbox 1152 2739 1214 2760; x_wconf 87' lang='lat' dir='ltr'><strong>esse</strong></span> <span class='ocrx_word' id='word_1_801' title='bbox 1229 2731 1333 2760; x_wconf 85' lang='lat' dir='ltr'><strong>homini</strong></span> <span class='ocrx_word' id='word_1_802' title='bbox 1353 2731 1425 2759; x_wconf 85' lang='lat' dir='ltr'><strong>scire</strong></span> <span class='ocrx_word' id='word_1_803' title='bbox 1448 2732 1553 2768; x_wconf 90' lang='lat' dir='ltr'><strong>aliquid</strong></span> <span class='ocrx_word' id='word_1_804' title='bbox 1563 2753 1572 2766; x_wconf 91' lang='lat'><strong>,</strong></span> <span class='ocrx_word' id='word_1_805' title='bbox 1587 2732 1641 2760; x_wconf 89' lang='lat' dir='ltr'><strong>nisi</strong></span> <span class='ocrx_word' id='word_1_806' title='bbox 1657 2740 1672 2760; x_wconf 93' lang='lat' dir='ltr'><strong>a</strong></span> <span class='ocrx_word' id='word_1_807' title='bbox 1684 2737 1740 2759; x_wconf 83' lang='lat' dir='ltr'><strong>vero</strong></span> <span class='ocrx_word' id='word_1_808' title='bbox 1751 2726 1799 2755; x_wconf 82' lang='lat' dir='ltr'><strong>Pro-</strong></span> 
     </span>
    </p>
   </div>
   <div class='ocr_carea' id='block_1_108' title="bbox 477 2784 1799 2825">
    <p class='ocr_par' dir='ltr' id='par_1_108' title="bbox 477 2784 1799 2825">
     <span class='ocr_line' id='line_1_108' title="bbox 477 2784 1799 2825; baseline 0.005 -15"><span class='ocrx_word' id='word_1_809' title='bbox 477 2785 499 2800; x_wconf 81' lang='lat'><strong><em>“</em></strong></span> <span class='ocrx_word' id='word_1_810' title='bbox 515 2784 543 2811; x_wconf 94' lang='lat' dir='ltr'><strong>ln</strong></span> <span class='ocrx_word' id='word_1_811' title='bbox 557 2785 638 2812; x_wconf 89' lang='lat' dir='ltr'><strong>codd.</strong></span> <span class='ocrx_word' id='word_1_812' title='bbox 654 2785 743 2825; x_wconf 80' lang='lat' dir='ltr'><strong>Lipss.</strong></span> <span class='ocrx_word' id='word_1_813' title='bbox 762 2786 871 2825; x_wconf 65' lang='lat' dir='ltr'><strong>omissis</strong></span> <span class='ocrx_word' id='word_1_814' title='bbox 885 2787 930 2819; x_wconf 89' lang='lat' dir='ltr'><strong>iis,</strong></span> <span class='ocrx_word' id='word_1_815' title='bbox 942 2795 1003 2822; x_wconf 60' lang='lat' dir='ltr'><strong>quae</strong></span> <span class='ocrx_word' id='word_1_816' title='bbox 1017 2796 1105 2825; x_wconf 86' lang='lat' dir='ltr'><strong>usque</strong></span> <span class='ocrx_word' id='word_1_817' title='bbox 1120 2789 1153 2817; x_wconf 89' lang='lat' dir='ltr'><strong>ad</strong></span> <span class='ocrx_word' id='word_1_818' title='bbox 1169 2797 1230 2825; x_wconf 82' lang='lat' dir='ltr'><strong>cap.</strong></span> <span class='ocrx_word' id='word_1_819' title='bbox 1248 2789 1282 2818; x_wconf 74' lang='grc'><strong>16</strong></span> <span class='ocrx_word' id='word_1_820' title='bbox 1294 2788 1365 2817; x_wconf 89' lang='lat' dir='ltr'><strong>med.</strong></span> <span class='ocrx_word' id='word_1_821' title='bbox 1381 2792 1545 2825; x_wconf 85' lang='lat' dir='ltr'><strong>sequuntur,</strong></span> <span class='ocrx_word' id='word_1_822' title='bbox 1561 2789 1602 2818; x_wconf 87' lang='lat' dir='ltr'><strong>sic</strong></span> <span class='ocrx_word' id='word_1_823' title='bbox 1615 2789 1725 2818; x_wconf 69' lang='lat' dir='ltr'><strong>luitur:</strong></span> <span class='ocrx_word' id='word_1_824' title='bbox 1739 2784 1799 2813; x_wconf 70' lang='lat' dir='ltr'><strong>IM&#39;</strong></span> 
     </span>
    </p>
   </div>
   <div class='ocr_carea' id='block_1_109' title="bbox 213 2820 1634 2862">
    <p class='ocr_par' dir='ltr' id='par_1_109' title="bbox 213 2820 1634 2862">
     <span class='ocr_line' id='line_1_109' title="bbox 213 2820 1634 2862; baseline 0.006 -17"><span class='ocrx_word' id='word_1_825' title='bbox 213 2823 255 2846; x_wconf 81' lang='lat' dir='ltr'><strong>tus</strong></span> <span class='ocrx_word' id='word_1_826' title='bbox 271 2828 308 2847; x_wconf 74' lang='lat' dir='ltr'><strong>cs.</strong></span> <span class='ocrx_word' id='word_1_827' title='bbox 321 2820 420 2848; x_wconf 76' lang='lat' dir='ltr'><strong>Deinde</strong></span> <span class='ocrx_word' id='word_1_828' title='bbox 432 2825 583 2855; x_wconf 73' lang='lat' dir='ltr'><strong>prosccutus</strong></span> <span class='ocrx_word' id='word_1_829' title='bbox 597 2828 675 2848; x_wconf 68' lang='lat' dir='ltr'><strong>sena</strong></span> <span class='ocrx_word' id='word_1_830' title='bbox 687 2821 803 2856; x_wconf 80' lang='lat' dir='ltr'><strong>adjecit:</strong></span> <span class='ocrx_word' id='word_1_831' title='bbox 817 2821 923 2850; x_wconf 80' lang='lat' dir='ltr'><strong>Certum</strong></span> <span class='ocrx_word' id='word_1_832' title='bbox 938 2820 976 2851; x_wconf 55' lang='lat' dir='ltr'><strong>ei:</strong></span> <span class='ocrx_word' id='word_1_833' title='bbox 993 2820 1093 2852; x_wconf 63' lang='lat' dir='ltr'><strong>mihi&#39;ct</strong></span> <span class='ocrx_word' id='word_1_834' title='bbox 1108 2824 1170 2853; x_wconf 79' lang='lat' dir='ltr'><strong>bene</strong></span> <span class='ocrx_word' id='word_1_835' title='bbox 1181 2820 1239 2854; x_wconf 77' lang='grc' dir='ltr'><strong>ηὸυἱ</strong></span> <span class='ocrx_word' id='word_1_836' title='bbox 1251 2825 1313 2862; x_wconf 78' lang='lat' dir='ltr'><strong>quia</strong></span> <span class='ocrx_word' id='word_1_837' title='bbox 1328 2820 1563 2861; x_wconf 61' lang='lat' dir='ltr'><strong>compabinations,</strong></span> <span class='ocrx_word' id='word_1_838' title='bbox 1580 2830 1634 2854; x_wconf 75' lang='lat' dir='ltr'><strong>etc.</strong></span> 
     </span>
    </p>
   </div>
  </div>
