1873 3095
35 120 89 147 ΗΜ

632 121 914 152 RECOGNITlONUM
934 123 998 150 LIB.
1020 123 1064 152 lx.

1583 129 1651 158 “02

32 179 102 210 poeta
124 173 260 203 didicerit.
281 174 314 202 Et
334 174 433 204 Petrus
449 186 455 204 :
471 176 585 210 Nescis,
609 177 714 213 inquit,
738 186 808 214 quo-
825 182 847 210 Α
861 183 967 207 trientes
982 180 1122 207 hominum
1137 182 1290 217 corrumpit
1313 190 1345 210 ac
1362 183 1456 215 violat,
1473 187 1498 210 et
1512 191 1526 210 a
1541 184 1652 213 dtuitle-

32 221 103 248 modo
126 221 259 255 dixerim,
277 222 325 250 sed
351 230 424 250 nunc
444 228 470 250 te
489 230 539 258 ego
561 225 758 256 commonebo.
774 225 807 253 de

31 268 162 295 voluntate
176 267 230 295 dixi
244 273 271 296 et
289 269 406 296 consilio
421 269 483 302 Dei,
495 278 578 305 quam
600 270 695 298 habuit
715 273 807 306 prius-

31 322 103 348 quam
118 315 237 342 mundus
248 319 335 347 esset,
365 320 392 343 et
407 324 462 350 quo
481 316 598 344 consilio
620 316 714 344 fecerit
729 325 809 345 mun-

30 360 86 387 dum
97 380 104 391 ,
120 364 245 396 tempora
272 361 415 394 statuerit,
435 362 521 397 legem
543 362 666 395 dederit,
678 363 762 398 justis
774 363 808 391 ad

31 406 154 433 bonorum
171 408 416 436 remunerationem
434 408 553 436 futurum
564 410 693 437 staculum
704 411 808 445 promi-

30 453 105 484 serit,
121 453 233 488 injustis
249 461 343 489 ptenas
357 462 390 482 ex
404 455 500 490 judicii
515 456 649 483 sententia
665 457 808 490 statuerit;

30 499 74 526 hoc
84 506 134 534 ego
146 500 202 526 dixi
217 501 362 528 consilium
373 521 380 533 ,
396 505 423 529 et
438 501 508 529 hanc
531 502 697 530 voluntatem
713 502 760 530 Dei
776 504 810 531 ab

29 546 176 574 hominibus
187 547 303 574 inveniri
320 555 374 574 non
386 555 477 582 posse,
489 548 555 583 quia
571 556 653 576 nemo
666 548 810 577 hominum

29 596 110 626 potest
134 600 247 620 sensum
263 592 309 620 Dei
334 593 503 628 conjecturis
516 598 544 622 et
557 594 739 622 aestimatione
753 595 812 622 col-

29 638 121 673 ligere,
137 639 192 666 nisi
214 639 346 674 propheta
363 640 397 667 ab
411 647 445 668 eo
472 640 576 668 missus
602 641 735 668 enuntiet.
751 639 812 668 Non

28 692 85 720 ergo
97 685 131 712 de
146 685 357 721 quibuscumque
378 686 532 722 disciplinis
548 690 595 714 aut
610 687 710 715 studiis
735 687 809 720 dixi,

27 731 84 765 quia
107 731 225 758 inveniri
241 731 300 758 sine
322 731 453 767 propheta
467 736 513 759 aut
529 732 592 760 sciri
609 739 663 759 non
684 733 809 767 possint;

28 777 120 812 quippe
135 778 183 812 qui
199 777 285 805 sciam
306 782 334 805 et
351 777 468 805 artillcia
482 782 509 805 et
523 778 685 814 disciplinas
703 779 768 806 sciri
784 782 812 806 et

31 823 146 851 exerceri
163 823 198 850 ab
213 823 385 855 hominibus,
401 831 471 859 quas
484 831 539 851 non
555 831 570 850 a
584 832 648 852 vero
664 825 811 860 propheta,

28 868 69 896 sed
83 877 98 895 a
112 869 254 904 magistris
270 869 426 897 hominibus
441 869 598 898 didicerint.

58 915 87 943 ll.
106 915 243 949 Quoniam
259 923 324 951 ergo
344 919 371 943 te
391 915 532 950 professus
555 923 585 944 es
612 924 728 952 gnarum
747 924 810 944 esse

27 961 163 996 positionis
181 962 302 990 siderum
322 966 348 990 et
373 962 514 990 stellarum
534 970 644 994 cursus.
658 971 690 990 ex
707 963 809 998 quibus

26 1008 199 1035 convinceres
214 1007 381 1035 Clementem
397 1007 470 1043 quod
485 1008 579 1042 genesi
601 1008 693 1035 omnia
712 1009 806 1044 subjav

26 1057 106 1084 ceant,
124 1059 171 1080 aut
185 1053 220 1080 ab
235 1053 295 1088 ipso
308 1053 431 1081 disceres
457 1053 530 1089 quod
547 1061 596 1088 per
606 1052 808 1081 Providentiam

26 1103 151 1133 reguntur
163 1099 302 1131 universa,
315 1103 342 1126 et
352 1103 394 1127 est
406 1100 487 1127 etiam
498 1099 599 1135 aliquid
616 1099 642 1127 in
659 1100 747 1134 nobis,
757 1100 809 1127 hoc

26 1145 146 1179 expedire
167 1153 217 1173 vos
240 1145 378 1172 convenit.
394 1145 435 1173 Ad
459 1145 517 1172 haec
540 1153 621 1173 senex
641 1145 782 1181 respondit
799 1155 807 1174 :

25 1192 78 1220 lam
92 1192 203 1228 quidem
224 1193 410 1220 necessarium
424 1200 479 1220 non
497 1198 555 1220 erat
571 1193 727 1228 hujusmodi
749 1201 810 1221 mo-

26 1246 82 1266 rere
96 1239 272 1275 quaestiones.
285 1239 308 1267 si
325 1239 456 1274 possibile
470 1243 543 1267 esset
551 1239 631 1268 nobis
643 1246 658 1266 a
673 1247 738 1267 vero
749 1247 810 1275 pro-

27 1285 100 1319 pheta
114 1286 223 1313 discere
238 1289 265 1312 et
279 1285 374 1313 audire
398 1285 508 1313 deﬁnita
527 1285 675 1319 sententia,
691 1286 756 1322 quia
772 1286 809 1314 sit

26 1331 120 1366 aliquid
129 1332 157 1358 in
167 1331 246 1360 nobis
256 1336 283 1359 et
292 1332 318 1358 in
328 1331 434 1358 arbitrii
446 1331 566 1366 positum
575 1332 717 1367 libertate;
729 1333 809 1361 valde

25 1377 91 1404 enim
116 1385 161 1405 me
180 1385 272 1406 sermo
290 1381 355 1405 tuus
374 1377 458 1404 movit
475 1377 633 1412 hesternas,
656 1379 683 1406 in
700 1387 755 1414 quo
774 1379 809 1407 de

26 1422 121 1450 virtute
139 1423 299 1458 prophetica
313 1422 471 1457 disputasti.
489 1422 567 1450 Unde
580 1427 607 1450 et
621 1431 672 1459 ego
687 1424 809 1452 assentio

25 1473 49 1494 et
69 1470 202 1496 contirmo
217 1469 382 1496 sententiam
405 1474 491 1501 tuam,
508 1470 573 1505 quia
587 1470 656 1497 nihil
668 1473 759 1505 potest
774 1470 809 1498 ab

27 1513 129 1541 homine
153 1519 259 1542 certum
279 1514 519 1550 indubitatumque
540 1515 680 1551 cognosci,
706 1515 751 1543 cui
781 1521 809 1544 et

26 1561 147 1596 exiguum
163 1563 228 1589 vita:
250 1566 359 1597 tempus
374 1565 416 1589 est
430 1566 458 1590 et
479 1563 562 1590 breve
577 1569 609 1589 ac
624 1566 705 1590 tenue
719 1562 807 1598 spira-

27 1614 93 1639 men,
106 1615 161 1642 quo
175 1608 287 1635 retineri
297 1608 405 1635 videtur
416 1608 444 1636 in
458 1608 524 1636 vita.
536 1607 728 1636 Verumtamen
744 1615 810 1642 quo-

27 1651 94 1679 niam
114 1654 276 1689 priusquam
297 1652 332 1681 de
349 1654 508 1690 prophetica
523 1654 624 1681 virtute
638 1652 742 1688 aliquid
756 1660 808 1681 au-

27 1695 119 1731 direm,
145 1698 285 1733 pollicitus
307 1699 402 1726 videor
416 1698 560 1731 Clementi,
578 1702 608 1725 ut
622 1697 807 1731 ostenderem,

28 1743 86 1776 quia
99 1745 191 1772 omnia
203 1744 326 1779 subjecta
339 1748 404 1772 sunt
421 1746 524 1781 genesi,
537 1749 584 1772 aut
595 1745 630 1772 ab
644 1746 704 1779 ipso
719 1745 810 1772 disce-

28 1795 90 1821 rem,
105 1790 170 1824 quia
184 1794 227 1818 est
244 1791 346 1825 aliquid
356 1794 383 1818 et
399 1791 426 1817 in
439 1790 529 1823 nobis,
546 1793 656 1825 praestet
672 1789 739 1816 mihi
752 1789 810 1824 ipsa

29 1833 54 1861 in
67 1834 116 1863 hoc
124 1836 240 1871 gratiam
254 1841 284 1864 ut
295 1837 399 1873 primus
413 1837 525 1872 incipiat
539 1840 566 1864 et
578 1842 640 1871 qua
649 1835 732 1870 objicl
746 1842 810 1870 pos-

29 1884 98 1913 sunt,
112 1886 249 1917 proponat
263 1887 290 1909 et
308 1883 448 1916 absolvat;
464 1889 514 1918 ego
530 1881 615 1914 enim,
630 1889 662 1909 ex
678 1887 733 1916 quo
743 1887 795 1915 pau
808 1894 810 1897 -

29 1927 66 1954 cis
80 1934 95 1954 a
109 1931 136 1956 te
149 1929 243 1956 audivi
257 1929 291 1956 de
304 1930 407 1957 virtute
420 1929 579 1964 prophetiae.
595 1927 811 1964 magnitudinem

29 1974 201 2007 pnescientia‘.
220 1975 398 2003 considerans
417 1975 555 2010 obstupui,
570 1974 667 2006 fateor,
688 1981 738 2001 nec
751 1981 811 2000 om-

30 2019 90 2047 nino
112 2021 299 2057 recipiendum
316 2021 466 2056 quidquam
480 2028 592 2053 censeo,
615 2020 688 2056 quod
716 2020 812 2055 conje-

30 2066 111 2093 cturis
122 2070 149 2094 et
162 2067 346 2094 aestimatione
362 2067 511 2101 colligitur.

61 2109 102 2142 lli,
123 2111 158 2139 Et
175 2119 238 2139 cum
251 2112 309 2140 haec
324 2120 406 2140 senex
423 2112 548 2143 dixisset,
560 2119 612 2148 ego
625 2111 754 2139 Clemens
767 2111 812 2138 di~

31 2163 89 2184 cere
102 2158 139 2185 ita
154 2159 225 2193 οωρὶ
241 2168 248 2186 :
264 2157 336 2186 Deus
346 2166 395 2193 per
410 2158 508 2185 Filium
523 2165 604 2186 suum
618 2158 722 2184 creavit
737 2165 813 2184 mun-

824 1545 845 1573 C

858 225 899 253 rio
913 227 969 253 veri
985 225 1084 261 Sponsi
1102 227 1247 260 seducens,
1264 228 1341 256 illicit
1359 229 1391 256 ad
1400 230 1488 257 aliena
1503 230 1649 260 desideria.

893 271 938 300 IV.
959 272 1013 300 Sed
1042 273 1115 301 dicet
1134 273 1234 309 aliquis
1253 282 1260 300 :
1278 275 1350 308 Quid
1369 283 1436 310 ergo
1452 283 1565 304 necesse
1590 283 1651 306 erat

858 316 942 345 istum
960 318 1110 354 principem
1139 318 1207 351 fieri,
1234 321 1281 355 qui
1297 328 1312 347 a
1328 329 1393 348 vero
1407 322 1530 357 principe
1545 329 1651 352 mentes

859 363 1001 392 hominum
1016 364 1188 393 declinaret?
1203 365 1337 399 Quoniam
1353 367 1424 396 Deus
1444 369 1502 404 qui,
1519 373 1550 396 ut
1574 370 1650 402 dixi,

859 408 929 436 Filio
943 417 994 437 suo
1019 411 1125 438 amicos
1140 411 1226 438 voluit
1241 419 1406 447 praeparare,
1429 420 1483 440 non
1511 420 1559 440 eos
1583 414 1651 442 tales

859 463 922 483 esse
934 456 1031 488 voluit,
1045 456 1094 491 qui
1107 458 1270 484 necessitate
1292 461 1398 486 natura
1415 459 1488 486 aliud
1504 458 1570 494 quid
1589 467 1651 487 esse

860 508 915 528 non
927 506 1050 537 possent,
1067 502 1114 530 sed
1127 503 1174 537 qui
1191 503 1305 530 arbitrio
1320 511 1371 531 suo
1387 508 1414 532 et
1431 505 1571 532 voluntate
1587 505 1650 532 boni

860 548 1213 584 essedesiderarent;quia
1229 550 1424 578 neclaudabile
1438 555 1491 583 est,
1507 551 1579 586 quod
1595 559 1650 578 non

861 597 904 621 est
925 593 1118 626 desiderabile,
1145 602 1196 622 nec
1220 596 1322 623 bonum
1338 596 1490 630 judicatur,
1507 598 1579 632 quod
1597 605 1652 625 non

862 641 1004 675 proposito
1018 641 1155 675 expetitur
1171 649 1178 667 :
1197 641 1264 668 nihil
1278 642 1351 669 enim
1366 643 1456 670 laudis
1471 647 1513 670 est
1528 643 1554 670 id
1580 651 1651 676 esse,

862 693 878 713 a
893 693 948 721 quo
967 689 994 713 te
1007 686 1108 713 mutari
1124 691 1229 714 natura:
1246 688 1399 715 necessitas
1416 696 1470 716 non
1488 689 1570 716 sinat.
1584 688 1648 717 Pro-

862 732 982 759 videntia
995 740 1061 768 ergo
1076 731 1124 760 Dei
1144 732 1285 760 hominum
1306 734 1509 762 multitudinem
1527 737 1603 762 nasci
1624 736 1650 762 in

862 777 915 804 hoc
930 777 1033 805 mundo
1048 778 1145 810 voluit,
1161 783 1191 806 ut
1212 786 1247 806 ex
1271 779 1397 814 pluribus
1421 779 1590 814 eligerentur
1604 781 1652 815 qui

861 823 964 858 justam
986 824 1130 859 diligerent
1149 824 1244 852 vitam.
1260 824 1293 852 Et
1308 825 1373 859 quia
1389 830 1550 860 praesentem
1571 834 1651 852 mun-

826 859 848 887 Β
862 870 927 897 dum
943 871 1066 905 praevidit
1081 878 1135 898 non
1159 871 1240 898 aliter
1261 878 1341 905 posse
1363 859 1415 898 nisi
1441 871 1600 898 diversitate
1625 875 1652 898 et

860 916 1044 952 inaequalitate
1060 920 1197 948 constare,
1207 917 1357 944 secundum
1371 917 1546 951 praesentium
1560 924 1651 943 rerum

860 962 1035 990 diversitates
1059 962 1208 997 unicuique
1235 963 1319 990 menti
1345 963 1497 990 libertatem
1525 966 1651 989 motuum

861 1007 947 1039 dedit,
960 1012 987 1035 et
1002 1008 1076 1036 hunc
1090 1009 1243 1044 principem
1260 1009 1361 1043 posuit,
1378 1017 1433 1044 quo
1452 1016 1484 1036 ea
1499 1016 1560 1043 qua:
1582 1016 1651 1035 con-

861 1054 946 1081 traria
969 1054 1098 1081 videntur
1113 1055 1247 1090 agitante,
1267 1055 1366 1082 electio
1380 1055 1526 1082 meliorum
1543 1055 1653 1082 virtutis

859 1106 942 1134 opere
961 1103 1111 1127 constaret.

896 1144 928 1172 ν.
937 1144 990 1173 Sed
1003 1149 1032 1172 ut
1041 1145 1148 1181 planius
1160 1145 1283 1180 fiatquod
1293 1145 1419 1176 dicimus,
1429 1145 1592 1180 persingula
1603 1153 1652 1172 ex-

859 1191 1135 1227 ponemusﬁunquid
1141 1199 1248 1225 omnes,
1255 1192 1330 1220 verbi
1338 1192 1435 1227 gratia,
1444 1193 1585 1227 oportebat
1593 1200 1654 1220 esse

860 1239 889 1265 in
903 1238 956 1266 hoc
980 1239 1083 1266 mundo
1098 1246 1187 1274 reges,
1213 1245 1260 1266 aut
1279 1239 1430 1274 principes,
1447 1245 1493 1267 aut
1514 1239 1652 1270 dominos,

859 1287 908 1310 aut
929 1283 1101 1319 paedagogos,
1112 1287 1160 1311 aut
1174 1285 1358 1319 legisperitos,
1370 1289 1418 1312 aut
1431 1290 1597 1320 geometras,
1607 1291 1655 1313 aut

859 1329 1001 1362 aurifices,
1016 1333 1063 1357 aut
1073 1330 1204 1365 pistores,
1219 1330 1376 1362 autfabros,
1389 1335 1436 1358 aut
1447 1334 1653 1366 grammaticos,

860 1379 908 1402 aut
916 1376 1028 1408 divites,
1040 1379 1087 1403 aut
1095 1377 1242 1412 agricolas,
1255 1380 1302 1403 aut
1314 1377 1436 1409 olitores.
1445 1381 1492 1404 aut
1504 1379 1656 1412 piscatores

861 1425 910 1448 aut
921 1422 1073 1457 pauperes?
1082 1422 1139 1449 haec
1147 1426 1252 1449 certum
1261 1426 1305 1450 est
1325 1423 1389 1457 quia
1413 1430 1508 1451 omnes
1522 1431 1584 1451 esse
1600 1431 1655 1449 non

860 1471 1003 1501 poterant:
1014 1467 1112 1495 Omnia
1133 1471 1224 1495 tamen
1243 1467 1301 1496 haec
1317 1468 1404 1496 ollicia
1424 1473 1451 1496 et
1471 1470 1557 1496 multo
1577 1469 1656 1504 plura

862 1520 985 1548 praesens
999 1514 1054 1541 vita
1074 1513 1215 1541 hominum
1230 1514 1359 1550 requirit,
1369 1519 1396 1542 et
1410 1514 1469 1543 sine
1484 1515 1527 1543 his
1541 1515 1658 1550 transigi

862 1566 918 1586 non
932 1563 1037 1594 potest;
1049 1564 1091 1588 est
1101 1568 1168 1595 ergo
1183 1561 1340 1588 necessaria
1358 1561 1386 1588 in
1401 1561 1453 1590 hoe
1475 1561 1577 1590 mundo
1590 1561 1657 1590 ina:-

862 1605 994 1641 qualitas.
1004 1604 1063 1633 Non
1072 1606 1145 1633 eriim
1161 1611 1251 1641 potest
1265 1615 1328 1635 esse
1340 1615 1399 1639 rex,
1413 1608 1466 1636 nisi
1479 1608 1578 1635 habeat
1586 1616 1657 1644 quos

862 1655 939 1686 regat
953 1656 981 1679 et
997 1652 1098 1686 quibus
1114 1653 1241 1688 imperet,
1263 1660 1353 1688 neque
1370 1658 1461 1689 potest
1485 1662 1546 1682 esse
1567 1654 1657 1681 domi-

863 1704 928 1728 nus,
940 1697 994 1724 nisi
1011 1697 1111 1725 habeat
1128 1697 1172 1724 cui
1185 1698 1353 1733 dominetur,
1365 1703 1391 1726 et
1402 1704 1503 1726 cetera
1517 1699 1656 1727 similiter.

898 1742 944 1771 Vl.
957 1742 1055 1772 Sciens
1069 1751 1135 1779 ergo
1149 1744 1283 1771 Conditor
1297 1752 1311 1772 a
1323 1745 1399 1772 nullo
1414 1749 1511 1780 sponte
1525 1745 1611 1772 veniri
1621 1745 1657 1772 ad

864 1796 992 1824 agonem,
1013 1789 1079 1816 dum
1095 1789 1230 1824 refugitur
1243 1789 1330 1822 labor,
1347 1789 1399 1817 hoc
1415 1794 1458 1818 est
1474 1789 1508 1817 ad
1523 1798 1655 1818 exercen-

860 1835 911 1863 das
926 1839 1000 1863 artes
1017 1834 1085 1863 istas
1100 1843 1168 1870 quas
1184 1843 1268 1871 supra
1292 1835 1423 1867 diximus,
1448 1843 1497 1871 per
1521 1843 1591 1871 quas
1613 1837 1658 1864 vel

859 1881 968 1916 justitia
983 1881 1201 1917 uniuscujusque
1214 1882 1254 1909 vel
1269 1882 1460 1909 misericordia
1485 1880 1655 1909 manifestari

861 1931 963 1963 potest,
980 1935 1082 1963 corpus
1105 1927 1210 1954 homini
1224 1927 1300 1958 fecit,
1318 1926 1391 1962 quod
1412 1927 1510 1954 famem
1527 1930 1554 1954 et
1581 1927 1656 1954 sitim

861 1979 889 2002 et
905 1974 993 2009 frigus
1005 1974 1149 2009 reciperet,
1159 1977 1188 2000 ut
1199 1972 1340 2000 reﬁciendi
1354 1972 1478 2007 corporis
1487 1979 1570 1999 causa
1580 1979 1653 1999 com-

862 2020 934 2055 pulsi
949 2020 1084 2051 humines,
1100 2019 1134 2046 ad
1157 2025 1254 2046 omnes
1279 2025 1349 2053 quas
1373 2025 1455 2053 supra
1478 2018 1659 2052 exposuimus

864 2069 939 2092 artes
957 2065 1048 2091 victus
1060 2063 1226 2091 necessitate
1242 2062 1452 2091 descenderent.
1468 2062 1528 2090 Cibi
1545 2061 1617 2089 enim
1630 2065 1658 2089 et

864 2115 946 2146 potus
954 2115 1036 2145 atque
1047 2109 1197 2137 indumenti
1210 2110 1438 2145 gratia,singulas
1449 2115 1571 2144 quasque
1582 2111 1659 2135 artes

863 2160 990 2191 expetere
1002 2155 1157 2183 edocemur.
1173 2155 1205 2182 Et
1217 2155 1262 2182 hic
1274 2155 1330 2189 jam
1347 2154 1566 2189 uniuscujusque
1580 2160 1657 2180 men-

31 2202 91 2229 dmn
110 2207 239 2240 tanquam
254 2205 391 2240 duplicem
406 2205 530 2237 domum,
554 2204 700 2239 interjectu
718 2204 811 2231 llrma-
829 2219 851 2246 Β
866 2203 902 2229 tis
917 2201 1088 2237 propositum
1114 2201 1282 2232 declaratur,
1300 2206 1390 2228 ulrum
1407 2199 1599 2246 necessitatem
1613 2197 1654 2246 fa-

33 2250 111 2277 uienti
124 2251 207 2286 hujus
221 2251 294 2286 quod
313 2251 413 2279 ctelum
429 2252 582 2286 appellatur
597 2250 768 2282 distinctam,
785 2254 814 2278 et

33 2294 57 2322 in
69 2299 203 2333 superiori
219 2298 329 2334 quidem
344 2299 482 2335 angelicas
505 2299 630 2326 habitare
645 2299 772 2329 virtutes,
786 2298 814 2324 in

34 2343 83 2371 isto
94 2349 184 2373 autem
197 2345 298 2373 visibili
313 2345 415 2373 mundo
432 2345 520 2376 nasci,
531 2345 672 2373 hominum
689 2345 815 2372 multitu-

34 2389 119 2418 dinem
140 2390 226 2424 dedit,
243 2399 277 2419 ex
298 2392 399 2427 quibus
413 2392 524 2427 eligeret
535 2392 640 2420 amicos
660 2390 729 2419 Filio
745 2398 812 2422 suo,

34 2442 91 2463 cum
106 2438 207 2472 quibus
222 2438 368 2468 laetaretur.
380 2441 407 2465 et
421 2438 467 2473 qui
482 2438 507 2465 ei
524 2441 653 2473 tanquam
669 2445 771 2472 sponso
786 2439 816 2463 ut

34 2481 126 2510 dilecta
140 2491 241 2519 sponsa
256 2488 428 2519 pararentur.
445 2483 544 2511 Verum
560 2491 647 2519 usque
660 2484 694 2511 ad
710 2484 818 2518 nuptia-

35 2535 90 2556 rum
110 2534 229 2565 tempus,
245 2530 318 2566 quod
336 2534 379 2558 est
400 2530 546 2565 praesentia
570 2530 664 2557 saeculi
687 2531 815 2563 venturi,

36 2576 126 2602 statuit
141 2578 268 2603 virtutem
282 2575 438 2610 quamdam,
454 2583 515 2611 quae
529 2583 563 2602 ex
585 2575 630 2603 his
643 2583 706 2611 quae
722 2576 750 2603 in
765 2576 816 2604 hoc

36 2621 132 2649 mundo
144 2625 307 2655 nascuntur,
322 2621 405 2656 eligat
418 2625 446 2649 et
469 2620 608 2649 custodiat
630 2621 767 2654 meliores,
786 2628 818 2649 ac

36 2671 120 2695 servet
132 2667 200 2695 Filio
215 2675 266 2695 suo
281 2671 467 2702 sequestratos
483 2667 582 2695 inloco
592 2667 709 2702 quodam
724 2666 819 2694 mundi

37 2713 79 2745 qui
93 2718 167 2741 extra
183 2718 326 2749 peccatum
339 2719 392 2748 est,
409 2714 437 2740 in
450 2721 505 2749 quo
516 2713 572 2748 jam
590 2717 654 2740 sunt
671 2713 818 2749 aliquanti,

37 2759 80 2793 qui
96 2759 132 2788 ibi
143 2761 216 2788 velut
229 2767 340 2796 sponsa,
357 2764 383 2787 ut
397 2760 464 2792 dixi,
476 2759 575 2787 decora
590 2758 625 2786 ad
640 2760 733 2794 sponsi
751 2767 822 2794 prae-

39 2808 149 2836 sentiam
164 2812 360 2844 praeparantur.
373 2807 440 2836 Nam
454 2807 547 2835 mundi
562 2807 644 2842 hujus
659 2811 686 2835 et
701 2814 821 2842 praesen-

40 2850 72 2879 lis
100 2858 229 2891 temporis
256 2855 383 2891 princeps
411 2854 535 2883 adultero
560 2854 658 2882 similis
683 2859 739 2887 cst,
774 2852 819 2888 qui

867 2249 919 2275 mis
931 2251 959 2275 et
979 2247 1090 2282 frigoris
1113 2255 1162 2282 per
1187 2247 1260 2273 furta
1275 2249 1303 2274 et
1319 2245 1466 2273 homicidia
1482 2252 1513 2272 ac
1535 2243 1659 2280 perjuria

867 2295 980 2328 sarciat,
999 2301 1101 2330 perque
1123 2293 1176 2320 alia
1193 2292 1351 2328 hujusmodi
1374 2292 1490 2324 scelera,
1516 2298 1552 2318 an
1570 2291 1655 2325 justi-

866 2342 943 2373 tiam,
957 2340 1186 2372 misericordiam,
1204 2339 1460 2374 continentiamque
1484 2337 1657 2369 custodiens,

867 2387 936 2414 artis
954 2386 1047 2414 studio
1061 2389 1089 2414 et
1103 2392 1233 2412 manuum
1248 2385 1342 2412 labore
1365 2383 1535 2412 imminentis
1562 2391 1658 2411 neces-

868 2433 959 2461 sitatis
972 2433 1079 2468 expleat
1090 2433 1285 2460 ministerium.
1301 2431 1330 2459 Si
1345 2431 1420 2458 enim
1435 2437 1497 2457 cum
1510 2429 1620 2464 justitia
1631 2432 1659 2456 et

869 2482 970 2516 pietate
984 2489 1015 2508 ac
1029 2480 1216 2508 misericordia
1225 2479 1417 2507 necessitatem
1428 2477 1552 2512 corporis
1569 2481 1659 2503 trans-

869 2528 934 2563 igat,
947 2527 1020 2555 velut
1034 2527 1166 2562 propositi
1182 2526 1278 2560 agonis
1293 2525 1390 2556 victor,
1403 2525 1507 2552 amicus
1523 2522 1585 2549 Filii
1610 2521 1657 2550 Dei

869 2576 895 2600 et
909 2572 1013 2600 electus
1029 2572 1165 2605 abscedit;
1182 2572 1205 2599 si
1220 2578 1284 2599 vero
1296 2578 1345 2606 per
1359 2569 1479 2600 fraudes,
1497 2575 1545 2603 per
1559 2567 1660 2601 iniqui-

870 2622 940 2646 tates
954 2623 981 2646 et
1000 2618 1105 2645 scelera
1118 2617 1350 2652 concupiscentiis
1365 2615 1483 2643 deservit
1506 2612 1658 2648 corporali-

870 2666 935 2699 bus,
947 2665 1078 2700 principis
1088 2664 1171 2699 hujus
1183 2663 1277 2691 mnndi
1286 2667 1368 2698 atque
1374 2661 1494 2689 omnium
1504 2659 1659 2686 daemonum

871 2714 978 2740 amicus
992 2711 1118 2742 efﬁcitur,
1142 2719 1157 2738 a
1182 2710 1282 2745 quibus
1300 2709 1382 2736 etiam
1404 2707 1456 2734 hoc
1473 2705 1613 2734 edocetnr,
1630 2707 1660 2729 ut

871 2760 1012 2788 stellarum
1027 2758 1155 2786 cursibus
1169 2758 1301 2783 malorum
1313 2761 1426 2782 suorum
1440 2751 1560 2779 ascribat
1584 2755 1661 2777 erro-

872 2813 1016 2842 res,»quos
1030 2804 1142 2832 nonnisi
1162 2801 1304 2838 proposito
1327 2807 1360 2827 ac
1379 2799 1522 2826 voluntate
1548 2795 1659 2830 delegit.

874 2851 980 2880 Etenim
997 2855 1080 2883 artes,
1099 2852 1224 2884 cogente,
1252 2850 1282 2874 ut
1299 2844 1428 2878 diximus,
1452 2842 1506 2870 cibi
1523 2849 1556 2869 ac
1578 2842 1661 2876 potus
