1873 3095
235 128 303 156 ιιοδ

694 127 723 155 S.
744 127 941 156 CLEMENTIS
956 130 965 157 I
983 128 1067 157 ιιοιιι.
1087 128 1188 157 PONT.
1205 127 1322 155 OPERA
1338 126 1452 156 DUBIA.

1758 132 1804 161 Im

233 186 384 220 voluptate,
402 184 548 214 discuntur
559 190 585 214 et
599 191 777 223 exercentur;
794 197 855 224 qua:
879 190 1003 224 voluptas
1014 210 1020 222 ,
1038 194 1059 222 Α
1075 192 1155 221 sunt,
1171 191 1201 215 ut
1214 196 1248 215 ex
1263 195 1357 216 earum
1377 187 1528 215 certamine
1547 187 1647 214 oriatur
1660 187 1730 222 justi:
1743 191 1804 225 palm:

233 239 296 259 curn
310 231 458 259 accesserit
468 233 616 269 unicuique
628 234 753 262 veritatis
763 235 875 270 agnitio,
888 235 1023 262 infirmior

232 277 351 305 elIicitur
388 278 552 307 succedente
583 281 762 315 parcimonia.
790 280 915 314 Quantus
948 281 1022 308 enim

233 327 358 359 sumptus
374 329 426 356 est,
442 333 512 360 aqua
527 331 553 354 et
567 334 636 362 pane
652 327 793 355 utentibus
803 331 831 355 et
845 328 918 355 hunc
934 335 949 354 a
966 326 1021 354 Deo

230 369 423 403 sperantibus?

267 414 322 442 VII.
340 414 387 443 Est
402 423 477 451 ergo,
496 421 525 443 ut
536 416 667 449 diximus,
679 417 836 445 necessaria
851 417 975 452 quaedam
993 417 1021 444 in

231 459 437 496 dispensatione
453 461 547 488 mundi
562 462 746 496 inaequalitas,
762 463 825 490 dum
846 470 942 490 omnes
950 456 1020 498 xqui-

232 505 294 533 dem
307 505 430 533 homines
449 514 503 533 non
527 507 618 534 omnia
631 511 748 542 possunt
761 508 833 536 scire
847 508 890 536 vel
905 509 1020 543 implere

232 550 359 582 artificia,
377 559 428 578 usu
452 554 544 578 tamen
566 555 594 578 et
619 552 774 580 ministerio
803 553 925 580 omnium
951 559 1020 587 pene

230 604 328 624 omnes
352 597 485 632 indigent.
499 602 526 624 ct
539 597 574 624 ob
590 597 642 624 hoc
658 605 771 626 necesse
786 602 828 626 est
850 599 934 625 alium
955 606 1021 633 ope-

229 642 297 676 rari,
314 642 396 670 alium
411 643 536 678 operanti
550 643 671 677 praebere
686 643 852 676 mercedem,
867 644 950 671 alium
965 651 1021 672 ser-

228 691 297 722 vire.
309 690 393 718 alium
405 690 552 723 dominari,
570 691 653 717 alium
669 691 738 726 regi,
754 691 838 718 alium
850 699 955 726 regere.
966 691 1019 719 Sed

229 735 302 762 hanc
319 735 529 770 inaequalitatem
541 743 602 770 qua:
617 736 775 763 mortalium
791 737 875 764 vitam
891 745 1020 764 necessa-

228 781 271 808 rio
286 782 432 808 subsecuta
447 785 498 813 est,
512 780 604 808 divina
613 781 787 809 Providentia
801 782 828 809 in
844 783 1019 810 occasionem

225 825 357 860 justitite,
379 826 574 853 misericordiae
603 826 836 862 humanitatisque
861 827 1017 859 convertit,

1073 234 1194 261 victoria:
1208 238 1235 262 et
1249 233 1378 261 meritum
1393 233 1579 268 praemiorum.

1107 278 1154 307 IX.
1172 278 1210 305 Ex
1223 278 1287 306 istis
1301 286 1366 312 ergo
1381 277 1482 305 accidit
1496 278 1647 310 interdum,
1663 282 1690 305 ut
1701 279 1721 306 si
1733 280 1767 314 qui
1778 281 1806 307 ιιι-

1071 325 1245 352 continenter
1258 324 1382 359 egerint,
1397 328 1424 351 et
1439 331 1494 351 non
1509 329 1612 351 tantum
1625 325 1739 352 obsistere
1749 333 1805 360 quam

1071 366 1168 398 cedere
1187 374 1270 405 atque
1288 371 1317 397 in
1336 370 1492 405 semetipsis
1512 369 1579 397 dare
1596 370 1634 398 eis
1655 371 1768 398 voluerint
1779 373 1807 398 lo-

1076 424 1154 448 cum,
1170 416 1252 443 noxia
1267 423 1362 443 earum
1380 416 1548 451 aspiratione
1561 420 1696 451 generetur
1707 417 1805 453 intempe-

1075 466 1133 489 rata
1147 466 1175 489 et
1188 462 1289 489 vitiosa
1304 462 1459 497 progenies.
1476 461 1544 489 Dum
1560 462 1630 489 enim
1644 466 1719 490 totum
1733 463 1808 491 libidini

1071 507 1228 543 indulgetur
1250 511 1278 535 et
1303 507 1458 535 observatio
1481 508 1555 535 nulla
1574 508 1682 535 coeundi
1700 512 1750 540 est,
1766 510 1808 536 illo-

1072 561 1133 580 rum
1149 554 1210 581 sine
1221 553 1306 581 dubio
1319 553 1474 581 daemonum
1485 574 1492 585 ,
1509 554 1610 588 quibus
1628 554 1681 581 hac
1695 562 1809 590 perurgem

1070 600 1144 626 tibus
1160 599 1242 631 ﬁunt,
1258 599 1324 626 vitia
1340 604 1368 627 et
1383 599 1546 635 fragilitates
1561 600 1673 634 suscipit
1689 600 1808 634 importuna

1069 645 1220 680 generatio.
1249 645 1281 672 Et
1305 645 1367 672 ideo
1390 653 1444 680 pro
1463 645 1619 679 hujusmodi
1636 645 1701 673 vitiis
1717 651 1809 673 natorum

1070 689 1181 716 obnoxii
1199 695 1280 717 erunt
1298 694 1426 725 parentes
1439 710 1447 722 ,
1463 691 1510 725 qui
1525 691 1611 725 legem
1626 698 1725 718 servare
1737 699 1809 718 concu-

1069 736 1143 763 bitus
1157 736 1314 768 noluernnt,
1327 736 1391 763 licet
1402 737 1457 763 sint
1466 740 1494 764 et
1506 737 1567 763 aliae
1578 744 1664 764 causa:
1675 739 1809 769 secretiores,

1069 781 1169 816 quibus
1184 781 1228 808 his
1247 781 1327 809 malis
1345 781 1471 809 obnoxia:
1483 782 1640 809 efficiuntur
1653 782 1750 814 anim,
1762 790 1810 817 quas

1069 835 1143 854 nunc
1167 826 1296 862 proferre,
1311 827 1443 862 temporis
1466 834 1521 855 non
1543 832 1597 856 est.
1621 827 1716 856 Tamen
1734 832 1811 862 oportet

229 875 260 899 ut
280 871 345 898 dum
362 871 419 898 haec
444 872 516 899 inter
526 872 651 900 homines
665 877 794 908 aguntur,
816 872 852 900 sit
868 873 1016 908 unicuique
1032 882 1053 912 ιι
1068 881 1291 908 unumquemque
1313 880 1464 908 agnoscere
1480 873 1565 909 legem
1583 875 1647 907 Dei,
1663 879 1690 902 ut
1701 883 1730 902 ex
1742 883 1767 902 ea
1780 883 1811 909 ge-

227 927 311 947 cansa
323 919 397 954 juste
413 918 510 954 agendi
537 926 600 946 cum
615 926 659 949 eo.
685 919 729 946 cui
743 926 849 946 merces
865 919 957 954 operis
969 927 1017 946 ex-

226 965 358 994 solvenda
371 968 458 996 est,et
466 964 584 992 faciendi
602 965 818 992 misericordiam
828 972 890 992 cum
903 972 947 997 eo,
956 965 1016 1000 qui,

226 1012 367 1040 debilitate
379 1011 506 1039 fortassis
521 1014 568 1038 aut
588 1011 703 1046 penuria
717 1011 915 1043 intercedente,
939 1011 1017 1038 debi-

225 1061 284 1085 tum
298 1057 404 1085 solvere
418 1064 472 1084 non
484 1060 584 1091 potest,
603 1057 651 1084 sed
666 1060 694 1084 et
707 1056 827 1084 humane
842 1056 938 1092 agendi
953 1063 1016 1083 cum

225 1103 270 1131 his
288 1102 335 1138 qui
358 1102 518 1130 conditione
536 1101 664 1129 videntur
684 1101 808 1133 obnoxii,
827 1102 1017 1129 mansuetudi-

226 1156 289 1176 nem
305 1155 414 1183 quoque
429 1146 611 1175 conservandi
625 1154 690 1182 erga
711 1147 862 1181 subjectos,
877 1151 904 1174 et
924 1147 1016 1173 omnia

226 1200 342 1229 prorsus
363 1191 473 1228 gerendi
497 1191 650 1218 secundum
673 1191 759 1226 legem
775 1190 832 1218 Dei.
850 1190 928 1218 Dedit
943 1191 1017 1218 enim

228 1239 327 1274 legem,
339 1238 440 1273 juvans
456 1245 504 1272 per
515 1237 569 1264 hoc
585 1237 721 1264 humanas
733 1240 850 1268 mentes,
866 1241 895 1263 ut
906 1236 1016 1264 facilius

224 1292 290 1320 erga
314 1283 528 1318 unumquodque
543 1282 662 1316 qualiter
681 1281 723 1313 agi
744 1281 867 1314 deberet,
891 1281 1017 1308 adverte-

224 1337 298 1364 rent.
319 1339 373 1366 qua
392 1330 436 1358 via
452 1329 605 1364 effugerent
625 1329 726 1356 malum
748 1332 776 1356 et
794 1335 848 1364 qua
866 1327 901 1355 ad
923 1327 1016 1355 futura

224 1377 369 1405 tenderent
385 1376 468 1408 bona,
489 1378 516 1402 et
528 1379 558 1401 ut
575 1375 602 1402 in
624 1382 694 1410 aqua
704 1374 856 1409 regenerati
869 1381 919 1409 per
932 1381 1016 1409 opera

224 1422 306 1453 bona,
315 1422 402 1456 ignem
412 1424 526 1448 vetusta!
534 1419 686 1447 nativitatis
697 1419 913 1455 exstinguerent.
922 1419 1015 1446 Prima

223 1467 297 1495 enim
325 1469 420 1493 nostra
443 1465 575 1493 nativitas
603 1472 652 1500 per
670 1465 759 1500 ignem
783 1465 1016 1500 concupiscentia».

224 1511 376 1544 descendit,
393 1515 420 1539 et
432 1511 493 1539 ideo
503 1511 709 1547 dispensatione
717 1510 810 1538 divina
825 1510 945 1538 secunda
957 1510 1015 1538 haec

223 1567 273 1596 per
291 1566 389 1594 aquam
409 1558 604 1590 introducitur,
624 1566 684 1593 quae
703 1558 856 1593 restinguat
874 1558 945 1591 ignis
964 1564 1013 1584 na-
1026 1572 1048 1600 ε

224 1609 335 1635 turam,
352 1606 380 1631 et
399 1603 507 1630 caelesti
527 1603 626 1638 spiritu
647 1603 738 1630 anima
757 1602 911 1630 illuminata
935 1601 1012 1638 (80),

224 1653 325 1677 metum
334 1649 429 1684 prima:
440 1649 592 1677 nativitatis
599 1649 721 1684 abjiciat,
731 1648 755 1676 si
767 1652 859 1676 tamen
868 1649 905 1675 ita
913 1647 947 1675 de
955 1647 1016 1675 reli-

223 1702 282 1730 quo
293 1695 366 1723 vivat
377 1717 384 1728 ,
397 1699 426 1722 ut
434 1695 523 1722 nullas
531 1694 645 1722 omnino
654 1694 749 1721 mundi
770 1693 851 1728 hujus
859 1693 1015 1728 voluptates

224 1741 365 1777 requirat,
382 1739 430 1768 sed
445 1740 481 1768 sit
495 1745 624 1775 tanquam
643 1740 804 1775 peregrinus
818 1742 845 1767 et
862 1739 966 1766 advena
980 1738 1013 1772 “,

225 1792 309 1824 atque
325 1787 438 1815 alterius
455 1786 576 1814 civitatis
591 1785 670 1814 civis.

261 1833 330 1861 VIII.
350 1832 405 1860 Sed
419 1832 537 1860 fortasse
554 1831 631 1859 dicas
641 1852 649 1864 ,
662 1831 727 1867 quia
743 1831 770 1858 in
785 1830 829 1858 his
843 1831 969 1867 quidem,
985 1832 1013 1859 in

225 1880 326 1915 quibus
341 1877 475 1905 naturalis
494 1876 646 1905 necessitas
664 1876 750 1912 exigit
768 1877 867 1903 artium
885 1883 1014 1911 operum-

224 1933 279 1961 que
306 1924 507 1955 ministerium,
535 1925 625 1957 potest
647 1921 837 1956 unusquisque
860 1921 961 1948 habere
986 1921 1015 1948 in

225 1975 374 2008 potestate,
388 1977 498 1997 servare
508 1969 642 2004 justitiam
654 1972 681 1996 et
693 1968 802 1995 modum
814 1968 856 1995 vel
869 1967 1013 1995 desideriis

226 2018 267 2046 vel
283 2017 389 2045 actibus
404 2023 485 2051 quem
505 2014 570 2043 velit
589 2014 748 2048 imponere;
767 2013 832 2048 quid
851 2013 885 2040 de
902 2013 1014 2048 aegritu-

224 2063 336 2091 dinibus
359 2062 482 2090 dicemus
506 2064 534 2088 et
556 2059 776 2091 infirmitatibus,
802 2066 864 2094 quae
886 2058 1013 2086 accidunt

226 2109 398 2140 hominibus,
413 2112 440 2135 et
454 2107 526 2142 quod
540 2106 710 2133 daemonibus
729 2105 852 2132 nonnulli
881 2108 1014 2139 urgentur

225 2159 252 2182 et
277 2154 402 2181 febribus
426 2157 453 2180 et
476 2152 642 2187 frigoribus,
668 2151 793 2178 nonnulli
816 2149 899 2177 etiam
921 2149 1013 2177 furore

225 2204 344 2236 aguntur
359 2203 386 2226 et
401 2203 491 2226 mente
504 2197 652 2230 excidunt;
669 2200 696 2224 et
709 2196 800 2224 omnia
816 2196 862 2223 illa
872 2216 880 2229 ,
895 2203 956 2231 quae
971 2196 1013 2222 in-

1067 919 1183 946 nerandi
1197 919 1400 946 observantiam
1415 926 1506 948 sumat
1518 924 1546 948 et
1559 919 1728 948 immunditiaa
1737 928 1808 947 causas

1067 965 1201 997 declinet,
1228 969 1258 992 ut
1282 965 1369 1000 possit
1398 965 1530 993 mundum
1549 974 1612 994 esse
1628 967 1695 1001 quod
1714 966 1810 1001 gignitur.

1066 1008 1160 1043 Neque
1188 1009 1262 1037 enim
1289 1009 1330 1037 fas
1356 1013 1417 1044 est,
1451 1014 1480 1038 ut
1519 1011 1547 1038 in
1564 1011 1713 1046 plantandis
1732 1011 1811 1046 quidem
1840 1025 1841 1039 ι

1066 1053 1193 1088 virgultis
1217 1054 1259 1081 vel
1277 1053 1306 1082 in
1323 1054 1492 1082 seminandis
1523 1055 1649 1091 frugibus
1669 1061 1811 1091 opportunum
1840 1080 1841 1084 η

1067 1102 1176 1133 tempus
1202 1103 1341 1133 quaeratur
1356 1119 1364 1132 ,
1391 1103 1465 1127 terra
1504 1106 1637 1136 purgetur
1659 1105 1732 1136 atque
1749 1101 1811 1128 omnia
1840 1096 1841 1133 i

1066 1151 1128 1178 qua:
1141 1145 1270 1171 convenit
1285 1149 1484 1180 praeparentur.
1500 1154 1534 1174 ne
1549 1146 1622 1174 forte
1635 1155 1721 1175 semen
1736 1146 1809 1181 jactum

1067 1189 1183 1217 laedatur
1198 1194 1226 1217 et
1239 1194 1352 1225 pereat,
1369 1195 1397 1217 et
1412 1191 1441 1218 in
1456 1191 1515 1219 solo
1533 1192 1660 1225 homine,
1679 1193 1722 1228 qui
1737 1197 1811 1220 estsu-
1840 1186 1841 1207 ³

1067 1243 1118 1271 per
1133 1235 1191 1262 haec
1207 1235 1312 1268 omnia,
1327 1236 1436 1264 serendi
1450 1237 1608 1266 observatio
1622 1238 1693 1266 nulla
1705 1238 1812 1268 habeatur.

1066 1281 1141 1308 nulla
1156 1281 1273 1310 cautela.
1840 1274 1841 1293 ἶ

1101 1325 1135 1354 Χ.
1156 1325 1209 1354 Sed
1232 1327 1315 1363 quid,
1336 1328 1411 1363 quod
1434 1329 1579 1362 nonnulli,
1607 1330 1710 1366 inquit,
1731 1338 1779 1358 cum
1795 1331 1812 1358 in
1840 1325 1841 1363 ἓ

1066 1372 1155 1407 prima
1174 1377 1255 1400 aetate
1275 1372 1380 1408 absque
1400 1374 1469 1401 vitio
1489 1374 1594 1402 fuerint
1612 1376 1753 1411 corporali,
1770 1382 1813 1410 pro-

1066 1425 1146 1446 cessu
1172 1419 1304 1454 temporis
1327 1419 1474 1447 incurrunt
1497 1421 1556 1448 haec
1578 1422 1667 1454 mala,
1682 1422 1723 1449 ita
1741 1426 1765 1449 ut
1780 1421 1812 1448 aii-

1066 1465 1162 1500 quanti
1180 1465 1264 1493 etiam
1284 1465 1419 1494 violenter
1440 1467 1650 1503 praecipitentur
1669 1468 1696 1495 in
1711 1466 1812 1495 mortem?

1066 1509 1155 1537 Etiam
1171 1510 1206 1539 de
1220 1511 1264 1539 his
1280 1511 1372 1539 vtcina
1387 1515 1414 1540 et
1429 1520 1498 1547 perte
1512 1513 1610 1542 eadem
1631 1514 1698 1542 ratio
1717 1517 1766 1546 est;
1778 1513 1812 1539 ille

1066 1556 1139 1584 enim
1150 1576 1158 1588 ,
1173 1564 1243 1592 quas
1258 1557 1379 1585 diximus
1394 1558 1548 1586 contrarias
1562 1559 1683 1586 humano
1695 1559 1771 1595 generi
1781 1566 1813 1592 νος

1066 1604 1195 1635 testates,
1211 1601 1246 1629 ad
1261 1602 1479 1638 uniuscujusque
1500 1611 1550 1631 cor
1571 1612 1621 1640 per
1640 1606 1732 1632 multas
1751 1608 1771 1632 et
1786 1603 1813 1630 di-

1064 1654 1160 1675 versas
1174 1648 1415 1682 concupiscentias
1435 1649 1588 1677 invitantur
1610 1649 1813 1685 quodammodoet

1065 1692 1237 1727 ingrediendi
1255 1693 1394 1728 accipiunt
1415 1693 1506 1721 locum
1518 1714 1527 1727 ,
1549 1699 1648 1731 estque
1670 1696 1722 1723 haec
1739 1695 1763 1722 in
1778 1694 1814 1721 illis

1065 1737 1108 1765 vis
1130 1742 1158 1765 et
1180 1741 1320 1773 potestas,
1344 1745 1406 1773 quae
1427 1739 1553 1768 hortetur
1566 1745 1595 1768 et
1617 1742 1708 1769 incitet
1723 1746 1812 1768 tantum.

1065 1790 1122 1810 non
1134 1790 1196 1818 quae
1209 1787 1288 1818 cogat
1301 1787 1329 1811 et
1343 1784 1475 1820 perficiat.
1493 1785 1521 1813 Si
1535 1793 1604 1822 ergo
1619 1787 1680 1823 quis
1692 1787 1812 1822 acquiesul

1064 1829 1105 1857 eis
1113 1849 1120 1861 ,
1133 1833 1162 1856 ut
1173 1829 1256 1857 etiam
1268 1834 1331 1865 agat
1342 1838 1373 1858 ea
1384 1838 1446 1866 quae
1459 1831 1529 1859 male
1537 1832 1686 1866 desiderat,
1698 1839 1813 1861 consensus

1064 1875 1106 1902 sui
1121 1878 1148 1902 et
1161 1879 1240 1902 actus
1253 1875 1405 1903 mercedem
1421 1877 1584 1911 perditionis
1599 1882 1627 1906 et
1642 1878 1754 1914 pessima:
1763 1885 1813 1904 mor-

1064 1920 1101 1947 tis
1114 1920 1245 1948 inveniet.
1268 1920 1297 1948 Si
1319 1928 1385 1949 vero
1408 1921 1531 1950 futurum
1553 1923 1687 1958 judicium
1706 1924 1811 1959 cogitans.

1064 1970 1138 1993 metu
1161 1966 1221 2001 ipso
1243 1966 1327 1995 fuerit
1347 1972 1491 2004 repressus
1511 1973 1538 1997 et
1558 1971 1723 1999 revocaverit
1738 1977 1774 2001 se.
1791 1976 1811 1995 ne

1064 2015 1127 2038 actu
1143 2012 1254 2047 impleat
1267 2013 1340 2048 quod
1354 2014 1426 2041 mala
1440 2015 1612 2050 cogitatione
1627 2016 1756 2052 concepit,
1767 2014 1812 2042 uiu-

1064 2057 1118 2092 giet
1131 2065 1186 2084 non
1201 2058 1445 2095 solumperniciem
1459 2067 1641 2097 praesentem,
1655 2063 1701 2091 sed
1713 2068 1737 2091 et
1746 2062 1810 2089 futura

1064 2103 1208 2138 supplicia.
1223 2103 1318 2132 Omnis
1330 2106 1404 2134 enim
1417 2114 1501 2135 causa
1512 2110 1619 2142 peccati
1634 2109 1725 2137 similis
1736 2108 1810 2135 videtur

1063 2156 1125 2176 esse
1140 2153 1244 2184 stuppae
1270 2150 1331 2185 pice
1351 2151 1458 2185 oblitae,
1484 2161 1546 2188 qua:
1567 2154 1616 2184 ubi
1639 2155 1745 2183 calorem
1764 2153 1809 2188 ignis

1064 2196 1202 2230 acceperit
1214 2198 1306 2224 statim
1319 2196 1503 2228 inﬂammatur
1518 2210 1525 2227 :
1541 2200 1628 2236 hujus
1643 2209 1705 2229 vero
1718 2200 1774 2236 ignis
1786 2199 1810 2226 in-

225 2246 348 2274 numeris
365 2245 477 2272 casibus
502 2246 630 2279 premuut
654 2242 809 2269 mortalium
836 2242 946 2277 genus?
969 2241 1011 2269 Ad
1027 2242 1050 2270 D
1065 2241 1191 2268 cendium
1216 2249 1298 2277 opera
1321 2251 1384 2271 esse
1408 2243 1563 2273 daemonum
1588 2247 1770 2282 intelliguntur.
1790 2243 1807 2269 5i

227 2292 284 2319 haec
305 2291 447 2322 dicemus,
470 2290 492 2318 si
519 2288 676 2317 consideret
697 2288 759 2323 quis
782 2288 866 2315 totius
887 2287 1011 2323 mysterii

225 2338 359 2364 rationem
368 2356 376 2369 ,
390 2336 447 2362 haec
460 2335 514 2362 illis
527 2342 588 2369 quae
602 2341 685 2369 supra
697 2333 1011 2368 exposuimus,justiora

225 2390 289 2410 esse
308 2381 506 2418 pronuntiabit.
529 2380 600 2407 Deus
619 2379 692 2407 enim
712 2379 869 2406 hominibus
884 2382 1010 2406 naturam

224 2429 317 2463 dedit,
338 2436 387 2464 per
401 2435 481 2463 quam
497 2431 525 2455 et
538 2427 631 2455 doceri
650 2427 757 2462 possint
774 2426 808 2454 de
825 2427 898 2454 bono
916 2430 944 2453 et
962 2426 1012 2453 ob-

225 2476 324 2503 sistere
342 2473 426 2507 maio,
443 2472 470 2500 id
487 2476 540 2504 est,
559 2476 589 2499 ut
607 2475 634 2499 ct
653 2475 727 2499 artes
741 2471 846 2506 possint
860 2471 966 2498 discere
984 2474 1011 2498 et

225 2521 363 2549 obsistere
377 2519 560 2554 voluptatibus
570 2538 577 2550 ,
594 2525 627 2545 ac
641 2517 771 2553 praeferre
785 2518 814 2545 in
829 2517 958 2544 omnibus
972 2517 1011 2544 Ie-

225 2574 286 2602 gem
305 2565 372 2598 Dei,
393 2569 420 2592 et
440 2565 476 2592 ob
495 2564 547 2591 hoc
564 2563 683 2591 virtutes
702 2558 835 2598 quasdam
855 2562 1010 2590 contrarias

224 2613 354 2641 oberrare
367 2610 499 2639 mundum
512 2610 587 2637 hunc
600 2613 627 2637 et
640 2609 775 2636 obluctari
789 2609 933 2635 nobiscum
949 2615 1011 2642 per-

225 2658 321 2691 misit,
347 2660 457 2693 propter
483 2662 584 2684 causas
611 2662 672 2690 qua:
695 2654 752 2690 jam
776 2654 904 2689 superius
932 2654 1012 2681 dictae

261 2717 283 2732 ⁸³
298 2716 370 2744 Psal.
386 2723 502 2747 xxxviii,
520 2714 563 2742 I5.

1062 2293 1128 2322 ergo
1154 2287 1308 2316 inveniatur
1330 2290 1394 2325 quis
1417 2291 1538 2326 peccatis
1561 2296 1592 2321 et
1616 2290 1808 2328 concupiscentiis
1840 2303 1841 2306 π

1062 2336 1192 2367 tanquam
1214 2334 1274 2369 pice
1295 2335 1415 2369 oblitus,
1438 2336 1510 2372 ignis
1524 2337 1555 2366 ei.
1572 2337 1700 2366 facillime
1719 2337 1808 2365 dontina-

1061 2382 1117 2414 tur.
1133 2378 1163 2406 Si
1179 2387 1244 2408 vero
1260 2388 1314 2408 non
1328 2383 1433 2417 peccati
1446 2383 1517 2418 pice,
1533 2383 1580 2411 sed
1597 2392 1668 2420 aqua
1680 2383 1808 2420 puriﬁcatio-

1061 2425 1106 2452 nis
1118 2428 1146 2451 et
1163 2426 1380 2462 regenerationis
1392 2427 1487 2456 infusa
1499 2428 1536 2456 sit
1553 2433 1654 2464 stuppa
1664 2450 1671 2462 ,
1687 2430 1745 2465 ignis
1757 2429 1776 2454 iu
1787 2434 1806 2453 ea

1058 2471 1213 2499 daemonum
1229 2480 1285 2499 non
1300 2473 1401 2500 valebit
1414 2474 1543 2505 accendi..

1098 2517 1142 2546 XI.
1162 2517 1215 2548 Sed
1229 2518 1301 2546 dicet
1315 2518 1415 2554 aliquis
1429 2528 1436 2547 :
1453 2519 1486 2546 Et
1498 2521 1564 2555 quid
1582 2520 1709 2549 faciemus
1719 2521 1763 2554 jam
1774 2525 1807 2544 nos

1062 2571 1131 2599 quos
1144 2564 1261 2599 contigit
1276 2565 1397 2599 peccatis
1411 2565 1484 2592 sicut
1506 2566 1566 2600 pice
1587 2567 1706 2595 oblitos?
1719 2565 1806 2600 Respon-

1063 2609 1132 2636 debo
1148 2619 1154 2637 :
1170 2608 1244 2636 Nihil
1260 2609 1334 2637 aliud
1347 2609 1401 2638 nisi
1416 2614 1446 2637 ut
1459 2611 1596 2640 festinetis
1612 2613 1698 2646 ablui,
1718 2618 1761 2646 quo
1775 2616 1806 2635 ex-

1063 2658 1194 2690 purgetur
1211 2662 1227 2682 a
1245 2655 1324 2683 vobis
1345 2655 1418 2692 ignis
1440 2658 1555 2685 materia
1575 2666 1626 2694 per
1646 2657 1805 2687 invocationem

868 2760 1051 2790 COTELERII
1075 2760 1191 2789 ΝΟΤΛΕ.

264 2829 319 2871 ςερ)
340 2827 484 2871 ξξξ-εωέρᾳὶ
497 2829 593 2869 spiritu
607 2829 696 2856 anima
711 2826 960 2871 illuminatajortc
969 2831 1007 2862 ut,
1023 2827 1251 2869 quemadmodum
1263 2831 1415 2856 correctum
1431 2828 1552 2857 cernitur
1567 2829 1595 2856 in
1615 2826 1742 2864 ms.flegis
1752 2827 1803 2856 Ini"

226 2863 307 2890 habet
322 2863 405 2891 editio
420 2864 600 2892 Coloniensis.
