1873 3095
40 137 105 165 Μιὶὸ

642 129 924 159 RECOGNITIONUM
938 129 1001 157 LIB.
1023 129 1068 157 lx.

1588 126 1598 152 Ι
1609 125 1656 152 illi!

38 195 123 222 sancti
140 193 261 221 nominis
272 213 279 225 ,
299 196 326 220 et
344 191 378 219 de
400 191 507 226 reliquo
529 189 613 217 l‘uturi
631 189 728 224 judicii
749 193 822 216 metu
837 193 860 218 Α
877 187 929 213 scit
944 185 1083 221 quomodo
1097 187 1124 212 et
1138 191 1224 219 quare
1239 188 1332 219 peccet
1360 183 1405 218 qui
1422 187 1533 218 pecLat,
1561 185 1587 209 et
1599 189 1660 216 quae

38 239 274 275 concupiscentias
286 238 444 269 refrenetis,
458 242 539 272 atque
551 235 722 263 adversarias
742 238 819 269 pote-

38 289 129 315 states,
141 291 205 310 cum
218 283 288 310 forte
299 282 333 309 ad
345 289 442 310 sensus
453 285 560 308 vestros
572 279 749 311 accesserint.
763 283 819 306 tota

36 328 223 356 obstinatione
238 327 356 362 pellatis.
371 326 425 354 Sed
437 326 506 353 dicis
520 335 526 353 :
543 325 571 352 Si
584 327 611 352 in
624 333 744 352 amorem
757 324 819 359 quis

37 374 174 405 inciderit,
184 373 319 408 quomodo
329 380 358 399 se
368 372 467 407 poterit
477 372 628 403 continere,
639 370 746 397 etiamsi
755 374 819 396 ante

35 419 129 446 oculos
144 427 212 446 suos
227 419 315 453 ipsum
331 418 402 452 ignis
416 417 528 444 fluvium
544 425 625 452 quem
642 416 820 451 Pyriphlege-

36 465 129 492 thonta
143 465 288 492 nominant
298 484 305 495 ,
319 464 427 491 videat?
441 463 503 490 Haec
516 463 659 490 excusatio
670 468 712 490 est
724 469 818 489 eorum

35 511 79 545 qui
94 510 219 537 converti
234 510 266 537 ad
279 509 467 544 paenitentiam
484 509 592 535 nolunt.
610 507 730 542 Denique
746 514 821 534 nunc

36 557 96 583 nolo
110 555 369 591 Pyriphlegethonta
384 554 505 581 adducas
526 553 553 580 in
576 553 695 580 medium
711 561 718 585 ;
732 552 821 579 homi-

35 610 96 629 num
112 602 163 629 tibi
179 608 300 636 propone
315 608 428 636 ptenas,
450 604 477 627 et
495 600 557 626 vide
579 602 711 633 quantum
733 598 821 624 valeat

35 650 143 678 metus;
161 649 286 680 potestne
301 645 465 679 quisquam,
483 651 545 670 cum
568 650 617 677 pro
640 642 742 669 amoris
766 642 821 669 cri-

35 691 106 718 mine
121 691 157 718 ad
176 691 341 725 supplicium
358 690 467 717 ducitur
481 693 508 716 et
525 689 559 716 ad
575 689 694 724 stipitem
710 688 821 723 colliga-

35 739 78 761 tur
93 735 217 762 urendus
233 735 306 770 (8i),
322 734 350 761 in
376 734 422 761 illo
436 737 559 768 tempore
575 733 634 768 ejus
649 740 730 767 quam
743 740 821 759 ama-

36 781 72 807 vit
86 781 130 808 vel
146 780 314 808 desiderium
329 787 426 814 capere
442 779 484 806 vel
500 779 617 813 speciem
642 782 705 806 ante
726 779 821 806 oculos

37 826 210 862 proponere?
222 826 417 861 Nequaquam,
432 825 550 860 inquies.
566 823 648 852 Vides
662 832 743 859 ergo,
757 824 821 859 quia

872 238 1094 266 unumquemque
1108 237 1190 257 causa
1204 229 1286 256 ducat
1298 228 1330 255 ad
1339 232 1490 263 peccatum.
1501 226 1557 253 Hoc
1567 230 1658 253 tamen

870 276 1033 311 generaliter
1048 274 1251 309 agnoscendum
1277 278 1337 306 est;
1365 272 1437 307 quod
1453 272 1475 298 si
1491 270 1538 306 qui
1551 278 1606 298 non
1621 271 1659 297 ita

870 326 970 354 mente,
980 325 1009 348 ut
1020 321 1126 348 actibus
1140 319 1203 346 mali
1218 322 1348 350 sunt,nee
1363 318 1502 353 proposito
1516 315 1660 343 iucitatiad

869 368 1036 402 peccandum
1045 366 1235 397 devolvuntur,
1245 365 1286 391 his
1300 364 1418 391 velocior
1426 361 1453 390 et
1461 363 1546 397 magis
1556 362 1582 388 in
1590 369 1662 397 prat-

872 414 941 442 senti
957 414 1012 441 vita
1028 413 1152 440 redditur
1169 419 1269 447 paena;
1289 411 1390 445 ubique
1410 411 1483 438 enim
1504 413 1531 437 et
1553 416 1660 443 semper

872 459 944 488 Deus
960 462 1041 495 prout
1055 462 1210 493 competere
1223 457 1344 492 judicat,
1361 457 1508 490 unicuique
1528 463 1577 490 pro
1591 454 1660 480 acti-

872 506 924 533 bus
939 505 997 532 suis
1010 504 1112 532 reddit.
1126 503 1227 530 Eorum
1240 510 1303 529 vero
1317 502 1363 537 qui
1379 501 1519 536 proposito
1532 503 1660 527 exercent

872 552 1023 582 malitiam,
1040 551 1077 577 ita
1099 555 1128 577 ut
1152 550 1288 577 interdum
1310 550 1391 576 etiam
1413 549 1440 575 in
1461 555 1508 575 eos
1528 546 1659 578 saeviant,

872 605 887 624 a
904 598 1004 633 quibus
1017 597 1089 625 bona
1104 596 1247 623 consecuti
1268 599 1346 627 sunt,
1365 599 1392 621 et
1415 593 1516 620 nullum
1533 592 1662 619 recorda-

874 644 977 671 tionem
991 643 1103 678 capiunt
1119 642 1154 668 ad
1177 641 1384 677 paenitentiam,
1408 639 1498 666 differt
1518 645 1611 673 poenas
1633 637 1660 663 in

873 689 995 716 futurum
1009 697 1017 722 ;
1032 695 1086 715 n0n
1101 687 1174 714 enim
1189 690 1328 714 merentur
1342 686 1398 718 isti,
1415 687 1485 713 sicut
1497 685 1534 710 illi
1550 683 1583 710 de
1598 681 1659 718 qui-

873 735 924 762 bus
940 743 982 769 θυι
994 743 1023 761 ra
1037 735 1157 761 diximus
1167 754 1175 765 ,
1192 733 1219 760 in
1238 733 1364 768 praesenti
1380 732 1434 758 vita
1449 731 1581 759 scelerum
1596 737 1661 756 suo-

872 789 933 808 rum
958 780 1035 807 ﬁnire
1052 780 1220 810 vindictam,
1239 778 1285 806 sed
1302 777 1470 814 permittitur
1484 777 1524 803 eis
1539 782 1659 810 prmseus

875 831 980 861 tempus
997 826 1110 860 implere
1126 829 1155 852 ut
1172 826 1281 855 volunt,
1303 825 1365 858 quia
1389 822 1543 850 emendatio
1564 828 1659 848 eorum

36 880 157 908 pratsens
178 876 267 900 metus
287 875 393 899 resecat
414 871 507 906 iniqua
528 871 674 898 desideria.
701 870 778 903 Quod
797 871 820 898 si
838 875 858 903 Β
873 880 927 898 non
941 875 983 899 est
994 871 1050 906 jam
1066 871 1146 902 talis,
1163 878 1223 905 quae
1245 868 1444 904 temporalibus
1469 867 1589 901 indigeat
1613 873 1660 892 ca-

35 918 181 945 credentes
204 917 277 949 Deo,
303 920 330 944 et
356 917 477 943 futurum
498 915 633 950 judicium
658 922 821 950 poenamque

36 964 105 1000 ignis
120 964 218 991 aeterni
233 963 395 990 conﬁtentes
414 969 467 989 non
483 969 513 989 se
527 963 667 988 continent
687 969 702 988 a
724 970 821 996 pecea-

35 1015 71 1043 to,
85 1015 194 1038 certum
206 1013 248 1037 est
261 1009 333 1045 quod
347 1017 400 1036 non
414 1009 492 1044 plena
504 1008 556 1035 lide
567 1008 699 1035 credunt:
714 1008 736 1035 si
749 1007 821 1035 enim

35 1061 108 1084 certa
124 1057 161 1084 sit
177 1056 261 1088 tides,
277 1059 370 1083 certus
385 1055 414 1081 [it
430 1059 456 1083 et
479 1055 581 1088 timor;
597 1054 620 1081 si
643 1062 708 1082 vero
730 1054 821 1082 minus

35 1102 136 1137 aliquid
152 1106 196 1130 est
210 1101 238 1128 in
255 1101 307 1128 tlde
318 1121 325 1133 ,
343 1101 483 1128 relaxatur
496 1105 523 1128 et
537 1104 626 1127 metus
636 1119 643 1132 ,
659 1103 687 1127 et
702 1103 766 1126 tunc
781 1100 821 1127 lo-

36 1156 94 1174 cum
125 1147 270 1176 inveniunt
296 1146 452 1174 introeundi
481 1145 625 1173 contraria:
653 1149 820 1180 potestates,

35 1199 151 1226 quarum
168 1191 390 1227 persuasionibus
405 1198 467 1217 cum
489 1190 690 1225 acquieverint,
708 1198 821 1219 necesse

35 1242 75 1264 est
89 1242 119 1264 ut
134 1242 162 1265 et
177 1237 304 1273 potestati
318 1244 412 1264 earum
428 1237 540 1264 obnoxii
558 1236 622 1264 [iant
637 1243 664 1264 et
681 1237 746 1272 ipsis
760 1245 821 1272 per-

36 1283 215 1311 suadentibus
229 1288 345 1319 agantur
357 1282 390 1309 ad
407 1282 555 1318 praecipitia
570 1283 686 1317 peccati.

69 1329 127 1357 XII.
147 1330 231 1365 Igitur
251 1329 393 1364 astrologi,
414 1329 573 1364 ignorantes
589 1327 746 1363 hujusmodi
763 1334 819 1362 my-

36 1377 119 1403 steria
130 1396 138 1409 ,
153 1380 250 1412 putant
265 1376 406 1404 stellarum
422 1374 552 1403 cursibus
567 1374 619 1402 ista
640 1374 800 1409 contingere
811 1393 819 1406 ,

37 1423 107 1451 unde
120 1428 148 1451 et
164 1423 206 1450 his
221 1423 268 1458 qui
283 1422 418 1450 accedunt
433 1421 466 1448 ad
481 1429 529 1449 eos
541 1441 548 1453 ,
564 1426 593 1448 ut
608 1420 642 1448 de
657 1420 756 1448 futuris
772 1419 823 1447 ali—

36 1470 100 1506 quid
117 1469 277 1500 consulant,
303 1468 501 1505 respondentes
525 1467 657 1495 falluntur
682 1468 710 1494 in
735 1467 823 1502 pluri-

39 1517 110 1551 mis;
127 1525 178 1545 nec
192 1517 310 1550 mirum,
333 1523 387 1542 non
408 1515 480 1542 enim
506 1517 572 1542 sunt
592 1513 746 1548 prophetae,
773 1511 820 1539 sed

38 1571 88 1590 usu
117 1562 196 1590 multi
225 1560 364 1596 temporis,
384 1563 510 1587 auctores
528 1564 652 1585 errorum
669 1557 821 1592 perfugium

38 1609 175 1643 quoddam
191 1607 219 1634 in
235 1607 277 1634 his
291 1606 392 1641 quibus
407 1603 612 1639 decipiebantur
627 1602 779 1635 inveniunt,
794 1606 822 1629 et

38 1653 209 1679 climacteras
225 1650 359 1686 quosdam
375 1648 570 1679 introducunt,
586 1651 616 1675 ut
630 1647 664 1674 de
678 1648 759 1675 rebus
781 1647 823 1674 in-

39 1698 122 1726 certis
136 1698 279 1725 scientiam
296 1696 408 1731 lingant.
432 1695 610 1723 Climacteras
630 1693 702 1720 enim
727 1693 823 1719 dicunt

39 1745 117 1780 quasi
138 1743 252 1779 periculi
269 1746 378 1777 tempus
393 1741 450 1776 (82)
462 1760 470 1773 ,
486 1740 514 1767 in
529 1747 583 1774 quo
599 1738 733 1766 interdum
749 1738 823 1773 peri-

41 1795 130 1818 matur
148 1791 210 1826 quis
221 1810 228 1822 ,
245 1788 381 1816 interdum
395 1794 449 1814 non
470 1786 641 1821 perimatur;
667 1785 824 1819 ignorantes

42 1836 111 1871 quod
129 1844 183 1864 non
197 1834 336 1863 stellarum
352 1839 450 1860 cursus
463 1832 520 1859 h:ec
529 1851 537 1865 ,
550 1830 597 1858 sed
611 1830 763 1857 daemonum
778 1837 824 1865 ge-

42 1884 76 1910 rit
89 1882 213 1918 operatio
223 1901 231 1912 ,
247 1880 294 1916 qui
311 1879 345 1906 ad
360 1877 514 1913 astrologia:
527 1883 647 1904 errorem
662 1875 826 1903 continuan-

42 1931 104 1958 dum
121 1929 325 1959 deservientes,
343 1925 457 1953 calculis
471 1923 604 1951 mathesis
617 1923 761 1958 decipiunt
775 1922 826 1949 ho-

42 1977 128 2005 mines
142 1976 175 2003 ad
186 1973 371 2010 peccandum.
388 1975 418 1999 ut
432 1978 493 1998 cum
504 1991 511 2003 ,
524 1970 566 1998 vel
584 1969 639 1997 Deo
653 1969 826 2004 permittente

43 2023 83 2050 vel
98 2022 205 2058 legibus
226 2019 398 2054 exigentibus
411 2037 418 2050 ,
441 2015 544 2052 peccati
565 2015 690 2043 dederint
711 2022 824 2050 poenas,

42 2077 134 2096 verum
158 2067 262 2096 dixisse
282 2065 405 2092 videatur
424 2062 589 2097 astrologus.
613 2060 646 2087 Et
665 2064 756 2088 tamen
776 2060 826 2087 fal-

44 2116 136 2143 luntur
151 2114 234 2142 etiam
252 2113 280 2139 in
294 2112 346 2138 hoc
359 2119 366 2143 ;
383 2110 406 2137 si
422 2110 494 2137 enim
510 2109 565 2136 cito
580 2107 705 2136 conversi
726 2107 827 2135 fuerint

44 2161 76 2189 ad
100 2159 308 2197 pmnitentiam,
330 2160 358 2185 et
379 2156 478 2183 futuras
496 2161 583 2190 preme
610 2153 825 2180 recordationem

45 2207 218 2242 conceperint
241 2212 274 2232 ac
297 2207 416 2233 metum,
443 2201 585 2228 conversis
610 2199 644 2226 ad
668 2199 754 2226 Deum
779 2206 827 2234 per

44 2254 157 2288 gratiam
173 2250 299 2286 baptismi
315 2248 460 2276 resolvitur
475 2253 554 2282 pmna
570 2245 676 2273 mortis.

77 2299 147 2326 Xlll.
169 2297 223 2325 Sed
245 2296 316 2324 dicet
337 2294 421 2329 quis:
444 2293 521 2319 Multi
543 2295 571 2319 et
596 2290 773 2318 homicidium
799 2294 825 2316 et

45 2345 207 2373 adulterium
225 2347 252 2370 et
267 2341 319 2369 alia
340 2339 444 2368 scelera
468 2337 683 2367 commiserunt.
705 2340 732 2363 et
756 2335 825 2362 nihil

44 2392 106 2419 mali
123 2389 197 2426 passi
213 2391 288 2416 sunt.
304 2385 361 2413 Hoc
376 2384 488 2420 quidem
503 2391 567 2410 raro
584 2381 685 2410 accidit
707 2381 824 2408 homini-

45 2438 93 2466 bus
104 2458 111 2469 ,
128 2441 219 2464 tamen
235 2432 422 2462 nescientibus
436 2430 582 2458 consilium
599 2428 645 2456 Dei
669 2428 826 2463 frequenter

45 2484 150 2511 videtur
164 2480 307 2512 accidere;
324 2477 394 2506 Deus
410 2480 501 2504 autem
518 2475 565 2510 qui
582 2475 658 2502 novit
673 2474 803 2501 universa
815 2493 822 2505 ,

872 917 1064 952 stigationibus
1075 936 1082 948 ,
1101 916 1148 943 sed
1163 923 1223 951 quae
1237 914 1331 942 teterni
1349 913 1419 948 ignis
1435 913 1462 938 in
1477 911 1585 938 inferno
1600 911 1660 937 exi-

871 967 917 999 gat
933 970 1044 998 peenas.
1062 969 1178 997 quorum
1197 961 1294 988 animm
1317 959 1354 986 ibi
1376 957 1563 993 paenitentiam
1585 962 1660 991 qua:-

872 1012 950 1040 rent,
967 1008 1012 1035 tibi
1029 1008 1152 1034 invenire
1167 1015 1222 1034 non
1238 1009 1375 1041 poterunt.

907 1053 977 1082 XIV.
997 1054 1075 1087 Quod
1091 1054 1114 1081 si
1130 1054 1157 1081 in
1173 1053 1224 1080 hac
1238 1053 1292 1079 vita
1309 1051 1390 1087 positi
1407 1050 1467 1078 illas
1480 1057 1549 1084 quas
1562 1048 1598 1075 ibi
1610 1056 1659 1083 pa-

873 1101 977 1128 tientur
993 1108 1105 1136 pmnas,
1122 1103 1186 1127 ante
1205 1099 1300 1126 oculos
1321 1097 1496 1133 posuissent,
1520 1094 1659 1122 rell-enas-

872 1152 933 1175 sent
951 1147 1047 1182 utique
1060 1146 1196 1174 desideria
1213 1149 1240 1172 et
1255 1145 1330 1171 nullo
1346 1147 1427 1178 pacto
1450 1140 1615 1169 decidissent
1631 1140 1658 1166 in

871 1198 1022 1228 peccatum.
1042 1191 1154 1218 Multum
1171 1191 1242 1218 enim
1260 1193 1349 1224 potest
1365 1195 1463 1216 sensus
1478 1187 1504 1213 in
1520 1186 1609 1212 anima
1625 1184 1659 1212 ad

871 1237 1037 1265 resecandas
1052 1243 1148 1263 omnes
1171 1235 1230 1270 ejus
1251 1233 1431 1269 cupiditates,
1455 1231 1572 1258 maxime
1596 1237 1659 1256 cum

872 1283 1026 1311 caelestium
1061 1281 1204 1310 scientiam
1233 1280 1354 1315 ceperit,
1380 1286 1428 1314 per
1451 1285 1533 1312 quam
1556 1275 1660 1303 lumine

871 1328 995 1357 veritatis
1011 1332 1144 1362 accepto,
1171 1326 1206 1354 ab
1230 1325 1306 1352 omni
1332 1324 1500 1352 obscuritate
1524 1321 1659 1348 malorum

872 1379 983 1403 actuum
1002 1373 1160 1401 declinabit.
1180 1370 1258 1398 Sicut
1282 1370 1355 1398 enim
1381 1369 1422 1397 sol
1447 1375 1542 1395 onmes
1565 1365 1660 1393 stellas

873 1420 1019 1456 splendore
1040 1419 1083 1447 sui
1105 1418 1221 1453 fulgoris
1243 1415 1372 1444 obtundit
1386 1418 1413 1442 et
1428 1412 1568 1448 contegit,
1584 1411 1621 1437 ita
1634 1415 1661 1438 et

872 1474 950 1494 mens
973 1473 1021 1501 per
1045 1465 1166 1493 scientiae
1188 1464 1277 1492 lucem
1301 1469 1397 1490 omnes
1420 1457 1660 1494 concupiscentias

873 1513 971 1540 animat
987 1511 1139 1540 inelIicaces
1153 1511 1242 1539 reddit
1263 1513 1290 1538 et
1311 1509 1433 1539 otiosas,
1457 1506 1542 1533 futuri
1562 1504 1660 1539 judicii

873 1558 1032 1586 memoriam
1054 1565 1137 1593 super
1158 1564 1206 1585 eas
1228 1559 1359 1590 tanquam
1381 1553 1474 1580 radios
1496 1558 1561 1579 suos
1582 1549 1661 1577 emit-

873 1607 951 1637 teus,
973 1603 1011 1630 ita
1032 1607 1063 1630 ut
1082 1611 1117 1630 ne
1135 1609 1268 1637 apparere
1289 1600 1400 1636 quidem
1424 1599 1496 1626 ultra
1518 1597 1545 1623 in
1569 1595 1661 1622 anima

873 1654 985 1684 queant.

909 1694 967 1722 XV.
988 1693 1067 1727 Quod
1089 1697 1179 1720 autem
1203 1692 1286 1719 timor
1307 1690 1354 1718 Dei
1377 1689 1492 1717 multum
1515 1687 1605 1714 valeat
1626 1685 1661 1713 ad

873 1739 1061 1775 reprimendas
1075 1737 1312 1772 concupiscentias
1322 1756 1329 1768 ,
1343 1743 1410 1770 cape
1424 1734 1537 1762 humani
1554 1732 1661 1759 timoris

874 1786 1038 1820 exemplum.
1056 1784 1280 1818 Quotusquisque
1295 1786 1354 1813 est.
1369 1781 1417 1816 qui
1440 1788 1493 1807 non
1515 1780 1587 1806 inter
1611 1778 1661 1804 ho-

874 1832 964 1859 mines
987 1831 1164 1866 concupiscat
1187 1830 1290 1857 aliena?
1317 1833 1344 1856 et
1363 1831 1453 1854 tamen
1476 1829 1549 1853 metu
1572 1831 1660 1860 ptenae

874 1884 934 1912 quae
950 1876 1054 1911 legibus
1068 1878 1171 1903 statuta
1184 1878 1244 1907 est,
1260 1873 1416 1901 refrenatur
1430 1877 1457 1899 et
1476 1870 1661 1898 continentius

876 1923 941 1957 agit.
970 1922 1036 1957 Regi
1062 1925 1173 1957 propter
1189 1925 1291 1948 metum
1306 1923 1401 1955 gentes
1417 1918 1561 1952 subjacent
1576 1920 1603 1943 et
1617 1923 1662 1942 ar-

877 1973 969 1995 matus
989 1972 1066 2003 paret
1086 1968 1236 1995 exercitus.
1258 1965 1335 1993 Servi
1358 1972 1420 1991 cum
1440 1963 1495 1991 sint
1515 1961 1661 1989 validiores

876 2014 994 2042 dominis
1010 2014 1085 2046 suis,
1102 2017 1213 2048 propter
1229 2017 1329 2039 metutn
1349 2015 1440 2038 tamen
1461 2007 1575 2044 imperia
1596 2013 1659 2042 per-

876 2061 966 2088 ferunt
980 2061 1167 2087 dominorum.
1191 2058 1289 2086 Bestia:
1308 2058 1375 2092 ipsa:
1398 2056 1462 2083 ferte
1485 2058 1558 2081 metu
1581 2053 1662 2080 mite-

876 2109 975 2133 scunt:
994 2104 1066 2131 tauri
1083 2103 1246 2131 validissimi
1260 2103 1326 2138 jugo
1341 2102 1410 2129 colla
1426 2100 1609 2130 submittunt,
1632 2102 1660 2125 et

877 2152 1010 2178 immanes
1032 2149 1169 2185 elephanti
1193 2148 1332 2184 magistris
1355 2147 1544 2181 obtemperant
1565 2153 1611 2180 per
1627 2144 1662 2171 ti-

878 2204 992 2224 morem.
1012 2195 1064 2224 Sed
1079 2203 1129 2223 cur
1149 2194 1277 2222 humanis
1297 2198 1406 2220 utamur
1426 2191 1576 2226 exemplis,
1598 2197 1661 2217 cum

877 2244 960 2271 etiam
983 2243 1075 2270 divina
1096 2250 1151 2270 non
1174 2241 1283 2269 desint?
1307 2240 1403 2267 Nonne
1427 2243 1500 2266 terra
1526 2238 1584 2273 ipsa
1610 2237 1662 2264 sub

877 2289 1002 2325 praecepti
1032 2294 1105 2316 metu
1138 2292 1295 2324 permanet,
1323 2285 1396 2321 quod
1417 2285 1499 2313 etiam
1521 2288 1604 2311 motu'
1618 2284 1661 2310 sui

877 2341 903 2364 et
922 2340 1040 2363 tremore
1069 2335 1202 2363 testatur?
1229 2333 1303 2361 Mare
1346 2337 1478 2361 statutum
1515 2332 1660 2359 terminum

877 2385 985 2412 servat,
1027 2380 1116 2415 angeli
1151 2387 1246 2415 pacem
1280 2378 1457 2410 custodiunt,
1503 2376 1588 2405 stella:
1615 2383 1662 2403 or-

877 2426 967 2453 dinem
995 2429 1091 2453 tenent
1118 2429 1146 2452 et
1165 2424 1240 2452 iluvii
1270 2427 1393 2456 meatus.
1427 2423 1563 2451 daemones
1594 2429 1664 2456 quo-

877 2480 930 2508 que
955 2475 1059 2499 certum
1085 2475 1126 2499 est
1149 2471 1246 2498 timore
1271 2470 1298 2497 in
1326 2470 1415 2506 fugam
1429 2468 1552 2497 verti.Et
1566 2475 1600 2495 ne
1615 2475 1663 2503 per

688 2578 871 2608 COTELERH
890 2579 1007 2608 ΝΟΤᾹΣ.

80 2677 135 2713 (8!)
155 2677 220 2705 Cum
235 2686 282 2712 pro
296 2679 395 2705 amoris
408 2679 515 2706 crimine
533 2677 567 2704 ad
577 2677 733 2712 supplicium
748 2677 823 2703 diui-

49 2715 97 2750 tur.
110 2712 309 2750 etAadAgtipttem
323 2714 465 2750 colligatur
481 2713 605 2740 urendus.
618 2712 706 2750 Julius
715 2713 824 2750 Capito:

49 2745 117 2785 linus
131 2748 164 2785 de
179 2745 299 2785 Macrino
313 2758 319 2775 :
333 2745 464 2785 Adulterii
477 2757 534 2785 reos
552 2756 650 2782 semper
664 2748 732 2785 uiuos
746 2745 825 2785 sintut

48 2782 170 2822 incendit,
181 2783 281 2822 junctis
296 2784 457 2822 corporibus.
475 2783 545 2822 μοιτί
560 2788 656 2822 postea
671 2783 772 2810 variam
787 2782 827 2809 le-

49 2817 162 2846 ctionem
182 2817 266 2846 etiam
291 2819 392 2846 codicis
416 2818 503 2854 Regii,
518 2817 603 2854 quém,
624 2817 656 2845 ad
679 2824 826 2854 puerorum

51 2856 169 2890 stuprum
180 2857 357 2888 spectantem,
369 2854 405 2881 de
417 2853 470 2889 quo
486 2853 601 2884 ﬂammis
617 2853 769 2882 vindicibus
781 2859 828 2881 ex-

875 2675 976 2716 pianth
995 2674 1177 2702 Valentiniani
1195 2673 1235 2701 lex
1259 2677 1349 2701 exstat
1373 2672 1400 2699 in
1425 2671 1518 2698 codice
1533 2668 1660 2696 Theodo«

876 2718 968 2780 “721333
987 2744 1160 2772 Climacteras
1171 2744 1240 2780 enim
1255 2743 1356 2780 dicunt.
1373 2741 1450 2780 quasi
1470 2739 1581 2780 periculi
1596 2743 1661 2764 tem-

877 2774 936 2816 pus.
956 2774 1031 2816 Vide
1044 2788 1114 2816 quos
1138 2780 1188 2816 hac
1204 2779 1273 2816 iure
1287 2779 1352 2805 citat
1367 2776 1543 2816 doctissimus
1558 2774 1662 2816 Sara-ro

880 2808 913 2843 'ad
941 2808 1146 2850 Sidonii'epist.
1159 2815 1201 2843 ll.
1219 2814 1265 2842 lib.
1278 2821 1337 2844 vni,
1354 2819 1403 2839 nec
1418 2819 1472 2838 non
1487 2810 1538 2837 Nili
1555 2808 1662 2837 abbatis

880 2851 1021 2887 epistolam
1036 2850 1099 2884 258,
1115 2850 1160 2878 tib.
1179 2857 1209 2876 ιι.
