1873 3095
178 138 242 166 NII

609 135 639 163 S.
659 134 878 162 CLEMENTISI
895 133 980 161 ROM.
999 131 1100 160 PONT.
1124 122 1240 159 OPERA
1260 130 1374 159 DUBIA.

1743 123 1811 157 ms

176 204 219 223 res
237 193 430 230 agricolentur.
443 191 577 220 aedificent
591 194 618 218 et
633 197 714 218 tmne
726 198 795 226 opus
809 191 885 218 virile
902 197 960 225 pcr-
978 191 998 220 Α
1016 195 1068 215 nec
1084 188 1262 223 opprobrium
1277 195 1309 215 ex
1326 188 1378 215 hoc
1394 187 1506 223 aliquod
1528 186 1593 214 duci
1607 193 1616 219 ;
1637 189 1666 213 et
1687 186 1810 221 nunquid

129 256 132 259 ν
176 241 280 274 liciant,
292 240 339 267 sed
353 243 381 266 et
401 239 509 266 misceri
532 238 633 273 quibus
652 237 748 264 volunt
770 238 842 270 licet,
854 244 905 264 nec
920 237 962 263 in-

175 287 308 312 cusautur
321 291 336 310 a
350 283 416 311 viris
431 286 477 310 aut
500 282 631 310 adulterae
652 283 834 317 appellantur,
860 282 963 317 passim

175 330 249 357 enim
263 328 425 356 concubitus
438 329 554 356 miscent
566 332 593 355 et
613 329 749 363 praecipue
768 335 830 354 cum
849 326 966 361 hospiti—

177 374 240 406 bus,
259 378 396 410 unguenta
418 374 555 405 nesciunt,
577 381 632 401 non
655 373 807 400 induuntur
822 376 898 400 veste
923 371 965 398 fu-

177 424 250 452 cata,
268 428 322 447 non
336 419 453 452 calceis;
474 423 586 446 econtra
602 418 653 445 viri
674 417 805 445 Gelonum
821 421 965 448 ornantur.

178 469 335 501 pectuntur,
353 464 521 492 indumentis
533 464 660 492 mollibus
672 468 698 490 et
708 463 792 490 variis
806 462 966 496 induuntur,

179 519 246 539 auro
263 511 406 546 compositi
422 510 624 545 unguentisque
646 510 776 542 delibuti,
791 513 818 536 et
838 509 896 536 ha‘c
912 516 966 536 non

181 565 231 593 pro
254 557 435 584 dissolutione
450 556 549 583 virium
562 575 569 587 ,
586 559 650 583 sunt
670 555 742 582 enim
766 554 967 582 bellicosissimi

181 607 209 631 et
227 606 370 630 venatores
389 602 534 633 acerrimi;
552 600 574 616 “
589 608 639 628 nec
656 603 748 627 tamen
770 600 904 627 universa:
916 598 969 626 Ge-

182 649 275 675 lonum
289 648 425 678 mulieres,
442 646 469 673 in
490 646 671 681 Caprzecornu
692 648 738 671 ant
754 645 873 680 Aquario
889 652 969 672 caco-

182 693 331 720 daemonem
355 691 487 720 Venerem
510 695 656 719 nascentes
670 691 798 725 habuere,
814 699 903 726 neque
917 691 969 718 viri

182 748 276 768 eorum
293 741 320 767 in
332 740 423 767 Ariete
443 747 505 766 cum
521 738 607 766 Marte
624 738 757 766 Venerem
775 739 901 773 positam,
922 745 970 772 per

184 786 256 821 quod
274 786 384 812 schema
402 784 572 812 effeminatos
596 788 623 812 et
637 784 788 812 dissolutos
803 784 878 811 nasci
895 791 971 811 asse-

184 831 220 857 rit
233 831 305 857 viros
317 829 464 857 Ghaldaica
480 828 635 864 disciplina.

219 874 315 902 XXI“.
330 874 415 902 Porro
435 883 500 902 vero
521 875 548 901 in
566 873 645 902 Susis
670 873 800 902 mulieres
824 873 972 908 unguentis

185 924 213 949 et
231 922 340 956 quidem
361 921 472 956 optimis
487 925 610 953 utuntur,
627 921 797 948 ornamentis
810 925 925 955 compta:
939 927 971 947 ex

186 966 322 1002 lapidibus
338 967 483 1002 pretiosis,
500 967 662 994 ministeriis
680 973 790 1001 quoque
810 966 972 993 ancillarum

187 1013 260 1040 fultae
286 1014 437 1048 procedunt
465 1013 552 1040 multo
579 1013 685 1048 majore
712 1013 862 1040 ambitione
890 1020 972 1047 quam

185 1058 255 1091 viri,
271 1067 322 1086 nec
337 1064 427 1086 tamen
443 1059 604 1094 pudicrtiam
620 1059 732 1091 colunt,
751 1058 798 1086 sed
814 1059 973 1086 indiderens

185 1104 227 1132 eis
241 1111 304 1132 cum
322 1105 534 1140 quibuscunque
549 1105 687 1132 voluerint
703 1113 771 1132 usus
787 1109 830 1133 est
845 1109 871 1133 et
887 1105 974 1133 servis

187 1155 214 1179 et
235 1152 407 1187 hospitibus.
433 1152 481 1179 tali
502 1151 614 1179 licentia
640 1159 655 1178 a
679 1151 747 1178 viris
769 1151 924 1186 permissa;
947 1155 974 1178 et

191 1206 243 1228 non
259 1198 347 1226 solum
363 1206 419 1226 non
440 1198 588 1234 culpantur
607 1205 656 1233 pro
676 1198 745 1230 hoc.
770 1198 816 1225 sed
839 1202 865 1225 et
885 1197 975 1226 domi-

188 1248 288 1271 nantur
304 1245 330 1271 in
346 1245 429 1272 viros.
444 1245 465 1260 ⁸⁷
481 1244 537 1271 Nec
552 1249 641 1272 tamen
655 1245 776 1270 omniurn
792 1245 900 1279 genesis
915 1252 975 1271 mu-

188 1291 285 1317 Ierum
302 1290 462 1318 Susidarum
479 1290 507 1317 in
525 1290 672 1317 medietate
686 1290 767 1322 cmli,
784 1298 846 1317 cum
867 1289 933 1318 Jove
948 1295 976 1318 et

190 1335 276 1363 Marte
292 1335 425 1363 Venerem
444 1336 471 1363 in
486 1335 562 1364 Iovis
576 1335 704 1363 domibus
719 1335 832 1364 habent.
853 1335 883 1363 ln
905 1336 977 1364 ulte—

189 1382 310 1409 rloribus
324 1381 444 1410 Orientis
457 1381 595 1417 partibus.
609 1381 633 1409 si
646 1389 714 1416 puer
727 1382 852 1409 muliebri
868 1390 897 1409 se
912 1382 977 1409 subv

189 1432 296 1456 sternat
315 1428 440 1463 injuriae,
460 1436 523 1456 cum
541 1428 665 1463 agnitum
685 1427 767 1455 fuerit
780 1448 787 1458 .
808 1436 822 1454 a
845 1427 977 1456 fratribus

190 1479 237 1502 aut
252 1475 412 1510 parentibus
423 1475 466 1503 vel
479 1474 646 1510 quibuslibet
657 1475 790 1510 proximis
803 1474 976 1507 interficitur,

1015 233 1148 269 possibile
1162 237 1222 266 est,
1238 237 1267 260 ut
1283 241 1379 261 omnes
1393 234 1441 269 qui
1457 238 1512 260 tam
1535 232 1661 267 turpiter
1683 239 1812 259 succum-

1014 280 1084 307 bunt
1099 279 1171 314 apud
1185 278 1297 311 Gallos,
1312 279 1470 306 Luciferum
1484 287 1546 306 cum
1562 278 1707 305 Mercurio
1722 278 1751 305 in
1765 277 1813 305 do-

1016 326 1108 353 mibus
1125 325 1235 353 Saturni
1252 330 1279 353 et
1295 326 1395 353 ﬁnibus
1411 325 1506 353 Martis
1523 324 1676 352 habuerint
1687 323 1700 350 2

1052 371 1148 399 XXIV.
1165 372 1194 399 ln
1207 372 1355 399 Britannias
1367 373 1489 408 partibus
1497 371 1553 407 (96)
1563 372 1659 406 plures
1667 369 1721 397 vitri
1734 377 1813 397 unam

1018 419 1123 446 habent
1142 426 1256 446 uxorem
1267 438 1275 450 ,
1292 419 1320 446 in
1340 418 1450 445 Parthia
1467 419 1561 445 multa:
1575 417 1716 444 mulieres
1731 424 1813 442 unum

1018 465 1121 493 habent
1136 465 1241 496 virum,
1257 470 1284 492 et
1301 468 1417 499 utraque
1434 465 1509 492 orbis
1524 472 1589 499 pars
1605 463 1738 490 moribus
1758 462 1813 489 suis

1018 516 1100 547 atque
1119 512 1253 539 institutis
1273 512 1446 546 obsequitur.
1468 511 1624 538 Amazones
1645 517 1747 537 omnes
1763 517 1812 536 non

1019 557 1121 584 habent
1140 558 1233 589 viros,
1257 557 1306 584 scd
1331 557 1403 584 sicut
1426 555 1557 582 animalia
1582 554 1671 582 semel
1696 554 1724 581 in
1747 561 1814 580 anno

1018 603 1091 630 circa
1107 603 1218 630 vernale
1233 602 1425 637 aequinoctium
1441 601 1568 636 proprios
1580 607 1707 635 egressa:
1723 599 1814 626 termi-

1020 657 1070 676 nos
1080 669 1087 680 .
1105 649 1225 676 ﬁnitimae
1244 648 1334 684 gentis
1346 648 1413 674 viris
1425 647 1589 677 miscentur,
1605 645 1814 673 solemnitatem

1021 695 1165 730 quamdam
1183 702 1230 730 per
1243 695 1296 721 hoc
1309 693 1496 724 observantes,
1510 700 1541 720 ex
1556 692 1663 727 quibus
1675 699 1742 718 cum
1756 699 1817 718 con-

1021 741 1144 777 ceperint
1160 739 1275 767 redeunt
1285 759 1292 770 ,
1304 742 1331 766 et
1343 738 1365 765 si
1377 745 1479 764 marem
1491 737 1653 772 pepererint
1664 735 1814 770 abjieiunt.

1022 787 1140 815 feminas
1164 786 1301 813 nutriunt.
1319 784 1342 800 “
1365 783 1490 818 Cumque
1512 782 1597 809 unius
1623 782 1763 816 temporis
1785 781 1816 807 sit

1023 834 1144 861 omnium
1162 836 1272 867 partus,
1290 830 1438 857 absurdum
1455 832 1516 859 est,
1532 832 1563 854 ut
1576 827 1604 854 in
1620 828 1753 854 maribus
1765 827 1816 861 qui-

1023 882 1083 909 dem
1099 884 1211 916 putetur
1226 878 1298 906 Mars
1313 885 1375 905 cum
1393 877 1512 903 Saturno
1534 875 1562 903 in
1583 879 1717 910 tempore
1737 876 1816 910 aequis

1023 936 1085 955 esse.
1101 926 1287 962 portionibus,
1310 925 1337 952 in
1363 924 1526 951 feminarum
1545 930 1611 950 vero
1633 923 1735 958 genesi
1754 931 1818 949 nua-

1024 981 1116 1010 quam.
1134 972 1186 1000 Sed
1203 979 1290 1006 neque
1306 969 1470 997 Mercurium
1486 968 1542 1003 (9't)
1558 975 1623 995 cum
1642 967 1758 995 Venere
1775 968 1818 995 ha-

1024 1018 1118 1046 buisse
1133 1018 1160 1044 in
1177 1017 1304 1043 dotnibus
1320 1015 1440 1051 propriis
1458 1014 1578 1049 positum
1591 1034 1598 1044 .
1618 1017 1651 1040 ut
1672 1014 1719 1040 vel
1739 1013 1818 1048 picto-

1024 1070 1069 1090 res
1092 1062 1129 1089 ibi
1153 1063 1194 1089 vel
1217 1061 1372 1095 sculptores
1394 1059 1436 1086 vel
1457 1058 1607 1093 trapezitas
1631 1057 1739 1084 elliciat
1753 1077 1760 1089 .
1778 1062 1818 1084 aut

1025 1109 1052 1135 in
1079 1107 1207 1135 domibus
1224 1106 1341 1133 Veneris
1352 1126 1359 1138 ,
1376 1109 1405 1131 ut
1420 1104 1620 1139 unguentarios
1647 1104 1693 1131 vel
1716 1104 1818 1131 vocales

1024 1155 1066 1182 vel
1082 1159 1177 1190 poetas
1191 1153 1333 1189 producat.
1359 1151 1438 1187 Apud
1451 1150 1604 1178 Saracenos
1619 1155 1648 1177 et
1661 1151 1819 1185 superiores

1026 1202 1111 1230 Libes
1128 1205 1155 1229 et
1174 1201 1284 1228 Mauros
1307 1203 1334 1226 et
1353 1199 1427 1226 circa
1449 1206 1496 1225 ora
1514 1198 1600 1224 maris
1617 1196 1732 1225 Oceani
1750 1197 1819 1223 habi-

1025 1253 1132 1280 tantes.
1153 1247 1201 1276 sed
1220 1251 1248 1274 et
1267 1246 1295 1273 in
1317 1245 1450 1273 extremis
1470 1243 1626 1271 Germania:
1648 1243 1780 1278 partibus
1797 1248 1819 1270 ct

1026 1294 1098 1330 apud
1124 1293 1264 1321 Sarmatas
1290 1296 1317 1319 et
1335 1289 1450 1325 Scythas
1473 1294 1555 1324 atque
1576 1297 1678 1316 omnes
1699 1297 1764 1324 qua-
1777 1288 1820 1315 sub

1027 1349 1077 1368 axe
1100 1338 1296 1375 septentrionis
1315 1336 1408 1371 jacent
1421 1334 1529 1362 Pontici
1547 1334 1652 1362 littoris
1668 1339 1785 1370 gentes,
1798 1339 1821 1361 et

1028 1387 1055 1414 in
1072 1387 1193 1422 Chrysca
1208 1384 1264 1419 (98)
1284 1382 1388 1411 insula.
1406 1388 1544 1415 nunquam
1565 1380 1714 1407 invenitur
1735 1385 1818 1415 trape-

1028 1434 1081 1461 aita
1097 1440 1146 1460 nec
1162 1431 1295 1466 sculptor,
1319 1433 1366 1456 aut
1381 1429 1481 1463 pictor,
1498 1430 1546 1454 aut
1568 1426 1762 1458 architectus,
1781 1431 1821 1453 aut

1029 1482 1183 1516 geometres
1193 1497 1199 1508 ,
1215 1479 1261 1503 aut
1276 1474 1415 1510 tragmdus
1425 1493 1432 1505 .
1449 1477 1496 1500 aut
1520 1477 1602 1508 poeta
1617 1481 1625 1505 ;
1647 1480 1718 1507 ergo
1739 1472 1822 1501 deﬁcit

191 1529 242 1548 nec
262 1522 403 1556 sepultura
419 1521 546 1548 donatur.
566 1519 598 1547 Et
612 1528 709 1548 rursus
727 1521 797 1555 apud
813 1519 906 1548 Gallos
920 1521 976 1556 (95)
992 1531 1013 1560 ε
1031 1524 1102 1561 apud
1117 1531 1164 1551 eos
1180 1521 1308 1550 Mercurii
1327 1519 1494 1553 Venerisque
1509 1517 1707 1545 constellatio.

191 1566 235 1594 lex
254 1567 344 1602 prisca
359 1567 504 1594 constituit
518 1571 634 1601 nuptum
652 1566 721 1593 tradi
739 1566 846 1601 publice
861 1574 975 1601 pueros,

229 1623 251 1658 ‘3
272 1620 326 1648 Nec
339 1621 616 1658 tamen...rdisciplina
630 1620 730 1648 desunt
744 1621 770 1647 in
787 1621 867 1658 codd.
884 1622 974 1658 Lipss.

1066 1566 1151 1594 XXV.
1173 1566 1211 1593 Ex
1226 1565 1299 1593 omni
1313 1563 1378 1591 orbe
1391 1567 1528 1589 terrarum
1543 1561 1616 1588 Medi
1631 1561 1693 1597 (99)
1711 1566 1824 1589 tantum-

1015 1624 1036 1639 "
1052 1623 1107 1650 Nec
1122 1626 1245 1649 tamen...
1260 1620 1373 1652 habent,
1388 1620 1420 1649 eti
1429 1619 1512 1654 paulo
1523 1618 1614 1646 infra:
1630 1624 1658 1646 et
1675 1619 1823 1654 nunquid...

193 1657 330 1684 habuerint
346 1658 449 1693 pariter
459 1657 557 1684 desunt
571 1656 598 1693 in
619 1656 830 1693 ntroqnercodd.
842 1654 930 1692 Lipss'.
967 1658 1148 1693 "Cumque...
1165 1662 1254 1691 poetas
1265 1657 1392 1690 producat
1404 1659 1431 1682 et
1445 1655 1472 1682 in
1486 1654 1539 1681 line
1553 1654 1641 1689 hujus
1658 1662 1722 1690 cap.
1735 1663 1825 1690 ergo...

192 1692 359 1720 constellatio
371 1691 563 1719 desiderantur
577 1691 604 1718 in
620 1691 700 1719 codd.
716 1691 790 1726 Lips.

867 1748 1052 1777 COTELERH
1070 1749 1187 1778 NOTIE.

193 1807 245 1835 bus
268 1806 358 1839 Regiis
374 1808 560 1835 emendandus
580 1808 654 1835 venit
675 1808 854 1839 Bardosanes,
869 1808 979 1841 ibidem,

195 1851 221 1904 lt.
239 1842 301 1884 ?.8_0,
318 1843 349 1873 Α,
368 1842 442 1877 παρὰ
457 1842 588 1878 Βάκτροις
605 1843 650 1870 καὶ
666 1843 770 1878 Γήλοις,
788 1851 841 1883 non
860 1843 980 1875 Γάλλοις.

208 1878 371 1904 ndtbaenler
385 1882 474 1904 autem
490 1877 672 1904 Bardcsanem
688 1885 718 1904 ac
730 1877 924 1904 Recuatutiones
938 1879 980 1904 hic

208 1878 371 1912 ndiligenler
385 1882 474 1912 autem
490 1877 672 1904 Bardcsanem
688 1877 718 1904 ac
730 1877 924 1912 Recugnitiones
938 1879 982 1905 hic.

196 1913 261 1947 legit
276 1911 420 1940 Caesarius.
438 1911 553 1939 Rufinus
566 1920 629 1939 vero
650 1913 766 1940 habebat
781 1913 807 1939 in
824 1913 918 1940 codice
932 1921 982 1940 suo

196 1947 377 1983 ἀνανδρεξους,
393 1955 446 1975 ιιοιι
462 1948 609 1983 ἁνᾷρείους.
625 1948 737 1983 Corfige
758 1948 846 1975 obiter
860 1948 983 1983 Scylacis

196 1956 377 2008 avavofzstoug,
393 1956 446 1975 non
462 1956 609 1982 avopstoug.
625 1956 737 1983 corrige
758 1956 846 1975 0Dllel‘
860 1956 983 1983 Scylacts

194 1982 277 2017 I’crip
290 1991 333 2009 um
353 1983 441 2016 capite
455 1983 487 2010 de
498 1981 625 2010 Liburnis
634 1992 641 2009 :
650 1979 730 2009 Οὗτοι
742 1983 984 2018 γυναινκοκρατοῦν-

196 2026 257 2044 ταν
275 2018 410 2054 καὶῗβίσὶν
435 2019 463 2044 αἱ
487 2017 919 2054 γυναῖκεςνάνδρῶνἐλευθέρων·
940 2018 983 2054 μζ-

198 2061 306 2087 σγονται
325 2053 353 2079 δὲ
375 2054 432 2088 τοζς
452 2053 555 2079 ἑαυτῶν
571 2052 687 2084 δούλοις(
701 2053 748 2079 καὶ
763 2054 818 2088 τοῖς
834 2052 985 2088 πλησιοχώ-

199 2096 254 2123 ροις
270 2088 393 2124 dri/69816:.
408 2087 575 2123 Legendum,
588 2088 742 2124 astitit-29m.
757 2087 791 2124 Ili
803 2088 923 2124 muliebri
933 2087 984 2114 im-

196 2123 269 2163 perio
284 2122 394 2157 subjecti
409 2128 470 2149 sunt
486 2130 495 2149 :
510 2128 534 2149 et
549 2123 670 2163 mulieres
684 2122 705 2149 ἀ
715 2123 782 2163 .vi-ris
796 2128 857 2149 sunt
875 2122 983 2163 Iiberta;

198 2158 339 2199 miscentur
350 2164 437 2184 autem
453 2166 511 2184 cum
527 2159 581 2185 suis
593 2159 684 2190 servis,
697 2158 892 2193 vicinarumque
899 2159 984 2193 regio-

198 2201 260 2219 num
277 2201 352 2220 ams.

233 2227 288 2263 (95)
307 2227 383 2262 Apud
409 2226 510 2255 Gallus.
534 2227 562 2254 Id
588 2228 670 2255 etiam
695 2231 830 2255 testantur
848 2227 983 2256 Diodorus

199 2262 318 2292 Siculus.
336 2263 381 2290 lib.
395 2271 420 2294 ν,
435 2267 462 2290 et
475 2263 632 2294 Athenaeus,
646 2263 692 2290 lib.
707 2271 765 2291 χιιι.

234 2297 291 2333 (96)
311 2297 343 2324 In
358 2298 504 2325 Britannia:
517 2298 637 2332 partibus
647 2319 654 2328 ,
670 2302 723 2325 etc.
742 2298 778 2325 De
793 2297 913 2333 antiquis
929 2297 988 2324 Bri-

197 2332 290 2361 tannis
305 2333 387 2360 verba
411 2337 475 2360 sunt
491 2333 607 2360 Caesaris
630 2333 678 2360 lib.
695 2341 711 2360 ν
731 2333 770 2360 De
795 2333 861 2360 bello
885 2332 987 2359 Gallico

199 2375 259 2403 cap.
271 2369 287 2396 5
304 2377 310 2394 :
328 2367 427 2394 Uxores
440 2368 534 2395 habent
548 2368 608 2395 deni
621 2368 784 2402 duodenique
796 2369 864 2395 inter
877 2376 904 2394 se
916 2376 988 2394 com-

199 2411 300 2431 munes.
316 2408 340 2429 et
359 2403 473 2429 ntaxime
489 2403 585 2437 fratres
600 2411 658 2429 cum
674 2403 813 2437 fratribus,
828 2408 854 2430 et
866 2408 987 2437 parentes

199 2446 259 2465 cum
274 2438 372 2465 liberis.
392 2438 428 2465 De
442 2439 527 2465 multo
542 2439 739 2466 recentioribus
750 2442 840 2465 autem
863 2438 905 2465 sui
921 2442 988 2464 tent-

200 2474 277 2508 poris
300 2473 337 2501 ait
357 2473 461 2503 Gildas.
477 2474 504 2500 in
519 2473 642 2508 Epistola
654 2474 686 2501 de
700 2474 802 2501 excidio
817 2473 965 2500 Britannia:
977 2481 987 2500 .-

200 2507 282 2544 Πέρας
301 2508 379 2535 habet
395 2507 547 2539 Britannia,
560 2509 605 2535 sed
623 2514 768 2544 tyrannos;
780 2508 883 2542 judices
899 2507 987 2539 habet,

199 2543 247 2571 sed
260 2544 365 2577 impios,
381 2551 449 2578 stupe
462 2543 621 2578 pra-dantes,
633 2543 656 2571 et
672 2544 847 2571 concutienles
866 2544 989 2570 innocen-

202 2584 255 2611 tes;
274 2579 445 2610 vindicantes,
459 2584 482 2605 et
494 2585 666 2613 protegentes,
682 2580 727 2606 sed
743 2587 800 2606 reas
811 2583 836 2605 et
851 2580 988 2610 latrones;

219 2615 412 2648 uamplnrimas
423 2614 544 2649 conjuges
554 2614 687 2645 habentes.
697 2614 741 2641 scd
750 2613 989 2649 scortantes.Apnd

240 2654 301 2677 otos
316 2657 379 2677 vero
392 2653 498 2683 gentem
521 2649 715 2680 Britannicam.
732 2656 891 2676 communes
902 2648 989 2675 exsti-

201 2685 269 2720 tisse
287 2693 386 2712 uxores
400 2685 532 2720 discimus
554 2693 568 2711 a
585 2684 811 2720 Hieronymoﬁlib.
829 2692 851 2720 llr
865 2683 989 2720 adversus

201 2719 372 2746 Iovinianum
388 2727 412 2746 ρ.
428 2720 455 2747 6.
471 2718 527 2747 Nec
552 2718 722 2747 dissrmilitcr
743 2719 853 2746 Hiberni
869 2719 896 2745 in
912 2718 991 2745 Stra-

202 2755 274 2790 bone
287 2754 332 2782 lib.
350 2763 385 2781 tv.
403 2754 481 2788 Quod
497 2759 600 2790 spectat
614 2756 646 2782 ad
662 2755 797 2790 Parthos,
813 2761 913 2790 uxores
929 2753 991 2780 dul-

205 2789 408 2825 cedine_variaz
431 2789 552 2818 libidinis
568 2791 669 2825 singuli
685 2791 777 2824 plures
790 2789 944 2825 habebant;
961 2792 990 2825 ut

204 2823 296 2851 verbis
306 2823 404 2852 Jnstini
420 2825 548 2852 Historici
566 2823 769 2857 lib.‘xu,’ntar.
789 2823 845 2850 Hoc
864 2831 946 2858 porro
961 2823 989 2850 in

207 2859 276 2897 ioco.
300 2863 326 2897 et
343 2859 440 2897 Noster
462 2860 601 2897 paululum
625 2859 733 2888 deﬂexit
755 2867 769 2886 a
784 2858 946 2891 Bardesane,
963 2862 990 2886 et

207 2892 345 2925 diligentia
360 2894 446 2922 defuit
459 2892 587 2923 Cmsario.

1070 1809 1126 1845 (97)
1146 1809 1197 1837 Sed
1212 1817 1292 1844 neque
1301 1808 1472 1845 Mercurium,
1484 1811 1537 1834 etc.
1548 1805 1613 1834 Haec
1624 1812 1728 1835 carent
1738 1815 1825 1845 sensti.
1872 1805 1873 1840 ἦ

1035 1842 1085 1872 nec
1106 1849 1219 1879 possunt
1237 1842 1370 1871 construi.
1387 1842 1520 1879 Equidem
1535 1849 1563 1869 re
1581 1844 1827 1879 attenteiconside-
1872 1853 1873 1860 π

1035 1877 1336 1914 ταιιι,ἐοιιιι>δι·ιιιίειιιιε
1351 1877 1423 1906 inter
1436 1886 1465 1905 se
1476 1877 1565 1905 tribus
1577 1878 1758 1909 auctoribus.
1773 1878 1827 1905 Bar-
1872 1892 1873 1904 ι

1035 1915 1146 1947 desane,
1168 1913 1422 1949 pseudoClemente
1448 1913 1633 1949 etrlrlaesario,
1659 1913 1782 1941 arbitror
1803 1915 1826 1942 in
1872 1917 1873 1928 ‘

1555 1948 1599 1983 ήν,
1618 1947 1754 1976 Rulinum
1770 1958 1827 1976 vero
1872 1954 1873 1957 ‘

1035 1949 1130 1977 Graeco
1144 1948 1186 1977 hic
1200 1950 1331 1985 scriptum
1354 1949 1441 1985 fuisse
1453 1948 1519 1974 ἀλλὰ
1534 1957 1553 1983 μ.

1037 1986 1211 2012 transtulisse
1234 1983 1278 2011 sed
1300 1990 1335 2014 et.
1352 1989 1399 2011 aut
1421 1983 1645 2019 si_transtulerit
1669 1984 1719 2010 sed
1742 1993 1826 2019 neque.

1038 2027 1179 2055 perperam
1196 2020 1294 2055 legisse
1305 2019 1373 2046 ἀλλὰ
1390 2019 1437 2054 μή.
1453 2017 1518 2045 Delli
1538 2023 1566 2044 ut
1589 2019 1761 2052 particulam
1774 2017 1827 2046 esse

1037 2055 1211 2082 concedentis
1226 2056 1361 2082 existimo.

1074 2090 1130 2128 (9g)
1143 2090 1277 2128 _Cltry_seg.
1287 2089 1324 2116 De
1333 2089 1438 2128 Ghryse
1448 2088 1560 2128 consule
1572 2089 1766 2123 geograpbos,
1776 2097 1826 2116 nec-

1038 2132 1093 2151 non
1105 2123 1232 2152 Salmasii
1249 2123 1465 2152 Exercitationes
1479 2123 1628 2150 Plinianas.

1074 2160 1130 2194 (99)
1151 2159 1232 2187 Medi.
1248 2159 1347 2186 Narrat
1369 2158 1467 2194 hocﬁde
1487 2157 1643 2194 Bactrianis
1660 2157 1826 2194 Onesicritus

1037 2192 1108 2228 apud
1122 2192 1286 2222 Strabonem
1300 2195 1347 2222 lib.
1364 2202 1403 2228 ιιιἶ
1415 2193 1452 2220 De
1464 2192 1558 2220 iisdetn
1573 2192 1696 2228 BactLiis
1719 2203 1769 2222 seu
1786 2194 1826 2220 Ba-

1037 2226 1115 2269 ctris,
1129 2234 1156 2257 et
1179 2229 1213 2257 de
1237 2229 1371 2269 Hyrcanis
1396 2227 1574 2269 Porphyrius,
1596 2226 1826 2269 Iv_l_lepth&mli-,;

1000 2258 1023 2285 Ι)
1037 2258 1165 2300 ἐμψύχων
1189 2258 1270 2292 num."
1287 2264 1319 2291 21
1337 2272 1370 2300 ac
1386 2258 1532 2300 post-cina
1553 2258 1694 2300 Eusebius
1714 2258 1825 2300 erat};

1051 2298 1141 2334 eum.
1158 2300 1203 2327 lib.
1221 2307 1240 2331 ι,
1254 2307 1314 2334 cap.
1330 2299 1372 2330 li,
1387 2298 1420 2326 'et
1435 2298 1615 2334 Hieronymus
1628 2306 1651 2324 ιι
1669 2299 1698 2325 in
1714 2299 1826 2326 lat-inia-

1040 2328 1152 2367 numfﬁ.
1166 2334 1217 2367 Qui
1232 2328 1400 2369 post-remus,
1416 2337 1446 2360 ut
1466 2333 1492 2360 id
1504 2328 1598 2369 obiter
1606 2340 1743 2360 moneam
1755 2355 1763 2366 ,
1786 2335 1826 2360 nii~

1039 2377 1093 2397 nus
1104 2367 1244 2405 commode
1259 2369 1401 2405 Porphyrii
1415 2367 1686 2405 κατακρημνίζουσιν
1701 2369 1826 2405 convertit

1039 2404 1202 2439 suspendunt
1214 2405 1241 2430 in
1259 2403 1395 2438 patibulis,
1409 2403 1448 2430 uti
1460 2404 1540 2439 etiam
1564 2406 1694 2439 patetiex
1711 2403 1826 2431 Theodo-

1039 2438 1091 2466 riti’
1107 2447 1233 2467 sermone
1243 2439 1281 2466 De
1295 2439 1405 2474 legibus.
1424 2447 1451 2473 p.
1465 2438 1527 2474 615.
1548 2438 1590 2465 Ab
1607 2438 1673 2465 aliis
1681 2445 1785 2474 autem
1796 2447 1826 2464 re-

1041 2475 1127 2502 fertur
1138 2475 1269 2502 usitatum
1292 2473 1377 2501 fuisse
1391 2474 1462 2509 apud
1484 2473 1658 2509 Bactrianos,
1680 2473 1824 2509 Hyrcanos.

1039 2509 1149 2541 Persas,
1161 2510 1299 2545 Assyrios.
1310 2507 1433 2544 Caspios,
1444 2507 1570 2536 Indorum
1584 2507 1714 2545 aliquos;
1722 2508 1825 2545 Parthos

1041 2545 1173 2579 aliosque,
1197 2543 1371 2572 nionuorum'
1402 2545 1548 2579 cadavera,
1564 2543 1696 2574 canibus.
1729 2544 1824 2579 bestiis,

1041 2578 1206 2611 vulturibus,
1231 2579 1390 2607 volucribus
1413 2578 1567 2606 devoranda
1592 2579 1744 2612 projicere.
1762 2578 1825 2605 Unde

1040 2614 1142 2642 dictum
1166 2615 1292 2650 Diogenis
1317 2615 1344 2642 in
1370 2613 1469 2641 Stobaai
1483 2620 1618 2650 “sermone
1627 2613 1698 2650 "122
1715 2614 1787 2640 ,Ὅτι
1803 2614 1825 2638 iv

1040 2651 1090 2712 ἕιὲν
1099 2650 1179 2682 κύνες
1189 2648 1269 2677 αὺῖτὸν
1279 2649 1464 2685 σπαράξωσιν,
1481 2648 1615 2684 Ὑρκανία
1625 2648 1706 2675 ἐτι-τα.
1716 2650 1734 2683 ἡ
1747 2650 1822 2681 τάφε·

1060 2694 1073 2712 ν
1097 2686 1125 2712 δὲ
1141 2685 1245 2712 γῦπες.
1263 2685 1402 2712 Βάκτρων.
1430 2683 1466 2710 lla
1491 2684 1563 2710 enim
1578 2684 1701 2710 eluendo
1721 2684 1751 2710 in
1772 2689 1822 2709 vote

1060 2694 1073 2712 ν
1097 2686 1125 2712 δὲ
1141 2685 1245 2720 γῦπες,
1263 2683 1402 2720 Βάκτρων.
1430 2683 1466 2710 lla
1491 2683 1563 2720 enim
1578 2684 1701 2720 emendo
1721 2684 1752 2720 in
1772 2689 1823 2720 vote

1040 2721 1118 2747 nihili
1141 2717 1251 2752 ἁπτέον,
1272 2717 1407 2747 adductus
1422 2719 1585 2746 auctoritate
1610 2717 1768 2748 Plutarchi.
1789 2717 1823 2752 qui

1037 2754 1065 2781 in
1078 2753 1168 2780 libello
1184 2758 1223 2779 An
1237 2753 1367 2779 vitiositas
1384 2752 1419 2778 ad
1432 2751 1618 2786 infelicitatem
1635 2752 1764 2785 sufﬁciat,
1778 2751 1822 2786 hac

1037 2788 1118 2816 habet
1133 2796 1140 2814 :
1164 2787 1304 2820 Ὕζρκάνων
1327 2787 1355 2814 δὲ
1370 2786 1449 2818 κύνες
1459 2807 1466 2818 ,
1481 2786 1663 2820 Βακτριανῶν
1685 2786 1714 2812 δὲ
1730 2785 1822 2820 ὄρνιθες

1035 2823 1149 2858 νεκροὺς
1162 2820 1294 2850 ἐσθίουσιν
1306 2821 1377 2849 κατὰ
1389 2821 1498 2858 νόμους,
1509 2821 1574 2848 ὅταν
1586 2821 1729 2856 μακαρίου
1742 2820 1820 2849 τέλους

1036 2858 1215 2893 τυγχάνωσιν.
