1873 3095
57 121 119 150 ιιιδ

55 180 129 207 modo
144 186 254 207 Summa
268 179 444 207 observantia
457 178 546 206 adhuc
559 182 696 214 spirantes
708 178 833 205 homines
848 183 871 209 Α

55 225 164 252 canibus
190 225 365 253 devorandos
390 225 541 260 abjiciunt,
558 225 580 240 "
596 228 622 252 et
645 232 700 251 non
725 224 760 250 ob
783 223 835 250 hoc

54 269 161 297 Martem
176 277 241 297 cum
256 270 331 298 Luna
345 278 394 306 per
408 271 534 298 diurnam
550 270 671 305 genesim
686 269 713 296 in
728 268 835 296 Cancro

55 314 153 350 positos
170 315 284 343 habent.
299 315 356 343 Indi
372 320 494 343 mortuos
508 322 573 343 suos
589 314 755 346 incendunt.
771 321 834 341 cum

54 360 148 394 quibus
163 364 191 387 et
209 369 309 389 uxores
324 360 515 389 defunctorum
534 364 631 396 sponte
646 367 675 387 se
689 359 835 387 offerentes

53 408 216 433 exuruntur.
233 405 286 434 Sed
305 413 358 433 non
377 406 438 433 ideo
457 413 552 433 omnes
571 414 632 439 quae
653 406 720 432 vivae
741 404 834 432 incen-

53 449 150 476 duntur
165 449 296 478 Indorum
311 452 458 484 mulieres,
476 451 503 478 in
523 456 658 478 nocturna
674 451 765 485 genesi
782 450 835 478 sub

52 500 118 522 terra
132 495 238 524 habent
254 495 343 524 Solem
358 504 419 524 cum
435 496 519 524 Marte
538 498 565 524 in
585 496 708 531 partibus
728 495 833 523 Martis.

52 540 248 568 Germanorum
274 541 384 576 plurimi
407 542 504 576 laqueo
529 542 611 569 vitam
636 542 754 573 ﬁniunt,
781 548 834 568 nec

52 585 153 613 ideirco
166 595 265 615 omnes
279 587 384 614 Lunam
400 595 462 615 cum
478 588 560 620 hora,
576 587 695 615 Saturno
709 592 736 614 et
748 586 834 614 Marte

52 632 263 660 circumcinctas
276 633 385 661 habent.
396 633 449 661 Sed
462 641 516 661 non
530 634 558 660 in
573 634 646 660 omni
661 637 751 668 gente,
766 637 793 660 et
807 633 835 660 in

52 678 121 705 omni
136 678 181 705 die
197 687 247 713 per
260 687 368 707 omnem
382 679 567 707 diversitatem
590 679 697 714 genesis
715 687 834 708 nascun-

51 727 93 750 tur
113 723 264 752 homines?
283 725 322 751 Ex
343 725 443 760 quibus
462 726 591 753 omnibus
611 729 743 760 apparet,
769 725 834 760 quia

51 773 135 796 metus
153 769 246 805 legum
262 770 290 797 in
306 778 469 806 unaquaque
488 771 599 806 regione
620 771 787 803 dominatur,
807 774 835 798 et

51 817 153 844 arbitrii
170 817 286 845 libertas
301 825 361 853 quat
376 822 418 845 est
431 818 589 846 hominibus
605 818 687 846 insita
707 826 756 853 per
775 818 834 853 spi-

51 862 129 889 ritum
141 884 148 894 ,
163 863 336 898 obtemperat
354 864 460 899 legibus
470 884 477 896 ,
497 872 547 892 nec
566 872 664 899 cogere
682 868 771 899 potest
787 871 831 899 ge-
847 859 870 889 Β

52 908 122 935 nesis
136 913 185 935 aut
201 908 282 937 Seres
295 910 475 937 homicidium
490 910 672 942 committere,
688 914 735 937 aut
750 909 834 944 Brag-

52 960 144 980 mauos
162 955 295 982 carnibus
313 954 403 986 vesci,
423 959 470 982 aut
486 953 585 982 Persas
605 955 708 982 incesta
728 955 832 987 vitare,

51 998 90 1025 vel
104 998 188 1026 Indos
202 1007 256 1026 non
271 1000 365 1032 exuri,
379 1003 426 1028 aut
441 999 534 1028 Medos
550 1008 605 1027 non
621 1007 637 1027 a
652 1001 767 1029 canibus
784 1001 832 1028 de-

52 1043 155 1074 vorari,
180 1043 298 1072 Parthos
318 1053 375 1072 non
396 1045 497 1073 habere
520 1046 613 1081 plures
640 1053 758 1078 uxores,
782 1050 830 1073 aut

52 1086 179 1115 mulieres
210 1088 411 1124 Mesopotamiae
434 1098 489 1117 non
514 1098 624 1118 servare
651 1090 833 1125 pudicitiam,

54 1131 162 1161 Graecos
181 1141 237 1161 non
256 1135 378 1163 exerceri
393 1136 543 1171 palaestris,
566 1135 704 1163 Gallorum
730 1143 830 1170 pueros

52 1184 103 1204 non
119 1177 175 1212 pati
193 1178 351 1211 muliebria,
369 1180 410 1206 vel
424 1183 516 1214 gentes
530 1179 662 1206 barbaras
677 1178 832 1206 Graecorum

53 1224 149 1251 studiis
164 1224 290 1258 institui,
306 1225 365 1257 sed,
379 1230 409 1252 ut
421 1225 540 1253 diximus
550 1245 557 1257 ,
579 1232 748 1260 unaquaeque
766 1231 832 1259 gens

52 1269 108 1296 suis
125 1270 234 1305 legibus
256 1272 343 1297 utitur
363 1278 413 1305 pro
431 1271 566 1298 libertatis
586 1271 716 1302 arbitrio,
738 1274 766 1298 et
786 1269 834 1297 de-

53 1320 123 1342 creta
139 1317 249 1352 genesis
263 1317 353 1352 legum
369 1317 514 1345 severitate
529 1317 650 1352 depellit.

85 1358 181 1388 XXVI.
200 1360 223 1376 ’°
242 1360 295 1388 Sed
313 1360 386 1388 dicet
405 1361 503 1396 aliquis
521 1369 616 1389 eorum
636 1362 681 1397 qui
701 1363 728 1389 in
748 1362 832 1390 disci-

53 1405 123 1439 plina
148 1407 282 1435 mathesis
305 1407 403 1434 eruditi
429 1411 509 1439 sunt,
536 1409 657 1444 genesim
682 1409 709 1436 in
728 1414 832 1445 septem

51 1455 141 1485 partes
162 1453 272 1485 dirimi,
296 1461 356 1488 qua:
376 1453 416 1481 illi
447 1454 557 1481 climata
579 1456 717 1490 appellant
738 1456 831 1492 (l00),

52 1496 186 1526 dominari
202 1507 266 1527 vero
281 1499 428 1535 unicuique
443 1500 546 1528 elimati
567 1509 649 1528 unam
672 1509 705 1529 ex
725 1507 830 1537 septem

53 1543 151 1576 stellis,
176 1547 205 1572 et
231 1545 298 1572 istas
323 1553 391 1581 quas
410 1547 586 1581 exposuimus
609 1547 731 1576 diversas
758 1549 831 1584 leges

52 1595 104 1616 non
126 1590 160 1617 ab
186 1591 342 1619 hominibus
363 1592 482 1627 positas.
502 1593 549 1621 sed
567 1593 602 1620 ab
620 1593 682 1621 istis
699 1595 830 1630 principi-

52 1632 101 1661 bus
115 1635 266 1663 secundum
289 1637 506 1673 uniuscujusque
525 1638 711 1672 voluntatem;
733 1644 759 1667 et
778 1640 830 1668 hoc

52 1681 120 1714 quod
137 1682 223 1710 stellas
237 1683 325 1710 visum
339 1687 399 1717 est,
416 1684 500 1719 legem
517 1684 552 1711 ab
567 1684 722 1712 hominibus
736 1685 830 1712 obser-

52 1729 150 1756 vatam.
170 1728 210 1755 Ad
231 1728 288 1756 haec
305 1736 369 1764 ergo
388 1729 630 1764 respondebimus,
651 1730 723 1765 quod
743 1731 831 1766 primo

53 1771 159 1804 quidem
174 1781 229 1800 non
244 1777 286 1801 est
300 1774 326 1801 in
342 1779 444 1809 septem
460 1778 550 1810 partes
567 1775 643 1802 orbis
661 1779 740 1802 terrae
758 1775 829 1803 divi-

53 1824 114 1850 sus,
131 1823 189 1846 tum
204 1819 302 1847 deinde
316 1823 342 1847 et
357 1820 380 1847 si
396 1820 433 1847 ita
447 1825 520 1848 esset
532 1840 539 1853 ,
557 1821 584 1847 in
600 1828 652 1847 una
667 1825 745 1856 parte
760 1824 787 1848 et
801 1821 829 1847 in

53 1870 103 1889 una
120 1865 230 1900 regione
249 1865 402 1893 invenimus
419 1866 518 1893 multas
534 1865 700 1894 diﬂ'erentias
719 1866 808 1900 legum
819 1885 828 1898 ,

52 1911 77 1933 et
101 1909 163 1938 ideo
189 1918 277 1946 neque
303 1915 405 1946 septem
429 1915 494 1939 sunt
512 1911 660 1939 secundum
685 1920 829 1939 numerum

53 1954 210 1990 stellarum,
232 1964 321 1992 neque
340 1956 485 1984 duodecim
509 1957 660 1985 secundum
686 1965 830 1985 numerum

845 1529 866 1558 C

633 117 887 147 RECOCNITIONU
893 117 916 145 Μ
936 117 1000 144 LIB.
1022 117 1068 146 IK.

1601 119 1671 148 MM

889 176 1047 210 signorum,
1065 183 1153 210 neque
1169 175 1278 210 triginta
1293 180 1320 203 et
1337 183 1384 203 sex
1399 175 1549 204 secundum
1569 184 1668 204 nume.

887 230 946 249 rum
961 222 1127 249 decanorum
1138 241 1145 253 ,
1163 222 1210 249 sed
1225 226 1289 249 Sunt
1304 223 1463 250 innumerae.

921 266 1028 294 XXVII.
1049 266 1205 294 Meminisse
1227 271 1317 294 autem
1341 267 1472 295 debemus
1497 275 1591 295 eorum
1606 275 1668 303 quae

885 320 969 347 supra
990 315 1148 340 enumerata
1168 316 1243 345 sunt,
1262 313 1334 348 quod
1351 314 1378 340 in
1391 321 1445 341 una
1461 313 1544 340 lndize
1556 313 1669 348 regiono

886 362 949 385 sunt
963 363 990 386 et
1012 359 1059 393 qui
1081 359 1221 386 hominum
1238 360 1369 387 carnibus
1386 364 1542 391 vescantur.
1558 363 1585 386 et
1605 363 1670 386 sunt

885 404 932 438 qui
947 404 1030 431 etiam
1053 412 1068 431 a
1084 404 1234 439 pecudibus
1252 405 1292 432 vel
1310 406 1406 433 avibus
1421 406 1603 440 omnibusque
1613 406 1668 432 aniv

886 451 1024 478 mantibus
1039 451 1206 484 abstineant,
1221 454 1249 478 et
1269 451 1333 486 quia
1355 451 1482 486 Magusaii
1506 460 1561 479 non
1580 452 1668 480 solum

885 495 913 522 in
928 495 1039 523 Perside
1057 500 1159 523 matres
1177 505 1209 524 ac
1234 497 1303 525 ﬁlias
1328 497 1466 531 aecipiunt
1493 498 1520 525 in
1534 499 1660 525 matrimo

885 541 971 572 nium,
991 540 1038 568 sed
1050 541 1112 568 etin
1126 541 1200 568 omni
1215 546 1296 576 gente
1305 538 1461 576 ubicunque
1476 542 1669 575 habitaverint,

885 587 1017 614 malorum
1033 595 1144 615 suorum
1160 588 1264 614 incesta
1281 588 1405 615 instituta
1417 588 1587 616 custodiunt.
1600 588 1670 616 Tum

884 638 1017 667 praeterea
1038 637 1065 660 et
1094 633 1253 660 innumeras
1264 637 1359 668 gentes
1374 636 1595 667 memoravimus,
1608 643 1670 670 qua:

885 679 994 713 penitus
1009 678 1100 706 studia
1114 679 1240 706 nesciunt
1257 678 1422 706 litterarum.
1436 679 1490 707 Sed
1499 684 1526 707 et
1537 681 1670 716 aliquanti

885 724 1024 759 sapientes
1038 724 1089 751 viri
1106 724 1181 759 ipsas
1201 724 1274 760 leges
1287 725 1314 752 in
1329 725 1469 752 nonnullis
1486 731 1671 755 commutave-

884 773 949 796 runt
963 769 1041 800 locis,
1058 769 1118 796 alite
1129 777 1193 796 vero
1211 770 1293 797 etiam
1306 774 1406 806 sponte
1423 777 1472 805 pro
1493 771 1535 798 sui
1562 772 1603 799 vel
1619 772 1671 799 im-

884 815 1066 850 possibilitate
1084 815 1125 843 vel
1142 816 1315 843 inhonestate
1328 816 1464 844 derelictae
1487 821 1560 844 sunt.
1577 818 1668 850 Certe,

884 861 957 896 quod
981 861 1009 889 in
1034 865 1160 896 promptu
1177 865 1219 888 est
1234 869 1358 893 noscere,
1376 862 1470 897 quanti
1492 863 1670 898 imperatores

884 908 1008 943 gentium
1023 915 1092 942 quas
1105 908 1227 935 vicerant
1242 908 1315 943 leges
1330 911 1356 935 et
1373 908 1498 935 instituta
1517 914 1669 943 mutarunt,

884 957 911 980 et
926 953 984 981 suis
1002 960 1050 981 eas
1074 953 1181 988 legibus
1197 953 1385 988 subiecerunt!
1398 953 1476 987 Quod
1500 955 1640 983 evidenter
1654 964 1669 982 a

884 999 1016 1026 Romanis
1041 998 1143 1026 factum
1158 999 1281 1031 docetur,
1297 999 1342 1034 qui
1359 1007 1465 1027 omnem
1483 1008 1552 1037 pene
1574 1002 1668 1029 orbem

883 1051 1034 1079 omnesque
1048 1045 1173 1072 nationes
1189 1045 1306 1080 propriis
1321 1045 1409 1080 primo
1422 1049 1449 1072 et
1464 1047 1547 1074 variis
1563 1047 1669 1082 legibus

884 1090 1072 1125 institutisque
1086 1091 1218 1123 viventes,
1235 1091 1262 1118 in
1275 1090 1518 1127 Romanorumjus
1534 1097 1562 1120 et
1578 1092 1669 1121 civilia

884 1137 953 1164 scita
965 1140 1116 1164 verterunt.
1136 1136 1158 1152 ⁷¹
1172 1134 1304 1172 Superest
1325 1144 1391 1172 ergo
1412 1141 1441 1164 ut
1456 1142 1484 1165 et
1501 1139 1587 1166 stellae
1602 1147 1669 1174 gen-

883 1183 963 1214 tium,
980 1190 1040 1217 quae
1055 1190 1070 1208 a
1087 1181 1218 1210 Romanis
1232 1182 1312 1210 victa:
1326 1185 1401 1215 sunt,
1417 1183 1527 1210 climata
1540 1192 1590 1212 sua
1608 1192 1670 1219 par-

884 1232 979 1262 tesque
995 1228 1173 1263 perdiderint.

918 1273 1036 1300 XXVIII.
1058 1273 1163 1300 Addam
1189 1272 1279 1300 adhuc
1305 1280 1374 1306 rem,
1391 1281 1451 1310 quae
1477 1278 1564 1309 possit
1586 1275 1668 1302 etiam

883 1319 963 1347 Valde
987 1318 1137 1346 incredulis
1155 1318 1323 1346 satisfacere.
1345 1318 1430 1346 Judaei
1459 1327 1554 1347 omnes
1567 1319 1605 1356 (I)
1621 1320 1669 1355 qui

882 1365 935 1393 sub
948 1366 1007 1401 lege
1021 1365 1105 1401 Moysi
1121 1365 1226 1396 vivunt,
1237 1364 1307 1392 ﬁlios
1322 1372 1388 1393 suos
1401 1369 1498 1392 octava
1511 1365 1554 1393 die
1565 1366 1670 1402 absque

882 1411 938 1438 ulla
950 1411 1081 1438 dilatione
1094 1410 1305 1441 circumcidunt,
1325 1413 1353 1438 ct
1368 1410 1482 1438 infantis
1501 1411 1587 1439 teneri
1605 1419 1671 1440 san-

883 1457 992 1491 guinem
1015 1455 1149 1489 fundunt;
1165 1463 1180 1481 a
1204 1456 1304 1483 saeculo
1319 1460 1410 1483 autem
1425 1457 1518 1484 nullus
1531 1464 1564 1484 ex
1580 1458 1669 1492 genti-

883 1501 934 1529 bus
949 1502 1000 1529 boc
1015 1501 1059 1529 die
1071 1504 1167 1528 octava
1179 1507 1325 1536 perpessus
1339 1503 1391 1533 cst,
1400 1505 1426 1528 et
1439 1505 1551 1528 econtra
1561 1501 1670 1529 Iudaeo—

883 1555 943 1574 rum
957 1547 1049 1574 nullus
1063 1547 1164 1574 omisit.
1182 1546 1323 1578 Quomodo
1338 1554 1403 1581 ergo
1424 1547 1452 1574 in
1476 1547 1527 1574 hoc
1542 1548 1611 1575 ratio
1623 1556 1670 1581 ge-

883 1592 958 1619 nesis
976 1592 1078 1619 stabit?
1092 1599 1153 1619 cum
1170 1599 1219 1625 per
1238 1594 1352 1618 cunctas
1377 1592 1454 1619 orbis
1478 1597 1558 1620 terra:
1576 1599 1669 1628 partes

883 1645 978 1665 omnes
1003 1637 1089 1664 Judaei
1116 1637 1224 1664 admisti
1248 1636 1373 1671 gentibus
1398 1637 1500 1670 vivant,
1517 1642 1544 1665 et
1571 1643 1668 1666 octava

882 1683 984 1711 ferrum
993 1682 1132 1718 perferant
1146 1682 1190 1709 die
1204 1683 1285 1710 unius
1297 1683 1326 1710 in
1340 1684 1455 1711 membri
1469 1684 1541 1716 loco,
1550 1689 1577 1712 et
1587 1692 1667 1712 nemo

883 1729 1035 1765 gentilium,
1048 1728 1096 1756 sed
1109 1728 1160 1763 ipsi
1180 1729 1242 1760 soli,
1259 1734 1289 1756 ut
1304 1729 1371 1761 dixi,
1385 1729 1437 1756 hoc
1455 1729 1600 1762 faciunt,"
1612 1738 1667 1758 non

882 1776 962 1804 stella
973 1778 1088 1810 cogente
1103 1783 1153 1802 nec
1165 1775 1323 1809 perfusione
1338 1777 1482 1810 sanguinis
1492 1782 1665 1812 perurgente,

882 1821 930 1849 sed
946 1821 1004 1856 lege
1025 1821 1166 1856 religionis
1190 1821 1312 1852 adducti,
1328 1825 1355 1848 et
1371 1821 1398 1848 in
1411 1829 1574 1857 quocunque
1591 1823 1665 1850 orbis

883 1866 943 1893 loco
959 1866 1058 1892 fuerint
1073 1865 1124 1892 hoc
1138 1868 1180 1893 est
1195 1866 1235 1893 eis
1247 1866 1354 1901 insigne
1364 1867 1554 1894 vernaculum.
1568 1866 1621 1895 Sed
1637 1871 1665 1894 ct

883 1912 955 1948 quod
980 1919 1064 1938 unutn
1089 1919 1187 1938 nomen
1203 1911 1331 1939 omnibus
1347 1911 1416 1938 inest
1441 1912 1595 1947 ubicunque
1610 1912 1665 1940 fue—

885 1958 949 1987 rint,
966 1955 1089 1990 nunquid
1119 1959 1146 1983 et
1168 1956 1219 1982 hoc
1245 1963 1292 1991 per
1309 1957 1429 1991 genesim
1444 1957 1538 1984 venit?
1550 1962 1577 1985 et
1590 1958 1663 1993 quod

85 2047 106 2063 "
116 2047 149 2075 Et
161 2047 346 2083 nan..habent_
369 2049 450 2083 atque
470 2046 515 2083 illa
541 2055 600 2081 quae
625 2047 652 2074 in
669 2048 846 2083 sequentibus
872 2047 905 2074 ad
921 2048 1094 2083 astrologiam
1124 2050 1248 2081 spectant
1270 2054 1360 2073 omma
1386 2047 1431 2074 sed
1452 2055 1538 2075 non...
1553 2048 1663 2083 quartis

52 2086 74 2107 et
98 2090 142 2109 nec
166 2084 298 2110 idcirco...
316 2081 415 2117 Martis
426 2089 480 2117 non
504 2081 630 2116 leguntur
646 2083 673 2109 in
702 2081 782 2110 codd.
796 2082 884 2117 Lipss.
923 2083 946 2098 ⁷³
966 2081 1105 2109 Sed’dicet
1121 2103 1139 2109 ..
1157 2083 1280 2117 instituta
1297 2082 1447 2108 custodiunt
1463 2088 1534 2117 (cap.
1547 2082 1593 2117 27}
1614 2083 1663 2110 de-

52 2121 111 2143 5unt
125 2119 153 2145 in
172 2118 252 2145 codd.
269 2117 358 2152 Lipss.
395 2116 418 2132 '”
436 2115 592 2151 Superest...
612 2117 771 2152 perdiderint
782 2115 882 2145 desunt
897 2118 924 2145 in
939 2117 1017 2145 codd.
1036 2117 1125 2152 Lipss.
1162 2117 1185 2133 "
1196 2115 1257 2144 Non
1273 2117 1385 2145 stella...
1396 2122 1441 2144 aut
1457 2115 1541 2144 emere
1555 2115 1609 2145 non
1624 2118 1665 2144 le-

51 2155 146 2185 guntur
159 2154 188 2181 in
197 2153 276 2181 codd.
284 2151 374 2187 Lipss.

708 2197 889 2226 COTELERII
905 2196 1021 2225 NOTIE.

85 2262 155 2298 (I00)
177 2263 296 2291 Genesim
320 2264 347 2299 in
369 2267 464 2299 septem
489 2268 576 2298 partes
590 2264 698 2296 dirimt,
713 2272 771 2299 qum
785 2264 826 2290 illi
843 2266 864 2293 D

51 2297 155 2334 climate
170 2299 311 2334 appellant.
326 2298 437 2325 Dillicile
447 2297 493 2326 est
504 2299 538 2326 de
552 2299 603 2326 hoc
619 2299 678 2326 loco
694 2297 823 2327 statuere.

50 2331 114 2369 Nam
132 2334 155 2361 si
166 2331 289 2369 eiigatur
309 2333 342 2360 ad
362 2333 520 2369 Caesarium,
542 2334 653 2361 mutilus
668 2334 824 2369 apparebit;

52 2367 73 2393 si
84 2376 147 2396 vero
159 2369 191 2395 ad
204 2368 394 2400 Bartlesanem,
407 2368 540 2396 videbitur
551 2369 664 2396 Ruﬁnus
677 2367 773 2402 legisse
783 2377 826 2402 γε-

50 2402 118 2439 νξσιν
129 2411 178 2438 pro
187 2404 249 2439 γῆν.
260 2402 349 2439 Υετὺει
364 2403 461 2439 prioris
477 2407 540 2431 sunt
557 2404 642 2431 :‘ADS
654 2402 723 2430 ἐπτᾶ
742 2404 825 2439 ὄντων

49 2438 82 2472 τῇ
94 2439 197 2475 γενέςεγι
213 2438 490 2475 ήμῶν-ἀνακειμένων
505 2439 636 2475 ἀςτέρῳν,
652 2441 691 2470 εις
705 2439 775 2475 ἑπτὰ
787 2438 827 2464 λέ-

50 2478 129 2506 γομεν
145 2473 264 2508 κλίματα
278 2473 327 2508 τὴν
348 2473 580 2509 γῆνδιαιρεῐσθαιζ
601 2474 762 2501 Posterioris
778 2481 827 2500 au-

51 2509 101 2544 le_m
113 2517 119 2535 :
134 2509 166 2535 Ol
182 2508 210 2535 δὲ
226 2508 387 2544 ᾁστρονόμοι
401 2508 467 2544 φασὶ
478 2508 526 2543 τὴν
537 2509 588 2543 γῆν
598 2509 698 2544 ταύτην
714 2508 828 2544 μεμερί-

52 2530 387 2578 οὸἆιέξέῖτᾶἒᾶιῌᾶξᾶἶ
392 2530 526 2571 egerat;
542 2530 647 2578 Qé‘fnéin'
655 2530 827 2578 ὶίὶίοὲῖῦἵὲιὶ-

51 2580 119 2612 μιᾳιιι
140 2579 215 2612 ponit
243 2577 354 2605 Servius
377 2579 409 2605 ad
433 2586 439 2604 I
461 2577 612 2612 Georgicon.
632 2577 826 2612 enumeratque

50 2608 164 2647 Isidorus
178 2613 317 2646 Originum
332 2613 378 2640 lib.
393 2621 433 2644 ιιι,
447 2621 508 2647 cap.
519 2608 549 2639 Il
570 2620 576 2638 :
594 2619 653 2647 qum
664 2617 753 2640 tamen
765 2608 826 2640 octo

50 2643 117 2679 leges
131 2649 200 2682 apud
212 2643 374 2682 Martianum
389 2643 525 2682 Capellam
541 2647 589 2675 lib.
603 2643 661 2680 vni,
674 2655 701 2682 p.
717 2648 781 2676 296.

83 2681 120 2717 (I)
138 2681 227 2709 Judwt‘
237 2690 334 2709 omnes.
352 2681 624 2717 Idem’argumentum
638 2681 718 2717 vulgo
730 2686 826 2717 urgent

51 2718 132 2752 sancti
148 2717 251 2745 Patres.
264 2717 341 2750 Quod
357 2722 446 2744 autem
467 2717 511 2744 hic
525 2717 624 2744 dicitur
635 2719 738 2745 nullum
759 2725 825 2752 gen-

52 2749 131 2788 tilium
150 2749 517 2788 unquam"circmucisionem
538 2757 635 2780 octavo
653 2753 697 2780 die
712 2749 823 2788 passum

51 2783 138 2819 fuisse,
153 2783 289 2823 confutari
300 2795 379 2823 posse
388 2787 493 2815 videtur
508 2795 555 2821 per
569 2783 750 2823 narrationem
761 2787 823 2814 Phi-

52 2823 165 2852 lostorizii
185 2823 219 2852 de
244 2822 388 2851 Ilomer’ttis
409 2830 440 2850 ea
456 2823 500 2851 die
531 2823 689 2852 circumcidi
713 2822 800 2851 solitis
813 2842 821 2856 ,

878 2264 924 2291 lib.
937 2271 978 2295 In,
993 2271 1018 2290 c.
1033 2264 1060 2291 4.
1082 2263 1181 2291 Verum
1197 2263 1288 2291 forsan
1305 2263 1449 2291 Ilomeritte
1463 2267 1525 2298 post
1540 2269 1661 2299 tempora

878 2299 965 2326 nostri
978 2299 1104 2326 Auctoris
1118 2300 1201 2325 ritum
1213 2307 1292 2326 suum
1307 2303 1455 2330 mutavere,
1476 2299 1565 2326 edocti
1584 2307 1598 2325 a
1611 2299 1661 2326 Ju-

878 2334 944 2361 daais
965 2333 1114 2368 inquilinis.
1132 2333 1235 2360 Etenim
1251 2334 1355 2362 Arabes
1369 2338 1447 2361 erant
1461 2343 1468 2368 ς
1482 2334 1663 2361 circumcide~

877 2369 977 2405 bantur
997 2367 1078 2405 porro
1100 2369 1204 2396 Arabes
1216 2376 1291 2405 anno
1307 2370 1350 2399 t3,
1366 2373 1438 2405 tester
1453 2367 1569 2405 Origene
1589 2370 1660 2405 apud

878 2403 1024 2439 Eusebium
1040 2403 1087 2430 Pr.
1109 2411 1200 2439 evang.
1216 2404 1262 2431 lib.
1279 2412 1316 2434 v1.
1333 2411 1392 2438 cap.
1411 2404 1453 2436 II,
1472 2403 1576 2439 p.393,
1593 2403 1621 2431 et
1633 2406 1660 2431 in

878 2411 1024 2444 musculum
1040 2411 1087 2430 νγ.
1109 2411 1200 2439 evang.
1217 2411 1262 2431 un.
1279 2412 1316 2434 γι,
1333 2411 1392 2438 cap.
1411 2411 1453 2436 ιι,
1514 2411 1576 2435 zub,
1589 2411 1621 2444 _et
1633 2413 1660 2445 tn

877 2438 1032 2465 Phtlocalue
1051 2446 1110 2473 cap.
1122 2438 1168 2472 22,
1190 2446 1250 2473 pag.
1267 2439 1328 2470 363,
1350 2446 1456 2466 necnon
1483 2440 1614 2466 .ustathto
1632 2448 1660 2466 III

878 2473 1058 2509 flexaemeron
1071 2474 1117 2501 ubi
1134 2474 1167 2501 de
1182 2474 1344 2501 Abrahamo.
1365 2474 1443 2501 Μετὰ
1461 2474 1520 2505 ἔτος
1536 2481 1661 2509 τριςκαι-

876 2508 996 2540 δέκατον,
1018 2513 1075 2542 post
1089 2509 1218 2535 decimum
1240 2510 1345 2536 tertium
1356 2517 1465 2541 annum,
1481 2509 1568 2544 inquit
1582 2508 1660 2536 10se-

876 2543 947 2578 phus
961 2543 1155 2578 Antiquitatum
1168 2544 1216 2571 lib.
1232 2551 1251 2575 ι,
1275 2551 1336 2579 cap.
1352 2545 1396 2576 15,
1412 2545 1483 2579 quod
1503 2543 1596 2572 ebdcm
1615 2551 1658 2571 re-

877 2579 952 2609 cidit,
969 2584 999 2605 ut
1015 2583 1122 2606 constat
1133 2587 1166 2606 ex
1178 2580 1300 2612 ejusdem
1317 2579 1377 2607 libri
1395 2587 1454 2612 cap.
1475 2580 1516 2610 Il.
1533 2579 1584 2606 hoc
1604 2583 1656 2612 est,

877 2587 952 2609 Ctdtt,
969 2587 999 2605 ut
1015 2587 1122 2606 ('OllSlal
1133 2587 1166 2606 ex
1178 2587 1300 2612 ejusdem
1318 2587 1377 2607 non
1395 2587 1426 2606 ea
1452 2600 1454 2603 .
1475 2587 1516 2610 ιι.
1533 2587 1584 2606 noc
1604 2587 1656 2612 est,

876 2620 948 2649 atino
965 2614 998 2640 t5
1008 2614 1151 2649 completo.
1162 2613 1241 2641 Certe
1251 2614 1418 2640 Ambrosius.
1430 2587 1476 2640 iit).
1491 2622 1508 2640 11
1521 2614 1559 2640 De
1571 2614 1658 2649 Abra-

874 2648 962 2676 Ιιαηιο.
979 2656 1005 2675 c.
1022 2649 1066 2678 Il.
1085 2648 1169 2675 refert
1184 2649 1219 2675 ab
1230 2649 1363 2683 Aigyptiis
1377 2648 1552 2683 circumcisus
1573 2648 1656 2676 fuisse

875 2690 973 2717 pueros
986 2691 1085 2709 annum
1102 2687 1213 2718 agentes
1227 2682 1497 2718 quartumdecimum.
1516 2682 1606 2718 Atque
1623 2690 1654 2709 ex

874 2715 917 2746 his
937 2722 1092 2752 suspectum
1105 2715 1190 2745 habeo
1202 2715 1288 2746 locum
1306 2717 1428 2751 Procopii
1442 2715 1529 2744 Gazati
1543 2715 1574 2743 ail
1586 2715 1644 2743 Gen

873 2759 893 2784 l,
920 2751 1076 2785 Μεριιανε
1101 2755 1170 2787 apud
1183 2752 1332 2779 lsmaelitas
1357 2752 1505 2778 sacerdotes
1530 2751 1575 2778 ubi
1599 2756 1657 2779 mm

873 2788 970 2822 fuerint
983 2796 1066 2815 annos
1076 2788 1173 2817 decem,
1187 2787 1384 2815 circumcisione
1395 2787 1554 2822 signantur?
1567 2795 1602 2815 nc
1617 2795 1655 2822 ιτ,

873 2823 982 2856 detrito,
998 2832 1026 2857 γ,
1044 2823 1181 2851 transierit
1199 2824 1226 2850 in
1242 2832 1262 2851 ι.
