1873 3095
39 166 97 195 ΝΠ

617 160 898 191 ηεοοθΝιτιοΝυΜ
923 161 988 190 LIB.
1008 159 1052 191 fx.

1562 163 1632 192 NI!

36 223 141 260 singulis
153 223 286 251 obsistere
302 227 329 251 et
345 228 497 258 repugnare
507 220 589 248 habet
603 220 630 247 In
646 223 745 247 natura
760 227 809 247 sua
823 237 846 265 Α
861 219 912 247 tibi
929 218 1011 246 hodie
1034 218 1180 254 conjugem
1200 222 1276 246 tuam
1300 227 1362 248 cum
1384 220 1473 257 tribus
1496 221 1596 250 vestris
1611 221 1644 249 li-

37 279 114 302 mens,
128 277 189 297 cum
200 269 223 297 ei
234 268 380 296 obfulserit
393 266 518 296 veritatis
532 265 646 301 agnitio,
661 273 711 300 per
726 273 809 300 quam
860 265 934 293 beris
960 266 1096 293 viventem
1121 265 1299 301 pudicissime
1321 266 1508 301 traditurum;
1534 272 1561 296 et
1588 268 1643 304 iam

36 317 166 345 scientiam
184 316 265 343 timor
281 314 365 342 futuri
375 313 470 349 judicii
485 313 576 344 datur,
591 311 637 347 qui
649 312 685 339 sit
695 312 808 339 idoneus

36 364 122 391 animat
136 362 300 397 gubernator
314 364 342 387 et
355 361 402 395 qui
431 368 491 388 eam
512 359 600 395 possit
627 366 642 385 a
666 358 810 392 concupis-

35 409 174 437 centiarum
189 407 346 443 praecipitiis
362 413 501 434 revocare.
516 405 586 439 Quia
602 411 667 439 ergo
682 404 738 432 sint
750 404 809 431 haec

34 457 57 484 in
70 460 160 483 nostra
175 458 318 490 potestate,
334 452 501 481 sufﬁcienter
512 452 615 479 dictum
630 455 682 478 est.

61 501 164 529 XXXII.
184 501 263 529 Nunc
282 504 308 528 et
326 504 356 528 tu
376 507 459 527 senex
471 519 478 531 ,
499 499 522 526 si
541 498 606 533 quid
624 497 710 524 habes
733 496 808 531 quod

34 550 62 577 ad
80 549 135 577 haec
157 547 341 583 respondeas,
364 546 465 582 incipe.
487 544 576 572 Senex
596 544 631 571 ad
648 544 727 570 haec:
747 541 809 570 Pie-

31 596 149 627 nissime,
163 594 218 626 ait,
231 593 391 625 ostendisti,
403 592 440 619 illi
454 600 462 625 ;
479 590 526 618 sed
539 597 605 626 ego,
619 590 690 618 sicut
703 589 759 616 dixi
775 596 809 616 ex

31 642 114 674 initio,
130 641 206 669 omni
219 640 284 668 huic
305 637 510 673 incomparabili
533 636 681 665 assertioni
704 639 775 667 tum,
792 641 808 661 a

31 688 131 723 propria
153 685 325 714 conscientia
348 684 498 721 prohibeor
517 681 725 710 accommodare
741 688 808 708 con—

30 742 144 763 sensum.
167 733 234 760 Novi
250 733 323 760 enim
338 735 365 758 et
380 737 468 758 meam
489 728 611 765 genesim
634 732 661 755 et
682 727 808 762 conjugis

30 788 102 814 mea},
120 783 147 807 et
161 779 220 806 scio
235 786 266 806 ea
289 785 349 813 quae
370 776 519 811 unicuique
541 778 666 802 nostrum
687 773 808 800 dictabat

29 826 129 862 genesis
154 825 308 857 accidisse,
331 826 359 851 et
380 823 414 850 ab
435 822 477 849 his
501 827 562 856 qum
581 819 664 847 rebus
677 823 704 846 et
719 819 809 853 operi-

29 872 73 899 bus
87 875 227 906 comperta
242 873 306 898 sunt
317 869 383 896 mihi
391 888 398 901 ,
410 875 484 895 nunc
494 867 586 895 verbis
598 865 741 894 transferri
753 873 809 893 non

859 319 933 339 nunc
947 312 1041 347 accipe
1054 311 1134 339 fidem
1148 319 1239 339 rerum
1250 320 1285 339 ex
1300 319 1332 339 eo
1342 333 1349 345 ,
1366 312 1438 347 quod
1454 320 1562 342 omnem
1578 323 1644 342 cau-

859 366 917 386 sam
942 359 1029 386 muito
1052 358 1211 394 diligentius
1234 358 1292 385 scio
1316 366 1397 394 quam
1419 363 1467 391 tu,
1489 365 1644 395 cunctaque

857 405 906 434 tibi
922 412 971 440 per
984 404 1109 432 ordinem
1126 411 1188 439 quae
1206 407 1283 440 gesta
1304 408 1370 432 sunt
1390 407 1544 438 cnarrabo,
1568 411 1598 433 ut
1617 409 1645 434 et

857 454 886 478 tu
903 457 1053 485 cognoscas
1067 453 1093 478 et
1108 451 1154 486 qui
1170 455 1318 486 praesentes
1332 454 1396 478 sunt
1410 451 1528 480 discant.
1632 484 1634 487 τ

894 496 1000 524 XXXV.
1021 497 1053 524 Et
1067 504 1130 526 cum
1147 497 1204 525 haec
1220 497 1352 530 dixisset,
1367 505 1518 526 conversus
1535 498 1567 526 ad
1583 503 1643 528 tur-

858 542 907 570 bas
929 542 967 570 ita
987 543 1090 578 coepit:
1112 543 1161 571 Hic
1183 551 1264 578 quem
1286 543 1405 577 videtis,
1419 552 1435 572 o
1450 545 1516 576 viri,
1543 545 1572 573 in
1591 546 1644 573 hac

857 594 932 617 veste
946 590 1135 625 pauperrima,
1152 589 1281 618 Romanas
1298 591 1373 619 urbis
1388 595 1431 619 est
1447 592 1532 625 civis,
1549 601 1581 620 ex
1597 601 1646 628 ge-

857 642 923 663 nere
939 636 1025 671 ipsius
1040 635 1158 663 Caesaris
1173 635 1345 664 descendens
1359 645 1366 670 ;
1383 645 1482 665 nomen
1497 638 1521 665 ei
1537 637 1645 666 Fausti—

857 681 974 713 nianus,
990 689 1104 709 uxorem
1122 689 1230 717 quoque
1249 682 1449 710 nobilissimam
1471 683 1641 712 Matthidiam

856 727 968 754 nomine
989 727 1102 754 sortitus
1122 732 1181 759 est,
1206 735 1238 755 ex
1264 736 1318 763 qua
1338 732 1394 756 tres
1416 729 1486 757 filios
1506 730 1643 765 suscepit,

858 779 974 807 quorum
989 773 1045 800 duo
1060 773 1175 808 gemini,
1192 781 1264 801 unus
1280 777 1370 801 autem
1392 774 1438 809 qui
1459 775 1516 802 erat
1539 776 1642 811 junior,

858 819 902 846 cui
918 826 1018 846 nomen
1033 818 1176 851 Clemens,
1191 819 1236 846 hic
1250 821 1302 847 est.
1318 819 1351 846 Et
1367 827 1429 847 cum
1445 820 1496 848 hoc
1510 820 1642 856 dixisset,

859 865 944 901 digito
967 872 1010 893 me
1031 865 1161 893 ostendit.
1184 865 1289 893 Gemini
1316 871 1407 893 autem
1428 866 1475 894 filii
1496 867 1556 901 ejus
1578 873 1643 895 sunt

29 925 140 953 possum.
158 917 280 952 Denique
293 915 423 950 quoniam
438 918 466 942 te
481 913 603 948 apprime
618 912 754 939 imbutum
768 911 809 938 vi-
824 915 845 942 Β
860 910 922 942 isti.
938 911 1032 938 Niceta
1046 915 1073 938 et
1087 910 1200 946 Aquila,
1218 919 1332 946 quorum
1348 913 1418 940 alius
1432 912 1579 942 Faustinus
1595 922 1643 942 vo-

28 961 73 988 deo
86 961 112 988 in
129 960 318 996 hujuscemodi
333 958 505 993 disciplinis,
521 957 584 985 audi
600 956 726 992 conjugis
742 963 808 984 mea:

29 1004 130 1036 thema,
154 1008 182 1032 et
202 1003 326 1031 invenies
348 1003 460 1031 schema
482 1002 562 1037 cujus
584 1002 675 1030 exitus
696 1001 806 1029 accidit.

30 1049 123 1077 Habuit
137 1050 211 1077 enim
227 1049 340 1077 Martem
364 1056 427 1076 cum
442 1047 549 1076 Venere
569 1054 652 1082 super
672 1052 806 1079 centrum,

28 1095 124 1122 Lunam
147 1103 214 1123 vero
235 1096 263 1123 in
283 1103 384 1123 occasu
408 1095 436 1122 in
452 1094 578 1122 domibus
594 1094 688 1122 Martis
702 1097 729 1122 et
744 1093 807 1121 ﬁni-

29 1142 75 1169 bus
92 1141 223 1174 Saturni,
240 1141 312 1177 quod
328 1141 438 1169 schema
453 1141 592 1168 adulteras
614 1139 679 1167 facit
702 1143 729 1168 et
749 1145 808 1168 ser-

27 1196 70 1216 vos
85 1189 213 1224 proprios
228 1195 321 1215 amare
331 1207 338 1220 ,
355 1188 383 1215 in
398 1187 618 1223 peregrinatione
641 1190 668 1213 et
686 1186 714 1213 in
729 1186 808 1221 aquis

27 1234 150 1270 defungi,
168 1234 241 1270 quod
258 1238 285 1262 et
307 1234 344 1261 ita
366 1233 467 1260 factum
490 1237 552 1266 est;
573 1232 668 1259 incidit
689 1237 808 1267 namque

27 1282 52 1308 in
64 1289 182 1309 amorem
199 1280 290 1314 servi,
306 1284 333 1308 et
348 1279 501 1316 periculum
515 1279 598 1306 simul
613 1282 694 1313 atque
707 1285 808 1313 oppro-

27 1326 108 1354 brium
124 1332 249 1355 metuens
263 1325 331 1362 fugit
351 1333 414 1353 cum
435 1325 514 1361 ipso,
536 1329 563 1352 et
581 1331 695 1360 peregre
715 1323 807 1359 profe-

27 1376 65 1400 cta
81 1373 125 1400 ubi
141 1371 230 1399 amori
246 1379 298 1400 suo
314 1370 466 1403 satisfecit,
481 1369 562 1406 periit
576 1369 606 1396 in
620 1369 698 1397 mari.

59 1418 175 1446 XXXIII.
195 1418 229 1446 Et
244 1425 294 1453 ego
308 1416 438 1452 respondi
451 1426 458 1443 :
478 1415 556 1444 Unde
572 1416 627 1443 scis
642 1415 705 1450 quia
727 1422 807 1450 pere-

27 1471 69 1499 gre
82 1472 160 1492 servo
175 1471 227 1492 suo
242 1463 347 1491 sociata
361 1465 403 1490 est
417 1467 444 1490 et
464 1461 491 1489 in
515 1461 574 1496 ejus
595 1461 735 1489 consortio
757 1468 806 1496 po-

28 1510 75 1539 sita
99 1510 277 1546 defungitur!
301 1509 334 1538 Et
360 1517 464 1537 senex:
490 1508 670 1540 Certissime,
695 1508 803 1543 inquit,

28 1558 96 1590 scio,
113 1564 208 1585 revera
223 1564 276 1584 non
292 1556 355 1592 quia
376 1555 501 1591 nupserit
523 1561 617 1587 servo,
635 1555 736 1590 quippe
756 1553 802 1590 qui
816 1581 838 1610 c

29 1610 108 1638 neque
123 1603 176 1630 hoc
191 1602 300 1638 quidem
316 1601 389 1636 quod
412 1608 473 1628 eum
497 1603 600 1627 amaret
621 1607 802 1635 agnoveram,

29 1647 71 1674 sed
85 1653 227 1683 postquam
243 1646 365 1682 profecta
380 1649 439 1679 est,
455 1645 540 1673 frater
553 1652 630 1672 meus
645 1645 711 1671 mihi
725 1652 806 1672 enar-

29 1693 109 1726 ravit,
123 1694 220 1721 dicens
231 1714 239 1726 ,
255 1693 327 1728 quod
343 1693 430 1728 primo
444 1691 553 1727 quidem
568 1691 658 1726 ipsum
679 1689 806 1717 adamas-

29 1742 83 1772 set;
111 1740 159 1767 sed
185 1739 230 1767 ille
250 1738 314 1774 quia
336 1741 396 1766 erat
416 1738 565 1770 honestus,
592 1740 686 1771 utpote
711 1735 805 1767 frater,

28 1785 108 1812 noluit
128 1789 219 1813 torum
243 1784 337 1812 fratris
359 1784 456 1812 incesti
476 1783 583 1810 macula
597 1783 729 1818 polluere.
749 1780 803 1809 Sed

28 1831 69 1858 illa
83 1834 108 1858 ct
123 1838 165 1858 me
183 1838 292 1864 verens,
306 1835 332 1858 et
346 1829 521 1866 opprobrium
537 1836 591 1856 non
605 1828 697 1856 ferens
711 1828 804 1855 infelix

28 1876 125 1912 (neque
144 1877 217 1905 enim
236 1877 425 1912 imputandum
443 1876 468 1904 ei
486 1879 544 1908 est,
561 1875 634 1911 quod
649 1882 709 1903 eam
724 1881 805 1910 gene-

28 1923 62 1950 sis
78 1924 165 1952 facere
181 1923 341 1959 compulit),
359 1923 434 1950 finxit
449 1922 587 1950 somnium
602 1924 629 1949 et
642 1921 680 1948 ait
693 1921 728 1948 ad
742 1927 802 1948 me:

27 1968 114 1996 Astitit
127 1970 194 1997 mihi
211 1969 322 2005 quidam
338 1977 387 2004 per
401 1969 489 1996 visum
500 1989 508 2002 ,
526 1968 572 2004 qui
584 1967 667 2004 jussit
681 1975 724 1995 me
741 1974 804 1995 cum

27 2013 127 2043 duobus
142 2013 259 2051 geminis
273 2014 340 2042 meis
354 2014 414 2042 sine
428 2022 504 2041 mora
519 2021 552 2041 ex
566 2013 639 2041 Urbe
654 2012 802 2048 proficisci.

28 2058 86 2087 Haec
99 2069 164 2097 ergo
177 2069 239 2089 cum
255 2061 409 2094 audissem,
425 2067 475 2096 pro
489 2060 578 2088 salute
590 2059 651 2094 ejus
673 2059 805 2086 ﬁliorum-

26 2114 74 2141 que
86 2107 231 2140 sollicitus,
244 2106 389 2135 confestim
400 2106 487 2142 ipsam
498 2110 525 2134 et
538 2105 639 2134 liberos
651 2105 725 2132 exire
732 2104 802 2137 feci;

26 2160 103 2180 unum
118 2154 166 2189 qui
181 2156 240 2181 erat
253 2153 357 2188 junior,
374 2152 439 2180 mihi
454 2151 554 2180 retinui
567 2160 576 2186 ;
593 2151 647 2178 hoc
660 2150 731 2178 enim
741 2157 804 2177 eum

25 2199 67 2233 qui
78 2206 209 2234 responsa
223 2199 251 2226 in
267 2198 371 2226 somnis
382 2197 504 2230 dederat,
515 2197 672 2232 permisisse
685 2196 801 2224 dicebat.

858 955 972 983 cabatur
986 957 1082 992 prius,
1099 961 1126 984 et
1147 957 1217 984 alius
1239 957 1367 985 Faustus.
1391 958 1478 985 Simul
1499 963 1590 987 autent
1612 963 1643 987 ut

858 1002 971 1029 nomina
991 1005 1087 1030 nostra
1107 1003 1259 1030 enuntiavit
1278 1003 1392 1037 Petrus,
1411 1012 1494 1032 senex
1512 1006 1641 1034 resolutis

858 1047 989 1075 membris
1004 1049 1148 1080 omnibus,
1163 1055 1242 1082 quasr
1260 1048 1427 1084 interceptus
1441 1051 1571 1078 concidit.
1585 1050 1641 1079 Nos

857 1097 949 1120 autem
969 1093 1015 1120 filii
1035 1093 1170 1121 irruentes
1192 1101 1275 1129 super
1293 1102 1372 1127 eum,
1393 1096 1641 1131 complectebatnur

855 1143 884 1166 et
900 1140 1102 1172 osculabamur,
1118 1145 1244 1169 verentes
1264 1141 1345 1169 simul
1365 1149 1398 1170 ne
1416 1142 1542 1177 spiritum
1560 1151 1642 1172 revo-

856 1192 920 1212 care
934 1193 988 1213 non
1004 1191 1106 1221 posset.
1123 1187 1155 1214 Et
1170 1195 1231 1214 cum
1248 1187 1305 1215 htec
1319 1187 1414 1215 ﬁerent
1424 1209 1431 1220 ,
1448 1189 1566 1224 populus
1580 1190 1640 1224 qui-

856 1230 917 1258 dem
933 1230 1113 1259 admiratione
1130 1232 1190 1268 ipsa
1204 1233 1411 1269 obstupefactus
1427 1238 1480 1262 est.

891 1275 1010 1304 XXXVI.
1032 1276 1129 1304 Petrus
1143 1283 1233 1306 autem
1251 1286 1363 1314 surgere
1379 1287 1429 1307 nos
1452 1287 1468 1307 a
1487 1281 1640 1316 complexi-

856 1319 908 1348 bus
923 1321 1009 1355 patris
1020 1341 1027 1353 ,
1045 1329 1081 1349 ne
1097 1330 1160 1350 eum
1175 1330 1337 1351 necaremus
1349 1323 1444 1358 jubet,
1469 1329 1496 1352 et
1514 1325 1572 1360 ipse
1592 1333 1641 1362 ap-

856 1365 989 1400 prehensa
1004 1374 1086 1393 manu
1098 1367 1158 1400 ejus
1168 1387 1175 1398 .
1190 1367 1270 1403 quasi
1286 1367 1318 1395 de
1332 1376 1429 1396 somno
1443 1370 1561 1404 quodam
1576 1378 1642 1405 pro.

855 1409 941 1438 fundo
952 1411 1062 1439 elevans
1074 1419 1135 1439 eum
1146 1416 1173 1439 et
1181 1413 1319 1448 paululum
1329 1421 1468 1447 recreans,
1478 1415 1570 1442 omnia
1581 1422 1641 1450 qua

855 1460 934 1492 gesta
946 1456 1054 1484 fuerant
1066 1458 1217 1485 secundum
1230 1459 1372 1486 veritatem
1390 1460 1472 1494 ccepit
1485 1468 1637 1496 exponere:

854 1503 990 1538 quomodo
1001 1503 1084 1531 frater
1095 1503 1155 1539 ejus
1165 1504 1193 1531 in
1204 1511 1322 1533 amorem
1335 1505 1461 1533 inciderit
1472 1505 1620 1534 Matthidiaa
1630 1527 1638 1538 .

855 1552 882 1575 et
895 1549 940 1576 illa
954 1557 1016 1577 cum
1028 1553 1100 1577 esset
1112 1549 1306 1585 pudicissima,
1321 1551 1446 1578 illicitum
1459 1551 1552 1580 fratris
1565 1560 1641 1579 amo-

853 1603 911 1623 rem
927 1595 987 1622 viro
1004 1596 1124 1624 indicare
1138 1597 1272 1629 uoluerit,
1288 1604 1322 1624 ne
1335 1597 1378 1624 vel
1393 1597 1493 1625 bellum
1510 1598 1639 1626 fratribus

853 1639 897 1667 vel
920 1641 1096 1675 opprobrium
1123 1642 1216 1677 generi
1245 1642 1400 1676 indiceret,
1428 1645 1474 1672 sed
1501 1646 1640 1681 sapienter

854 1687 990 1714 somnium
1006 1686 1114 1714 finxerit
1124 1708 1132 1720 ,
1144 1695 1198 1723 quo
1213 1695 1246 1715 ex
1262 1687 1335 1716 Urbe
1352 1689 1494 1724 juberetur
1509 1692 1639 1720 excedere

854 1740 916 1760 cum
932 1733 1049 1768 geminis
1063 1732 1144 1766 filiis,
1167 1733 1276 1768 juniore
1297 1734 1368 1770 apud
1391 1741 1496 1770 patrem
1519 1737 1637 1772 relicto;

855 1781 939 1813 utque
954 1778 1116 1813 navigantes
1130 1778 1303 1815 naufragium
1316 1780 1343 1807 vi
1356 1783 1528 1817 tempestatis
1544 1783 1639 1811 incur-

854 1824 958 1858 rerint,
971 1828 999 1852 et
1013 1825 1046 1852 ad
1063 1825 1180 1853 insulam
1196 1826 1366 1854 Antaradum
1381 1828 1491 1856 nomine
1512 1829 1617 1864 expulsi
1628 1850 1635 1861 ,

853 1870 995 1899 Matthidia
1022 1872 1131 1908 quidem
1160 1880 1243 1908 supra
1269 1881 1366 1902 saxum
1393 1875 1529 1910 quoddam
1553 1876 1637 1905 fluctu

851 1915 975 1951 jactante
999 1916 1121 1952 projecta
1143 1918 1196 1952 sit,
1222 1918 1322 1952 gemini
1342 1926 1407 1946 vero
1431 1919 1510 1948 liberi
1533 1921 1603 1956 rapti
1621 1928 1637 1948 a

853 1962 950 1996 piratis
963 1965 990 1990 et
999 1962 1150 1990 Caesaream
1164 1963 1298 1999 perducti,
1317 1964 1451 2000 religiosa:
1468 1966 1577 1994 cuidam
1597 1967 1637 1995 fe-

853 2007 934 2036 mina:
961 2009 1108 2036 venundati
1131 2009 1204 2041 sint,
1228 2017 1289 2044 quae
1310 2017 1358 2038 eos
1383 2010 1412 2038 in
1432 2011 1550 2040 filiorum
1575 2013 1637 2041 loco

853 2055 957 2084 habens
982 2056 1133 2084 liberaliter
1156 2055 1314 2084 educaverit
1340 2060 1367 2085 et
1392 2057 1495 2086 erudiri
1521 2058 1634 2091 fecerit.

852 2107 1002 2135 eorumque
1018 2100 1128 2128 nomina
1145 2100 1239 2135 piratae
1254 2101 1459 2129 immutaverint
1472 2107 1500 2130 et
1514 2103 1636 2132 Nicetam

853 2146 955 2178 alium,
982 2147 1066 2174 alium
1092 2145 1219 2182 Aquilam
1246 2147 1445 2182 vocitaverint;
1469 2152 1553 2184 utque
1576 2155 1637 2185 post

854 2192 912 2220 haec
928 2192 1082 2221 studiorum
1098 2197 1125 2221 et
1139 2193 1348 2222 consuetudinis
1361 2201 1447 2222 causa
1463 2194 1569 2223 Simoni
1588 2196 1637 2224 ad-

57 2244 174 2272 XXXIV.
184 2243 254 2271 Tum
269 2251 320 2279 ego
334 2242 471 2275 Clemens,
487 2242 642 2277 intelligens
657 2240 728 2275 quod
743 2241 802 2275 ipse
816 2249 839 2276 1)
853 2240 991 2273 haeserint,
1000 2244 1081 2276 atque
1091 2241 1126 2268 ab
1138 2248 1181 2274 eo,
1195 2241 1241 2268 ubi
1255 2249 1363 2276 magum
1377 2245 1404 2269 et
1416 2241 1585 2278 deceptorem
1596 2244 1637 2270 vi-

26 2290 145 2320 fortassis
157 2295 231 2319 esset
242 2293 318 2325 pater
331 2297 425 2322 meus,
440 2288 569 2324 lacrymis
582 2287 709 2322 oppletus
723 2292 799 2319 sum;

26 2336 118 2366 fratres
132 2345 241 2373 quoque
261 2343 338 2364 meos
357 2335 479 2362 volentes
501 2334 628 2369 prosilire
648 2336 675 2360 et
696 2331 802 2367 aperire

25 2390 78 2410 retu
88 2403 96 2415 ,
111 2382 250 2418 prohibuit
264 2381 362 2409 Petrus
380 2379 474 2408 dicens
489 2388 497 2407 :
511 2378 650 2412 Quiescite
663 2376 802 2412 quoadus-

24 2437 73 2464 que
93 2430 159 2457 mihi
183 2427 326 2464 placuerit.
352 2425 530 2462 Respondens
552 2431 618 2460 ergo
642 2423 741 2451 Petrus
764 2421 802 2448 ait

25 2475 55 2502 ad
68 2481 179 2502 senem:
197 2473 274 2508 Quod
290 2480 387 2500 nomen
408 2475 467 2499 erat
485 2470 588 2507 juniori
608 2469 664 2498 filio
685 2468 754 2496 tuo?
767 2467 801 2495 At

24 2522 66 2550 ille
80 2522 138 2550 ait:
155 2521 291 2549 Clemens.
313 2520 345 2547 Et
360 2519 474 2547 Petrus:
495 2518 523 2546 Si
540 2518 609 2550 tibi,
626 2517 734 2552 inquit,
749 2515 800 2542 ho-

24 2568 64 2596 die
77 2569 221 2604 conjugem
243 2573 315 2596 tuam
329 2566 512 2595 castissimam
525 2565 723 2600 consignavero
737 2569 801 2589 cum

25 2615 108 2644 tribus
130 2615 193 2643 filiis
212 2614 284 2646 tuis,
306 2613 395 2642 credis
415 2613 479 2649 quia
499 2614 589 2647 potest
609 2609 707 2646 pudica
722 2615 800 2636 mens

25 2665 110 2690 motus
125 2659 326 2689 irrationabiles
340 2665 470 2694 superare
482 2678 491 2692 ,
505 2661 532 2685 et
545 2655 618 2692 quod
632 2655 724 2683 omnia
739 2662 800 2690 quae

26 2714 39 2734 λ
54 2707 131 2736 nobis
151 2707 224 2735 dicta
239 2709 320 2738 sunt,
335 2712 399 2732 vera
414 2704 471 2732 sint
482 2707 510 2731 et
523 2701 632 2738 genesis
653 2700 722 2729 nihil
743 2700 801 2728 sit?

27 2752 56 2780 Et
73 2761 155 2782 senex
169 2763 176 2781 :
194 2751 272 2781 Sicut
293 2750 464 2786 impossibile
484 2753 543 2781 est,
559 2748 665 2784 inquit,
680 2750 707 2774 te
723 2747 800 2774 exhi-

28 2797 86 2825 bere
97 2797 169 2832 quod
184 2795 353 2832 promisisti,
369 2794 406 2821 ita
419 2793 589 2829 impossibile
603 2796 645 2820 est
659 2795 737 2820 extra
751 2799 800 2826 ge-

27 2842 107 2870 nesim
121 2841 179 2870 ﬁeri
193 2841 306 2878 aliquid.
322 2840 393 2868 Tum
415 2839 534 2868 Petrus:
555 2838 669 2870 Testes,
691 2837 797 2873 inquit,

26 2887 121 2917 habere
142 2889 204 2917 volo
224 2895 321 2916 omnes
340 2887 392 2915 hos
409 2887 456 2922 qui
475 2888 624 2923 pmentes
646 2889 711 2913 sunt
723 2903 732 2918 ,
755 2890 799 2912 me

159 2934 296 2966 Panos.
320 2934 378 2965 Gn.
404 2933 430 2965 ι.

853 2287 967 2319 derunt,
980 2289 1067 2315 aversi
1079 2287 1246 2314 accesserint
1258 2287 1290 2314 ad
1304 2287 1464 2315 Zacchteum
1473 2308 1480 2320 ,
1492 2292 1519 2316 et
1530 2292 1558 2315 ut
1573 2294 1635 2324 post

852 2332 910 2360 haec
926 2332 1023 2360 sociati
1038 2335 1102 2360 sunt
1116 2333 1187 2366 sibi;
1205 2332 1252 2360 sed
1267 2336 1294 2360 et
1308 2333 1435 2361 Clemens
1451 2334 1587 2369 quomodo
1601 2343 1634 2362 ex

852 2378 926 2407 Urbe
936 2378 1116 2414 agnoscenda:
1125 2379 1247 2407 veritatis
1259 2386 1342 2407 causa
1355 2379 1505 2415 profectus,
1515 2388 1563 2416 per
1571 2380 1636 2408 Bar-

852 2426 929 2454 nabas
943 2426 1066 2453 notitiam
1079 2425 1230 2453 Casaream
1244 2425 1349 2453 venerit
1364 2426 1470 2462 sibique
1486 2426 1635 2456 innotuerit

851 2475 877 2499 et
892 2470 1051 2503 adhaeserit,
1064 2473 1149 2506 utque
1162 2470 1196 2498 ab
1209 2477 1241 2499 eo
1254 2469 1290 2498 sit
1302 2470 1336 2498 de
1349 2469 1402 2498 fide
1415 2470 1557 2506 religionis
1570 2472 1636 2499 edo—

851 2521 928 2551 ctus;
942 2517 989 2544 sed
1001 2521 1028 2544 et
1038 2517 1156 2552 qualiter
1166 2517 1237 2552 apud
1249 2516 1419 2544 Antaradum
1431 2510 1631 2546 mendicantem

849 2563 981 2598 repererit
995 2567 1022 2591 et
1036 2563 1226 2598 recogu0verit
1239 2567 1355 2590 matrem
1364 2583 1372 2596 ,
1388 2565 1474 2598 utque
1487 2563 1578 2590 omnis
1593 2563 1635 2590 in-

851 2609 910 2638 sula
923 2610 952 2637 in
964 2609 1024 2644 ejus
1036 2609 1222 2644 recognitione
1236 2608 1330 2643 gavisa
1342 2609 1392 2642 sit,
1404 2613 1430 2636 et
1445 2608 1478 2636 de
1493 2607 1635 2643 pudicissi-

850 2661 901 2681 mae
913 2653 1028 2688 hospitae
1041 2653 1220 2681 contubernio
1234 2657 1314 2688 atque
1324 2652 1384 2688 ejus
1400 2660 1447 2688 per
1456 2653 1633 2688 semetipsum

850 2699 950 2727 collata
966 2700 1083 2728 sanitate
1095 2719 1103 2732 ,
1118 2703 1146 2726 et
1161 2699 1195 2727 de
1208 2699 1371 2727 liberalitate
1383 2699 1529 2726 Clementis
1543 2699 1570 2725 in
1585 2705 1633 2726 eos

849 2744 896 2780 qui
917 2752 981 2780 erga
1005 2749 1120 2772 matrem
1134 2743 1249 2772 beneﬁci
1270 2744 1448 2777 exstiterant;
1463 2747 1549 2780 utque
1570 2747 1633 2780 post

849 2791 907 2819 hac
919 2790 1013 2818 Niceta
1025 2795 1051 2818 et
1063 2790 1160 2826 Aquila
1175 2791 1345 2826 requirentes
1360 2796 1483 2826 quaenam
1498 2793 1572 2818 esset
1585 2797 1632 2825 pe-

849 2836 959 2872 regrina
980 2835 1088 2868 mulier,
1111 2843 1174 2863 cum
1196 2835 1338 2863 audissent
1357 2842 1373 2862 a
1391 2833 1532 2862 Clemente
1552 2841 1633 2861 omne

851 2881 989 2919 negotium
1000 2902 1009 2916 ,
1026 2889 1055 2910 se
1070 2888 1132 2910 esse
1146 2881 1270 2917 geminos
1291 2880 1352 2916 ejus
1376 2880 1444 2908 lilios
1469 2879 1632 2909 Faustinum

1473 2926 1512 2957 £5
