1873 3095
199 139 268 167 μω

625 136 653 164 S.
673 134 870 164 CLEMENTIS
886 135 896 162 1
912 134 996 164 ROM.
1014 135 1113 164 PONT.
1131 133 1246 164 OPERA
1263 134 1375 163 DUBIA.

1763 135 1828 165 ηε)

199 194 425 223 exclamaverunt
437 197 466 222 et
486 193 636 226 Faustum,
659 199 823 227 omnemque
845 192 988 220 historiam
1002 195 1027 224 Α
1042 191 1174 220 conclave
1198 191 1307 224 clausa,
1329 191 1449 227 ell‘ugato
1472 200 1488 220 a
1510 199 1542 220 se
1558 191 1686 220 daemone
1706 196 1736 220 et
1755 195 1829 223 ostiis

199 248 261 276 qua:
274 247 322 269 eos
337 240 427 277 egerit
440 239 623 276 patefecerint
635 247 644 272 ;
656 243 742 274 utque
757 241 820 274 post
835 237 894 265 haec
909 238 989 265 matri

200 287 363 321 cautius,ne
380 286 474 314 subito
488 286 590 321 gaudio
605 285 827 320 interciperetur,
843 284 904 319 ipso
920 283 990 311 insi-

200 337 305 360 nuante
316 353 324 365 ,
338 332 424 360 oblati
439 331 601 362 sint,Petro.

235 377 368 406 XXXVII.
384 377 438 406 Sed
451 386 514 405 cum
527 378 585 406 haec
597 377 625 405 in
638 377 733 405 auditu
745 378 821 406 senis
832 381 990 406 narratione

201 426 359 462 gratissima
374 425 465 453 turbis
481 428 631 458 exponeret
645 424 743 452 Petrus
753 445 760 456 ,
777 424 815 452 ita
832 428 862 452 ut
876 425 991 452 audien-

201 476 244 501 tes
258 476 398 507 gestorum
412 471 554 499 miraculis
568 474 596 499 et
610 471 790 499 humanitatis
813 471 990 499 miseratione

202 519 402 554 lacrymarent,
420 518 514 546 nescio
530 517 602 545 unde
615 517 730 545 audiens
747 521 835 546 mater
856 517 891 545 de
910 525 990 546 reco-

201 565 325 601 gnitione
347 564 451 600 patris,
475 571 560 592 cursu
583 563 694 592 concito
715 564 797 591 irruit
819 564 849 592 in
869 563 990 592 medium

202 611 310 644 nostri,
326 619 390 638 cum
406 611 528 638 clamore
550 610 669 638 dicens:
696 609 749 638 Ubi
769 614 811 639 est
834 618 913 638 meus
936 611 989 643 vir,

203 664 282 685 meus
292 657 421 685 dominus
432 655 642 688 Faustinianus,
655 655 702 692 qui
718 660 772 684 tam
782 656 876 684 multis
888 661 992 692 tempo-

202 703 281 732 ribus
297 703 434 739 atlligitur,
450 702 594 730 ambulans
611 710 660 738 per
673 702 757 730 urbes
771 703 893 739 singulas
908 707 935 731 et
949 711 992 731 me

204 751 353 789 quarens?
377 750 440 779 Haec
457 759 520 780 cum
537 751 583 779 illa
595 751 674 787 quasi
696 759 791 780 amens
813 751 944 779 clamaret
964 754 992 779 et

193 798 429 833 circumspiceret
438 817 447 830 .
461 805 545 827 senex
559 805 708 826 accurrens
721 805 783 826 cum
797 798 889 826 multis
902 798 993 833 lacry-

201 844 256 873 mis
271 843 401 879 amplecti
414 847 443 871 et
465 843 657 879 constringere
676 850 737 871 eam
759 843 852 879 ccepit.
876 843 910 870 Et
928 850 991 870 cum

203 890 262 919 haec
277 894 450 926 gererentur,
466 888 567 918 Petrus
589 889 695 926 rogavit
710 890 807 918 turbas
821 893 852 917 ut
866 889 992 918 discede-
1007 880 1029 908 Β

197 940 280 968 rent,
299 935 395 964 dicens
417 935 633 964 inverecundum
653 942 715 964 esse
737 936 811 963 ultra
827 936 990 971 persistere,

197 981 252 1010 sed
267 981 387 1010 dandum
403 981 444 1010 eis
461 981 552 1009 locum
574 981 739 1010 familiarius
760 981 878 1009 invicem
901 988 931 1009 se
950 981 993 1009 vi-

202 1026 286 1055 dendi
299 1035 307 1061 ;
321 1028 444 1056 crastino
461 1032 552 1056 autem
568 1028 631 1061 hic,
647 1027 754 1063 inquit,
772 1028 795 1056 si
808 1027 855 1063 qui
869 1031 1006 1067 vestrum,

202 1074 319 1106 volunt,
335 1074 502 1102 conveniant
517 1074 552 1101 ad
567 1074 734 1102 audiendum
750 1075 875 1103 verbum.

239 1119 385 1148 XXXVIII.
405 1119 454 1149 His
471 1128 486 1147 a
500 1120 582 1149 Petro
595 1121 679 1149 dictis
695 1125 872 1149 secesserunt
886 1122 973 1150 turba:
982 1141 990 1155 ,

203 1171 231 1195 et
243 1174 306 1195 cum
318 1167 450 1196 vellemus
464 1175 517 1195 nos
532 1175 642 1203 quoque
657 1168 697 1195 ire
711 1168 745 1195 ad
759 1167 907 1203 hospitium
918 1188 926 1201 ,
943 1168 993 1196 do-

203 1213 297 1240 minus
319 1212 418 1241 domus
438 1213 477 1241 ait
498 1213 532 1241 ad
552 1221 626 1242 nos:
650 1212 742 1248 Turpe
763 1218 806 1242 est
828 1217 857 1242 et
878 1214 991 1249 impium

203 1258 275 1287 tales
289 1266 322 1286 ac
337 1262 430 1286 tantos
445 1259 520 1286 viros
538 1267 650 1287 manere
670 1259 697 1286 in
717 1260 842 1293 stabulo,
860 1267 924 1287 cum
941 1267 993 1296 ego

205 1311 400 1340 omnempene
417 1304 528 1333 domum
542 1308 686 1333 vacantem
702 1304 816 1333 habeam
826 1326 834 1339 ,
850 1305 992 1341 lectosque

204 1354 308 1380 stratos
325 1351 544 1387 quamplurimas
562 1355 591 1380 et
610 1359 670 1388 quae
685 1352 841 1380 necessaria
861 1357 926 1380 sunt
944 1360 994 1388 pa-

204 1400 275 1424 rata.
292 1395 347 1424 Sed
361 1396 444 1424 Petro
458 1397 683 1429 contradicente,
700 1405 770 1425 uxor
786 1397 993 1433 patrisfamilias

205 1449 261 1471 una
287 1449 350 1470 cum
376 1442 472 1471 liberis
491 1443 551 1471 suis
571 1443 728 1478 prostrabat
747 1450 777 1470 se
798 1446 862 1470 ante
882 1451 945 1471 eum
966 1446 993 1471 et

204 1487 338 1517 exorabat
353 1487 469 1517 dicens:
486 1487 607 1517 Obsecro
621 1493 662 1520 te,
679 1495 760 1516 mane
774 1487 846 1524 apud
860 1495 921 1516 nos.
939 1488 993 1517 Sed

203 1540 240 1561 ne
254 1532 295 1561 sic
307 1533 419 1568 quidem
435 1533 626 1569 acquiescebat
641 1532 754 1566 Petrus,
770 1532 858 1561 donec
873 1533 928 1561 illia
943 1541 991 1562 eo-

1041 236 1187 272 patefactis
1211 245 1273 265 cum
1299 238 1406 266 catenis
1428 237 1487 266 suis
1514 237 1630 267 veniens
1655 238 1777 273 procidit
1798 240 1829 268 ad

1040 282 1124 317 pedes
1139 280 1231 314 Petri,
1247 281 1361 310 dicens:
1381 281 1497 310 Rectum
1517 286 1578 315 est,
1598 283 1638 310 mi
1657 283 1788 316 domine,
1805 288 1831 311 ut

1042 335 1107 363 agas
1122 328 1204 357 hodie
1216 328 1261 356 hic
1276 329 1407 357 salutaria
1422 336 1483 357 mea
1497 329 1557 366 (5),
1572 333 1600 356 et
1613 337 1671 357 non
1689 331 1833 358 contristes

1041 385 1132 414 neque
1151 386 1195 406 me
1210 386 1300 415 neque
1315 383 1444 415 parentes
1463 387 1550 407 meos.
1571 378 1656 407 Petro
1675 383 1771 407 autem
1789 387 1831 407 re-

1042 426 1169 461 quirente
1193 430 1353 454 catenarum
1376 433 1591 461 sermonumque
1615 425 1680 460 ejus
1708 433 1834 458 causam,

1041 476 1169 509 parentes
1187 477 1288 508 praeter
1305 480 1382 508 spem
1397 473 1450 500 laeti
1465 472 1554 500 eti'ecti
1571 472 1605 500 de
1621 472 1688 499 filiae
1704 473 1835 506 sanitate,
1872 464 1873 467 ¹

1041 521 1117 548 velut
1136 524 1251 556 stupore
1269 520 1388 556 quodam
1408 520 1518 547 attoniti
1537 519 1592 555 ipsi
1609 519 1732 555 quidem
1749 520 1837 548 dicere

1041 569 1196 601 nequeunt,
1224 569 1349 594 astantes
1372 569 1464 593 autem
1486 565 1583 593 famuli
1607 565 1716 592 aiunt:
1741 564 1806 593 Hac
1822 573 1835 592 θ

1042 613 1157 649 septimo
1171 612 1260 640 :etatis
1281 620 1355 640 anno
1376 620 1391 639 a
1415 612 1539 640 daemone
1560 615 1723 647 occupata,
1747 619 1836 639 omnes

1042 660 1089 695 qui
1108 659 1238 687 accedere
1262 662 1416 687 tentassent
1438 658 1473 686 ad
1493 666 1570 690 eam,
1593 658 1752 691 scindere,
1775 658 1836 685 dila-

1042 705 1120 733 niarc
1135 705 1275 733 morsibus
1285 725 1293 737 ,
1308 705 1391 732 etiam
1405 704 1579 739 disrumpere
1589 724 1596 736 ,
1614 709 1645 732 et
1661 704 1721 731 hoc
1736 712 1785 740 per
1801 704 1836 731 vi-

1041 752 1111 787 ginti
1126 759 1214 780 annos
1228 759 1316 787 usque
1331 751 1365 778 ad
1382 759 1503 787 praesens
1517 751 1611 778 facere
1626 758 1778 786 nunquam
1793 751 1836 778 de-

1043 798 1128 830 stitit,
1153 805 1205 825 nec
1230 798 1264 825 ab
1289 797 1382 833 aliquo
1406 797 1496 833 potuit
1520 797 1637 830 curari,
1663 798 1719 825 sed
1741 804 1777 824 ne
1794 804 1836 824 ac-

1042 843 1140 871 cedere
1163 843 1198 871 ad
1220 851 1281 871 eam
1309 844 1454 879 quisquam
1477 843 1610 876 valebat;
1637 843 1751 870 multos
1771 843 1837 870 enim

1043 889 1154 917 inutiles
1169 889 1303 922 reddidit,
1320 889 1389 917 alios
1410 893 1437 917 et
1458 889 1589 925 peremit,
1610 889 1753 916 omnibus
1772 889 1837 916 enim

1042 937 1110 964 viris
1124 935 1240 964 validior
1250 939 1320 969 erat,
1333 936 1392 964 sine
1403 935 1487 963 dubio
1496 935 1604 964 viribus
1616 936 1763 963 damonis
1773 935 1836 963 nisa.

1041 981 1121 1010 Nunc
1146 985 1249 1014 autem,
1272 985 1303 1008 ut
1326 981 1421 1014 vides,
1447 989 1481 1010 ex
1500 981 1653 1016 praesentia
1672 984 1726 1008 tua
1741 981 1837 1009 daemon

1042 1028 1153 1064 quidem
1168 1027 1255 1063 fugit,
1272 1027 1344 1055 ostia
1362 1034 1429 1056 vero
1443 1034 1504 1062 quae
1521 1034 1637 1055 summo
1658 1035 1731 1055 cum
1755 1026 1836 1054 muni—

1041 1077 1136 1102 mento
1151 1073 1245 1101 clausa
1267 1071 1394 1104 fuerant,
1414 1076 1508 1107 aperta
1530 1076 1617 1104 sunt,
1643 1075 1674 1099 et
1698 1072 1764 1107 ipsa
1778 1078 1837 1099 sana

1043 1123 1098 1149 stat
1120 1123 1185 1148 ante
1206 1123 1234 1147 te
1253 1126 1370 1155 rogans,
1393 1123 1424 1146 ut
1448 1119 1520 1147 diem
1534 1118 1711 1146 salutarium
1733 1125 1838 1146 suum

1042 1165 1134 1193 letum
1150 1168 1178 1193 et
1192 1164 1245 1200 ipsi
1257 1169 1284 1192 et
1296 1164 1456 1199 parentibus
1473 1163 1574 1196 facias,
1590 1167 1619 1190 et
1636 1170 1760 1190 maneas
1775 1162 1837 1198 apud

1042 1218 1101 1239 eos.
1122 1210 1186 1238 Haec
1202 1218 1265 1239 cum
1283 1211 1320 1238 ita
1336 1218 1407 1238 unus
1425 1217 1459 1238 ex
1478 1209 1590 1237 famulis
1609 1213 1799 1241 enarrasset,
1815 1213 1837 1235 et

1043 1257 1110 1293 ipsae
1130 1260 1234 1284 catena
1248 1256 1282 1284 de
1302 1255 1430 1283 manibus
1445 1255 1505 1290 ejus
1525 1262 1558 1282 ac
1576 1254 1707 1290 pedibus
1730 1254 1836 1282 fuissent
1872 1271 1873 1274 η

1043 1307 1142 1339 sponte
1164 1303 1312 1335 resolutae,
1335 1302 1434 1330 Petrus
1457 1305 1550 1329 certus
1572 1301 1654 1336 quod
1677 1309 1734 1336 per
1757 1301 1835 1337 ipso

1043 1349 1149 1378 sanitas
1169 1349 1228 1377 haec
1247 1348 1354 1377 reddita
1376 1349 1412 1376 sit
1431 1347 1545 1384 puellae,
1565 1347 1719 1382 acquievit
1734 1354 1837 1374 altera

1043 1395 1117 1432 apud
1128 1403 1186 1424 eos.
1206 1395 1260 1423 Sed
1274 1399 1301 1423 et
1316 1395 1378 1422 illos
1392 1394 1440 1430 qui
1453 1397 1654 1422 remanserant
1668 1394 1702 1421 in
1724 1393 1835 1428 hospitio

1043 1451 1098 1471 una
1122 1450 1186 1471 eum
1204 1450 1291 1471 uxore
1310 1449 1360 1471 sua
1380 1440 1500 1469 transire
1515 1441 1603 1476 jussit
1618 1461 1627 1473 ,
1645 1445 1676 1468 et
1691 1441 1837 1476 unusquis-

1043 1495 1097 1524 que
1111 1488 1233 1524 acccptis
1247 1495 1372 1516 seorsum
1392 1487 1530 1515 cubiculis
1552 1487 1741 1520 mansimus,
1765 1490 1837 1522 atque

1044 1542 1079 1563 ex
1102 1542 1179 1562 more
1204 1534 1266 1562 cibo
1285 1538 1396 1570 sumpto
1415 1535 1589 1571 redditisque
1611 1535 1752 1564 laudibus
1773 1535 1836 1564 Deo.
1872 1535 1873 1562 ἓ

204 1585 266 1606 rum
282 1578 330 1614 qui
344 1578 487 1614 rogabant.
503 1579 538 1606 ab
553 1578 695 1606 immundo
709 1579 805 1614 spiritu
821 1579 991 1615 temporibus
1004 1586 1026 1614 c
1043 1581 1102 1609 suis
1117 1580 1217 1616 singuli
1236 1581 1422 1616 requievimus
1436 1581 1515 1610 locis.

204 1624 299 1652 muttis
316 1628 414 1652 vexata
431 1630 459 1652 et
476 1625 582 1653 catenis
599 1626 709 1657 vincta,
726 1632 788 1660 quae
807 1625 896 1653 fuerat
916 1625 989 1653 intra

766 1805 949 1849 LIBER
987 1804 1267 1851 DECIMUS.

238 1935 260 1964 1.
279 1935 359 1964 Itane
375 1939 477 1968 autem,
492 1939 588 1963 exorto
602 1934 676 1968 sole,
691 1940 741 1969 ego
759 1933 886 1963 Clemens
901 1938 930 1963 et
943 1934 991 1962 Ni—

202 1985 265 2014 ceta
278 1986 360 2019 atque
372 1982 470 2017 Aquila
484 1988 538 2008 una
551 1987 613 2008 cum
624 1979 706 2008 Petro
715 1980 842 2008 venimus
853 1980 888 2008 ad
899 1980 990 2009 locum

198 2032 231 2060 -in
255 2038 309 2067 quo
332 2033 410 2065 pater
430 2027 512 2056 simul
535 2034 597 2055 cum
622 2030 710 2054 matre
730 2027 938 2062 requiescebat;
962 2030 990 2055 et

201 2085 266 2106 cum
280 2076 369 2104 adhuc
382 2082 429 2103 eos
448 2073 615 2102 dormientes
631 2073 840 2108 reperissemus,
854 2080 905 2108 pro
922 2072 989 2100 fori-

202 2125 254 2152 bus
264 2121 439 2151 consedimus
451 2140 458 2153 ,
474 2120 521 2147 ubi
534 2119 634 2147 Petrus
648 2119 750 2146 talibus
765 2118 837 2154 apud
854 2127 907 2147 nos
930 2127 988 2148 ser-

201 2170 331 2199 monibus
358 2168 463 2196 utitur:
476 2165 576 2193 Audite
593 2173 647 2200 me,
663 2165 835 2193 dilectissimi
849 2166 986 2198 conservi,

203 2217 261 2245 scio
278 2216 343 2251 quia
363 2213 494 2250 grandem
518 2212 626 2240 habetis
646 2211 774 2242 affectum
793 2219 858 2246 erga
882 2217 989 2247 patrem

202 2266 341 2296 vestrum,
356 2268 452 2289 vereor
466 2267 531 2295 ergo
551 2267 585 2287 ne
608 2263 672 2287 ante
687 2263 795 2295 tempus
808 2266 870 2287 eum
890 2267 988 2295 perur-

202 2308 288 2344 geatis
310 2307 406 2342 jugum
429 2304 569 2340 religionis
590 2305 750 2339 suscipere,
766 2304 887 2332 nondum
906 2305 940 2332 ad
961 2305 989 2332 id

203 2357 330 2388 paratum
342 2371 349 2384 ,
365 2350 399 2378 ad
417 2350 490 2386 quod
511 2350 581 2377 forte
595 2357 646 2385 pro
657 2349 742 2378 vestri
761 2349 851 2384 gratia
863 2348 990 2377 videatur

203 2399 389 2434 acquiescere.
406 2396 459 2425 Sed
474 2397 526 2424 hoc
544 2403 600 2424 non
615 2400 658 2423 est
680 2396 803 2429 firmum;
827 2396 900 2431 quod
915 2396 989 2423 enim

202 2447 314 2481 propter
326 2442 452 2470 homines
466 2441 496 2469 fit
505 2463 513 2475 ,
528 2441 668 2477 probabile
682 2449 738 2468 non
753 2444 796 2469 est
809 2445 836 2469 et
851 2441 906 2469 cito
919 2441 989 2469 dila-

202 2490 287 2517 bitur.
302 2487 421 2523 ldeoque
435 2487 545 2515 videtur
559 2487 644 2520 mihi,
657 2491 688 2514 ut
704 2486 862 2514 concedatis
875 2486 900 2514 ei
916 2494 988 2514 anno

202 2542 257 2562 uno
269 2534 360 2562 vivere
380 2541 430 2569 pro
444 2534 558 2561 arbitrio
571 2555 579 2567 ,
597 2534 625 2561 in
641 2540 696 2568 quo
715 2536 807 2567 potest
831 2532 882 2560 iter
905 2540 988 2568 agens

201 2581 357 2615 nobiscum,
374 2580 439 2608 dum
451 2588 503 2608 nos
516 2581 584 2608 alios
597 2579 737 2611 docemus,
755 2579 837 2607 etiam
854 2579 912 2614 ipse
923 2579 989 2607 sim-

201 2627 309 2662 pliciter
322 2627 436 2661 audire;
460 2631 489 2656 et
501 2626 630 2659 audiens,
647 2625 781 2662 siquidem
807 2627 988 2661 agnoscenda:

201 2672 325 2700 veritatis
342 2676 447 2700 rectum
470 2671 639 2707 propositum
660 2669 739 2706 gerit,
759 2669 820 2704 ipse
834 2669 942 2705 rogabit
959 2674 988 2697 ut

203 2718 334 2753 suscipiat
349 2717 489 2754 religionis
498 2717 604 2753 jugum,
621 2719 668 2743 aut
682 2715 706 2744 si
719 2722 775 2742 non
790 2715 881 2750 placet
900 2715 924 2744 ei
945 2724 989 2744 re-

1044 1935 1153 1971 cipere,
1169 1939 1329 1970 permaneat
1344 1935 1460 1965 amicus.
1479 1935 1515 1964 Hi
1531 1938 1606 1966 enim
1622 1939 1673 1975 qui
1700 1947 1759 1969 non
1772 1941 1798 1968 id
1808 1950 1836 1970 ex
1872 1945 1873 1975 ξ

1044 1980 1127 2010 corde
1140 1981 1312 2016 suscipiunt,
1329 1990 1392 2010 cum
1411 1983 1546 2018 coeperint
1571 1984 1648 2013 ferre
1664 1994 1725 2014 non
1743 1995 1834 2024 posse.

1043 2035 1099 2055 non
1114 2027 1201 2055 solum
1218 2028 1352 2064 abjiciunt
1372 2030 1445 2065 quod
1466 2036 1667 2066 susceperant,
1691 2034 1743 2062 sed
1765 2036 1835 2070 quasi

1041 2079 1093 2107 pro
1113 2073 1292 2101 excusatione
1315 2073 1483 2102 inﬁrmitatis
1504 2082 1579 2108 sure,
1600 2076 1748 2113 incipiunt
1772 2081 1833 2108 vim
1872 2073 1873 2104 ἲ

1041 2119 1184 2156 religionis
1199 2120 1390 2156 blasphemare
1401 2141 1410 2153 ,
1426 2125 1454 2149 et
1469 2123 1540 2149 male
1553 2123 1632 2159 loqui
1654 2124 1693 2153 de
1713 2126 1760 2154 his
1774 2134 1833 2162 quos

1040 2175 1214 2204 nequaquam
1227 2168 1305 2203 sequi
1319 2172 1367 2196 aut
1378 2168 1479 2196 imitari
1493 2173 1657 2204 potuerunt.

1004 2203 1027 2231 Β
1077 2203 1111 2242 ll.
1131 2203 1174 2242 Ad
1197 2214 1255 2241 haec
1274 2213 1370 2241 Niceta
1386 2203 1528 2249 respondit
1544 2222 1552 2241 :
1567 2214 1630 2244 Non
1655 2218 1830 2247 contradicit.

1035 2260 1152 2292 domine
1171 2259 1209 2286 mi
1226 2259 1322 2292 Petre,
1336 2260 1421 2287 rectis
1434 2264 1462 2287 et
1475 2260 1554 2288 bonis
1567 2261 1700 2291 consiliis
1712 2264 1778 2296 tuis,
1791 2263 1832 2292 sed

1041 2305 1133 2333 dicere
1144 2304 1248 2341 aliquid
1262 2305 1335 2336 volo,
1350 2309 1382 2332 ut
1392 2312 1442 2340 per
1453 2305 1506 2332 hoc
1518 2305 1624 2334 discam
1639 2309 1721 2342 quod
1736 2310 1828 2337 nescio.
1872 2300 1873 2310 ‘

1041 2350 1112 2384 Quid
1126 2351 1149 2378 si
1161 2351 1234 2378 intra
1249 2357 1353 2378 annum
1367 2350 1440 2378 hunc
1449 2369 1458 2383 ,
1470 2358 1525 2386 quo
1539 2350 1646 2379 dili'erri
1666 2361 1737 2381 eum
1747 2354 1827 2389 iubes,

1041 2398 1176 2424 moriatur
1192 2401 1273 2432 pater
1284 2396 1400 2424 noster?
1419 2396 1567 2425 descendet
1582 2397 1611 2425 in
1628 2398 1775 2427 infernum
1790 2407 1828 2426 ra-

1041 2451 1111 2472 cuus
1126 2448 1153 2472 et
1171 2443 1340 2472 cruciandus
1351 2444 1378 2471 in
1389 2447 1533 2471 aeternum.
1549 2443 1621 2472 Tum
1634 2444 1761 2475 Petrus:
1774 2448 1826 2474 Am-

1042 2489 1157 2524 plector,
1169 2489 1276 2524 inquit,
1295 2488 1444 2524 benignum
1458 2496 1523 2524 erga
1534 2494 1645 2525 patrem
1662 2493 1825 2528 propositum

1040 2539 1128 2567 tuum,
1144 2538 1172 2563 et
1183 2535 1296 2570 ignosco
1307 2534 1356 2562 tibi
1368 2534 1402 2562 de
1414 2535 1456 2562 his
1471 2543 1533 2570 qua:
1546 2536 1675 2571 ignoras.
1684 2538 1758 2571 Quid
1765 2538 1823 2566 enim

1040 2588 1147 2613 censes,
1165 2580 1229 2615 quia
1245 2580 1269 2608 si
1282 2580 1344 2616 quis
1354 2585 1468 2616 putatur
1477 2580 1553 2615 juste
1568 2581 1690 2615 vixisse,
1706 2583 1760 2611 iste
1771 2590 1823 2610 con-

1040 2626 1118 2653 tinuo
1131 2625 1301 2653 salvabitur?
1320 2625 1381 2653 Non
1400 2630 1482 2662 putas
1492 2634 1558 2654 eum
1576 2626 1785 2656 discutiendum
1795 2628 1823 2654 ab

1040 2679 1073 2699 eo
1087 2671 1134 2707 qui
1149 2672 1256 2699 occulta
1271 2672 1413 2700 hominum
1427 2673 1522 2705 novit,
1538 2674 1684 2709 quomodo
1702 2675 1776 2710 just:
1789 2673 1821 2700 ri-

1040 2718 1128 2750 xerit,
1141 2725 1176 2746 ne
1191 2717 1263 2746 forte
1281 2719 1335 2747 ritu
1350 2718 1494 2755 gentilium
1510 2719 1564 2756 (6),
1581 2720 1726 2750 institutis
1741 2726 1820 2750 eorum

860 2784 1040 2815 COTELERII
1056 2786 1172 2816 ΝΟΤᾸΞ.

241 2855 278 2888 (5)
296 2854 435 2890 ξαιαιαήα
448 2864 515 2883 mea.
525 2854 565 2882 Τὰ
577 2855 706 2890 σωτήριαέ
720 2854 776 2883 Res
788 2855 859 2890 satis
869 2860 934 2890 nota
943 2857 980 2884 vel

577 2855 706 2890 currimus,
720 2854 776 2883 Res
788 2855 859 2890 satis
869 2860 934 2890 nota
943 2857 985 2884 vel
1002 2857 1179 2885 mediocriter
1194 2855 1316 2884 eruditis.

241 2889 280 2921 (6)
297 2888 452 2922 Gentilium,
469 2891 521 2917 hoc
533 2895 576 2917 est
590 2888 736 2923 ὸμοὲθνῶν,
750 2896 803 2916 non
824 2888 965 2918 Ἑλλήνων.
