1873 3095
44 122 98 151 “Si

641 119 924 151 RECOGNITIONUM
941 121 1005 149 LIB.
1024 119 1057 151 Χ.

1588 122 1658 151 “:33

42 185 65 209 et
76 180 176 216 legibus
189 186 289 215 parens
297 199 306 212 ,
319 179 363 208 vel
376 186 427 215 pro
441 179 572 207 amicitiis
589 180 730 208 hominum
741 200 748 213 ,
765 184 812 207 aut
826 183 850 212 Α
865 180 937 208 sicut
948 179 1026 215 prius
1038 178 1114 211 dixi,
1126 178 1275 214 permittite
1286 186 1349 206 eum
1364 178 1415 207 iter
1426 184 1550 215 agentem
1562 181 1658 209 nobis-

42 234 85 263 pro
104 225 161 253 sola
179 226 379 253 consuetudine
398 230 446 253 aut
464 226 588 262 qualibet
607 227 660 254 alia
680 234 714 254 ex
732 233 817 254 causa

42 273 78 300 vel
99 272 274 305 necessitate,
300 276 328 300 et
354 281 410 301 non
435 277 547 310 propter
571 273 658 309 ipsam
681 274 816 309 justitiam

41 326 120 354 neque
145 322 257 354 propter
283 318 394 346 Deum?
419 320 471 353 Qui
496 320 569 347 enitn
592 324 704 356 propter
728 320 816 348 solum

41 364 117 392 Deum
144 369 172 392 et
194 365 340 400 justitiam
358 365 419 401 ejus
441 366 515 401 juste
540 367 679 398 vixerint,
708 367 760 402 ipsi
784 366 818 393 ad

41 415 162 440 uernam
185 412 306 446 requiem
326 412 436 439 venient
459 416 486 440 t-t
508 413 714 448 perpetuitatem
740 413 819 448 regni

41 457 152 486 scelestis
174 458 318 493 accipient.
336 457 417 486 Salus
435 459 507 486 enim
526 467 582 486 non
601 459 627 487 vi
651 459 816 495 acquiritur,

41 503 83 532 sed
102 504 243 537 libertate,
264 511 314 532 nec
334 512 383 539 per
397 504 539 532 hominum
555 506 683 540 gratiam,
706 506 752 533 sed
771 513 819 541 per

40 550 82 578 Dei
96 550 185 578 tidem.
199 549 268 578 Tum
281 555 412 586 praeterea
426 552 546 587 cogitare
558 552 655 585 debes,
668 551 733 587 quia
747 551 819 580 Deus

40 597 164 632 praescius
178 600 221 625 est
240 601 268 625 et
285 597 362 625 novit
377 597 401 626 si
416 598 462 625 hic
478 606 546 626 suus
560 601 624 631 est;
641 598 714 634 quod
730 599 754 626 si
769 606 819 626 no-

40 643 74 670 vit
92 652 153 671 eum
174 651 230 672 non
246 652 328 677 esse,
353 645 419 680 quid
440 645 573 672 faciemus
594 644 629 672 ad
650 652 682 673 ea
703 653 765 680 quae
785 652 819 673 ex

40 689 112 717 initio
127 693 231 718 statuta
249 695 314 718 sunt
327 691 361 718 ab
376 691 431 718 eo?
450 690 480 717 ln
502 697 558 726 quo
577 694 670 718 autem
688 698 819 726 possum,

41 736 179 764 consilium
195 736 250 770 do;
266 744 328 764 cum
343 737 516 771 evigilaverit
536 741 563 765 et
586 737 755 770 sederimus,
772 745 821 765 vos

41 783 113 818 quasi
134 782 241 818 aliquid
261 782 369 811 discere
387 783 529 815 volentes,
552 783 700 819 proponite
721 791 754 811 ex
775 783 820 811 his

41 827 166 856 duntaxat
180 827 243 864 qu'ae
257 828 296 856 illi
311 828 422 864 expedit
437 828 559 860 discere.
575 832 602 856 et
617 829 682 856 dum
704 836 755 856 nos
780 828 821 856 lo—

868 233 931 253 cum
952 225 1047 253 audire
1066 231 1118 252 nos
1132 224 1236 260 aliquid
1255 223 1444 259 disputantes;
1464 225 1513 252 sed
1526 226 1657 260 quoniam

869 270 1032 299 festinantes
1054 278 1104 298 vos
1125 270 1198 303 vidi,
1222 270 1326 298 idcirco
1344 269 1400 298 dixi
1424 272 1657 306 opportunitatem

869 318 1062 354 querendam;
1079 325 1161 352 quam
1176 324 1239 344 cum
1257 316 1363 344 dederit
1378 316 1465 348 Deus,
1480 325 1530 345 vos
1546 325 1658 352 quoque

869 364 904 391 ad
927 371 959 391 ea
985 371 1045 399 quae
1072 363 1170 390 dixero
1189 363 1376 398 obtemperate
1395 363 1472 390 mihi.
1492 363 1554 391 Haec
1580 364 1659 392 nobis

869 410 1131 441 sermocinantibus.
1147 410 1220 437 venit
1233 417 1301 444 puer
1312 409 1408 437 dicens
1419 410 1533 445 vigilare
1544 411 1600 446 jam
1616 418 1660 445 pa-

870 460 938 484 trem
951 465 959 490 ;
975 460 1002 483 et
1017 463 1079 484 cum
1094 455 1225 482 vellemus
1241 454 1346 490 ingredi
1362 454 1397 481 ad
1411 462 1473 482 eum
1484 473 1492 487 ,
1512 455 1571 489 ipse
1586 455 1661 482 venit

870 503 904 530 ad
919 510 981 534 nos,
997 505 1024 529 et
1035 501 1130 529 oscttlo
1142 508 1193 528 nos
1208 502 1346 533 salutans,
1364 509 1426 528 cum
1444 500 1641 528 resedissemus
1651 521 1660 534 ,

871 549 926 577 ait:
945 548 1056 576 Licetne
1078 548 1276 582 percunctari,
1300 547 1323 574 si
1345 547 1412 582 quid
1432 547 1504 574 volet
1524 547 1602 582 quis,
1625 555 1661 575 an

871 595 1021 623 secundum
1042 594 1240 630 Pythagoricos
1260 594 1406 622 tacendum
1425 601 1532 629 semper
1550 594 1613 622 est?
1627 593 1662 622 Et

871 639 988 667 Petrus:
1006 638 1061 666 Nos
1078 646 1128 667 nec
1148 639 1230 667 silere
1249 647 1366 674 semper,
1383 647 1472 675 neque
1487 640 1662 675 percunctari

871 684 995 719 cogimus
1007 683 1167 711 accedentes
1175 683 1208 711 ad
1217 691 1278 715 nos,
1288 684 1336 711 sed
1347 684 1528 719 relinquimus
1539 685 1662 719 ipsorum

871 728 991 756 libertati
1006 729 1096 756 tacere
1107 734 1138 756 ut
1149 730 1253 761 volunt,
1273 729 1392 758 scientes
1407 729 1480 765 quod
1498 730 1546 766 qui
1566 738 1662 758 curam

872 774 942 810 gerit
955 774 1053 803 salutis
1066 782 1134 807 suae,
1161 775 1186 802 si
1209 775 1237 802 in
1256 779 1334 810 parte
1356 775 1448 810 aliqua
1468 776 1551 803 sentit
1564 777 1664 803 animat

873 827 930 848 suae
947 820 1086 853 dolerent,
1102 825 1194 848 tacere
1208 828 1263 848 non
1278 821 1392 856 patitur.
1406 820 1457 854 Qui
1473 829 1537 849 vero
1550 822 1664 857 negligit

41 875 143 910 quimur
158 875 231 903 inter
242 883 310 908 nos,
323 875 368 902 ille
381 874 545 903 instruetur.
563 873 615 902 Sed
630 878 721 902 tamen
735 875 822 910 primo

908 867 991 895 lutem
1007 875 1096 900 suant,
1114 867 1137 895 si
1159 868 1330 903 interrogare
1344 872 1468 903 cogatur,
1484 868 1553 896 nihil
1566 877 1599 896 ex
1611 868 1663 896 hoc

41 921 167 956 quiescite
178 941 186 954 ,
203 927 234 949 ut
247 921 272 949 si
287 921 358 950 forte
372 922 430 957 ipse
446 921 572 949 videatur
585 921 689 957 aliquid
705 922 822 950 interro-

41 974 119 1003 gare;
134 967 210 1002 quod
225 967 249 995 si
265 967 377 1000 fecerit,
401 967 492 1003 aptior
512 966 565 995 erit
584 967 721 995 sermonis
740 974 822 995 occa—

42 1013 94 1047 sio;
110 1013 135 1042 si
150 1021 218 1042 vero
237 1013 297 1049 ipse
316 1013 386 1041 nihil
405 1013 520 1049 quaerit,
544 1021 596 1041 nos
617 1013 652 1041 ab
673 1014 821 1047 alterutro,

42 1059 108 1088 sicut
127 1060 201 1092 dixi.
223 1060 330 1088 discere
354 1060 457 1095 aliquid
482 1060 605 1087 volentes
632 1067 760 1095 rogemus
782 1059 824 1086 vi-

41 1106 139 1134 cissim.
161 1105 229 1134 Mihi
251 1106 289 1133 ita
306 1105 426 1139 videtur,
439 1106 524 1134 etiam
540 1105 619 1134 vobis
634 1105 699 1141 quid
716 1106 823 1142 placeat

41 1150 130 1179 dicite.

72 1197 115 1226 Ill.
133 1196 261 1232 Cumque
287 1196 522 1225 collaudassemus
541 1197 602 1232 eius
626 1201 731 1225 rectum
756 1204 824 1224 con-

43 1243 128 1270 silium
140 1263 147 1275 ,
163 1251 217 1279 ego
233 1243 361 1271 Clemens
379 1243 424 1270 aio
439 1252 446 1271 :
468 1242 498 1270 In
516 1243 645 1271 omnibus
662 1244 744 1271 rebus
763 1244 825 1279 plu-

42 1288 106 1316 rima
121 1296 154 1316 ex
170 1294 249 1325 parte
263 1289 298 1317 ad
314 1289 424 1317 initium
439 1289 553 1325 respicit
570 1289 633 1318 linis
645 1310 652 1322 ,
668 1290 826 1325 similisque

44 1335 179 1370 principiis
203 1343 295 1364 rerum
321 1337 412 1364 exitus
433 1335 533 1369 datur;
561 1344 643 1372 spero
663 1343 729 1372 ergo
743 1337 825 1364 etiam

43 1380 112 1408 circa
126 1387 233 1417 patrem
251 1385 377 1409 nostrum
391 1402 398 1414 ,
415 1382 547 1417 quoniam
563 1389 612 1417 per
627 1387 652 1409 te
666 1381 739 1410 Deus
753 1383 826 1410 bona

45 1426 117 1454 initia
135 1427 232 1461 dedit,
247 1427 292 1456 his
307 1435 458 1464 congruum
473 1435 556 1463 seque
569 1428 681 1464 dignum
695 1429 828 1465 largietur

44 1475 68 1499 et
79 1471 165 1501 tinem.
177 1472 372 1502 Verumtamen
383 1474 466 1502 etiam
479 1474 546 1502 illud
560 1483 688 1511 suggero,
696 1476 731 1508 si,
743 1480 774 1504 ut
785 1476 828 1504 dl-

44 1516 119 1551 xisti,
133 1519 315 1554 cmperimus,
331 1523 466 1554 prasente
484 1523 578 1555 patre,
594 1521 674 1556 quasi
688 1521 761 1549 inter
774 1529 826 1549 nos

873 914 984 941 utilitati
995 913 1055 949 ejus
1071 913 1222 946 confertur,
1234 913 1287 941 nisi
1302 913 1354 940 hoc
1366 913 1509 948 solum,_ut
1521 914 1664 941 studiosus

872 966 935 987 esse
960 959 1088 987 videatur
1103 963 1131 988 et
1157 960 1284 995 diligens.
1299 959 1482 993 Quamobrem
1502 963 1532 988 tu
1553 961 1578 989 si
1596 960 1664 997 quid

873 1005 981 1034 discere
994 1006 1047 1039 vis,
1063 1006 1182 1042 require.

908 1051 942 1080 V.
959 1052 991 1079 Et
1004 1060 1088 1080 senex
1105 1053 1144 1079 ait
1159 1060 1166 1078 :
1182 1051 1230 1080 Est
1243 1052 1354 1088 quidam
1368 1061 1459 1082 sermo
1470 1054 1542 1090 apud
1554 1053 1665 1084 Graeco-

873 1105 935 1126 rum
951 1099 1131 1134 philosophos
1143 1098 1181 1135 (7)
1201 1099 1351 1128 vehemens
1370 1100 1460 1133 valde,
1477 1101 1524 1136 qui
1540 1101 1619 1134 dicit,
1636 1102 1664 1129 in

874 1145 929 1173 vita
949 1145 1092 1173 hominum
1116 1154 1146 1173 re
1168 1146 1228 1182 ipsa
1243 1154 1332 1182 neque
1353 1147 1455 1175 bonum
1473 1155 1535 1176 esse
1547 1148 1664 1180 aliquid,

874 1200 964 1228 neque
979 1193 1099 1226 malum;
1114 1192 1163 1220 sed
1177 1200 1239 1228 qua:
1257 1193 1385 1221 videntur
1401 1193 1560 1222 hominibus
1572 1202 1625 1222 usu
1639 1198 1668 1222 et

875 1239 1076 1267 consuetudine
1090 1239 1237 1273 praeventis
1250 1239 1324 1272 vitae,
1342 1240 1399 1268 hac
1420 1244 1468 1268 aut
1484 1241 1555 1268 mala
1571 1241 1669 1270 dicuttt

875 1288 922 1312 aut
944 1284 1024 1312 bona.
1045 1284 1114 1312 Nam
1136 1292 1224 1320 neque
1245 1285 1423 1314 homicidium
1443 1294 1541 1315 revera
1563 1288 1668 1316 malum

875 1333 927 1363 est,
944 1329 1008 1365 quia
1020 1330 1139 1357 animam
1150 1330 1269 1358 vinculis
1284 1331 1376 1359 carnis
1391 1331 1526 1366 absolvit;
1538 1333 1668 1368 denique,

876 1375 964 1408 aiunt,
979 1381 1008 1404 et
1026 1375 1094 1410 justi
1109 1375 1211 1412 quique
1229 1376 1338 1411 judices
1357 1381 1504 1412 peccantes
1519 1379 1669 1413 perimunt.

876 1421 956 1456 Quod
972 1422 995 1449 si
1008 1421 1189 1450 homicidium
1205 1423 1309 1451 scirent
1327 1424 1430 1451 malum
1449 1431 1528 1457 esse,
1543 1432 1599 1452 non
1615 1426 1670 1453 uti-

876 1475 930 1503 que
950 1467 979 1494 id
998 1467 1068 1502 justi
1085 1467 1212 1496 homines
1233 1468 1365 1497 facerent.
1385 1469 1479 1505 Neque
1503 1470 1669 1499 adulterium

877 1514 981 1541 malum
993 1521 1055 1542 esse
1067 1514 1183 1542 dicunt:
1198 1515 1221 1542 si
1233 1516 1306 1543 enim
1320 1515 1428 1551 ignoret
1435 1517 1478 1545 vir
1489 1521 1537 1545 aut
1552 1525 1608 1546 non
1621 1526 1671 1546 cu-

46 1562 141 1598 aliquid
157 1564 295 1592 tractandi
310 1564 353 1593 vel
371 1554 493 1593 discendi
512 1554 611 1602 gratiav
619 1567 693 1602 loqui
705 1587 714 1599 ,
739 1571 768 1595 tu
788 1568 822 1596 mi

908 1563 933 1591 ι.
947 1560 1028 1593 nihil,
1045 1560 1133 1592 aiunt,
1150 1561 1216 1588 mali
1232 1567 1284 1589 est.
1306 1560 1359 1589 Sed
1378 1570 1469 1598 neque
1486 1562 1590 1590 furtum
1612 1571 1671 1592 tua-

46 1608 148 1638 domine
163 1604 247 1639 Petre
257 1631 265 1643 ,
281 1618 336 1639 non
355 1611 441 1640 debes
453 1620 515 1640 eum
530 1613 619 1640 locum
634 1621 732 1649 agere,
746 1617 827 1650 quasi

46 1654 88 1688 qui
98 1654 204 1683 discere
215 1655 318 1691 aliquid
330 1655 432 1685 debeas
444 1666 452 1691 ;
462 1657 515 1684 hoc
524 1657 598 1685 enim
611 1658 634 1685 si
647 1658 754 1692 videat,
770 1659 828 1687 for-

46 1704 114 1729 tasse
125 1702 216 1738 magis
233 1701 387 1730 oﬂ'endctur
399 1723 407 1736 ,
429 1707 522 1732 certus
540 1708 583 1732 est
601 1704 674 1732 enim
691 1708 719 1732 te
737 1705 828 1732 omnis

47 1747 112 1776 scire
125 1748 281 1784 diligenter,
297 1749 372 1777 sicut
387 1753 414 1777 et
428 1758 493 1778 vere
505 1755 558 1779 est.
574 1750 660 1784 Quale
677 1758 742 1786 ergo
758 1751 827 1784 erit,

48 1793 68 1820 si
81 1797 106 1822 te
118 1795 212 1824 videat
225 1796 408 1831 ignorantiam
422 1797 596 1825 simulantem
608 1797 620 1824 ?
634 1796 691 1825 Hoc
704 1805 766 1825 eum
777 1817 785 1830 ,
800 1802 829 1825 ut

47 1838 113 1872 dixi,
135 1841 224 1876 magis
247 1841 345 1868 laedere
361 1842 477 1876 poterit,
496 1842 666 1869 nescientem
684 1842 829 1870 consilium

47 1888 128 1913 tuum.
142 1885 197 1914 Sed
209 1895 259 1914 nos
274 1887 383 1922 quidem
402 1887 502 1916 fratres
516 1888 588 1916 inter
605 1895 658 1916 nos
672 1895 828 1916 sermonem

48 1931 190 1963 habentes.
210 1933 233 1961 si
249 1933 275 1960 in
293 1934 385 1970 aliquo
405 1932 579 1967 dubitemus,
599 1942 614 1962 a
635 1939 662 1962 te
684 1934 829 1970 quaestioni

48 1983 141 2007 nostra:
167 1979 231 2007 ﬁnis
254 1986 393 2015 congruus
417 1980 520 2014 detur;
536 1988 598 2008 nam
618 1984 645 2008 et
669 1980 692 2007 si
715 1984 742 2008 te
761 1988 830 2007 cun-

48 2027 160 2052 ctantem
174 2025 265 2053 videat
280 2029 327 2052 aut
340 2025 509 2054 dubitantem
522 2046 529 2059 ,
547 2031 612 2054 tunc
626 2033 690 2054 vere
704 2025 809 2062 putabit
821 2045 828 2058 ,

49 2070 117 2103 quod
132 2071 204 2106 apud
221 2072 326 2099 nullum
341 2072 396 2100 erit
411 2072 526 2100 scientia
541 2072 676 2100 veritatis.

80 2116 123 2145 IV.
148 2117 182 2144 Et
207 2117 306 2146 Petrus
329 2118 364 2146 ad
388 2118 447 2146 haec
475 2118 639 2154 respondit:
663 2117 830 2146 Omittamus

48 2162 118 2196 haec,
133 2168 160 2192 et
175 2165 199 2192 si
214 2164 324 2200 quidem
340 2164 454 2200 dignum
482 2169 525 2192 est
543 2168 573 2192 ut
592 2164 762 2199 ingrediatur
784 2163 830 2198 ja-

48 2217 125 2237 nuam
139 2211 216 2243 vitae,
235 2210 307 2239 Deus
321 2211 496 2239 occasionem
515 2215 716 2246 competentem
734 2210 828 2243 dabit,

878 1605 935 1633 lum
957 1613 1040 1634 esse:
1057 1607 1132 1642 quod
1145 1606 1219 1634 enim
1241 1607 1318 1635 deest
1337 1608 1431 1642 alicui,
1456 1609 1546 1637 aufert
1561 1610 1594 1637 al‘
1615 1610 1670 1637 alio

878 1651 926 1687 qui
949 1652 1048 1684 habet,
1064 1652 1138 1688 quod
1159 1653 1270 1688 quidem
1291 1654 1434 1688 oportebat
1453 1655 1538 1683 libere
1553 1657 1624 1683 sumi
1643 1660 1671 1684 et

878 1699 1004 1735 publice;
1021 1699 1070 1726 sed
1085 1699 1149 1734 quia
1166 1699 1274 1726 occulte
1286 1699 1326 1732 tit,
1342 1700 1371 1728 in
1389 1700 1441 1728 hoc
1461 1702 1550 1737 magis
1566 1703 1638 1730 illius
1654 1710 1670 1730 a

878 1753 933 1781 quo
948 1746 1019 1773 clam
1036 1745 1161 1773 aufertur
1176 1745 1365 1773 inhumanitas
1384 1747 1569 1783 redargttitur.
1587 1747 1670 1775 Com-

879 1792 972 1820 munis
988 1791 1061 1820 enim
1077 1800 1144 1819 usus
1159 1792 1282 1819 omnium
1294 1800 1355 1827 quae
1368 1797 1433 1820 sunt
1445 1794 1473 1821 in
1487 1794 1541 1822 hoc
1555 1795 1669 1828 mundo,

879 1838 1007 1866 omnibus
1017 1845 1079 1866 esse
1091 1838 1248 1866 hominibus
1258 1838 1368 1873 debuit;
1380 1839 1428 1867 sed
1439 1847 1487 1875 per
1499 1841 1670 1876 iniquitatem

879 1884 950 1912 alius
963 1884 1015 1911 hoc
1031 1892 1111 1912 suum
1125 1884 1192 1912 dicit
1204 1892 1279 1919 esse,
1290 1890 1318 1912 et
1328 1886 1398 1913 alius
1411 1886 1489 1920 illud,
1503 1890 1529 1915 et
1543 1888 1584 1914 sic
1600 1888 1671 1915 inter

881 1930 1012 1958 mortales
1026 1930 1128 1958 divisio
1148 1930 1220 1958 facta
1237 1934 1290 1960 est.
1307 1930 1429 1967 Denique
1444 1932 1600 1960 Graecorum
1613 1934 1672 1969 qui-

882 1977 945 2005 dam
973 1977 1195 2013 sapientissimus
1217 1977 1256 2014 (8)
1278 1978 1336 2005 haec
1358 1979 1396 2006 ita
1412 1980 1504 2008 sciens
1523 1988 1602 2012 esse,
1619 1981 1669 2013 ait,

881 2025 1038 2053 communia
1053 2025 1152 2053 debere
1163 2033 1225 2053 esse
1241 2025 1393 2053 amicorum
1409 2027 1521 2061 omnia;
1538 2028 1565 2055 in
1581 2029 1671 2056 omni-

881 2073 934 2101 bus
953 2077 1045 2101 autem
1064 2078 1129 2102 sunt
1150 2074 1209 2102 sine
1232 2074 1315 2102 duhio
1329 2079 1356 2102 ct
1378 2075 1519 2110 conjuges.
1541 2074 1574 2101 Et
1598 2076 1671 2102 sicut

881 2127 936 2147 non
953 2123 1053 2154 potest,
1071 2119 1170 2154 inquit,
1185 2119 1269 2147 dividi
1284 2127 1332 2147 aer
1343 2127 1432 2155 neque
1448 2120 1578 2155 splendor
1592 2120 1669 2152 solis,

882 2166 920 2193 ita
932 2173 984 2194 nec
1000 2165 1105 2200 reliqua
1120 2173 1181 2201 quae
1195 2166 1380 2193 communiter
1392 2166 1420 2193 in
1431 2166 1483 2193 hoc
1494 2166 1596 2193 mundo
1607 2167 1671 2194 data

883 2215 948 2239 sunt
974 2211 1104 2239 omnibus
1129 2211 1163 2239 ad
1190 2211 1365 2244 habendum,
1387 2211 1472 2239 dividi
1493 2211 1604 2244 debere,
1622 2212 1671 2240 sed

48 2256 150 2292 eritque
163 2257 273 2285 initium
287 2265 321 2286 ex
335 2257 392 2286 Deo
405 2261 434 2285 et
448 2265 503 2285 non
521 2265 554 2286 ex
569 2244 690 2286 homine.
709 2257 741 2284 Et
758 2257 829 2289 ideo,
845 2244 868 2271 D
883 2257 1008 2285 habenda
1023 2265 1085 2284 csse
1097 2257 1263 2284 communia.
1281 2256 1344 2284 Haec
1367 2261 1458 2285 autem
1480 2257 1572 2286 dicere
1584 2258 1670 2290 volui,

712 2346 896 2376 COTELERII
917 2346 1033 2374 NOTAE.

83 2438 120 2474 (7)
140 2437 188 2465 Est
197 2438 305 2474 quidam
320 2446 404 2465 sermo
413 2437 483 2501 αξκά
491 2437 643 2466 ϐτωεοναπι
654 2438 829 2473 philosophos.

83 2473 219 2501 chelaum.
234 2473 410 2501 Cvrenaicos.
450 2474 598 2501 heodorum
619 2473 708 2501 ἄθεον.
723 2477 750 2500 et
766 2473 829 2501 l’vr-

50 2471 219 2510 Archelaum",
234 2473 411 2510 Cyrenaicos,
426 2471 598 2510 Theodorum
619 2473 708 2504 ἄθεον,
723 2471 831 2510 θιέλγτ-

51 2507 158 2536 rhonios
173 2519 181 2537 :
195 2507 312 2544 quorum
324 2509 458 2536 insaniam
474 2509 559 2536 secuti
576 2512 639 2536 sunt
655 2513 746 2543 postea
758 2507 828 2544 Gno-

51 2543 212 2579 stici.Atqué
218 2545 271 2572 huc
278 2544 422 2579 pertinebit
435 2543 545 2579 elegans
554 2545 571 2570 Α
576 2551 609 2579 po
614 2544 757 2579 phthegma
768 2543 789 2570 Η
795 2545 832 2570 ic-

51 2578 129 2607 roclis
142 2577 256 2607 relatum
273 2577 301 2606 in
317 2580 412 2614 Agellii
435 2577 563 2606 Noctibus
576 2577 632 2607 ‘lib.
650 2586 687 2614 tx.
701 2577 728 2606 ἒ.
745 2579 771 2609 5,
788 2579 832 2606 his

52 2614 138 2648 verbis
152 2624 159 2642 :
173 2615 278 2642 Taurus
301 2613 388 2642 autem
410 2615 621 2648 noster,quolics
643 2613 717 2648 facta
735 2614 832 2640 mentio

52 2646 157 2685 Epicuri
179 2655 256 2684 esset,
270 2650 299 2677 in
321 2657 365 2677 ore
381 2654 459 2684 atque
472 2646 605 2685 in'lingua
627 2646 738 2676 habebat
756 2649 835 2685 sorba

52 2682 104 2720 liga
121 2682 253 2720 Hieroclis
265 2685 358 2717 Stoici,
374 2682 423 2712 viri
443 2685 529 2712 sancti
547 2682 571 2712 ἐι
591 2685 701 2720 gravis:
723 2684 832 2716 Ἡδονῆς

51 2718 124 2761 ξςλος
143 2719 245 2761 πέρνης
377 2720 434 2748 οὐκ
447 2720 506 2747 ἐστι
518 2718 718 2761 τεορνξιαιᾳὺδὲγ
732 2720 835 2761 πόρνης

52 2751 145 2791 Bittius.
162 2751 321 2791 summa;
336 2763 371 2783 ex
388 2763 456 2791 mea
484 2751 612 2791 opinione
636 2754 673 2781 ita
704 2751 832 2791 legatur':

59 2787 372 2831 ξῌδονὴΩτίλοςζΙπόρνῃς
383 2787 555 2831 post
575 2789 633 2816 ἐστι
645 2787 770 2831 nepeta
789 2790 834 2816 οὺ-

53 2799 562 2862 ᾣᾝένΐὲῗέιζιῗεῗῑῖῗεῖῧῗ“πῖιῖῗ;
571 2799 833 2862 ,ῗιῖῖέιντξὲενῗιῒζνῖἒζ

55 2856 177 2890 Stupuit
191 2856 257 2888 nihil
270 2856 309 2889 te:
320 2870 329 2889 .'
342 2856 489 2888 Msiricis'
497 2861 604 2896 dogma.
621 2862 654 2887 At
669 2861 729 2887 viro
744 2856 834 2895 tn'agni

884 2437 986 2472 ingenii
1001 2444 1159 2472 magnaeque
1169 2437 1299 2464 doctrina:
1310 2436 1408 2465 Joanni
1420 2437 1558 2466 Pearsono
1567 2438 1593 2466 in
1605 2438 1674 2467 Pro-

885 2472 1034 2500 leuomenis
1058 2473 1091 2499 ad
1120 2473 1272 2500 Hieroclem
1291 2473 1399 2500 videtur
1423 2474 1524 2500 corrigi
1548 2474 1589 2500 de!
1601 2482 1671 2500 ere:

888 2474 1034 2534 ligentenis
1058 2474 1091 2499 ad
1120 2474 1272 2500 Hieroclem
1291 2474 1399 2500 videtur
1423 2474 1524 2509 corrigi
1548 2474 1589 2502 de!
1601 2482 1648 2502 ere
1664 2484 1670 2502 :

888 2507 896 2518 '
912 2508 982 2545 dovh
995 2507 1070 2545 ῖέλος
1079 2516 1086 2523 '
1096 2509 1198 2545 τξᾴρνης
1212 2508 1308 2545 δᾴγμα.
1318 2508 1375 2536 Οὐκ
1389 2508 1447 2536 ἐστι
1457 2510 1569 2545 πρόνοια
1580 2510 1670 2537 οὐδέν·

883 2543 985 2584 πόργης
997 2543 1221 2579 δόγμα.Ε]υειιυθ
1237 2543 1380 2571 lectionem
1396 2543 1486 2571 firmat
1501 2546 1587 2572 codex
1602 2545 1671 2572 Tor-

881 2586 1129 2677 ῃῆἷῑιὲιξάτογυηι
1150 2613 1267 2655 quidam
1292 2614 1512 2654 sapientissimus.
1543 2614 1672 2656 Socrates

883 2656 936 2677 anu
983 2649 1126 2676 Platonem
1150 2658 1178 2677 tn
1207 2657 1290 2677 onere
1304 2649 1343 2676 Ds
1362 2650 1504 2677 rmublica.
1522 2649 1597 2677 Ouos
1611 2651 1672 2677 ideo

883 2649 956 2684 apud
983 2649 1126 2676 Platonem
1150 2649 1178 2677 in
1207 2657 1290 2685 opere
1304 2649 1343 2676 Ds
1362 2650 1504 2684 rrpublica.
1522 2649 1597 2683 Quos
1611 2651 1673 2678 ideo

883 2689 1003 2720 arguunt
1017 2685 1125 2720 plurimi
1141 2694 1148 2712 :
1166 2685 1313 2713 defendere
1326 2693 1391 2713 vero
1410 2688 1545 2712 conantur
1562 2686 1626 2720 alii;
1643 2690 1674 2712 ut

885 2720 993 2748 discere
1003 2719 1047 2747 est
1058 2727 1092 2747 ex
1101 2720 1217 2747 lectione
1225 2720 1374 2748 (Uenientis
1384 2719 1561 2747 Alexandrini
1570 2719 1671 2748 Slrom.

886 2763 928 2786 Ill,
945 2763 1005 2796 pag.
1016 2755 1085 2795 .150.
1165 2765 1175 2797 ξ
1187 2755 1296 2782 Arriani
1353 2754 1472 2789 Epicteto
1483 2755 1530 2783 lib.
1546 2763 1577 2797 tt,
1594 2764 1619 2783 c.
1635 2755 1672 2790 ις

887 2790 1042 2826 LuctanLrn
1058 2789 1206 2826 Faginus;
1222 2789 1331 2818 Eusebii
1347 2789 1538 2826 Prienen”.
1554 2791 1672 2821 itb.xnt,

887 2810 1380 2861 Si???‘I'ii;§d'€€i'£{r'sérﬁiﬁ"n2f
1387 2810 1509 2861 ᾖξὲὅιίῖῖ
1515 2810 1549 2854 3's
1555 2810 1675 2855 ’³ᾗίἓὲἰὲ

888 2860 1027 2889 οὴοηὶαιε
1040 2860 1086 2888 lib.
1103 2868 1130 2888 tv
1147 2860 1286 2892 Thesauri.
1300 2868 1325 2888 c.
1345 2860 1389 2889 i0.
