1873 3095
190 137 262 167 1483
617 135 649 163 5.
667 132 864 162 ειΕΜΕΝτιε
880 132 889 159 l
907 130 980 159 R01!

984 149 990 157 .
1008 128 1109 157 PONT.
1128 127 1242 156 οΡΕιιΑ
1259 126 1374 155 ΒυΒΙΑ.

1758 126 1816 153 “2i

182 196 313 233 quoniam
325 194 435 230 quidem
449 193 532 229 cupio
542 200 587 220 me
604 192 738 220 inclinare
751 190 785 218 ad
802 190 872 218 bene
888 197 970 224 agen-
984 190 1008 219 Α
1035 194 1097 233 qua:
1114 186 1184 213 mala
1193 193 1258 233 esse
1275 184 1353 233 apud
1360 184 1498 233 neminem
1512 181 1762 233 dubitantanN-on
1776 185 1819 233 tibi

181 244 259 275 dum,
273 245 301 269 et
316 248 371 268 non
389 246 502 275 possum
518 238 588 266 bene
611 245 703 273 agere,
727 237 780 266 nisi
806 237 882 272 prius
898 235 971 264 didi—

181 295 246 315 cero
263 285 329 322 quid
347 286 384 313 sit
402 285 521 318 bonum;
536 283 609 319 quod
631 283 655 311 si
678 283 829 318 intelligere
846 284 970 317 potuero,

181 342 216 362 ex
230 334 290 370 ipso
303 333 385 360 etiam
397 331 463 367 quid
480 330 517 359 sit
530 330 644 362 malum,
661 330 714 357 hoc
731 334 773 357 est
785 329 849 356 huic
861 332 973 357 contra-

183 380 267 412 rium,
279 379 431 405 advertam.

218 424 264 452 Vl.
278 424 379 451 Verum
399 423 432 451 ad
457 423 516 451 haec
531 430 593 458 quae
607 421 673 454 tlixi,
697 428 782 449 unum
796 427 811 448 e
831 419 909 447 vobis
927 426 972 446 re-

184 470 318 506 spondere
335 470 406 502 volo,
419 476 474 496 non
488 467 615 501 Petrum;
633 474 689 495 non
701 467 775 495 enim
793 466 905 502 dignum
920 469 973 499 est,

185 517 220 545 ab
243 517 291 543 illo
315 515 396 542 verba
413 518 440 542 et
454 513 608 541 doctrinam
630 520 692 540 cum
715 512 914 547 questionibus
928 519 975 538 ca-

185 570 260 598 pere,
275 561 325 590 sed
346 561 392 588 ille
409 561 434 588 si
455 559 524 595 quid
548 559 783 595 pronttntiaverit,
799 558 852 585 hoc
869 558 974 592 absque

185 608 276 643 aliqua
299 606 495 634 retractatione
516 609 653 632 teneatur.
671 603 704 630 Et
728 602 790 631 ideo
814 603 872 638 ipse
894 602 975 630 nobis

186 656 310 682 servetur
324 652 403 687 quasi
423 650 537 684 arbiter,
553 654 583 677 ut
601 649 691 677 sicubi
713 648 860 684 disputatio
881 653 976 676 nostra

186 700 290 728 exitum
307 705 361 725 non
378 696 529 728 invenerit,
546 696 605 731 ipse
623 694 696 730 quod
715 695 768 722 sibi
786 695 876 722 visum
893 693 976 721 fuerit

187 744 386 781 pronuntians,
410 743 594 770 indubitatum
614 741 697 769 ﬁnem
711 741 794 769 rebus
818 740 908 768 dubiis
923 740 976 767 im-

185 793 278 825 ponat.
296 788 329 816 Et
352 795 427 816 nunc
450 795 515 823 ergo
542 794 650 823 possem
677 789 735 814 sola
760 786 820 821 ejus
839 786 975 814 sententia

185 841 332 864 contentus
349 835 471 867 credere.
488 834 511 862 si
526 833 591 868 quid
611 834 636 861 ei
651 833 799 866 videretur,
815 832 888 868 quod
899 835 927 859 et
941 831 976 859 ad

185 882 311 909 ultimum
335 881 452 915 faciam;
476 881 539 907 volo
554 884 648 907 tamen
666 880 743 915 prius
766 879 869 911 videre,
888 878 911 906 si
935 882 977 906 est

183 926 316 962 possibile
336 925 502 961 disputando
518 925 642 952 invenire
657 924 732 960 quod
750 924 892 960 quaeritur.
912 922 976 950 Pla-

184 976 228 1000 cet
245 979 310 1008 ergo
327 977 358 999 ut
374 971 501 999 Clemens
523 971 628 1006 primus
643 970 772 1005 incipiat.
786 974 814 997 et
836 969 974 1002 Ostendat,

184 1019 209 1046 si
222 1022 264 1047 est
281 1018 384 1054 aliquid
408 1018 435 1045 in
459 1017 615 1046 substantia
632 1020 658 1045 et
676 1017 785 1045 actibus
806 1017 908 1044 bonum
933 1016 976 1044 vel

185 1061 299 1092 malum.

222 1110 275 1138 νη,
295 1109 335 1137 Ad
353 1109 411 1137 haec
432 1117 484 1145 ego
503 1109 632 1145 respondi
650 1117 657 1135 ε
672 1108 807 1142 Quoniam
830 1108 941 1144 quidem
959 1115 974 1135 a

185 1165 230 1185 me
246 1157 288 1184 vis
302 1156 420 1188 discere,
435 1156 459 1184 si
477 1160 520 1183 est
542 1155 645 1191 aliquid
667 1158 765 1182 natura
782 1158 828 1182 aut
845 1159 908 1181 actu
925 1154 976 1181 bo~

183 1212 249 1232 num
263 1203 304 1231 vel
317 1204 430 1235 malum,
444 1211 478 1230 an
492 1202 584 1238 potius
598 1210 649 1229 usu
661 1203 806 1238 pmventis
818 1201 974 1229 hominibus

182 1251 254 1278 bona
265 1249 389 1284 quaedam
405 1253 432 1276 et
454 1249 507 1276 alia
531 1248 659 1276 videntur
677 1249 759 1280 mala,
783 1255 833 1283 pro
855 1255 888 1275 eo
900 1248 974 1282 quod

182 1296 344 1324 divisionem
357 1296 429 1324 inter
446 1303 476 1323 se
492 1303 585 1323 rerum
599 1295 687 1323 fecere
704 1295 901 1327 communium,
913 1302 975 1330 quae

179 1342 325 1376 deberent,
352 1346 382 1369 ut
404 1342 456 1374 ais,
480 1342 517 1369 ita
541 1348 603 1370 esse
623 1342 794 1373 communia,
818 1344 848 1369 ut
874 1348 921 1368 aer
948 1345 975 1369 et

183 1388 314 1424 splendor
331 1389 414 1422 solis;
432 1391 499 1424 puto
515 1387 589 1423 quod
607 1395 662 1415 non
676 1387 790 1415 debeam
803 1387 851 1415 tibi
864 1388 975 1415 aliunde

183 1435 351 1462 Issertiones
367 1433 509 1466 adbibere,
527 1433 580 1461 nisi
593 1440 627 1460 ex
648 1432 691 1460 his
707 1432 861 1468 disciplinis
873 1433 974 1467 quibus

183 1480 243 1515 ipse
260 1480 347 1507 uteris
364 1483 390 1507 et
407 1486 476 1515 quas
501 1479 560 1513 ipse
587 1477 751 1510 confirmas,
769 1482 796 1505 et
820 1478 974 1506 indubitata

184 1526 233 1553 tibi
251 1526 307 1553 sint
329 1532 390 1561 quae
413 1525 554 1552 dicuntur.
568 1523 698 1551 Omnium
720 1524 919 1552 elementorum
946 1527 974 1552 et

182 1571 323 1600 stellarum
343 1573 432 1598 certos
451 1570 554 1605 ponitis
572 1569 650 1601 fines,
672 1576 797 1604 quasque
819 1570 913 1598 stellas
928 1569 973 1598 di-

181 1618 244 1645 citis
261 1618 289 1645 in
306 1616 469 1652 quibusdam
484 1617 588 1649 absque
601 1623 672 1643 noxa
684 1616 759 1643 coire
772 1615 844 1643 sicut
861 1616 890 1644 in
907 1624 970 1644 con-

178 1663 275 1699 jugiis,
290 1663 317 1690 in
328 1663 391 1690 altis
404 1670 470 1690 vero
480 1663 562 1690 noxie
574 1662 683 1689 misceri
697 1662 767 1689 sicut
780 1661 806 1689 in
819 1661 973 1692 adulterii;

182 1709 217 1736 Et
239 1709 333 1737 dicitis
349 1708 474 1745 quaedam
497 1709 638 1744 generalia
654 1716 716 1736 esse
738 1709 861 1737 omnium
872 1729 880 1741 ,
898 1717 973 1746 que-

182 1756 246 1784 dam
268 1764 334 1784 vero
356 1764 410 1783 non
432 1757 554 1783 omnium
581 1763 670 1791 neque
692 1757 839 1792 generalia.
860 1756 914 1785 Sed
938 1765 973 1786 ne

180 1802 287 1837 prolixa
306 1802 456 1837 disputatio
482 1801 546 1834 ﬁat,
571 1801 693 1830 breviter
711 1807 739 1830 et
763 1803 797 1831 de
823 1811 855 1831 re
869 1804 970 1833 dicam.

179 1847 266 1877 Terra
279 1857 341 1884 qua:
352 1848 428 1876 arida
445 1852 499 1880 est,
512 1849 641 1884 conjugio
652 1853 680 1876 et
691 1849 856 1879 admistione
868 1851 973 1887 indiget

180 1902 268 1930 aquze,
282 1900 312 1922 ut
328 1895 417 1930 possit
439 1903 571 1930 generare
587 1895 709 1930 fructus,
729 1896 789 1926 sine
801 1897 902 1933 quibus
916 1898 972 1926 vita

181 1941 339 1969 hominibus
356 1949 412 1969 non
429 1945 488 1974 est;
503 1945 546 1969 est
563 1950 628 1978 ergo
641 1942 700 1970 haec
718 1943 837 1979 legitima
854 1945 972 1980 conjun-

179 1988 244 2015 ctio.
258 1987 379 2015 Ecoutra
396 1989 420 2016 si
438 1994 486 2016 aut
499 1989 604 2024 pruinae
621 1988 709 2025 frigus
726 1995 807 2018 terra:
823 1991 972 2020 misceatur

179 2037 227 2061 aut
243 2034 319 2061 calor
336 2035 426 2069 aquis.
440 2035 598 2070 hujusmodi
613 2036 771 2072 conjunctio
785 2037 970 2072 corruptelam

178 2078 262 2112 facit;
275 2083 302 2106 et
319 2079 372 2107 hoc
384 2080 412 2106 in
428 2081 529 2108 talibus
541 2081 707 2109 adulterium
720 2086 773 2110 est.

214 2123 283 2153 Vill.
297 2125 331 2152 Et
347 2131 425 2161 pater
436 2127 578 2162 respondit
598 2136 604 2154 :
620 2128 673 2155 Sed
687 2128 760 2156 sicut
769 2129 969 2157 elementorum

178 2171 220 2198 vel
234 2171 375 2198 stellarum
401 2172 560 2201 inconsonae
576 2173 780 2209 conjunctionis
797 2175 891 2203 statim
905 2183 969 2210 pro-

177 2215 252 2243 ditur
266 2224 348 2249 noxa,
361 2220 399 2244 ita
411 2218 523 2246 deberet
534 2224 562 2247 et
575 2219 741 2248 adulterium
756 2221 848 2249 statim
860 2220 968 2248 ostendi

176 2268 260 2296 quam
278 2263 378 2290 malum
389 2271 442 2291 est.
460 2265 493 2292 Et
506 2273 558 2301 ego
569 2266 613 2293 aio
627 2273 634 2292 :
649 2266 707 2294 Hoc
723 2267 790 2295 mihi
803 2267 892 2303 primo
904 2275 969 2295 con-

179 2306 272 2338 ﬁrma,
286 2307 321 2340 si,
335 2313 366 2335 ut
377 2310 459 2336 etiam
473 2311 532 2345 ipse
548 2311 694 2339 confessus
712 2319 753 2344 es,
769 2320 803 2340 ex
816 2312 968 2348 incongrua

176 2356 204 2379 et
216 2352 368 2381 inconsona
389 2354 555 2384 admistione
572 2355 728 2386 efﬁciuntur
748 2358 832 2392 mala,
846 2362 874 2386 et
890 2358 971 2386 istud-

177 2398 204 2425 in
222 2400 455 2435 consequentibus
473 2403 637 2437 requiretur.
651 2403 684 2430 Et
710 2408 788 2439 pater
810 2404 848 2431 ait
863 2413 870 2431 :
884 2403 920 2431 Ut
936 2412 966 2432 se

176 2444 258 2473 habet
271 2445 310 2473 rei
333 2450 443 2479 natura,
458 2447 496 2474 ita
520 2448 572 2481 ais,
591 2448 638 2478 fili.
654 2448 722 2477 Tum
742 2458 792 2485 ego
810 2450 940 2486 respondi
957 2459 964 2477 :

176 2490 246 2523 Quia
266 2499 332 2527 ergo
348 2491 456 2521 discere
478 2495 556 2530 cupis
579 2495 613 2523 de
626 2495 680 2530 his,
706 2496 768 2524 vide
790 2501 893 2532 quanta
910 2497 966 2524 sint

1021 232 1135 261 videtur
1147 232 1248 259 malum
1262 238 1323 259 esse
1341 230 1442 263 febris,
1457 230 1630 263 incendium,
1644 229 1759 263 seditio,
1769 230 1818 258 rui-

1028 286 1075 311 na,
1094 279 1183 306 caedes
1193 298 1201 310 ,
1214 277 1324 305 vincula
1335 297 1342 310 ,
1365 276 1510 312 supplicia.
1527 276 1640 305 dolores
1653 297 1661 308 ,
1683 277 1785 308 luctus,
1801 281 1823 305 et

1028 325 1072 353 his
1093 325 1213 354 similia?
1235 324 1269 351 Et
1283 329 1361 359 pater
1374 333 1382 352 :
1395 323 1498 352 Verum
1511 330 1572 356 est,
1587 324 1693 360 inquit,
1707 324 1756 355 fili.
1770 325 1821 352 hac

1027 371 1100 398 mala
1114 378 1175 399 esse
1193 375 1222 398 et
1242 371 1321 398 valde
1341 370 1430 404 mala;
1446 374 1494 398 aut
1512 375 1588 398 certe
1606 371 1658 406 qui
1675 376 1761 407 negat
1773 370 1824 398 hac
1872 379 1873 382 η

1027 424 1089 444 esse
1102 417 1183 449 mala,
1196 417 1318 452 patiatur
1330 423 1373 444 ea.
1872 415 1873 452 ᾖ

1063 464 1108 493 IX.
1124 465 1158 493 Et
1170 473 1220 500 ego
1233 464 1363 500 respondi
1377 473 1384 491 :
1396 463 1468 498 Quia
1480 471 1547 499 ergo
1557 471 1623 490 cum
1641 469 1677 490 eo
1694 461 1765 489 mihi
1775 469 1823 490 su-

1029 519 1074 539 mo
1085 516 1138 544 est,
1156 511 1204 547 qui
1225 511 1252 538 in
1271 510 1437 546 astrologioa
1462 509 1609 545 disciplina
1627 508 1761 536 eruditus
1775 511 1823 538 est.

1027 559 1182 587 secundum
1204 558 1293 594 ipsam
1308 561 1401 585 tecum
1426 564 1522 592 agam,
1536 561 1566 584 ut
1582 556 1618 584 de
1634 555 1683 583 his
1704 562 1767 590 qua
1780 554 1824 581 tibi

1028 604 1056 632 in
1070 613 1122 632 usu
1140 608 1207 632 sunt
1230 604 1368 639 accipiens
1389 603 1537 636 rationem,
1553 603 1642 630 citius
1655 601 1824 637 acquiescas.
1872 599 1873 605 ¹

1027 650 1100 678 Audi
1121 657 1195 678 nunc
1216 657 1292 684 ergo.
1317 649 1469 677 Confessus
1485 657 1516 677 es
1536 649 1608 675 mala
1633 655 1702 676 e556
1719 655 1754 675 ea
1772 654 1825 682 qua
1872 656 1873 678 j

1026 703 1112 731 supra
1130 683 1263 727 diximus,
1278 695 1305 722 id
1316 698 1358 722 est
1375 695 1477 726 febres.
1492 693 1633 725 incendia,
1647 697 1678 721 et
1698 693 1745 720 bis
1757 692 1825 720 simio
1872 683 1873 722 ξ

1028 730 1081 776 lia;
1096 743 1154 770 hate
1178 743 1329 770 secundum
1350 748 1400 769 vos
1419 749 1435 768 a
1451 740 1597 768 malitiosis
1611 740 1708 768 stellis
1721 739 1780 766 fieri
1791 739 1825 766 di-
1872 730 1873 767 l

1029 793 1142 821 euntur,
1169 787 1197 815 id
1219 792 1262 816 est
1277 788 1312 816 ab
1336 787 1449 815 humido
1473 786 1596 814 Saturno
1619 786 1663 821 (9)
1681 790 1713 814 et
1741 785 1824 813 calido
1872 791 1873 821 ἦ

1030 835 1132 869 Marte;
1146 836 1244 863 horum
1259 843 1324 863 vero
1336 835 1476 863 contraria
1488 842 1503 861 a
1513 834 1644 869 benignis
1659 832 1724 860 fieri
1735 833 1824 865 stellis.
1872 832 1873 870 ξ

993 867 1014 894 Β
1029 881 1056 909 id
1076 884 1118 909 est
1126 867 1146 908 ia
1162 883 1313 915 temperato
1326 878 1394 907 Jove
1403 883 1430 907 et
1444 879 1556 906 humida
1568 867 1701 912 Venere;
1718 883 1767 905 aut
1777 884 1824 904 non

1029 927 1067 955 ita
1077 926 1138 955 est?
1152 926 1186 953 Et
1199 929 1277 961 pater
1292 925 1434 961 respondit
1456 932 1463 951 :
1484 924 1523 951 lta
1537 928 1591 957 cst,
1606 924 1659 956 iiIi,
1676 931 1735 951 nec
1752 924 1825 951 aliter

1028 970 1087 998 fieri
1103 974 1204 1005 potest.
1227 969 1296 997 Tum
1317 977 1368 1005 ego
1385 978 1392 996 :
1407 969 1477 1003 Quia
1496 977 1562 1005 ergo
1587 977 1603 995 a
1629 969 1718 997 bonis
1734 969 1824 1000 stellis.
1872 972 1873 996 l

1026 1016 1094 1045 Jove
1116 1017 1178 1045 dico
1201 1020 1229 1045 et
1243 1016 1366 1049 Venere,
1389 1017 1460 1044 bona
1484 1016 1543 1044 ﬁeri
1560 1016 1669 1047 dicitis,
1687 1016 1825 1044 videamus

1030 1071 1202 1100 unaquaeque
1217 1063 1352 1091 malarum
1368 1063 1510 1091 stellarum
1525 1070 1588 1090 cum
1605 1063 1736 1091 admista
1753 1063 1825 1091 fuerit

1027 1110 1117 1143 bonis,
1131 1110 1197 1146 quid
1211 1114 1253 1138 est
1267 1109 1339 1145 quod
1351 1108 1449 1143 efﬁcit;
1464 1113 1493 1138 et
1509 1109 1577 1137 illud
1599 1117 1666 1138 esse
1693 1110 1825 1146 intelliga-

1028 1164 1091 1184 mus
1107 1157 1221 1184 malum.
1236 1155 1343 1183 Etenim
1366 1156 1478 1191 nuptias
1499 1156 1592 1184 facere
1617 1155 1761 1184 Venerem
1783 1163 1825 1192 po-

1026 1204 1110 1238 nitis;
1129 1211 1191 1239 quae
1207 1204 1231 1231 si
1253 1202 1348 1231 Jovem
1364 1203 1464 1230 habeat
1486 1203 1514 1230 in
1529 1203 1677 1230 schemate
1699 1211 1766 1236 suo,
1779 1211 1824 1238 pu-

1026 1251 1102 1280 dicas
1115 1251 1230 1284 elliciat,
1246 1249 1314 1278 Jove
1335 1254 1426 1277 autem
1454 1257 1511 1277 non
1533 1249 1725 1285 respiciente.
1747 1250 1770 1277 si
1783 1250 1824 1277 ad-

1026 1298 1109 1326 fuerit
1124 1297 1208 1330 Mars,
1224 1297 1364 1332 corrumpi
1385 1297 1496 1332 nuptias
1512 1304 1561 1331 per
1576 1296 1752 1324 adulterium
1767 1303 1822 1331 pro-

1026 1344 1170 1372 nuntiatis.
1188 1343 1221 1371 Et
1234 1347 1312 1379 pater
1327 1352 1333 1370 :
1347 1341 1386 1369 Ita
1402 1350 1449 1376 se,
1461 1343 1571 1378 inquit,
1590 1342 1691 1370 habet.
1714 1341 1773 1377 Ego
1786 1349 1822 1368 re

1026 1390 1124 1425 spondi
1143 1399 1149 1417 :
1165 1389 1239 1425 Ergo
1259 1389 1364 1416 malum
1381 1393 1423 1416 est
1445 1388 1612 1416 adulterium
1624 1408 1632 1421 ,
1647 1387 1823 1423 quandoqui-

1025 1436 1086 1463 dem
1098 1443 1131 1463 ex
1144 1436 1278 1463 malarum
1289 1435 1430 1463 stellarum
1444 1435 1611 1463 admistione
1623 1435 1822 1466 committitur;

1025 1486 1053 1510 et
1065 1486 1095 1510 ut
1110 1482 1335 1518 compendiosius
1348 1481 1530 1517 explicemus,
1544 1481 1638 1509 omnia
1650 1489 1720 1518 quae
1738 1481 1823 1508 dicitis

986 1536 1009 1566 ο
1024 1536 1059 1557 ex
1083 1529 1219 1556 malarum
1250 1528 1416 1556 admistione
1435 1528 1576 1555 stellarum
1602 1528 1698 1556 bonas
1723 1528 1822 1564 perpeti

1023 1575 1129 1608 stellas,
1146 1575 1218 1602 mala
1243 1582 1306 1602 esse
1326 1574 1387 1602 sine
1409 1574 1494 1602 dubio
1514 1574 1728 1609 pronuntianda
1753 1579 1823 1602 sunt.

1025 1620 1085 1648 Ista:
1098 1628 1164 1655 ergo
1178 1620 1266 1647 stella:
1278 1627 1395 1655 quarum
1408 1619 1572 1647 admistione
1581 1619 1713 1647 diximus
1725 1620 1823 1651 febres.

1025 1667 1162 1700 incendia,
1178 1670 1206 1694 et
1225 1671 1323 1695 cetera
1335 1666 1379 1694 his
1396 1666 1500 1694 similia
1515 1665 1585 1693 efﬁci
1598 1666 1688 1699 mala,
1705 1666 1825 1701 ipsase-

1025 1713 1145 1741 cundum
1159 1720 1209 1740 vos
1224 1712 1308 1740 etiam
1324 1712 1482 1745 homicidia,
1500 1711 1648 1744 adulteria,
1668 1711 1747 1740 furta
1761 1719 1825 1749 ope-

1024 1763 1131 1792 rantur.
1143 1763 1288 1794 protervos
1301 1760 1385 1787 etiam
1395 1763 1422 1787 et
1437 1758 1554 1787 stolidos
1569 1759 1639 1794 ipsa:
1651 1759 1793 1787 efﬁciunt.

1058 1805 1092 1834 Χ.
1110 1806 1144 1833 Ει
1156 1810 1257 1842 pater:
1273 1805 1360 1840 Vere,
1377 1806 1482 1841 inquit,
1499 1806 1621 1834 breviter
1634 1811 1665 1834 et
1680 1807 1824 1842 incompa-

1023 1853 1151 1881 rabiliter
1161 1853 1317 1885 ostendisti,
1334 1853 1400 1888 quia
1419 1853 1477 1881 sint
1491 1853 1563 1880 mala
1583 1852 1613 1880 in
1630 1854 1763 1886 actibus,
1779 1853 1823 1881 sed

1022 1899 1076 1927 hoc
1102 1899 1193 1926 adhuc
1214 1899 1296 1927 volito
1319 1899 1436 1932 discere,
1455 1898 1594 1935 quomodo
1617 1899 1701 1933 juste
1719 1899 1824 1933 iudicat

1022 1945 1096 1974 Deus
1109 1953 1157 1974 eos
1168 1945 1215 1981 qui
1230 1949 1363 1981 peccant,
1376 1946 1448 1974 sicut
1464 1953 1514 1974 vos
1531 1945 1642 1978 dicitis.
1664 1946 1692 1974 si
1708 1954 1824 1982 peccare
1872 1945 1873 1982 Ξ

1021 1999 1070 2019 eos
1085 1992 1195 2027 genesis
1218 1992 1310 2027 cogit?
1322 1991 1392 2019 Tum
1407 1999 1458 2027 ego
1478 1991 1608 2027 respondi
1626 2000 1633 2019 :
1652 1991 1764 2020 Vereor
1781 1991 1822 2020 di-

1022 2046 1084 2066 cere
1107 2037 1155 2066 tibi
1171 2039 1288 2074 aliquid,
1302 2042 1391 2074 pater,
1410 2038 1475 2074 quia
1498 2038 1528 2065 in
1552 2038 1631 2066 omni
1664 2043 1695 2066 te
1721 2039 1822 2068 honora

1021 2083 1115 2112 haberi
1131 2092 1147 2112 a
1166 2092 1210 2113 me
1229 2085 1325 2118 decet,
1341 2085 1463 2120 alioquin
1480 2088 1539 2113 erat
1561 2086 1637 2120 quod
1656 2087 1770 2122 possim
1786 2086 1822 2114 di-

1021 2137 1083 2157 cere
1098 2130 1121 2158 si
1137 2130 1255 2158 deceret.
1273 2130 1306 2158 Et
1319 2135 1398 2167 pater
1409 2131 1451 2158 ait
1473 2140 1479 2158 :
1497 2130 1546 2158 Dic
1561 2131 1637 2166 quod
1654 2132 1710 2159 tibi
1727 2139 1820 2160 occur-

1020 2176 1068 2207 rit,
1082 2175 1120 2202 fili
1130 2195 1139 2209 ,
1152 2176 1261 2204 etiamsi
1285 2177 1450 2212 iniuriosum
1464 2177 1592 2211 videtur;
1609 2185 1671 2206 non
1690 2179 1766 2206 enim
1781 2183 1818 2207 tn.

1021 2222 1070 2249 sed
1093 2222 1254 2257 quaestionis
1275 2222 1345 2250 ratio
1364 2223 1496 2257 iniuriam
1514 2223 1599 2255 facit.
1626 2224 1706 2252 sicut
1725 2223 1818 2260 pedita

1021 2268 1120 2296 mulier
1134 2268 1326 2303 intemperanti
1341 2268 1411 2301 viro,
1427 2268 1450 2296 si
1471 2276 1522 2304 pro
1551 2270 1644 2298 salute
1663 2271 1818 2307 indignetur

1020 2313 1212 2342 ethonestate.
1237 2313 1270 2340 Et
1292 2321 1344 2350 ego
1367 2315 1497 2350 respondi
1515 2324 1522 2342 :
1539 2314 1569 2342 Si
1593 2316 1691 2351 prima
1708 2324 1817 2353 quaque

1021 2360 1093 2388 inter
1104 2367 1156 2388 nos
1169 2360 1331 2388 confirmata
1343 2365 1371 2389 et
1385 2361 1513 2390 confessa
1535 2369 1593 2390 non
1611 2362 1687 2391 bene
1701 2363 1816 2392 retinea-

1021 2414 1094 2440 mus,
1111 2407 1160 2434 sed
1175 2414 1283 2443 semper
1300 2415 1362 2443 qua
1375 2407 1487 2436 definita
1502 2413 1568 2436 sunt
1581 2411 1766 2439 resolvantur
1776 2417 1818 2446 ps

1020 2451 1196 2484 oblivionem,
1213 2452 1367 2480 videbimur
1386 2454 1468 2481 telam
1491 2458 1588 2483 texere
1607 2455 1776 2492 Penelopa.
1790 2464 1817 2483 ea

1018 2504 1079 2532 quae
1093 2497 1230 2526 texuimus
1242 2498 1425 2532 resolventes;
1439 2502 1468 2527 et
1477 2499 1540 2528 ideo
1550 2499 1692 2531 debemus
1707 2505 1754 2529 aut
1769 2508 1817 2528 non

824 2618 1010 2648 COTELEBII
1026 2620 1143 2649 NOTAE.

212 2714 247 2776 (l9)
268 2714 386 2743 Humido
400 2714 528 2746 Saturno.
542 2716 616 2746 Idem
630 2719 664 2748 de
679 2720 809 2753 Saturno,
823 2710 961 2748 humidam

212 2760 214 2775 Ξ
227 2751 279 2776 lam
292 2759 363 2776 ESSE.
374 2752 631 2776 sentittnlClemnnc
647 2755 848 2776 Alntstnﬂrinu:
861 2756 948 2776 git-nm

174 2751 279 2777 stellam
292 2759 363 2784 esse,
374 2752 496 2780 sentiunt
504 2753 631 2782 Clemens
645 2751 848 2784 Alexandrinus
860 2756 960 2783 Strom.

175 2792 201 2815 v,
222 2793 248 2817 p.
268 2783 335 2817 564;
357 2786 472 2814 Nonnus
487 2789 668 2816 Διονυσιακῶν
684 2791 731 2817 lib.
746 2799 824 2817 xvut.
850 2800 876 2817 n.
892 2792 958 2817 500:

175 2792 201 2815 v,
222 2793 250 2824 βε
268 2792 335 2819 om;
357 2792 472 2814 monitus
487 2792 668 2816 Διονυσιακῶν
684 2792 731 2818 lib.
746 2799 824 2821 xvut.
850 2800 876 2827 p.
892 2792 958 2820 500:

175 2818 287 2862 ﬁrmus
312 2820 485 2862 adﬁgant-ie.
504 2823 645 2862 t,_i2._l5.
661 2830 688 2862 et
702 2825 834 2862 Platonici
850 2827 961 2862 quidam

175 2853 246 2887 apud
262 2853 490 2884 Macrobium'lih.
507 2853 521 2885 ι’
532 2858 559 2884 in
576 2853 712 2887 Somnium
729 2853 900 2898 Scipionis‘c.
919 2862 960 2889 ll.

1015 2721 1116 2750 Verum
1132 2722 1205 2761 Iulio
1219 2723 1339 2761 Firmico
1362 2725 1409 2753 lib.
1427 2734 1459 2757 ιι.
1482 2730 1508 2754 c‘.
1527 2728 1573 2761 £0,
1591 2734 1638 2757 est
1657 2741 1663 2758 :
1686 2730 1815 2759 Saturn:

1014 2763 1114 2795 natura
1133 2759 1235 2793 quidem
1248 2759 1362 2795 frigidus
1382 2766 1407 2788 et
1429 2761 1525 2793 siccus.
1543 2759 1578 2790 et:
1602 2766 1739 2794 accidenti
1758 2773 1814 2792 om

1012 2793 1168 2837 qttondpque
1181 2793 1315 2837 humidus.
1340 2795 1488 2837 [tl-idemque
1501 2799 1604 2837 Ιὲρόνῳ
1618 2800 1813 2837 timui;

1013 2828 1195 2892 ﬁftébfipov
1222 2829 1336 2860 Proclus
1361 2831 1408 2860 lib.
1429 2828 1481 2861 t'in
1510 2828 1709 2863 T‘etrdbiblunt
1729 2828 1813 2865 913k-
