1873 3095
61 157 118 186 ΗΞ

662 149 945 180 IECOGNITIONUM
961 149 1026 177 LIB.
1044 149 1079 177 X.

1606 147 1675 175 Νεε

58 214 129 242 facile
142 203 326 248 acquiescere,
339 210 500 246 priusquam
515 209 660 245 diligenter
668 207 840 235 examinetur
852 210 876 238 Α
891 206 950 234 sine
974 205 1069 240 dubio,
1093 207 1157 242 quia
1180 209 1302 242 tempora
1323 209 1375 234 tua
1383 206 1535 234 malitiosa:
1551 207 1674 241 suscepit

57 266 138 289 sermo
152 257 318 294 propositus,
333 259 381 284 aut
402 256 425 284 si
437 256 495 291 jam
518 254 704 291 acquierimus
720 257 746 281 et
759 261 829 281 con-

56 307 152 335 ﬁrmata
176 304 311 332 sententia
335 307 388 336 est,
411 309 522 331 servare
536 309 645 337 semper
658 301 731 336 quod
747 300 831 328 semel

55 354 186 384 deﬁnitum
206 357 249 381 est
261 372 268 384 ,
291 355 324 380 ut
342 351 483 387 possimus
502 353 530 378 et
550 349 584 377 de
610 350 672 376 aliis
697 356 830 384 quaerere.

55 399 84 428 Et
99 403 172 436 pater
183 399 240 434 (i0)
255 397 313 425 ait:
329 397 401 425 Bene
417 397 499 429 dicis,
515 396 563 429 illi,
585 399 612 423 et
627 396 684 423 scio
699 402 781 430 quam
796 394 832 422 ob

55 453 156 474 causam
171 445 252 478 dicis,
267 444 332 480 quia
347 444 475 472 hesterno
489 443 533 470 die
552 442 586 470 de
602 441 775 469 naturalibus
789 440 832 467 di-

53 496 158 527 sputans
173 491 276 523 causis,
289 489 434 518 ostendisti
449 489 513 524 quia
528 488 615 515 virtus
635 487 760 523 quaedam
772 495 831 514 ma-

53 538 120 574 ligna
135 536 337 565 transformans
347 544 377 564 se
392 536 419 563 in
439 535 563 563 ordinem
578 535 717 563 stellarum
735 534 832 561 buma-

52 592 96 613 aas
109 583 347 619 concupiscentias
366 582 497 618 exagitat,
520 581 638 609 diversis
659 580 748 608 modis
766 589 830 616 pro-

51 637 144 658 vocans
158 629 354 664 ad'peccatnm,
367 635 423 655 non
437 631 528 654 tamen
538 634 639 662 cogens
650 630 697 653 aut
711 625 831 654 ciiiciens

51 681 194 711 peccatum.
215 674 265 703 Cui
291 682 342 710 ego
360 673 491 709 respondi
508 682 514 700 :
531 672 620 703 Bene,
639 672 703 708 quia
724 675 751 700 et
772 680 831 700 me-

51 721 144 749 ninisti
159 725 186 749 et
203 728 265 748 cum
282 720 440 748 memineris
454 718 565 747 errasti.
579 717 612 745 Et
628 721 704 753 pater
724 725 732 744 :
752 717 830 754 igno-

50 775 100 800 sce,
113 767 212 803 inquit,
224 767 260 794 illi
281 776 292 796 εν
301 767 422 795 nondum
434 766 505 794 enim
517 773 597 793 usum
613 766 728 793 multum
745 766 772 793 in
788 766 831 793 bis

49 813 145 847 habeo;
162 821 226 840 nam
246 817 274 841 et
289 812 411 841 hesterni
427 819 569 840 sermones
589 811 630 839 tui
645 811 758 839 veritate
771 812 829 847 ipsa

48 860 236 889 concluserunt
247 869 291 889 me
308 864 339 888 ut
353 860 406 888 tibi.
416 859 629 896 acquiescerem,
645 859 673 886 in
686 859 830 887 conscien-

48 907 80 934 tia
91 910 177 935 tamen
193 914 253 935 mea
269 911 333 935 sunt
345 906 424 942 quasi
435 906 558 942 quasdam
570 905 690 940 reliquiae
702 904 828 939 febrium,

884 251 956 281 Mars
972 256 1018 280 aut
1036 251 1188 285 Saturnus,
1203 255 1251 280 aut
1269 251 1370 287 aliquis
1386 259 1480 279 eorum
1499 256 1672 287 apocatasta-

883 300 955 328 ticus
971 298 1022 327 fuit
1037 299 1104 335 (i3),
1120 303 1167 327 aut
1178 298 1279 334 aliquis
1295 306 1396 326 annum
1408 303 1484 326 tuum
1500 299 1606 334 aspexit
1616 297 1678 334 (i5)

882 354 916 375 ex
931 346 1064 374 diametro
1079 351 1127 374 aut
1138 347 1304 382 coniunctus
1324 349 1371 374 aut
1395 347 1422 373 in
1438 350 1544 377 centro,
1563 346 1604 373 vel
1620 345 1673 373 alia

883 391 926 420 bis
942 392 1044 420 similia
1058 393 1246 428 respondebit,
1266 393 1380 425 addens,
1391 393 1455 428 quia
1476 393 1504 420 in
1527 392 1570 420 his
1584 392 1673 420 omni-

882 437 934 465 bus
949 438 1051 473 aliquis
1073 442 1121 465 aut
1141 438 1290 474 asyndetus
1306 439 1357 466 fuit
1372 447 1434 467 cum
1459 438 1530 466 malo
1545 437 1612 474 (id),
1625 441 1673 465 aut

882 484 1038 517 invisibilis,
1051 489 1098 512 aut
1114 485 1142 513 in
1155 485 1305 518 schemate,
1318 490 1365 513 aut
1381 490 1457 514 extra
1472 486 1608 518 haeresim,
1625 491 1672 513 aut

883 530 1014 559 deﬁciens
1026 531 1094 568 (i5),
1111 537 1158 560 aut
1169 540 1225 560 non
1240 533 1413 568 contingens,
1430 536 1477 560 aut
1497 532 1525 560 in
1546 533 1672 560 obscuris

882 578 980 610 stellis,
996 582 1024 606 et
1041 578 1126 605 multa
1141 579 1194 606 alia
1212 579 1255 607 his
1271 580 1371 607 similia
1384 579 1536 607 secundum
1550 579 1672 607 rationes

882 624 1008 660 proprias
1023 625 1197 660 respondebit
1211 629 1238 653 et
1254 626 1288 654 de
1299 626 1415 660 singulis
1429 626 1591 660 assignabit.
1606 625 1672 653 Post

881 671 955 699 hunc
968 671 1051 699 alium
1066 670 1140 698 adito
1151 672 1373 700 mathematicum
1386 676 1412 699 et
1422 672 1506 699 dicito
1521 672 1669 701 contraria.

881 717 948 752 quia
964 717 1031 745 illud
1043 718 1110 745 mihi
1125 718 1191 746 boni
1204 718 1320 754 contigit
1338 718 1365 745 in
1378 719 1425 746 illo
1440 722 1581 754 tempore;
1603 722 1670 745 tem-

882 771 933 799 pus
947 767 1038 791 autem
1059 763 1111 791 hoc
1135 763 1206 792 idem
1229 764 1328 797 dicito,
1351 768 1378 791 et
1396 764 1504 800 require
1522 772 1557 792 ex
1569 763 1671 799 quibus

882 809 1005 844 partibus
1020 810 1128 846 genesis
1148 810 1201 837 hoc
1214 810 1265 837 tibi
1278 811 1400 838 evenerit
1416 810 1490 842 boni,
1505 815 1532 837 et
1548 814 1672 845 tempora

881 859 912 882 ut
922 855 989 888 dixi,
1005 856 1100 884 eadem
1115 864 1176 892 quae
1189 856 1223 884 de
1236 856 1316 884 malis
1330 857 1559 892 interrogaveras,
1577 859 1669 883 custo—

881 902 948 930 dito.
973 902 1098 938 Cumque
1126 907 1156 931 tu
1178 902 1308 931 fefellerit.
1334 904 1367 931 de
1395 903 1578 938 temporibus,
1607 904 1669 930 \‘idc

47 959 102 986 quae
116 952 257 987 paululum
271 960 315 980 me
326 959 341 979 a
352 939 405 980 lide
420 939 499 988 quasi
514 959 529 978 a
544 939 661 978 sanitate
674 949 831 980 retrahunt.
845 939 866 966 Β
881 954 983 984 quanta
1007 950 1056 978 tibi
1077 949 1196 978 inveniet
1220 950 1370 982 schemata,
1393 958 1441 985 per
1458 957 1518 985 qua:
1542 948 1669 976 ostendat

47 996 197 1026 Discrucior
211 999 295 1032 enim,
315 999 382 1034 quia
404 998 463 1026 scio
486 997 570 1025 multa
593 997 678 1029 mihi,
692 997 746 1025 imo
760 1005 829 1032 pene

45 1043 129 1071 omnia
145 1044 279 1073 accidisse
294 1045 444 1072 secundum
455 1043 586 1080 genesim.

77 1089 117 1117 Xl.
138 1089 174 1117 Et
189 1097 241 1126 ego
261 1091 390 1126 respondi
406 1097 413 1116 :
433 1089 505 1118 Audi
523 1097 599 1124 ergo,
614 1093 704 1125 pater,
717 1097 778 1125 qum
792 1090 828 1118 sit

45 1135 170 1164 mathesis
190 1139 300 1169 natura,
319 1139 347 1164 et
366 1136 450 1163 facito
462 1135 614 1164 secundum
632 1143 664 1163 ea
686 1143 747 1170 qua
765 1136 828 1163 dico

44 1181 98 1208 tibi.
113 1181 182 1210 Vide
195 1182 489 1218 matbematicum'(ii)
501 1186 526 1210 et
541 1181 586 1208 dic
600 1181 624 1208 ei
644 1181 744 1216 primo,
761 1181 826 1216 quia

44 1227 103 1254 talia
121 1228 246 1263 quaedam
268 1228 335 1255 mibi
357 1228 515 1256 acciderunt
537 1228 608 1255 mala
629 1229 662 1256 in.
684 1227 730 1255 illo
756 1231 827 1254 tem"

881 996 954 1031 quod
971 996 1019 1023 tibi
1035 996 1063 1023 in
1077 997 1137 1025 illis
1149 997 1218 1032 ipsis
1243 997 1413 1033 temporibus
1435 996 1545 1024 evenire
1566 995 1668 1023 debue-

882 1042 937 1070 rint
954 1043 1036 1070 bona.
1053 1042 1225 1078 lmpossibile
1244 1043 1316 1071 enim
1332 1047 1374 1071 est
1388 1043 1528 1070 hominum
1546 1042 1669 1078 genesim

881 1089 1075 1121 tractantibus,
1101 1097 1156 1117 non
1177 1090 1205 1116 in
1234 1090 1310 1117 omni
1333 1097 1416 1125 quam
1437 1089 1532 1116 dicunt
1557 1089 1668 1124 regione

881 1134 1023 1162 stellarum
1039 1134 1096 1170 (i6)
1109 1141 1217 1169 semper
1229 1134 1351 1162 invenire
1373 1134 1506 1170 quasdam
1529 1134 1597 1162 bene
1615 1142 1668 1170 po-

880 1181 947 1209 sitas
971 1181 1076 1214 stellas,
1096 1185 1124 1209 et
1139 1181 1272 1217 quasdam
1295 1182 1384 1215 male;
1399 1182 1519 1210 circulus
1533 1181 1606 1208 enim
1625 1187 1667 1210 est

878 1227 1020 1263 aequaliter
1041 1235 1073 1255 ex
1095 1228 1170 1256 omni
1192 1231 1270 1263 parte
1291 1228 1423 1256 collectus
1442 1228 1593 1256 secundum
1609 1235 1668 1255 ma-

45 1279 125 1307 pore;
137 1273 211 1301 unde
234 1281 299 1309 ergo
315 1277 362 1301 aut
381 1281 437 1308 quo
449 1273 534 1301 modo
549 1277 598 1301 aut
611 1281 742 1309 perrquas
756 1273 822 1301 mibi
874 1274 992 1306 thesim,
1015 1273 1139 1303 diversas
1160 1279 1188 1303 et
1217 1275 1310 1303 varias
1334 1274 1471 1310 accipiens
1492 1282 1606 1307 causas,
1633 1282 1668 1301 ex

43 1318 189 1347 acciderint
214 1319 320 1352 stellas,
344 1319 451 1347 discere
473 1319 546 1347 volo.
568 1318 754 1356 Respondebit
773 1319 823 1348 tibi

876 1320 978 1355 quibus
992 1321 1166 1348 occasionem
1180 1321 1290 1356 capiant
1308 1320 1416 1348 dicendi
1432 1321 1505 1356 quod
1523 1321 1629 1349 volunt.

705 1431 889 1459 COTELERII
904 1431 1022 1461 ΝΟΤΛΕ.

78 1519 131 1559 (.10)
149 1517 184 1559 Et
197 1523 281 1559 pater.
293 1518 369 1559 Iota
385 1518 510 1559 περιοχή,
527 1518 682 1559 exJib..xiv
696 1519 825 1559 Periodo-
839 1530 860 1559 α
883 1526 940 1548 tum
958 1522 1033 1559 _apud
1045 1521 1199 1559 _S_idonil_im
1216 1521 1263 1548 lib.
1278 1528 1327 1559 vin
1338 1541 1346 1553 ,
1363 1521 1443 1559 epist.
1462 1521 1506 1559 ii,
1522 1523 1579 1546 tum
1593 1521 1670 1559 dent-

45 1552 98 1582 atum
117 1552 225 1581 laudata
242 1555 277 1588 ab
291 1552 408 1588 Origene
422 1552 497 1581 tom;
507 1559 538 1580 ιιι
556 1552 781 1588 Egplanationum
796 1556 825 1581 in

45 1589 170 1620 Genesim,
186 1596 218 1616 ac
236 1585 362 1616 Geneser
376 1596 395 1619 ι,
413 1589 456 1620 Η,
472 1592 561 1616 exstat
573 1585 730 1615 Phtlocaliw
741 1597 766 1615 c.
778 1589 823 1616 22.

45 1624 74 1651 Et
88 1625 196 1660 quidem
206 1624 325 1660 citantis
338 1623 420 1660 verba
435 1624 535 1660 protuli
548 1624 575 1660 in
587 1623 764 1660 Testimoniis
773 1623 826 1651 Ve-

43 1658 126 1699 terum
144 1669 150 1686 :
166 1659 213 1686 ubi
231 1663 312 1699 recte
328 1659 469 1699 legebam,
485 1658 761 1699 ὲκὸεξβηξιέναιζνειυοιι
783 1666 827 1686 re-

45 1695 97 1728 peri
113 1698 208 1729 postea
230 1694 258 1721 in
270 1692 378 1721 duobus
393 1692 484 1728 Regiis
498 1692 650 1720 codicibus.
668 1692 747 1720 Nunc
761 1701 826 1721 vero

44 1735 71 1756 ut
87 1728 252 1763 intelligatur
265 1728 372 1756 facilius
388 1729 452 1763 quid
466 1729 516 1756 hoc
532 1730 591 1755 loco
602 1736 655 1755 non
671 1736 828 1764 usquequa-

44 1773 93 1800 que
120 1764 216 1792 Grseco
241 1764 425 1800 respondeat,
446 1767 530 1800 utque
553 1764 634 1800 notis»
648 1765 826 1800 sequentibus

44 1798 121 1835 veluti
148 1800 193 1827 fax
215 1798 385 1835 praferatur,
402 1799 490 1834 placet
505 1799 586 1826 citata
611 1798 645 1825 ab
667 1798 785 1834 Origene
800 1803 828 1826 et

45 1834 223 1863 Ruﬁnianam’
238 1835 391 1862 versionem
416 1838 540 1862 nostram
571 1834 622 1862 sub
651 1842 734 1861 unum
757 1841 826 1861 con-

42 1874 163 1905 spcctum
177 1871 298 1898 dare.——
319 1869 384 1903 Quae
398 1869 447 1905 hic
461 1869 569 1896 exhibet
591 1869 761 1900 Cotelerius,
781 1869 829 1896 ba-

44 1904 89 1933 bes
109 1905 180 1940 inira
198 1906 227 1932 in
251 1904 408 1940 Appendice
427 1904 656 1940 Recognitionibus
684 1905 806 1939 subjecta
819 1924 827 1937 ,

43 1948 113 1968 num.
129 1939 155 1967 5.

75 1986 130 2022 (ii)
155 1986 220 2014 Vide
232 1987 456 2017 mathematicum.
467 1991 519 2014 etc.
534 1986 675 2022 Expressit
692 1986 743 2014 ista
759 1986 829 2013 scri-

44 2025 102 2057 ptor
116 2021 244 2057 Actorum
264 2022 294 2049 S.
308 2022 468 2053 Sebastiani,
486 2029 545 2049 mea
565 2021 674 2056 quidem
694 2022 829 2057 sententia

43 2056 109 2092 alius
134 2064 149 2083 a
173 2056 203 2084 S.
220 2057 375 2085 Ambrosio.
392 2057 510 2091 Prwcipe
532 2056 618 2088 hodie,
639 2057 737 2092 inquit,
754 2056 788 2082 ad
805 2062 830 2083 te

42 2091 169 2119 Hatltesis
184 2092 269 2119 venire
289 2092 439 2124 doctorem;
457 2093 498 2119 cui
511 2092 596 2124 dicas,
615 2092 661 2118 illo
677 2097 789 2126 tempore
806 2096 830 2119 te

40 2128 138 2159 asperis
153 2127 259 2154 casibus
275 2127 428 2159 laborasse;
444 2132 468 2155 et
483 2128 587 2162 inquire
601 2135 646 2162 per
656 2135 721 2162 quas
737 2127 828 2162 stellas

40 2161 85 2189 hoc
110 2163 157 2189 tibi
180 2163 291 2190 evenerit
314 2162 389 2190 mali.
407 2162 541 2198 Responsa
562 2162 618 2197 ejus
633 2166 717 2198 ierunt
737 2161 829 2198 procul

881 1563 935 1590 que
958 1554 1018 1583 loco
1040 1556 1199 1583 Philocalite
1213 1556 1340 1590 superius
1359 1555 1458 1587 allato;
1474 1556 1499 1581 in
1515 1562 1570 1589 quo
1584 1561 1600 1581 e
1616 1554 1668 1582 Βε-

881 1591 933 1625 giis
946 1598 1012 1618 mss.
1033 1591 1137 1618 restitui
1153 1590 1406 1622 ἀποκαταστατικός
1419 1598 1467 1624 pro
1483 1590 1669 1616 ἁποκαταστι-

881 1625 928 1660 δός
940 1626 1060 1660 vulgato.
1075 1626 1127 1652 Sed
1140 1625 1244 1652 Sidonii
1257 1626 1337 1652 verba
1353 1633 1406 1651 non
1421 1625 1505 1652 debeo
1520 1625 1667 1658 praeterire.

882 1659 955 1686 Illud
971 1659 1032 1687 sane
1048 1668 1100 1686 non
1113 1659 1198 1686 solum
1211 1659 1343 1694 culpabile
1358 1660 1386 1686 in
1406 1660 1462 1686 oiro
1478 1659 1540 1692 fuit,
1552 1659 1596 1685 sed
1609 1667 1669 1693 per-

879 1695 1055 1728 emptorium;
1081 1695 1151 1729 quod
1175 1694 1375 1721 mathematicos
1399 1695 1531 1729 quondam
1556 1695 1587 1720 de
1608 1695 1668 1721 vita

877 1737 933 1766 tute
949 1730 1002 1763 fine
1014 1729 1158 1766 consuluit,
1171 1729 1277 1766 urbium
1299 1729 1366 1766 circa
1386 1729 1592 1766 Africanarum;
1609 1733 1668 1766 qui-

879 1764 926 1791 bus
941 1769 971 1790 ut
985 1769 1023 1791 est
1039 1764 1119 1800 regio,
1136 1764 1174 1791 sic
1186 1764 1289 1791 animus
1303 1764 1439 1791 ardentior
1453 1772 1462 1790 :
1476 1765 1521 1798 qui
1531 1764 1669 1794 constella-

879 1800 948 1826 tione
957 1799 1150 1833 percunctantis
1164 1800 1290 1833 inspecta,
1301 1800 1401 1833 pariter
1413 1808 1509 1826 annum
1520 1820 1527 1830 ,
1540 1808 1665 1831 mensem,

878 1834 997 1872 diemque
1019 1835 1154 1872 dixerunt,
1169 1842 1235 1872 quos
1260 1835 1309 1869 (ut
1331 1834 1406 1861 verba
1421 1834 1666 1872 Matheseosrutai)

879 1870 1069 1897 climactericos
1083 1873 1150 1896 esset
1164 1869 1302 1896 habiturus
1317 1877 1325 1896 :
1341 1875 1429 1903 utpote
1445 1869 1538 1904 quibus
1555 1869 1668 1898 themata

879 1905 1063 1939 oblato,quasi
1076 1905 1256 1938 sanguinariw
1269 1905 1396 1939 genitum
1411 1905 1514 1932 schema
1527 1907 1666 1940 patuisset,

878 1941 941 1975 quia
956 1940 1072 1967 videlicet
1085 1940 1165 1966 amici
1180 1941 1311 1966 nascentis
1326 1949 1404 1970 anno,
1420 1948 1595 1975 quemcunque
1615 1942 1668 1969 cle-

879 1980 991 2002 mentem
1010 1975 1200 2009 planeticorum
1219 1975 1336 2002 siderum
1350 1975 1455 2010 globum
1471 1976 1497 2002 in
1511 1975 1674 2007 diastemata.

879 2010 996 2037 Zodiaco
1007 2018 1115 2045 prosper
1125 2015 1198 2037 ortus
1211 2015 1340 2042 erexerat,
1352 2011 1420 2037 hunc
1433 2011 1459 2037 in
1474 2019 1569 2038 occasu
1580 2021 1668 2039 cruen-

880 2046 913 2072 tis
929 2045 1031 2080 ignibus
1045 2045 1247 2077 inrubescentes,
1267 2054 1312 2072 seu
1330 2053 1407 2079 super
1420 2045 1549 2072 diametro
1562 2046 1668 2074 Merci.—

880 2082 936 2108 rius
957 2081 1109 2116 asyndetus,
1127 2089 1172 2108 seu
1192 2085 1420 2116 superiletragonu
1436 2080 1567 2108 Saturitas
1584 2087 1668 2110 retro-

879 2115 995 2151 gradus,
1005 2124 1050 2142 seu
1063 2124 1141 2150 super
1153 2122 1240 2143 centro
1257 2115 1331 2143 Mars
1353 2117 1548 2149 apocatastictta
1561 2125 1668 2145 exacer—

881 2151 996 2187 bassent.
1014 2151 1051 2187 De
1069 2151 1298 2187 ἀποκαταςτάσει,
1314 2151 1365 2178 hoc
1385 2156 1428 2178 est
1451 2152 1538 2178 reditu
1554 2153 1668 2187 planetae

40 2186 540 2232 una"tata:‘gtit'n'spazmu
551 2186 716 2224 antistat;
737 2186 829 2224 iis};
845 2186 1540 2232 1,ﬁt}jdfﬂjityf'ﬁ'lﬁ?§'§§f&?§}if}l_$3959")?
1555 2186 1588 2232 in
1602 2196 1635 2232 ﬁt
1646 2189 1668 2232 ἓ

41 2238 188 2267 susceptum
211 2237 262 2264 est,
288 2237 333 2259 aut
359 2232 492 2260 Saturnus
517 2233 739 2266 apocatastaticus
761 2232 824 2266 fuit,

40 2274 85 2295 aut
100 2276 185 2296 annus
201 2272 260 2294 tuus
275 2275 307 2295 ea:
321 2267 452 2295 diametro
466 2273 600 2302 susceptus
611 2272 660 2299 est,
675 2273 720 2294 aut
732 2268 826 2294 clintu-

40 2305 135 2330 cterica
144 2303 191 2330 tibi
206 2303 233 2329 in
247 2308 334 2330 centro
346 2308 408 2330 sunt
421 2308 496 2334 nuta,
508 2309 553 2329 aut
567 2303 691 2337 syndetus
707 2302 757 2336 fuit
767 2310 826 2329 cum

40 2339 120 2371 malo,
137 2343 183 2366 aut
203 2337 352 2369 invisibilis,
368 2343 413 2365 aut
428 2338 455 2365 in
471 2338 610 2369 schemate,
626 2343 672 2364 aut
685 2338 826 2364 immobilis

40 2375 109 2401 circa
125 2379 150 2401 te
167 2373 269 2400 exstitit
283 2381 374 2400 cursus
390 2374 418 2400 in
432 2373 525 2400 stellis.
544 2373 609 2400 Ha'c
630 2378 654 2401 et
675 2373 715 2400 his
728 2373 828 2400 similia

40 2418 98 2436 cum
112 2409 222 2440 dixerit,
237 2409 349 2436 rationis
363 2409 410 2436 tibi
423 2409 563 2435 verisimile
578 2409 714 2444 assignare
730 2409 828 2435 nititur

40 2444 141 2479 aliquid
154 2448 179 2471 et
190 2444 311 2478 probare.
332 2445 387 2479 Age
400 2452 478 2475 nunc,
495 2444 627 2478 interroga
643 2444 755 2470 alterum
770 2452 828 2479 ma-

40 2478 223 2511 thematicum;
239 2480 281 2506 cui
294 2478 366 2514 ipsas
379 2479 469 2508 horas.
481 2480 615 2513 ipsumque
631 2483 729 2513 tempus
744 2479 771 2505 in
787 2478 828 2505 bo-

40 2515 79 2541 nis
96 2515 144 2542 tibi
158 2514 315 2541 exuberasse
331 2514 434 2542 casibus
456 2514 530 2541 dicas
547 2522 556 2541 .'
571 2514 643 2541 illico
657 2513 755 2541 videbis
768 2522 827 2540 eum

40 2550 85 2576 tibi
101 2549 275 2577 rationabilia
288 2549 422 2576 schemata
436 2549 542 2584 inﬁnita
554 2549 660 2583 aﬂ'erre,
675 2549 769 2584 quibus
781 2556 828 2582 ap-

39 2585 140 2618 probet,
154 2585 217 2619 quia
230 2585 257 2612 in
272 2585 335 2618 ipsis
347 2584 396 2612 tibi
407 2584 564 2618 temporibus
579 2585 679 2612 euenire
692 2584 827 2611 debuerint

39 2624 117 2649 bona.
128 2620 265 2648 Circulum
279 2620 373 2647 etenim
389 2624 456 2647 tenet
466 2627 499 2647 ex
508 2620 578 2647 omni
588 2625 664 2653 parte
678 2619 826 2651 collectum,

39 2656 66 2682 in
86 2664 139 2691 quo
161 2655 280 2682 diversas
304 2659 334 2691 et
347 2657 434 2691 varias
449 2663 544 2682 causas
571 2655 678 2691 accipit.
691 2654 827 2689 exquibus

39 2689 203 2718 occasionem
219 2691 307 2725 capiat
317 2689 421 2717 dicendi
436 2690 504 2725 quod
516 2690 636 2718 voluerit.
652 2689 723 2717 Nam
735 2691 828 2725 [utura

39 2698 203 2718 occasionem
219 2698 307 2751 cqriat
317 2698 421 2717 atcenat
436 2698 503 2725 quoa
516 2698 636 2718 valuerit.
652 2698 675 2716 ιν
681 2698 825 2751 amJutura

38 2727 143 2760 penitus
158 2726 238 2760 praeui
257 2733 299 2752 ere
317 2734 369 2752 non
383 2730 502 2760 possunt,
522 2725 711 2753 climactericos
745 2725 825 2757 icunt,

40 2761 66 2788 id
80 2766 122 2790 est
134 2766 237 2788 natura:
254 2761 294 2788 rei
307 2762 407 2788 incerta
422 2761 555 2796 profugia.
568 2760 640 2797 Lege
654 2762 677 2788 si
693 2760 767 2788 lubet
777 2768 827 2788 no-

41 2801 83 2824 tas
96 2800 256 2832 sequentes.

75 2841 206 2878 (iﬁlgdut
228 2841 324 2878 aliquis
348 2849 438 2869 eorum
452 2842 676 2878 apocatastaticus
693 2840 754 2876 fuit.
768 2839 829 2868 Non

41 2876 198 2913 mirandum
211 2877 237 2913 si
250 2876 372 2913 ignotam
395 2876 489 2905 vocem
512 2878 539 2913 in
560 2877 720 2913 apostolicus
739 2882 823 2913 muta-

43 2913 99 2941 rint
112 2912 228 2945 librarii,
245 2911 302 2942 tum
317 2912 371 2948 hic,
385 2915 444 2942 tum
468 2912 496 2941 in
519 2911 604 2941 Gestit
620 2912 649 2941 S.
666 2911 826 2944 Sebastiani,

880 2221 943 2283 lilbri
952 2221 990 2249 Dc
1003 2220 1098 2249 divinis
1109 2221 1270 2254 nominibus,
1279 2220 1429 2249 Columella
1445 2222 1492 2250 lib.
1502 2230 1544 2255 ill,
1560 2230 1586 2250 c.
1601 2223 1628 2255 6,
1641 2228 1668 2251 et

880 2264 893 2283 a
907 2265 936 2283 ιι.

879 2264 936 2284 alii.

916 2302 972 2338 (i3)
991 2302 1110 2337 Aspexit.
1124 2302 1218 2330 Graece
1231 2302 1428 2338 ιπεθξώρησεν.
1451 2302 1535 2338 Igitur
1552 2303 1578 2331 in
1592 2304 1669 2332 Actis

880 2337 1046 2370 Sebastiani,
1061 2344 1196 2373 susceptus
1211 2337 1370 2373 corruptum
1383 2343 1425 2366 est
1437 2337 1471 2366 ei
1485 2344 1632 2373 suspectus.

915 2384 971 2420 (μ)
981 2383 1027 2420 >an
1040 2384 1081 2411 his
1093 2384 1213 2420 omnibus
1228 2384 1323 2420 aliquis
1340 2389 1385 2420 aut
1397 2384 1539 2420 asyndetus
1549 2385 1600 2420 fuit
1610 2394 1669 2412 cum

879 2419 961 2455 malo.
981 2418 1107 2455 Legebat,
1122 2418 1276 2451 activae-tog,
1293 2419 1366 2455 quod
1389 2418 1471 2455 sensu
1489 2418 1558 2448 idem
1575 2426 1618 2448 est
1637 2429 1669 2448 ac

879 2453 1034 2486 ἀσύνθετοςῖ
1051 2455 1102 2488 Qui
1127 2459 1218 2482 autem
1243 2455 1287 2482 hic
1302 2453 1336 2482 ἐι
1357 2455 1385 2482 in
1408 2453 1498 2483 Gestis
1514 2455 1668 2483 Sebastiani

880 2489 1006 2524 syndetus
1031 2491 1215 2524 scripserunt,
1229 2490 1293 2517 dum
1317 2490 1457 2524 corrigere
1471 2496 1616 2520 conantur.
1635 2492 1670 2518 ob

880 2523 1046 2561 imperitiam
1060 2523 1140 2561 lapsi
1165 2529 1240 2552 sunt.
1255 2524 1349 2561 Neque
1364 2523 1428 2553 vero
1443 2527 1532 2553 omitti
1545 2526 1637 2553 debuit
1655 2535 1669 2552 ιι

879 2558 978 2587 Rulino
990 2568 1041 2588 vox
1053 2558 1224 2593 ἁγαῐθοποιός.

915 2605 969 2641 (i5)
989 2606 1042 2633 Aut
1056 2606 1189 2640 deﬁciens.
1205 2607 1241 2634 Ἦ
1254 2608 1283 2634 ὲν
1298 2607 1427 2643 ἐκλείψει.
1444 2607 1569 2635 Manilius
1581 2606 1629 2634 lib.
1643 2613 1669 2632 IV

880 2642 1084 2671 Astronomicbn
1098 2652 1107 2671 :

932 2688 1040 2724 ἔξει-εἰμι
1049 2696 1118 2715 nunc
1128 2689 1220 2722 etiam,
1230 2697 1289 2724 qua
1301 2689 1355 2716 sint
1368 2688 1497 2723 Ecliptica
1508 2687 1589 2715 Graio

934 2723 1059 2759 Homine,
1072 2731 1129 2758 qua
1141 2729 1225 2751 certos
1236 2723 1312 2759 quasi
1325 2725 1459 2751 delassata
1470 2732 1516 2758 per
1525 2732 1608 2751 annos

933 2757 960 2786 Ν
962 2757 1129 2794 onnunquam
1139 2757 1339 2786 cessant'sterili
1351 2759 1479 2793 torpentia
1491 2764 1573 2786 motu.

878 2805 967 2840 Atque
981 2805 1046 2832 hinc
1055 2809 1129 2840 patet
1143 2813 1193 2833 cur
1208 2806 1235 2832 in
1251 2806 1322 2832 Actis
1335 2804 1485 2832 Sebastiani
1505 2804 1638 2833 habeatur
1655 2814 1663 2832 :

879 2841 932 2868 Aut
946 2840 1088 2868 immobilis
1102 2842 1173 2868 circa
1189 2845 1212 2868 te
1226 2841 1329 2868 exstitit
1343 2848 1436 2867 cursus
1451 2840 1478 2867 in
1490 2840 1586 2868 stellis.

915 2876 970 2917 (ις)
991 2874 1025 2903 In
1034 2876 1105 2903 omni
1114 2884 1191 2911 quam
1202 2875 1293 2903 dicunt
1300 2876 1404 2911 regiona
1412 2875 1560 2904 stellarum.
1569 2875 1664 2912 Χώρᾳ,

879 2919 932 2938 non
945 2919 1012 2946 ωρᾳ.
