1873 3095
189 163 256 191 1427

601 163 629 190 S.
650 162 851 191 CLEMENTIS
867 161 878 190 I
896 162 980 190 ROM.
998 162 1099 190 PONI‘.
1118 161 1231 190 OPERA
1249 162 1350 191 DUBIA

1752 161 1814 190 ιω

222 221 279 249 XII.
297 222 374 249 Sicut
388 222 461 250 enim
478 222 535 250 ﬁeri
549 222 619 250 solet
630 221 676 249 ubi
688 221 795 248 somnia
810 221 921 256 obliqua
938 220 975 247 vi-
990 223 1013 251 Α
1027 219 1091 248 fecit
1103 220 1205 247 omnia.
1220 219 1249 248 Si
1257 220 1330 248 enim
1345 219 1474 256 Magister
1483 224 1578 247 noster
1590 218 1666 247 diem
1673 223 1704 247 et
1716 218 1813 250 horam,

186 269 277 296 derint
289 267 425 299 homines,
435 272 462 296 et
470 268 616 303 nihiljcerti
627 267 792 302 inteiligunt,
803 274 866 294 cum
875 266 973 301 aliquis

186 314 338 342 occurrerit
348 314 437 342 exitus
450 322 552 346 rerum,
568 317 634 341 tunc
648 312 682 340 ad
697 320 728 341 ea
743 320 804 348 quae
823 312 974 340 acciderint

186 364 281 395 aptant
301 360 382 387 etiam
405 360 505 388 somnii
529 360 632 391 visum,
649 359 687 386 ita
706 363 748 386 est
768 362 796 386 et
820 358 972 391 mathesis;

185 411 332 441 antequam
357 406 460 442 aliquid
485 406 546 439 ﬁat,
575 405 642 433 certi
670 405 738 432 nihil
767 405 971 440 pronuntiatur,

185 457 281 488 postea
304 461 369 480 vero
387 461 468 488 quam
485 453 587 488 aliquid
608 453 749 483 acciderit,
762 452 803 479 rci
816 451 873 486 jam
890 454 974 486 gestae

184 499 319 534 colligunt
336 506 444 527 causas.
462 499 584 534 Denique
606 498 762 534 frequenter
780 505 843 524 cuin
861 504 973 523 errave-

186 545 241 573 rint
251 549 278 573 et
297 545 375 573 aliter
391 553 436 574 res
445 545 586 578 acciderit,
603 545 764 580 semetipsos
776 544 919 578 increpant
934 542 974 570 di-

185 595 279 619 centes
294 591 358 626 quia
378 591 425 619 illa
438 591 489 619 fuit
504 591 581 620 stella
601 599 662 626 qua:
680 590 831 626 impedivit,
852 597 912 625 quae
926 596 974 616 oc-

185 638 285 670 currit,
297 641 390 665 etnon
405 637 698 673 vidimus,ignorantes
706 636 770 671 quia
785 643 864 663 error
878 643 972 663 eorum

185 691 240 712 non
258 691 291 711 ex
311 684 379 712 artis
395 683 590 719 imprudentia,
605 683 653 711 sed
667 691 700 711 ex
723 683 808 710 totius
823 689 915 710 causae
930 682 973 709 in-

185 729 374 757 convenientia
396 729 558 757 descendit:
578 729 703 764 ignorant
725 729 799 757 enim
821 736 883 764 qua:
906 728 972 762 sint,

185 784 246 811 quae
257 775 346 804 facere
360 776 469 811 quidem
487 776 726 811 concupiscamus,
741 783 797 803 non
816 779 907 803 tamen
931 776 974 803 in-

186 823 347 858 dulgeamus
360 823 602 858 concupiscentiis.
616 821 673 850 Nos
685 826 775 850 autem
792 822 837 857 qui
850 821 973 857 mysterii

186 868 269 903 hujus
286 867 432 896 didicimus
446 867 591 899 rationem,
607 867 710 895 scimus
729 870 755 894 et
771 874 894 898 causam,
908 865 973 901 quia

1030 267 1115 301 cujus
1131 267 1213 294 etiam
1220 267 1298 302 signa
1307 266 1444 303 praedixit,
1455 266 1568 294 nescire
1575 273 1606 294 se
1614 265 1814 301 professusest,

1025 315 1056 338 ut
1072 316 1160 339 totum
1179 317 1320 340 revocaret
1333 312 1366 340 ad
1378 311 1497 344 Patrem,
1514 312 1658 347 quomodo
1677 319 1732 340 nos
1743 317 1816 348 turpe

1025 357 1168 390 ducemus,
1181 358 1204 386 si
1216 358 1307 393 aliqua
1321 365 1372 386 nos
1385 357 1511 394 ignorare
1526 357 1675 390 fateamur,
1692 366 1757 386 cum
1767 358 1817 385 Ma-

1025 405 1103 440 gistri
1116 405 1142 431 in
1150 405 1201 432 hoc
1213 405 1362 433 habeamus
1376 405 1548 440 exemplum?
1559 403 1617 432 Hoc
1626 410 1721 433 tamen
1738 413 1817 433 unum

1025 451 1185 486 proﬁtemur
1200 459 1232 478 ea
1244 459 1295 479 nos
1307 451 1388 482 scire,
1404 459 1466 486 quae
1481 458 1496 478 a
1516 459 1582 479 vero
1592 452 1731 487 propheta
1752 452 1817 479 didi-

1025 498 1131 531 cimus;
1148 505 1180 525 ea
1190 503 1279 525 autem
1290 505 1305 524 a
1315 505 1380 526 vero
1390 498 1523 534 propheta
1537 498 1620 527 nobis
1631 506 1698 526 esse
1710 499 1816 533 tradita,

1024 552 1084 580 quae
1096 543 1224 572 sufﬁcere
1238 544 1363 571 humanae
1378 545 1499 572 scientiae
1510 544 1656 580 judicavit.

1060 590 1119 618 XV.
1137 590 1206 618 Tum
1230 598 1281 626 ego
1301 583 1427 619 Clemens
1448 591 1540 620 dicere
1561 592 1599 618 ita
1623 593 1699 628 ccepi
1720 592 1816 628 :Apud

1025 635 1158 671 Tripolim
1183 644 1245 664 cum
1266 640 1365 664 contra
1390 637 1505 672 gentiles
1520 637 1695 672 disputares,
1710 637 1816 666 domine

1025 683 1063 710 mi
1077 682 1168 715 Petre,
1184 682 1263 710 valde
1274 683 1390 710 miratus
1401 690 1462 710 sum
1478 686 1516 715 te,
1530 683 1578 718 qui
1594 691 1609 710 a
1624 684 1756 719 patribus
1770 683 1817 711 He-

1024 729 1097 756 braeo
1121 729 1176 755 ritu
1197 733 1223 756 et
1246 729 1429 757 ohservantiis
1444 730 1562 765 propriae
1584 731 1653 765 legis
1681 731 1816 763 imbutus,

1024 773 1126 802 Graeca:
1142 775 1307 802 eruditionis
1326 775 1426 802 studiis
1445 776 1474 802 in
1493 776 1571 803 nullo
1589 776 1759 811 inquinatus
1772 784 1816 809 es,

1024 820 1162 856 quomodo
1184 824 1239 847 tam
1264 820 1408 856 magnifice
1430 825 1457 848 et
1483 825 1538 848 tam
1564 822 1818 857 incomparabth

1025 870 1187 903 prosecutus
1209 867 1259 899 sis,
1283 867 1321 894 ita
1342 871 1372 894 ut
1394 867 1477 895 etiam
1492 867 1620 903 quaedam
1637 868 1675 895 de
1701 868 1818 896 historiis

186 914 340 941 libertatem
353 913 485 942 habentes
496 913 604 941 arbitrii
620 913 758 941 interdum
773 913 971 948 concupiscen-
987 921 1008 949 Β
1023 914 1138 941 deorum
1154 915 1216 949 quae
1230 913 1258 940 in
1271 913 1387 941 theatris
1403 913 1544 942 decantari
1555 915 1660 947 solent,
1680 916 1819 950 continge-

185 959 232 986 tiis
253 958 426 993 obsistimus,
442 958 578 986 interdum
592 958 733 986 cedimus:
751 961 779 986 et
794 958 856 985 ideo
875 958 973 985 huma-

186 1011 284 1032 norum
299 1008 438 1039 gestorum
457 1003 511 1039 (l7)
532 1004 655 1031 incertus
673 1007 716 1031 est
739 1003 840 1037 exitus,
856 1003 921 1038 quia
944 1002 972 1029 in

186 1051 311 1078 libertate
325 1050 424 1085 pendet
437 1049 553 1077 arbitrii.
567 1049 634 1077 Nam
649 1049 898 1084 concupiscentiam
912 1049 973 1084 qui-

185 1096 259 1129 dem,
270 1103 351 1131 quam
364 1099 493 1131 operatur
507 1096 625 1132 maligna
638 1096 736 1130 virtus,
751 1099 841 1131 potest
852 1095 974 1123 indicare

185 1142 411 1175 mathematicus;
431 1142 479 1170 sed
493 1142 518 1170 si
536 1141 766 1177 concupiscentia:
787 1141 870 1177 hujus
895 1145 973 1169 actus

184 1188 229 1216 vel
243 1189 333 1216 exitus
349 1188 455 1223 impleri
477 1188 564 1223 possit
578 1195 674 1220 necne,
695 1189 760 1223 quia
775 1187 802 1214 in
822 1187 926 1214 arbitrii
941 1187 974 1214 li-

186 1234 292 1262 bertate
304 1237 358 1265 est,
370 1233 436 1261 sciri
451 1238 513 1261 ante
527 1233 653 1262 cﬂ‘ectum
670 1233 709 1261 rei
721 1241 736 1260 a
747 1233 823 1261 nullo
833 1232 974 1269 potest.,Et

185 1280 239 1309 hoc
249 1284 292 1308 est
306 1279 378 1315 quod
388 1280 546 1315 ignorantes
561 1279 691 1315 astrologi
705 1279 868 1307 invenerunt
880 1278 931 1306 sibi
945 1282 976 1305 ut

185 1327 357 1355 climacteras
364 1326 499 1357 dicerent,
507 1325 546 1353 rei
553 1325 771 1352 scilicetincerta:
777 1323 837 1359 peri
839 1323 899 1359 ugia
906 1323 973 1359 (I8),

184 1373 258 1403 sicut
273 1373 401 1400 hesterno
418 1372 576 1407 plenissime
586 1371 766 1399 ostendimus.

220 1417 290 1447 XIII.
303 1418 342 1446 Ad
353 1419 411 1446 haec
420 1418 442 1446 si
457 1417 522 1453 quid
534 1417 582 1445 tibi
593 1417 738 1445 dicendum
746 1416 863 1449 videtur,
879 1416 974 1444 dicito.

186 1463 219 1492 Et
233 1468 329 1500 pater:
346 1464 419 1491 Nihil
436 1464 539 1495 verius,
563 1463 661 1498 inquit,
682 1463 730 1496 ﬁli,
746 1462 790 1490 his
804 1470 866 1498 qua:
880 1469 976 1497 prose-

185 1514 266 1539 cutus
290 1519 321 1539 es
336 1510 401 1546 (l9).
422 1510 546 1546 Cumque
561 1509 618 1537 hate
636 1510 809 1545 loqueremur
831 1508 902 1536 inter
913 1516 974 1541 nos,

185 1558 323 1585 nuntiavit
337 1557 448 1592 quidam
463 1555 610 1591 plurimum
619 1560 693 1583 stare
706 1556 836 1591 populum
848 1555 915 1582 foris
928 1555 975 1591 qui

1024 967 1078 987 res.
1092 958 1192 987 Verum
1204 960 1334 996 quoniam
1350 961 1425 988 sensi
1436 961 1486 988 tibi
1495 961 1570 997 ipsas
1583 961 1699 990 fabulas
1713 966 1742 989 et
1753 962 1820 989 blas-
1872 963 1873 989 ξ

1023 1007 1148 1043 phemias
1162 1015 1257 1035 eorum
1273 1007 1364 1035 minus
1376 1015 1438 1036 esse
1453 1012 1542 1042 notas,
1554 1007 1588 1035 de
1600 1008 1659 1041 his,
1677 1008 1704 1037 si
1724 1009 1820 1044 placet,
1872 1024 1873 1042 ς

1023 1055 1113 1090 aliqua
1126 1055 1152 1082 in
1165 1055 1259 1082 auditu
1274 1058 1322 1082 tuo
1337 1059 1464 1090 repetens
1478 1055 1512 1083 ah
1530 1055 1589 1091 ipsa
1604 1043 1819 1090 origineidisse-

1024 1105 1093 1125 ram.
1109 1098 1141 1125 Et
1153 1098 1251 1127 Petrus
1269 1106 1276 1124 :
1290 1098 1349 1132 Dic,
1360 1098 1459 1134 inquit,
1471 1099 1540 1127 bene
1556 1098 1629 1127 facis
1641 1100 1748 1134 juvare
1759 1106 1822 1134 prae-

1024 1144 1188 1172 dicationem
1208 1149 1342 1173 nostram.
1359 1145 1428 1173 Tum
1441 1153 1492 1181 ego
1513 1154 1520 1171 :
1543 1145 1643 1173 Dicam
1660 1145 1752 1180 igitur
1765 1145 1822 1179 quia

1022 1189 1118 1225 jubes,
1144 1197 1200 1218 non
1224 1194 1254 1218 ut
1276 1191 1388 1226 docens,
1415 1191 1463 1219 sed
1480 1198 1561 1227 quam
1586 1191 1695 1219 stultas
1716 1191 1752 1218 de
1769 1189 1818 1216 diis

1025 1235 1084 1263 suis
1103 1236 1248 1272 opiniones
1260 1237 1381 1265 habeant
1406 1238 1532 1273 gentiles,
1548 1237 1577 1265 in
1591 1237 1723 1265 medium
1739 1235 1823 1272 proie-
1872 1265 1873 1270 η

1025 1289 1100 1310 rens.

1061 1327 1130 1356 XVI.
1149 1328 1272 1365 Cumque
1283 1330 1379 1358 vellem
1395 1330 1496 1363 dicere,
1510 1329 1607 1358 Niceta
1624 1329 1744 1358 labrum
1760 1338 1822 1358 mor-

1025 1373 1105 1402 dicus
1126 1375 1275 1411 stringens,
1297 1374 1429 1403 innuebat
1448 1375 1564 1411 mihi,nt
1577 1379 1727 1410 tacerem;
1747 1384 1823 1411 quem

1026 1428 1090 1448 cum
1106 1420 1217 1449 vidisset
1231 1420 1339 1453 Petrus,
1352 1421 1410 1449 ait:
1425 1420 1481 1448 Cur
1496 1421 1639 1458 ingenium
1666 1422 1786 1451 liberale
1800 1426 1824 1450 et

1027 1474 1187 1503 generosam
1201 1466 1298 1495 laedere
1310 1467 1352 1495 vis
1366 1471 1504 1500 naturam,
1519 1472 1549 1495 ut
1563 1468 1591 1495 in
1603 1468 1748 1497 honorem
1763 1469 1823 1502 mei,

1027 1513 1074 1548 qui
1093 1512 1187 1540 nullus
1201 1516 1259 1545 est,
1281 1516 1372 1540 tacere
1386 1520 1448 1540 eum
1459 1513 1548 1541 velis?
1565 1513 1622 1541 Aut
1637 1515 1749 1546 nescis,
1765 1514 1825 1549 quia
1872 1512 1873 1549 ξ

1028 1557 1053 1586 si
1069 1565 1165 1586 omnes
1179 1562 1285 1593 gentes,
1301 1563 1445 1594 postquam
1463 1558 1603 1586 audierint
1620 1567 1638 1586 a
1666 1567 1716 1587 me
1730 1560 1825 1596 praedi-

186 1602 315 1630 audiendi
329 1603 416 1637 gratia
429 1600 618 1632 convenerint,
632 1602 660 1627 et
674 1598 863 1634 Petrusjussit
880 1599 923 1626 his
934 1599 975 1625 in-
989 1596 1010 1624 C
1027 1602 1162 1630 cationem
1177 1602 1301 1630 veritatis
1324 1607 1351 1631 ει
1374 1602 1551 1637 crediderint,
1572 1604 1663 1632 velim
1679 1612 1713 1633 se
1728 1605 1763 1632 ad
1778 1605 1824 1633 do.

186 1650 326 1686 gradiendi
341 1650 447 1685 copiam
458 1648 536 1681 dari;
551 1652 610 1676 erat
623 1647 697 1675 enim
712 1647 789 1675 locus
804 1651 976 1682 opportunus

187 1701 214 1725 et
225 1697 343 1732 amplus.
359 1695 481 1731 Cumque
495 1694 612 1730 ingressi
628 1694 756 1727 fuissent,
768 1693 807 1721 ait
818 1693 851 1720 ad
865 1701 916 1721 nos
926 1691 977 1721 Pe—

186 1747 247 1771 trus
261 1750 269 1769 :
283 1741 312 1770 Si
329 1742 391 1777 quis
401 1742 459 1769 vult
470 1745 603 1772 vestrum,
620 1740 703 1768 faciat
722 1739 756 1767 ad
773 1739 903 1776 populum
919 1747 977 1766 ser-

188 1796 296 1817 monem
312 1792 339 1816 et
357 1788 390 1816 de
406 1787 561 1814 idololatria
576 1786 704 1814 disserat.
720 1785 771 1813 Cui
785 1793 835 1821 ego
849 1784 977 1819 Clemens

188 1835 318 1871 respondi
334 1845 340 1862 :
357 1833 441 1861 Multa
451 1833 607 1869 benignitas
620 1836 666 1861 tua
681 1836 709 1860 et
721 1839 786 1868 erga
797 1839 893 1860 omnes
907 1831 978 1859 leni-

188 1885 232 1909 tas
251 1889 284 1909 ac
299 1880 428 1917 patientia
446 1879 569 1915 indulget
583 1878 673 1910 nobis,
687 1882 717 1905 ut
736 1877 885 1905 audeamus
901 1876 976 1911 loqui

187 1934 281 1955 coram
295 1931 322 1954 te
335 1930 362 1954 et
381 1933 477 1960 rogare
492 1932 553 1960 quae
567 1924 712 1956 volumus;
725 1928 752 1951 et
768 1923 841 1956 ideo,
863 1926 893 1950 ut
909 1922 976 1954 dixi,

189 1981 298 2002 morum
312 1977 422 2000 tuorum
434 1970 617 2000 mansuetudo
626 1970 724 1997 invitat
734 1977 830 1997 omnes
838 1972 865 1996 et
876 1969 978 1996 adhor-

189 2024 263 2048 tatur
274 2019 402 2048 salutaris
414 2018 544 2047 doctrinae
552 2019 685 2053 praecepta
700 2015 850 2050 suscipere.
859 2013 917 2042 Hoc
928 2022 979 2050 ego

188 2074 277 2102 usque
291 2066 324 2093 ad
334 2073 454 2101 praesens
465 2064 537 2100 apud
549 2063 652 2090 nullum
667 2063 750 2089 alium
763 2061 828 2094 vidi,
840 2061 894 2088 nisi
906 2060 978 2096 apud

189 2118 216 2142 te
224 2114 323 2146 solum,
331 2112 402 2149 apud
414 2118 494 2147 quem
508 2109 607 2138 invidia
620 2108 694 2136 nulla
702 2112 744 2136 est
753 2115 841 2143 neque
852 2106 977 2143 indigna-

189 2160 242 2192 tio;
259 2164 306 2187 aut
319 2159 385 2194 quid
399 2159 449 2185 tibi
464 2157 588 2184 videtur?

225 2205 296 2233 XIV.
313 2205 346 2234 Et
361 2205 460 2233 Petrus
477 2212 484 2230 :
502 2203 563 2230 Non
583 2203 672 2231 solum
692 2202 750 2229 haec
763 2209 796 2229 ex
816 2200 918 2228 invidia
932 2203 979 2227 aut

191 2251 381 2287 indignatione
400 2251 525 2282 veniunt,
541 2249 590 2277 sed
601 2247 738 2276 interdum
753 2247 825 2274 inest
839 2246 979 2282 aliquibus

190 2295 366 2330 verecundia,
379 2305 413 2325 ne
427 2297 496 2324 forte
510 2295 544 2324 de
563 2295 607 2323 his
617 2301 679 2330 qua:
688 2296 888 2329 proponuntur,
901 2293 980 2328 plene

190 2346 357 2382 respondere
370 2354 426 2373 non
442 2344 593 2380 possint,et
601 2342 708 2378 fugiunt
720 2340 862 2376 imperitiae
874 2344 979 2369 notam.

193 2391 247 2421 Sed
262 2399 316 2419 non
327 2390 407 2418 debet
417 2397 467 2425 pro
479 2389 532 2417 hoc
546 2388 609 2422 quis
627 2385 820 2414 verecundiam
834 2386 900 2420 pati,
916 2386 981 2420 quia

191 2446 243 2466 nec
256 2442 299 2465 est
313 2436 414 2472 aliquis
430 2434 571 2462 hominum
581 2433 628 2468 qui
643 2431 765 2467 proﬁteri
778 2429 876 2458 debeat
888 2431 980 2458 omnia

193 2494 223 2515 se
235 2485 324 2517 scire;
340 2491 413 2511 unus
422 2482 495 2510 enim
513 2484 555 2510 est
565 2481 611 2516 qui
627 2480 679 2507 scit
694 2477 798 2510 omnia,
811 2477 936 2512 ipsequi
952 2481 980 2505 et

1027 1649 1145 1676 cendum
1166 1649 1304 1684 conferre,
1319 1650 1387 1678 mihi
1408 1651 1541 1686 majorem
1566 1652 1683 1687 pariunt
1697 1654 1823 1689 gloriam,

1027 1693 1163 1729 siquidem
1179 1695 1272 1730 gloriae
1281 1703 1323 1723 me
1334 1696 1462 1731 cupidum
1479 1697 1577 1732 putas?
1590 1697 1666 1730 Quid
1680 1699 1759 1726 enim
1773 1700 1826 1727 tan

1025 1740 1176 1776 gloriosum
1186 1749 1268 1776 quam
1283 1741 1394 1769 Christo
1407 1742 1558 1778 discipulos
1570 1751 1762 1778 praeparasse,
1774 1753 1826 1772 non

1029 1786 1076 1821 qui
1098 1790 1207 1814 taceant
1224 1790 1251 1815 et
1271 1787 1323 1815 soli
1342 1788 1412 1816 salvi
1437 1787 1515 1822 ﬁant,
1534 1788 1584 1816 sed
1604 1789 1653 1824 qui
1676 1789 1826 1825 loquantur

1027 1839 1089 1867 quae
1108 1832 1272 1866 didicerunt,
1289 1838 1316 1862 et
1328 1834 1424 1862 multis
1444 1834 1569 1870 prosint?
1583 1833 1700 1863 Utinam
1715 1836 1825 1871 quidem

1027 1882 1055 1906 et
1065 1878 1218 1912 tu,Niceta,
1235 1880 1283 1908 sed
1296 1886 1323 1908 et
1337 1884 1376 1913 tu,
1390 1881 1549 1909 dulcissime
1563 1881 1679 1917 Aquila,
1693 1882 1826 1917 juvantis

1029 1931 1072 1952 me
1087 1926 1120 1952 ad
1138 1925 1340 1960 praedicandum
1358 1926 1470 1954 verbum
1488 1926 1547 1960 Dei,
1567 1933 1601 1954 eo
1620 1928 1715 1963 magis
1728 1935 1784 1962 quo
1797 1934 1826 1955 ea
1872 1923 1873 1935 ¹

1029 1971 1057 1998 in
1067 1971 1167 2006 quibus
1175 1975 1270 1999 errant
1283 1972 1409 2007 gentiles,
1425 1972 1494 2000 bene
1504 1973 1583 2001 vobis
1591 1977 1740 2008 comperta
1751 1977 1824 2001 sunt:
1872 1977 1873 2008 ᾖ

1029 2021 1057 2046 et
1077 2025 1133 2045 non
1155 2018 1245 2046 solum
1263 2026 1324 2052 vos,
1341 2019 1388 2046 sed
1404 2023 1432 2046 et
1450 2026 1545 2047 omnes
1564 2020 1613 2054 qui
1628 2020 1752 2048 audiunt
1774 2028 1824 2053 me.
1872 2011 1873 2048 ἶ

1028 2068 1104 2100 opto,
1139 2068 1169 2091 ut
1189 2063 1273 2098 dixi,1
1282 2065 1319 2091 ita
1339 2064 1435 2092 audire
1447 2069 1474 2092 et
1492 2064 1612 2098 discere,
1635 2070 1668 2093 ut
1686 2070 1716 2094 et
1730 2067 1825 2094 docere
1872 2064 1873 2080 ³

1029 2111 1151 2146 possint;
1168 2111 1262 2138 multis
1282 2118 1400 2146 namque
1416 2111 1589 2146 adjutoribus
1610 2112 1723 2148 indiget
1745 2121 1822 2140 mun-
1872 2108 1873 2125 ³

1029 2155 1092 2188 dus,
1102 2156 1201 2191 quibus
1210 2155 1335 2184 homines
1346 2156 1380 2184 ab
1396 2164 1490 2184 errore
1503 2160 1682 2185 revocentur.
1705 2159 1822 2193 Cumque

1031 2201 1090 2229 haec
1106 2201 1231 2234 dixisset,
1248 2202 1286 2228 ait
1300 2201 1333 2229 ad
1353 2209 1415 2230 me:
1436 2201 1476 2229 'l‘u
1493 2209 1569 2238 ergo,
1586 2202 1735 2237 Clemens,
1750 2211 1822 2231 eue-

1031 2255 1116 2283 quere
1125 2256 1186 2283 qua:
1196 2247 1314 2283 coepisti.

1066 2294 1150 2322 XVII.
1167 2295 1200 2322 Et
1220 2303 1270 2330 ego
1286 2295 1417 2322 continuo
1436 2295 1567 2330 subjunxi
1588 2303 1596 2320 :
1618 2295 1777 2329 Quoniam,
1797 2300 1823 2322 ut

1031 2341 1098 2373 dixi.
1108 2341 1180 2377 apud
1191 2341 1323 2377 Tripolim
1333 2341 1486 2376 disputans,
1496 2342 1582 2369 multa
1589 2341 1627 2369 de
1637 2342 1695 2370 diis
1707 2343 1822 2378 gentium

1031 2388 1137 2415 utiliter
1154 2393 1178 2416 et
1192 2388 1350 2415 necessario
1364 2387 1532 2420 disseruisti,
1550 2388 1636 2423 cupio
1661 2388 1700 2416 de
1722 2390 1821 2424 origine

1032 2440 1126 2460 eorum
1143 2433 1259 2460 ridicula
1284 2437 1310 2461 te
1336 2440 1429 2460 coram
1448 2440 1596 2468 exponere,
1625 2438 1657 2461 ut
1678 2442 1771 2470 neque
1798 2438 1821 2461 te

1032 2479 1114 2507 lateat
1127 2486 1202 2507 vanae
1212 2479 1294 2515 hujus
1309 2479 1514 2515 superstitionis
1528 2484 1732 2512 commentum,
1742 2486 1769 2510 et
1780 2488 1821 2508 au-

836 2557 1018 2586 COTELEBII
1040 2557 1156 2586 NOTAE.

230 2649 285 2683 (IT)
307 2647 340 2674 Et
354 2646 411 2673 ideo
426 2645 603 2683 humanorum
613 2647 756 2683 gestorum,
772 2646 825 2683 etc.
842 2641 892 2669 Hic
907 2641 982 2668 Ruﬁ-

193 2679 246 2712 nus
261 2679 389 2711 Ruﬁnum
405 2682 470 2715 agit.
488 2680 539 2708 hoc
552 2684 603 2711 est,
627 2679 716 2706 laxum
742 2679 899 2713 malumque
917 2684 983 2712 prae-

194 2720 290 2748 sertim
305 2720 333 2745 in
349 2716 557 2744 obscurioribus
572 2715 758 2749 interpretem.

230 2754 286 2790 (I8)
308 2753 530 2790 Ut__elimacter¢_ts
538 2748 677 2790 _dicere_nt_,
696 2748 982 2790 rei_scilir£t'incertie

195 2782 326 2824 nerfuéia.
342 2787 413 2815 Hinc
428 2786 526 2824 scribi.»
536 2785 606 2813 forte
620 2785 726 2824 debeat
740 2784 767 2811 in
783 2783 812 2812 S.
828 2782 981 2824 sebastiani

198 2818 297 2851 Actis":
312 2824 486 2851 Climacteras
499 2820 600 2854 dicunt,
616 2820 643 2846 id
658 2824 696 2847 est
713 2825 809 2846 natura
824 2819 861 2846 rei
877 2818 982 2854 incerte

199 2859 323 2894 perfugia.
339 2858 419 2885 Aliud
443 2861 541 2894 sonant
562 2852 681 2894 Graeca;
705 2855 774 2886 Τοὺς
794 2852 981 2894 ξιλιμακτῆριξς

200 2887 357 2929 ina-Mne“,
372 2895 411 2926 εἰς
432 2892 579 2929 ἀδηλότητα
596 2891 748 2927 ποιούμενοι
763 2891 802 2918 vel
822 2887 981 2926 μεταποιού-

1036 2649 1111 2676 μενοι
1124 2641 1173 2676 τὴν
1186 2639 1354 2675 προαίρεσιν.
1364 2638 1483 2674 Nempe:
1493 2638 1675 2666 Climacteras
1689 2638 1821 2666 conanti

1034 2681 1104 2717 sunt,
1120 2675 1230 2716 liberant
1245 2675 1357 2717 hominis
1370 2675 1531 2717 voluntatem
1541 2675 1569 2701 in
1578 2675 1682 2701 incerto
1693 2680 1819 2708 pomus.

1034 2715 1081 2738 aut
1094 2714 1123 2738 in
1137 2719 1190 2738 rem
1205 2714 1333 2737 incertam
1348 2714 1552 2737 committentes.

1069 2746 1125 2782 (19)
1146 2745 1222 2772 Nihil
1236 2746 1332 2777 verius.
1347 2746 1443 2782 inquit,
1464 2744 1516 2782 liii,
1532 2744 1578 2782 [tis
1598 2752 1660 2782 que
1671 2749 1819 2782 prosccqu

1033 2778 1210 2816 eszIicujus
1226 2780 1355 2808 momenti
1369 2778 1412 2816 est
1426 2778 1509 2807 lectio
1520 2780 1616 2816 Graeca
1640 2780 1759 2816 duorum
1773 2778 1816 2816 Ite

1033 2824 1138 2851 glorum
1158 2813 1302 2851 codicum,
1311 2815 1486 2851 ἁπεκρίνατο,
1506 2814 1589 2849 μηδὲν
1610 2814 1717 2842 τούτων
1731 2813 1819 2851 an“

1037 2848 1130 2888 ἴκτερον
1144 2850 1211 2879 εἶναι
1226 2848 1263 2880 ὧν
1279 2849 1363 2878 εἶπεν.
