1873 3095
211 100 278 129 HM

636 97 664 125 S.
681 96 881 125 CLEMENTIS
896 96 906 124 l
921 96 1006 125 κου.
1022 95 1124 124 ΡΟΝΤ.
1140 93 1254 124 opm
1269 93 1382 122 DUBIA.

1737 97 1783 125 im

209 161 383 194 conceptum.
407 155 447 184 Ex
463 155 524 192 ipso
537 159 630 184 autem
654 154 722 183 Jove
745 155 868 183 Medeam
891 155 996 192 genuit,
1011 156 1035 184 Α
1047 152 1135 186 nanti,
1148 159 1182 180 ex
1195 159 1250 188 qua
1263 152 1387 180 nascitur
1399 151 1495 186 Belus;
1511 150 1646 184 Latonam.
1662 159 1739 189 aqua
1749 164 1783 183 na-

210 210 293 238 quam
306 208 440 237 responso
451 204 575 236 accepto,
591 200 665 236 quod
680 201 729 236 qui
743 208 777 228 ex
789 208 822 228 ea
837 204 1000 228 nasceretur

212 248 308 276 t‘ortior
324 247 383 283 ipso
398 249 472 275 esset
484 250 511 274 et
522 254 605 281 regno
614 254 677 274 eum
688 246 845 281 depelleret.
855 253 1000 274 assumens

210 294 295 322 etiam
310 294 370 329 ipse
384 293 514 326 devorat;
533 296 560 321 et
575 300 685 320 rursum
708 293 802 328 genuit
825 293 859 321 de
887 293 1000 321 cerebro

211 339 323 375 quidem
349 337 508 370 Minervam,
524 337 558 365 de
573 337 676 365 femore
690 345 755 365 vero
780 337 918 366 Liberum.
934 337 1001 366 Post

211 384 270 413 haec
281 384 423 412 Thetidem
443 392 506 412 cum
520 383 691 416 adamasset,
712 384 790 411 aiunt
807 383 999 412 Prometheum

212 431 406 466 pronuntiasse
412 430 449 463 ei,
458 438 493 466 qu
498 428 532 457 od
540 429 565 458 si
579 430 773 457 concubuisset
782 437 843 457 cum
854 437 897 462 ea,
906 430 953 465 qui
966 438 1000 458 ex

211 483 245 504 ea
263 480 422 503 nasceretur
435 476 533 503 i’ortior
547 479 621 503 esset
635 479 723 510 patre,
735 478 762 503 et
777 475 813 502 ob
829 475 881 502 hoc
896 475 999 502 veritus

211 521 294 550 Peleo
304 522 413 550 cuidam
421 522 536 550 dateam
552 522 580 549 in
591 522 812 555 matrimonium;
826 521 925 549 dehinc
937 521 1001 549 Per-

213 568 353 603 sephonze,
374 575 435 603 quae
461 568 485 595 ei
508 575 541 595 ex
557 567 658 595 Cerere
678 567 767 594 fuerat
788 571 928 602 suscepta,
948 568 1001 595 mi-

213 617 317 645 scetur,
341 621 375 641 ex
393 620 447 648 qua
463 612 623 648 Dionysium
635 613 728 649 genuit
739 613 785 648 qui
800 621 815 641 a
830 612 938 641 Titanis
955 613 999 641 di-

214 663 342 694 scerptus
356 663 409 687 est.
425 657 478 686 Sed
493 659 663 692 recordatus,
678 658 777 694 inquit,
795 666 829 686 ne
845 659 914 687 forte
924 663 1001 695 pater

214 715 282 735 suus
293 705 429 734 Saturnus
445 706 529 734 nlium
548 706 633 733 tilium
649 710 802 742 generaret,
815 706 861 742 qui
873 707 956 734 etiam
970 714 1001 734 se

214 754 314 783 fortior
331 758 494 782 nasceretur
508 761 647 789 regnoque
659 753 819 788 depelleret,
841 761 1001 789 oppugnare

214 801 371 837 aggreditur
382 804 487 836 patrem
507 807 560 827 una
573 807 636 827 cum
653 798 783 827 fratribus
801 799 862 835 ejus
875 799 999 834 Titanis;

1050 200 1137 226 scitur
1147 199 1244 234 Apollo
1257 203 1284 227 et
1298 198 1399 232 Diana;
1411 198 1556 227 Leanidam
1570 198 1784 236 Eurymedontis,ex
1828 191 1829 206 ³

1049 253 1104 281 qua
1121 244 1247 272 nascitur
1257 244 1368 278 Coron;
1394 244 1548 280 Lysitheam
1561 243 1651 277 Eveni,
1665 253 1693 273 et
1703 254 1744 281 qua
1753 255 1786 275 ns-

1050 291 1137 319 scitur
1151 290 1288 323 Helenus;
1316 289 1524 326 Hippodamiam
1536 290 1590 326 (50)
1605 290 1787 326 Bellerophontis,

1049 345 1083 365 ex
1097 345 1151 373 qua
1166 337 1291 365 nascitur
1306 336 1463 372 Sarpedon;
1480 336 1634 373 Megacliten
1648 337 1752 371 Macarei,
1765 348 1788 367 ei

1049 391 1104 420 qua
1123 384 1248 412 nascitur
1267 382 1361 412 Thebe
1378 388 1405 412 et
1421 383 1540 418 Locrus;
1561 383 1660 412 Nioben
1678 384 1787 419 Phoronei,

1049 438 1082 458 ex
1091 437 1146 465 qua
1165 429 1291 458 nascitur
1305 429 1397 466 Argus
1405 430 1788 468 etPelasgus;0lympiadam(3l)

1049 475 1230 512 Neoptolemi,
1256 484 1290 504 ex
1305 483 1358 512 qua
1372 477 1497 505 nascitur
1510 477 1674 510 Alexander;
1692 477 1788 513 Pyrrham

1049 520 1203 550 Promethei
1229 522 1297 559 (32),
1321 530 1354 550 ex
1376 529 1430 558 qua
1444 522 1569 550 nascitur
1582 522 1789 560 Helmetheus(53);

1049 566 1242 604 Protogeniam
1267 571 1295 596 et
1324 567 1478 596 Pandoram
1495 568 1663 597 Deucalionis
1686 569 1750 601 ﬁlias,
1768 578 1789 598 ex

1050 614 1150 650 quibus
1165 614 1260 650 genuit
1276 613 1426 642 Ethelhun
1442 614 1499 650 (34)
1509 618 1537 642 et
1552 614 1649 643 Dorum
1663 619 1686 643 et
1698 614 1790 643 Helena
1831 620 1832 631 π

1049 666 1078 688 et
1096 660 1269 696 Pandorum;
1288 661 1480 689 Thaicruciam
1499 660 1602 693 Protei,
1625 669 1656 689 ex
1667 670 1713 697 qua
1727 663 1791 689 nasci-

1050 710 1096 734 tur
1107 706 1282 743 Nympheus;
1299 706 1466 735 Salaminam
1480 707 1565 743 Asopi
1581 708 1644 743 (35),
1661 716 1690 736 ex
1704 716 1746 743 qua
1758 716 1791 736 na-

1050 751 1138 780 scitur
1153 752 1293 781 Saracon:
1309 752 1459 788 Taygeten,
1476 751 1620 785 Electram,
1647 753 1737 786 Maiam,
1748 753 1790 781 Plu-

1050 799 1126 826 tiden
1150 799 1219 835 (36),
1248 799 1367 828 Atlantis
1391 799 1473 833 tilias,
1499 807 1532 827 ex
1556 799 1653 835 quibus
1675 801 1750 836 genuit
1768 809 1790 828 ex

214 847 315 883 quibus
330 846 479 882 oppressis,
499 845 532 873 ad
546 845 672 873 ultimum
682 845 764 873 etiam
781 849 885 881 patrem
900 847 928 873 in
938 847 1000 874 vin-
1016 846 1037 874 Β
1051 843 1173 880 Taygete
1192 845 1302 880 quidem
1317 844 1552 878 Lacedaemonem,
1567 854 1601 873 ex
1612 845 1706 874 Electra
1719 846 1791 873 Dat-da.

214 893 276 920 cuia
289 893 418 928 conjecit,
430 893 594 928 desectaque
604 893 664 926 ejus
677 892 805 928 genitalia
817 893 844 920 in
853 900 928 920 mare
938 900 1001 927 pro--

212 939 288 975 iecit.
310 938 363 966 Sed
378 946 460 966 cruor
477 938 524 974 qui
537 938 650 967 deﬂuxit
671 946 705 966 ex
717 939 840 972 vulnere,
857 942 1002 974 susceptus

214 985 344 1014 ﬂuctibus
361 988 388 1012 et
399 984 535 1020 frequenti
549 984 693 1012 collisione
708 985 737 1011 in
755 991 879 1019 spumam
895 992 1001 1017 versus,

215 1030 370 1067 procreavit
385 1037 445 1057 eam
461 1037 543 1065 quam
557 1029 655 1057 dicunt
664 1029 849 1065 Apliroditen,
864 1037 1003 1065 quamque

215 1075 287 1111 apud
302 1083 352 1103 nos
371 1074 505 1103 Venerem
521 1075 668 1111 appellant.
696 1075 735 1103 Ex
752 1076 834 1111 hujus
853 1076 1002 1105 concubitu

215 1128 276 1156 quae
289 1125 348 1148 erat
367 1120 461 1155 utique
475 1127 566 1153 soror,
585 1120 658 1148 hunc
685 1119 775 1156 ipsum
800 1120 894 1149 Jovem
911 1121 1004 1148 ferunt

215 1166 342 1202 genuisse
350 1166 464 1202 Cyprin,
477 1174 512 1194 ex
528 1174 582 1202 qua
596 1167 672 1194 aiunt
690 1167 884 1202 etCupidinem
895 1172 1002 1196 natum.

252 1211 321 1240 XXI.
338 1212 401 1239 Haec
415 1212 525 1248 quidem
539 1213 573 1240 de
588 1213 700 1240 incestis
714 1213 790 1248 ejus;
806 1213 869 1241 audi
884 1221 958 1242 nunc
976 1217 1004 1241 et

216 1257 251 1285 de
266 1257 407 1286 adulteriis
418 1258 485 1294 (24).
499 1258 635 1294 Europam
648 1258 749 1286 Oceani
763 1259 1002 1294 conjugemvitiat.

216 1311 248 1331 ex
265 1311 317 1338 qua
331 1305 453 1331 nascitur
461 1304 611 1332 Dodonaeus
619 1305 685 1341 (25);
702 1305 831 1334 Helenam
843 1305 1002 1338 Pandionis,

216 1357 250 1377 ex
259 1357 311 1385 qua
324 1351 447 1378 nascitur
460 1351 592 1385 Musteus;
609 1351 782 1387 Eurynomen
794 1352 878 1388 Asopi
888 1373 896 1384 ,
906 1360 941 1380 ex
949 1360 1004 1388 qua

217 1395 342 1422 nascitur
363 1395 499 1431 Ogygias;
520 1395 686 1425 Hermionen
706 1397 818 1431 Oceani,
835 1405 868 1425 ex
886 1406 939 1433 qua
956 1407 1005 1426 na-

217 1447 332 1471 seuntur
343 1443 479 1476 Charites,
492 1444 598 1478 Thalia,
614 1445 918 1481 Euphrosync,Aglaia;
933 1445 1005 1473 The-

217 1489 274 1516 min
286 1497 409 1517 sororem
424 1498 513 1522 suam,
528 1499 563 1519 ex
576 1499 630 1526 qua
645 1495 795 1520 nascuntur
811 1492 902 1524 Horae,
917 1491 1006 1529 Eury-

1052 897 1129 921 num,
1151 897 1184 918 ex
1203 890 1271 918 Maia
1294 890 1471 925 Mercurium,
1494 899 1526 919 ex
1548 890 1653 920 Plutide
1668 891 1790 925 Tantalum;

1052 934 1177 963 Phthiam
1185 935 1332 968 Phoronci,
1342 943 1375 963 ex
1383 943 1437 971 qua
1445 935 1538 971 genuit
1547 936 1679 968 Achaeum;
1687 937 1792 973 [Choniani

1051 981 1175 1010 Aramni.
1191 989 1224 1009 ex
1233 988 1286 1016 qua
1301 981 1396 1017 genuit
1411 981 1547 1010 Laconem
1557 982 1578 1018 ;]
1602 983 1728 1010 Chalceatn
1740 991 1793 1017 nym-

1053 1027 1148 1062 pham,
1160 1034 1193 1054 ει
1209 1034 1262 1062 qua
1279 1027 1403 1054 nascitur
1417 1026 1565 1063 Olympus;
1590 1027 1730 1055 Charidiam
1740 1036 1793 1063 nym-
1833 1026 1834 1064 ξ

1054 1073 1134 1108 pham
1146 1080 1180 1100 ex
1190 1080 1245 1108 qua
1256 1073 1379 1101 nascitur
1397 1072 1552 1106 Alchanus;
1571 1074 1684 1105 Clorida,
1698 1081 1745 1110 qua:
1760 1074 1792 1100 fuit

1053 1117 1180 1152 Ampyci,
1197 1125 1230 1145 ex
1248 1125 1301 1153 qua
1311 1118 1433 1146 nascitur
1444 1117 1574 1154 Mopsus;
1593 1118 1721 1147 Coloniam
1730 1118 1792 1152 Leshi,

1052 1170 1085 1190 ex
1101 1171 1154 1199 qua
1169 1164 1292 1191 nascitur
1301 1163 1461 1199 Polymedes
1474 1174 1481 1198 ;
1493 1164 1691 1200 Hippodamiam
1701 1166 1792 1199 Aniceti;

1052 1209 1265 1245 Chrysogeniam
1281 1209 1374 1244 Penei,
1389 1219 1421 1238 ex
1437 1219 1490 1246 qua
1506 1212 1629 1239 nascitur
1637 1211 1759 1240 Thissaus.

1088 1255 1169 1283 XXII.
1186 1255 1239 1285 Sed
1255 1260 1283 1284 et
1297 1257 1348 1284 alia
1365 1261 1429 1285 sunt
1446 1258 1563 1292 plurima
1574 1259 1633 1293 ejus
1650 1258 1794 1289 adulteria,ex

1054 1302 1153 1338 quibus
1176 1310 1226 1330 nec
1247 1303 1404 1339 progeniem
1431 1305 1568 1340 suscepit,
1594 1313 1653 1340 qua:
1676 1311 1794 1333 enumerare

1053 1348 1121 1376 satis
1136 1349 1246 1383 longum
1259 1353 1312 1377 est.
1328 1348 1429 1377 Verum
1443 1357 1477 1378 cx
1492 1350 1536 1378 his
1550 1351 1673 1378 omnibus
1689 1357 1794 1386 quasenu-

1054 1393 1230 1426 meravimus,
1240 1394 1386 1422 nonnullas
1398 1395 1620 1428 transformatus,
1630 1400 1712 1431 utpote
1721 1403 1794 1430 magus,

1055 1439 1169 1468 vitiavit.
1178 1438 1299 1474 Denique
1309 1439 1443 1476 Antiopen
1457 1440 1553 1477 Nyctei
1566 1449 1657 1470 versus
1667 1443 1692 1469 in
1707 1446 1794 1476 satyrum

1055 1486 1189 1520 corrupit.
1209 1493 1243 1514 ex
1257 1494 1311 1521 qua
1329 1491 1484 1514 nascuntur
1502 1487 1639 1523 Amphion
1664 1491 1688 1515 et
1710 1486 1794 1518 Zethus;
1835 1506 1836 1509 η

217 1535 309 1562 notnia
326 1534 393 1571 (26),
411 1534 485 1567 Dice,
501 1535 594 1568 lrene;
617 1534 758 1563 Themisto
777 1535 834 1572 (27)
851 1537 954 1570 Inachi,
972 1527 1004 1565 ἐκ
1019 1527 1040 1556 C
1056 1531 1214 1559 Alcmenam
1238 1536 1361 1560 mutatus
1373 1533 1401 1560 in
1415 1533 1504 1560 virum
1520 1533 1582 1569 ejus
1596 1533 1794 1568 Amphitryonetn.

219 1586 273 1614 qua
290 1580 414 1607 nascitur
428 1580 529 1614 Arcas;
549 1580 639 1607 ldeam
660 1580 769 1613 Minois,
789 1590 822 1609 ex
843 1590 897 1618 qua
912 1582 1006 1610 nasci-

219 1629 266 1656 tur
276 1625 403 1653 Asterion
415 1635 422 1660 ;
431 1625 604 1654 Phoenissam
613 1627 766 1662 Alphionis,
775 1636 807 1655 ex
821 1636 874 1664 qua
884 1630 1006 1658 nascitur

218 1671 388 1707 Endymion;
408 1671 436 1700 lo
450 1672 561 1705 lnachi,
578 1681 611 1700 ex
635 1681 690 1709 qua
710 1674 834 1702 nascitur
856 1674 1006 1711 Epaphus;

219 1715 426 1752 Hippodamiam
438 1722 464 1745 et
475 1716 583 1746 lsionen
595 1717 680 1746 Danai
697 1718 778 1752 ﬁlias,
793 1727 909 1754 quarum
923 1728 1005 1748 unam

219 1762 426 1798 Hippodamiam
437 1763 550 1798 Olenus,
558 1763 667 1792 lsionen
673 1772 738 1792 vero
747 1764 938 1793 Orchomenus
949 1767 1006 1794 sive

219 1807 339 1844 Chryses
353 1808 462 1842 habuit;
475 1809 590 1837 Carmen
608 1809 756 1842 Phoenicis,
769 1819 801 1838 cx
813 1819 866 1846 qua
882 1812 1007 1840 nascitur

219 1854 392 1883 Britomartis
406 1855 475 1891 (28),
493 1864 554 1892 quae
578 1855 630 1883 fuit
648 1856 751 1884 sodalis
766 1856 876 1892 Dianai;
891 1856 1005 1885 Callisto

219 1899 365 1937 Lycaonis,
379 1909 414 1929 ex
429 1909 484 1937 qua
499 1901 624 1929 nascitur
634 1900 736 1935 Orcas;
751 1902 859 1939 Lybeen
874 1903 930 1939 (29)
947 1903 1006 1931 Mu-

1055 1585 1088 1606 ex
1105 1585 1158 1613 qua
1173 1578 1296 1606 nascitur
1312 1578 1457 1613 Hercules;
1474 1579 1604 1614 Eginam
1622 1579 1697 1615 Asopi
1710 1583 1796 1606 mutatus

1057 1625 1085 1651 in
1099 1624 1229 1660 aquilam,
1244 1633 1277 1652 cx
1291 1633 1345 1660 qua
1361 1626 1487 1653 nascitur
1501 1625 1616 1654 Eacus.
1637 1625 1685 1653 Sed
1702 1629 1724 1652 et
1734 1624 1796 1658 Gany-

1057 1671 1163 1698 medem
1186 1670 1317 1704 Dardani,
1338 1675 1461 1700 mutatus
1479 1672 1655 1700 nihilominus
1672 1671 1698 1699 in
1712 1670 1796 1706 aquilam

1058 1721 1185 1753 stuprat;
1211 1717 1363 1745 Mantheam
1384 1717 1470 1746 Phoci
1487 1723 1610 1746 mutatus
1633 1719 1659 1745 in
1682 1722 1796 1746 ursum,et

1056 1771 1110 1799 qua
1122 1763 1245 1791 nascitur
1258 1763 1374 1797 Arctos;
1390 1763 1500 1792 Danaen
1510 1764 1610 1792 Acrisii
1622 1767 1727 1791 mutatus
1735 1762 1756 1788 in
1765 1768 1797 1787 au-

1056 1817 1127 1842 rum,
1144 1817 1176 1837 ex
1201 1817 1254 1844 qua
1273 1810 1395 1838 nascitur
1412 1809 1546 1844 Perseus;
1567 1810 1684 1845 Europen
1697 1806 1796 1835 Phoenicis

1057 1858 1179 1883 mutatus
1194 1855 1222 1882 in
1238 1858 1358 1888 taurum,
1373 1863 1407 1883 ex
1417 1864 1471 1892 qua
1491 1857 1615 1884 nascitur
1631 1855 1737 1884 Minoset
1747 1850 1796 1879 Rha-

1056 1902 1213 1932 damantus,
1223 1899 1433 1938 Sarpedonque;
1443 1901 1655 1938 Eurymedusam
1663 1898 1751 1928 Achelai
1758 1895 1795 1931 (57)

844 2002 1027 2031 COTELERII
1044 2001 1160 2031 NOTE.

259 2091 314 2128 (24)
333 2091 404 2119 Audi
425 2099 501 2128 mtnc_
516 2096 542 2119 et
556 2090 595 2128 Ade
608 2091 757 2128 adulteriis.
770 2091 800 2119 In
819 2091 949 2128 Catalogo
963 2099 1007 2119 se-

220 2126 315 2163 quenti
339 2132 437 2162 praeter
457 2126 592 2163 vulgaria,
608 2127 692 2163 multa
717 2131 782 2163 sunt
804 2126 915 2155 nomina
930 2127 1007 2161 igno-

1060 2098 1122 2118 esse
1144 2090 1319 2118 librariorum
1342 2090 1415 2118 idem
1432 2094 1529 2118 auctor
1543 2089 1666 2117 observat
1680 2097 1686 2113 :
1701 2085 1794 2121 Ρθὶιὲεεῖνθ

1061 2125 1132 2160 apud
1144 2125 1258 2154 Caelium
1281 2125 1464 2161 Rhodiginum
1479 2126 1527 2152 lib.
1544 2131 1622 2155 xvut,
1637 2131 1660 2150 c.
1671 2119 1720 2148 26':
1733 2119 1795 2147 Crdo-

221 2161 290 2190 tiora
305 2171 311 2178 ο
329 2161 382 2190 non
395 2169 482 2197 pauca
498 2161 591 2197 (quod
614 2162 697 2189 etiam
711 2162 870 2197 lectionum
889 2162 1008 2190 varietas

1062 2161 1380 2197 martin,_Kpr,16itaprrtv
1393 2161 1400 2188 Ι

220 2196 506 2233 indicat)depravata
527 2196 686 2233 ':Aquaeilam
706 2196 800 2226 forsan
816 2205 877 2233 quae
887 2204 947 2233 non
961 2204 1007 2224 ει·
1023 2197 1045 2225 D

221 2236 297 2260 stant
310 2231 385 2260 alibi.
396 2231 453 2267 Ego
465 2239 527 2259 vero
537 2231 720 2259 ditliciliorum
734 2231 873 2260 nonnullis
886 2232 1007 2259 illustra-

222 2269 257 2295 tis
277 2271 305 2294 et
328 2267 469 2298 correctis,
483 2271 579 2294 caetera
594 2267 763 2295 doctioribus
778 2272 806 2295 et
817 2267 909 2295 minus
923 2274 1007 2294 occu-

222 2302 464 2339 patisulioininihus
476 2302 573 2339 reliqui
587 2302 764 2339 expendenda
777 2303 988 2339 quaerendaque.

257 2337 315 2372 (25)
333 2337 493 2364 Dodonaeus.
503 2337 568 2363 ’Δπὸ
581 2336 708 2364 Δωόὠνου
719 2338 766 2364 τοῦ
782 2336 841 2371 Διὸς
852 2338 898 2364 καὶ
915 2336 1007 2372 Εὖρώ-

224 2371 460 2409 ijStephanus
474 2372 512 2400 De
524 2372 644 2409 urbibus,
653 2373 688 2409 _in
701 2372 823 2409 Δωδώνῃ.

258 2407 313 2443 (26)
329 2406 515 2447 _Eurynomia._
534 2407 627 2447 Codex
651 2406 752 2447 Regius
776 2406 903 2436 et'Petiti
926 2406 1008 2435 Liber

224 2441 369 2473 Euromia;
385 2441 417 2469 ex
434 2450 488 2477 quo
503 2442 573 2470 l'acio
591 2441 733 2469 Eunomia.

259 2477 315 2514 (27)
332 2477 479 2514 Themisto.
497 2477 651 2514 Stephanus
666 2478 694 2504 in
705 2477 828 2514 ’ᾼρκάδι-
853 2478 960 2513 Ἴστρος
968 2477 1006 2510 δὲ,

223 2512 314 2549 (ﬁnale,
326 2512 476 2549 ertcnoﬁ;
487 2513 534 2549 κει).
545 2512 604 2545 Διὸς
614 2513 628 2538 ὁ
646 2512 745 2549 Ἀριεὰᾴ
757 2513 872 2549 ξιγένετοἶ

258 2546 314 2583 (28)
334 2546 481 2583 Οὰτῃιεη...
497 2546 684 2583 Britomartis;
698 2547 841 2583 Diodorus
858 2546 969 2583 Siculus
981 2551 1009 2574 et

223 2581 374 2611 Pausanias
383 2582 558 2610 Britomartin
570 2582 662 2610 Dianae
677 2583 790 2613 sociam.
807 2582 890 2609 ﬁliam
904 2582 1008 2609 faciunt

223 2617 298 2646 Jovis
314 2626 330 2646 e
344 2618 443 2646 Carme
464 2617 563 2646 Eubuli
586 2618 660 2652 tilia;
684 2617 792 2653 Virgilii
814 2624 880 2644 vero
902 2617 930 2644 in
951 2615 1009 2645 Ciri

224 2660 321 2681 versus
335 2658 377 2681 est
394 2663 400 2681 :

295 2688 382 2724 Quem
393 2689 473 2715 simul
484 2687 720 2724 Ogygiij‘hwniri:
729 2688 787 2724 ﬁlia
796 2686 899 2724 Canite.

226 2722 297 2751 Sane
308 2721 338 2751 in
351 2721 550 2758 Suppleinerito
575 2721 703 2758 Thesauri
717 2722 803 2749 critici
818 2722 949 2758 scriptum
955 2721 1008 2758 _in-

224 2759 304 2785 venio
319 2765 335 2786 a
346 2756 449 2786 Jaco'ho
461 2757 573 2786 Nicolao
586 2757 684 2785 Loensi
697 2757 743 2785 lib.
759 2765 817 2788 vni,
833 2764 858 2785 c.
873 2756 909 2784 26
925 2766 932 2784 ;
948 2756 1009 2784 Cle-

227 2801 298 2820 mens
319 2792 452 2820 Romanus
468 2793 644 2822 Britomartin
657 2792 782 2820 Charm:
794 2797 819 2819 et
833 2791 907 2819 Iouis
922 2792 1007 2826 filiam

229 2827 309 2864 fuit"
323 2827 397 2856 dicit.
414 2827 445 2856 Et
455 2827 623 2856 Critamartit
641 2835 690 2864 pro
703 2827 874 2857 Britomartis
885 2834 1005 2856 errorem

1615 2229 1620 2235 .

1173 2224 1401 2265 Hippodamiam:
1414 2224 1479 2258 Alii'
1493 2229 1675 2258 Laodamiam.
1698 2224 1793 2254 modo”!

1060 2264 1169 2293 Siculus
1180 2266 1357 2302 ᾼηῖδὰμειαν.
1385 2301 1395 2302 7
1464 2301 1471 2302 γ
1590 2300 1594 2302 _
1661 2299 1667 2302 _
1678 2298 1693 2302 __
1759 2294 1775 2302 ..

1105 2301 1149 2338 ξς)
1171 2296 1368 2338 ριῂηψῖιιάῳη.
1384 2301 1438 2329 Pro
1453 2300 1644 2338 Olympiqdem.
1661 2296 1791 2338 ξοῇυμπιῄδς·

1171 2330 1303 2376 ᾘνῖζζὶαῃι
1318 2330 1691 2376 Ρτᾳηξειήείζᾼῇβήιῃειιες
1704 2330 1742 2367 pro
1748 2330 1792 2376 Si":

1058 2366 1160 2414 meth'e'i.
1173 2366 1353 2414 Apollodorus
1368 2373 1416 2400 lib.
1438 2381 1458 2405 ι,
1479 2372 1588 2409 Πύρραν
1598 2370 1644 2407 τὴν
1667 2366 1791 2403 Ἐπιμηθέως

1058 2407 1105 2434 καὶ
1115 2406 1270 2442 Πανδώρας.

1094 2442 1149 2478 (35)
1171 2440 1345 2478 Helmetlu'us.
1361 2442 1476 2470 Videtur
1489 2442 1540 2471 iste
1554 2450 1614 2470 esse
1627 2440 1718 2470 Hellen,
1737 2444 1748 2463 I
1757 2441 1791 2469 illi"

1059 2477 1274 2512 'En'qvecidicti.
1638 2510 1656 2512 _
1672 2510 1676 2512 _
1687 2510 1699 2512 __
1754 2503 1781 2512 ..ι

1058 2505 1148 2574 θλξὲ)
1167 2505 1325 2540 Ethelhun.
1341 2512 1449 2548 Optima
1460 2513 1609 2549 scriptura,
1622 2510 1742 2539 Aitltlilm.
1754 2505 1790 2530 Ἀέ-

1092 2555 1130 2574 ιον
1133 2567 1140 2573 .

1061 2581 1333 2643 Αιίῗὲεδώπιίππ
1357 2583 1447 2619 Aw?"
1472 2583 1618 2620 Σαλαμῖνι.
1641 2574 1789 2609 Pausanqu

1110 2624 1166 2645 ICIS.

1093 2652 1150 2687 (se)
1171 2652 1304 2681 Plutiden.
1328 2653 1445 2681 Plutide.
1459 2652 1532 2681 infra
1547 2653 1630 2682 ωδ,
1648 2645 1788 2687 Piguit-Ii?

1056 2679 1206 2745 meum
1215 2679 1245 2715 τέ
1256 2679 1304 2722 isi
1314 2679 1457 2720 nam;
1471 2679 1628 2716 Ρῐιῖεέὶιίειξ
1638 2687 1663 2713 in
1680 2679 1789 2713 certati--

1093 2758 1147 2793 (57)
1169 2757 1378 2794 Eurymeduram
1385 2758 1504 2787 Acheloi.
1513 2758 1553 2787 Ex
1561 2754 1727 2794 Clementinis.

1059 2785 1104 2829 toi‘.
1119 2785 1154 2821 χι
1175 2785 1693 2829 ειᾷηοὲιιίᾚάὲῖιὶἁίίίιὶνῖ’κλητοροςι
1708 2785 1787 2819 im"

1059 2827 1188 2864 Amobio,
1203 2826 1322 2858 Clitorie.

1819 28 1829 184 l
