1873 3095
197 143 269 172 III-5

626 141 654 169 S.
673 140 872 169 CLEMENTIS
889 140 898 167 I
917 139 1002 168 80M.
1019 139 1121 167 ΡΟΝΤ.
1139 137 1254 166 οΡΕΗΑ
1269 137 1378 165 DL‘BIA.

1773 135 1830 162 I536

202 211 265 230 nem
287 200 355 237 (55),
368 201 525 236 multosque
540 200 608 228 alios
623 207 672 235 per
686 199 793 229 diversa
809 200 871 227 loca
892 199 993 234 singuli
1009 201 1031 230 Α
1047 198 1155 233 placare
1166 197 1261 228 velint,
1278 203 1328 232 pro
1344 195 1448 223 honore
1467 193 1592 222 omnium
1607 192 1754 221 abstinere
1765 201 1792 221 se
1803 195 1832 222 ab

199 253 229 277 ut
244 249 310 276 deos
327 248 422 275 colunt
437 252 464 275 et
484 248 611 279 adorant,
628 254 699 282 quos
715 246 841 274 homines
862 249 987 273 mortuos

195 296 282 324 fuisse
309 302 364 322 non
389 294 526 322 dubitant.
553 292 630 320 Unde
657 300 831 328 consequens
847 296 890 320 est
905 293 987 320 etiam

195 341 303 377 priores
319 340 403 368 simili
431 347 525 366 errore
550 339 704 375 prolapsos,
731 339 849 366 mortuis
869 337 989 366 homini-

195 387 258 418 bus,
276 387 322 422 qui
335 385 405 413 forte
419 385 549 420 potentia:
561 385 663 420 aliquid
678 385 720 413 vel
736 385 803 412 artis
822 384 986 416 habuerant,

194 433 367 468 maximeque
382 432 404 460 si
421 432 574 467 phantasiis
583 431 696 466 magicis
715 432 742 458 in
758 434 897 466 stuporem
907 431 986 459 stoli-

193 479 244 507 dos
262 479 387 506 homines
402 478 592 510 adduxerant,
615 477 746 505 honorem
773 477 923 505 contulisse
943 477 987 505 di-

193 525 297 552 vinum.

228 568 322 596 XXVI.
340 567 399 595 Jam
412 568 475 596 hinc
490 568 612 596 additum
627 573 678 601 est,
695 574 725 596 ut
738 573 765 597 et
781 573 867 604 poetae
878 569 988 604 elegan-

193 616 231 643 tia
243 615 386 642 verborum
402 620 555 642 commenta
568 615 671 643 erroris
686 619 827 647 ornarent,
842 619 869 642 et
894 615 987 643 suavi-

193 666 249 689 tate
261 661 371 689 dicendi
388 661 556 689 immortales
570 661 682 689 eﬂ'ectos
692 669 753 689 esse
768 669 800 689 ex
821 662 985 690 mortalibus

194 709 406 744 persuaderent;
429 708 484 736 imo
500 713 528 736 et
543 709 661 744 amplius
677 708 792 743 aliquid.
809 716 842 736 ex
866 709 986 735 homini-

193 754 246 782 bus
263 754 339 781 aiunt
355 754 449 782 stellas
467 754 542 786 fieri,
560 757 587 781 et
604 754 727 787 arbores,
747 758 775 781 et
797 755 940 786 animalia,
959 757 987 781 et

194 800 286 832 ﬂores,
302 805 328 829 et
344 809 408 828 aves
423 801 568 836 fontesque
579 809 611 828 ac
624 800 732 833 ﬂuvios,
748 805 774 828 et
787 801 816 828 ni
829 801 986 828 verbositas

193 846 342 878 videretur,
358 854 453 874 omnes
469 853 538 881 pene
558 847 651 874 stellas
662 866 669 878 ,
691 855 761 882 quas
777 854 810 874 ex
828 846 985 874 hominibus

1042 244 1171 271 omnibus
1186 243 1342 278 oportebat,
1359 245 1389 269 ut
1413 244 1476 268 ante
1500 240 1575 268 diem
1599 238 1704 275 iudicii
1725 239 1796 274 justa
1820 248 1833 267 a

1042 290 1199 324 semetipsis
1222 289 1358 317 sententia
1375 287 1562 320 condemnati,
1581 289 1675 313 morte
1688 285 1834 313 miserrima

1043 344 1092 372 per
1105 336 1223 363 inediam
1238 335 1406 370 deperirent.

1081 381 1201 409 XXVIII.
1216 380 1317 408 Verum
1335 380 1367 408 ad
1389 380 1559 416 propositum
1574 382 1764 406 revertamur.
1779 377 1843 411 Qua,

1040 429 1161 456 malum!
1189 428 1260 455 ratio
1287 432 1338 460 est,
1360 427 1414 454 imo
1441 434 1502 462 quae
1532 426 1656 453 amentia
1684 423 1834 451 mortalium

1039 475 1161 510 possidet
1185 478 1301 507 mentes,
1317 478 1348 501 ut
1373 473 1512 501 hominem
1528 480 1612 507 quem
1635 471 1768 506 impium,
1784 479 1836 499 sce-

1039 521 1150 552 lestum,
1173 519 1332 556 profanum,
1354 519 1448 548 Jovem
1466 519 1539 551 dico,
1552 519 1707 549 incestum.
1730 518 1837 553 parrici-

1038 567 1111 599 dam,
1128 567 1284 594 adulterum
1300 574 1356 594 non
1373 567 1464 594 solum
1484 565 1578 594 sciunt
1591 572 1668 597 esse,
1686 563 1738 592 sed
1753 569 1779 591 et
1793 572 1837 599 pu-

1038 613 1109 641 blice
1126 613 1154 640 in
1180 613 1297 640 theatris
1315 616 1440 644 cantant,
1455 612 1529 639 hunc
1546 616 1578 638 ut
1595 610 1683 638 deum
1707 610 1798 637 colant
1814 615 1837 636 et

1038 659 1171 686 adorent?
1192 659 1246 686 Aut
1261 659 1286 686 si
1311 666 1360 694 pro
1384 659 1428 686 his
1453 658 1538 693 gestis
1560 657 1632 684 deus
1646 663 1714 683 esse
1733 654 1836 685 meruit.

1037 713 1104 741 ergo
1119 710 1147 734 et
1161 706 1184 734 si
1204 713 1274 741 quos
1295 705 1411 732 audiunt
1426 704 1590 735 homicidas,
1603 703 1766 732 adulteros.
1783 709 1837 736 par-
1870 735 1871 738 η

1038 752 1150 784 ricidas,
1160 752 1281 779 incestos
1292 751 1374 778 etiatn
1388 758 1462 778 nunc
1472 750 1572 778 debent
1583 753 1615 777 ut
1629 749 1704 777 deos
1718 748 1836 776 adorare.

1038 797 1093 824 Sed
1120 797 1194 833 quod
1216 797 1244 824 in
1267 797 1329 824 aliis
1353 800 1543 828 exsecrantur,
1560 795 1636 823 scire
1651 796 1772 822 omnino
1789 802 1838 821 non
1870 795 1871 800 ‘

1036 851 1149 878 possum
1164 851 1215 871 cur
1228 843 1256 870 in
1272 843 1320 870 illo
1333 848 1507 870 venerentur.
1519 842 1550 869 Et
1560 841 1663 869 Petrus
1680 840 1836 876 respondit:

193 883 439 919 eﬂ'ectas'asserunt
455 899 617 919 enumerare
626 892 789 920 velarbores
797 892 838 919 vel
846 891 936 920 fontes
954 899 986 919 ac
1003 897 1022 924 Β
1037 890 1172 923 Quoniam
1199 894 1225 917 te
1244 889 1352 916 nescire
1375 888 1457 920 dicis,
1482 888 1558 915 disce
1578 895 1593 914 a
1614 895 1663 915 me
1678 894 1734 913 cur
1757 887 1784 914 in
1798 886 1838 914 illo

193 936 289 965 ﬂuvios
299 945 407 972 possem
420 946 426 970 ;
446 937 561 972 exempli
574 942 663 964 tamen
676 945 758 965 causa
769 938 875 973 singula
889 938 985 966 saltem

191 990 224 1010 ex
232 983 348 1018 singulis
356 983 834 1019 memorabo.Andromedamitlephei
843 984 869 1011 in
879 984 985 1012 stellam

192 1028 287 1056 dicunt
304 1036 366 1056 esse
388 1036 560 1061 conversam,
580 1028 711 1064 Daphnen
734 1029 853 1057 Ladonis
865 1030 939 1057 ﬂuvii
955 1030 986 1057 Ii-

193 1073 258 1100 liam
273 1074 300 1101 in
315 1074 440 1101 arborem
456 1078 650 1101 commutatam
660 1095 667 1107 ,
687 1073 868 1110 Hyacinthum
885 1075 987 1110 Apolli-

193 1117 236 1145 nis
252 1117 381 1145 dilectum
395 1118 421 1144 in
437 1117 542 1150 ﬂorem,
560 1118 674 1146 Callisto
693 1119 720 1146 in
733 1120 810 1147 sidus
827 1120 901 1155 quod
917 1121 986 1148 Arc-

193 1167 241 1190 ton
250 1169 360 1195 vocant,
372 1163 499 1199 Prognen
514 1168 541 1191 et
556 1163 736 1192 Philomelam
747 1172 811 1192 cum
829 1165 917 1193 Tereo
929 1167 985 1203 (54)

192 1209 219 1237 in
238 1217 312 1243 aves,
335 1209 460 1246 'I‘hyshen
477 1209 547 1245 apud
559 1209 684 1237 Cilici-am
700 1211 727 1238 iu
743 1211 854 1243 fontem,
866 1215 892 1239 et
905 1211 984 1248 Pyra-

192 1263 267 1283 mum
283 1256 349 1284 inibi
361 1257 388 1284 in
403 1255 513 1283 ﬂuvium
528 1257 679 1289 resolutos,
692 1265 844 1293 omnesque
862 1266 941 1293 pene,
957 1262 986 1286 ut

195 1301 264 1334 dixi,
282 1303 324 1330 vel
341 1303 447 1335 stellas,
469 1304 511 1331 vel
526 1303 649 1336 arbores,
670 1303 814 1339 fontesque
831 1313 862 1332 ac
876 1304 984 1337 ﬂuvios,

192 1347 328 1384 ﬂoresque
344 1353 370 1376 ct
386 1349 524 1382 animalia,
542 1349 584 1377 vel
600 1357 674 1382 aves,
695 1351 844 1387 aliquando
858 1351 984 1381 homines

193 1393 282 1421 fuisse
297 1394 473 1422 confirmant.

229 1439 334 1468 XXVII.
352 1440 386 1467 At
397 1440 495 1468 Petrus
510 1441 568 1469 haec
584 1441 699 1470 audiens
715 1443 771 1470 ait:
789 1442 860 1478 Ergo
886 1449 985 1471 secun-

193 1486 258 1514 dum
271 1486 510 1522 ipsos,antequam
520 1487 644 1515 homines
652 1492 823 1516 mutarentur
835 1489 862 1516 in
878 1489 983 1520 stellas.

193 1533 235 1560 vel
254 1536 352 1560 caztera
366 1540 427 1568 qute
439 1541 595 1568 enumeras,
608 1538 634 1562 et
643 1534 743 1561 ccelum
763 1535 822 1563 sine
829 1535 916 1562 stellis
927 1539 985 1562 erat

192 1582 220 1606 et
238 1582 311 1605 terra
327 1579 387 1606 sine
403 1579 549 1608 arboribus
567 1584 594 1607 et
605 1580 787 1611 'animalibus,
813 1588 864 1608 nec
881 1580 981 1613 fontes,

194 1631 245 1651 uec
261 1623 384 1658 ﬂumina,
401 1633 452 1652 nec
471 1633 535 1654 aves
558 1631 650 1657 erant;
667 1630 694 1654 et
709 1625 847 1661 quomodo
863 1626 914 1661 ipsi
931 1627 982 1654 ho—

193 1670 282 1698 mines
293 1671 422 1698 vixerunt
437 1672 496 1700 sine
507 1672 560 1705 his,
577 1672 623 1708 qui
635 1672 663 1700 in
671 1672 728 1700 haec
738 1672 909 1708 postmodum
924 1680 986 1700 mu-

192 1717 242 1743 tati
250 1720 325 1750 sunt,
341 1725 403 1745 cum
422 1722 529 1746 constet
546 1727 597 1746 nec
608 1719 731 1754 potuisse
743 1727 856 1754 prorsus
872 1719 931 1746 sine
943 1718 986 1747 his

193 1763 278 1790 vitam
286 1763 387 1791 ducere
397 1763 524 1792 homines
540 1765 565 1792 in
577 1765 672 1793 terris?
681 1764 713 1792 Et.
723 1773 772 1801 ego
781 1765 920 1800 respondi:
932 1763 986 1792 Sed

194 1815 228 1836 ne
242 1809 332 1843 ipsqu
348 1809 459 1844 quidem
471 1810 575 1837 cultum
587 1811 699 1838 deorum
711 1818 823 1838 suorum
839 1810 986 1838 observare

193 1859 395 1890 consequenter
405 1857 718 1892 norunt;uuusquisque
726 1856 798 1884 enim
808 1863 902 1883 eorum
915 1863 985 1890 quos

193 1901 298 1934 colunt,
314 1901 395 1929 habet
409 1901 511 1937 aliquid
536 1902 587 1930 sibi
602 1903 735 1934 dicatum,
748 1909 763 1929 a
776 1909 832 1937 quo
846 1901 945 1929 debent
956 1909 986 1930 se

193 1948 338 1976 continere
366 1949 498 1982 cultores,
522 1953 617 1984 utpote
639 1949 766 1977 Minerva:
793 1949 904 1980 olivam,
924 1947 984 1976 ,Ιονί

195 1999 304 2027 capram
327 1993 420 2021 ferunt
435 1994 564 2027 dicatam,
582 1995 674 2023 Cereri
695 1995 812 2026 semina,
828 1994 928 2022 Libero
948 1994 987 2022 vi-

195 2046 272 2071 num,
289 2039 360 2068 Osiri
377 2047 476 2074 aquam
500 2040 567 2077 (55),
590 2041 735 2069 Hammoni
751 2043 874 2074 arietem,
894 2040 985 2068 Diana:

194 2093 318 2119 cervum,
344 2085 477 2122 Syrorum
498 2088 614 2115 (ἱκτηοηί
636 2088 740 2123 piscem
765 2092 792 2115 et
809 2087 984 2121 columbam,

195 2129 317 2159 Vulcano
332 2132 437 2168 ignem;
458 2138 484 2161 et
496 2133 654 2169 unicuique,
672 2138 702 2160 ut
727 2134 795 2166 dixi,
813 2138 856 2161 est
880 2134 985 2169 aliquid

195 2177 305 2211 proprie
320 2178 451 2212 dicatum,
467 2187 482 2206 a
499 2188 554 2215 quo
567 2180 710 2215 oportebat
723 2181 861 2208 abstinere
884 2189 913 2209 se
924 2181 985 2208 cul-

196 2226 270 2249 tores
285 2222 319 2250 ad
337 2224 468 2252 honorem
486 2233 581 2252 eorum
597 2226 698 2260 quibus
709 2226 798 2253 dicata
816 2231 889 2254 sunt.
908 2226 986 2255 Nunc

193 2271 283 2296 autem
294 2269 393 2305 singuli
403 2271 437 2298 ab
446 2279 500 2298 uno
509 2272 603 2307 aliquo
611 2279 640 2299 se
649 2272 837 2305 observantes,
845 2281 894 2308 pro
903 2273 985 2301 unius

1040 936 1195 963 facinorosa
1219 938 1296 971 gesta
1327 939 1511 966 venerentur;
1540 934 1633 969 primo
1658 933 1792 969 quidem,
1814 937 1840 960 ut

1037 990 1101 1010 cum
1130 982 1184 1018 ipsi
1211 981 1311 1009 similia
1334 981 1450 1016 egerint,
1467 984 1594 1015 acceptos
1621 987 1654 1008 se
1683 981 1712 1007 ei
1739 980 1840 1007 lutum

1038 1031 1139 1062 sciant,
1157 1031 1253 1063 utpote
1264 1034 1346 1063 quem
1358 1027 1502 1054 imitantur
1515 1027 1541 1054 in
1556 1026 1693 1061 ﬂagitiis;
1712 1027 1838 1055 secundo.
1870 1037 1871 1054 ι

1037 1075 1110 1110 quod
1128 1074 1185 1101 haec
1200 1074 1299 1101 litteris
1313 1073 1381 1101 scite
1396 1072 1536 1100 recondita
1549 1076 1577 1100 et
1586 1073 1726 1100 versibus
1738 1072 1839 1107 elegan-
1870 1073 1871 1082 ‘

1037 1124 1079 1148 ter
1104 1120 1208 1148 inserta
1237 1123 1344 1147 veteres
1367 1119 1551 1154 reliquerunt.
1569 1117 1604 1145 Et
1621 1126 1705 1146 nunc
1733 1118 1839 1153 puerilis
1870 1116 1871 1154 ἦ

1037 1165 1202 1194 eruditionis
1223 1165 1350 1197 obtentu,
1375 1172 1438 1192 cum
1461 1172 1556 1192 eorum
1577 1164 1686 1191 notitia
1698 1164 1839 1192 teneriset
1870 1171 1871 1202 ξ

1038 1212 1210 1247 simplicibus
1225 1211 1372 1238 adhaeserit
1384 1210 1533 1243 mentibus,
1546 1210 1647 1238 revelli
1659 1218 1700 1238 ex
1710 1210 1754 1238 eis
1768 1214 1839 1244 atque

1038 1259 1118 1293 abjici
1136 1258 1283 1285 diﬂiculter
1296 1261 1398 1293 potest.

1073 1304 1169 1332 XXIX.
1187 1304 1249 1331 Haec
1270 1311 1333 1331 cum
1351 1303 1466 1331 dixisset
1481 1303 1592 1335 Petrus,
1612 1301 1718 1330 Niceta
1734 1310 1837 1338 respou-

1037 1351 1077 1378 dit
1093 1361 1099 1378 :
1114 1350 1172 1378 Non
1187 1355 1278 1385 putes,
1295 1349 1406 1376 domine
1425 1350 1461 1376 mi
1478 1348 1567 1380 Petre,
1583 1356 1641 1375 non
1660 1348 1771 1376 habere
1785 1355 1838 1375 ent-

1036 1399 1109 1425 ditos
1122 1404 1247 1433 quosque
1261 1396 1402 1431 gentilium
1414 1394 1682 1423 verisimilitudines
1699 1393 1836 1429 quasdam,

1036 1443 1137 1480 quibus
1165 1447 1292 1471 astruant
1316 1442 1375 1469 haec
1399 1449 1460 1477 quae
1485 1441 1638 1476 culpabilia
1669 1441 1837 1468 videnturet

1037 1490 1169 1525 probrOSa
1182 1500 1188 1517 :
1200 1497 1261 1525 quae
1273 1489 1382 1524 quidem
1401 1495 1451 1523 ego
1464 1495 1518 1515 non
1533 1491 1564 1514 ut
1577 1486 1761 1514 conﬁrmans
1772 1494 1838 1514 em»

1036 1545 1080 1565 res
1107 1544 1203 1564 eorum
1226 1536 1289 1564 dico
1314 1535 1397 1571 (absit
1422 1534 1496 1562 enim
1511 1541 1526 1560 a
1543 1541 1589 1561 me
1601 1553 1610 1565 ,
1625 1538 1658 1560 ut
1674 1533 1731 1561 hoc
1753 1533 1794 1560 vel
1809 1533 1838 1559 ad

1036 1583 1229 1618 cogitationem
1246 1590 1333 1610 meam
1362 1581 1479 1615 veniat),
1496 1580 1546 1608 sed
1575 1583 1677 1607 tamen
1705 1580 1767 1608 scio
1785 1587 1839 1607 esse

1039 1629 1111 1666 apud
1138 1630 1330 1665 prudentiores
1347 1629 1470 1664 ipsorum
1485 1626 1668 1654 defensiones
1697 1627 1838 1662 quasdam.

1038 1677 1138 1712 quibus
1154 1680 1279 1703 astruere
1294 1678 1322 1702 et
1332 1675 1456 1702 colorare
1469 1673 1560 1701 solent
1569 1672 1630 1700 hac
1637 1680 1707 1707 quae
1719 1673 1840 1700 videntur

1037 1722 1169 1750 absurda.
1188 1721 1222 1748 Et
1237 1721 1261 1749 si
1277 1721 1328 1748 tibi
1343 1721 1442 1756 placet,
1462 1724 1493 1747 ut
1507 1719 1598 1755 aliqua
1614 1727 1650 1746 ex
1678 1719 1727 1747 bis
1753 1718 1839 1754 profe-

1037 1776 1108 1800 ram,
1128 1775 1189 1803 qme
1204 1775 1236 1795 ex
1253 1770 1330 1803 parte
1347 1767 1438 1801 aliqua
1451 1765 1569 1796 retineo,
1582 1769 1615 1792 ut
1627 1765 1720 1800 jubes
1735 1764 1838 1792 faciam.

1037 1815 1160 1849 Cumque
1170 1814 1268 1841 Petrus
1279 1813 1460 1849 permisisset,
1468 1811 1561 1839 Niceta
1572 1811 1627 1838 hoc
1635 1811 1726 1838 modo
1736 1811 1820 1846 erepit
1831 1818 1837 1835 :

1076 1859 1162 1887 XXX.
1176 1860 1274 1888 Omnis
1289 1866 1380 1887 sermo
1394 1858 1467 1894 apud
1475 1857 1595 1889 Graecos,
1607 1856 1658 1892 qui
1670 1856 1709 1885 de
1722 1856 1839 1891 antiqui.

1037 1906 1102 1934 tatis
1127 1906 1234 1941 origine
1257 1905 1454 1938 conscribitur,
1466 1911 1528 1932 cum
1550 1903 1621 1931 alios
1646 1903 1768 1936 multos,
1784 1907 1836 1929 tua

1037 1952 1106 1979 duos
1121 1952 1274 1986 praecipuos
1290 1954 1417 1977 auctores
1432 1949 1524 1980 habet.
1537 1948 1684 1983 Orpheum
1704 1954 1733 1975 et
1745 1947 1838 1976 Hesio-
1870 1947 1871 1986 ξ

1037 1998 1112 2025 dum.
1129 1997 1232 2024 Horum
1248 2004 1314 2032 ergo
1330 1996 1433 2031 scripta
1445 1995 1473 2022 in
1484 1995 1554 2022 duas
1567 1997 1668 2029 partes
1685 1994 1837 2029 intelligu-

1037 2044 1080 2071 tia‘.
1098 2043 1268 2075 dividuntur,
1282 2043 1309 2070 id
1323 2046 1376 2074 est,
1393 2041 1545 2070 secundum
1562 2041 1688 2068 litteram
1701 2044 1730 2068 et
1740 2047 1835 2067 secun-

1036 2089 1102 2116 dum
1131 2090 1305 2124 allegoriam;
1322 2093 1349 2116 et
1372 2088 1407 2116 ad
1429 2095 1462 2116 ea
1479 2086 1588 2123 quidem
1604 2094 1671 2122 quae
1685 2085 1833 2114 secundum
1870 2085 1871 2111 ἓ

1037 2136 1155 2164 litteram
1182 2140 1258 2167 sunt,
1275 2135 1404 2170 ignobilis
1429 2134 1502 2169 vulgi
1533 2132 1613 2160 turba
1642 2132 1834 2163 conﬂuxit,ea

1037 2189 1104 2210 vero
1129 2189 1191 2216 qua:
1213 2181 1365 2209 secundum
1394 2180 1552 2215 allegoriam
1581 2182 1729 2210 constant,
1749 2178 1832 2205 omnis

1037 2228 1263 2263 philosophorum
1279 2232 1306 2255 et
1321 2227 1493 2255 eruditorum
1517 2226 1676 2261 loquacitas
1703 2225 1830 2253 admirata

1037 2278 1091 2301 est.
1105 2273 1232 2309 Orpheus
1247 2273 1331 2309 igitur
1343 2272 1399 2309 (56)
1417 2277 1470 2305 est,
1483 2272 1531 2308 qui
1546 2271 1614 2299 dicit
1632 2271 1728 2307 primo
1754 2271 1831 2298 fuisse

194 2314 299 2343 honore
310 2321 423 2346 cteteros
433 2325 529 2346 omnes
543 2319 628 2346 iratos
646 2319 764 2353 habent;
776 2327 846 2355 quos
855 2320 950 2355 utique
961 2320 984 2346 si
1003 2316 1024 2342 Β
1038 2321 1123 2348 chaos
1152 2320 1350 2355 sempiternum
1361 2339 1369 2352 ,
1398 2320 1575 2351 immensum,
1606 2319 1776 2354 ingenitum,
1801 2324 1830 2344 ex

839 2370 1025 2404 COTELERII
1044 2377 1158 2405 NOTAE.

194 2430 306 2467 τροκλον
316 2429 483 2467 diazomata.
498 2429 549 2467 S_ed
567 2430 818 2467 malim,70pumum
837 2435 884 2467 aut
897 2430 985 2465 Opun-

194 2464 258 2498 tém,
267 2473 300 2493 ex
313 2464 494 2501 Clemenlinis,
505 2465 659 2500 Πάτροκλον
679 2464 838 2493 Ὀπούντιοι.
849 2464 985 2501 Opuntius

194 2501 266 2529 enim
282 2505 341 2528 erat
354 2500 507 2528 Patroclus.

230 2536 287 2571 (55)
305 2535 381 2570 Apud
401 2535 521 2571 Rhodum
543 2535 726 2563 Alexandrum
741 2536 921 2564 Macedonem.
938 2536 986 2564 Jo-

194 2570 325 2607 culariter
338 2571 409 2605 apud
425 2570 690 2607 Caesariumflféam
707 2572 753 2599 τὸν
764 2573 914 2607 εὶκήμαχον
925 2573 985 2599 Μα-

193 2606 300 2637 κέδονα,
322 2609 471 2635 verterunt,
488 2606 583 2633 Rhodii
609 2606 776 2634 Icemaclzum
802 2606 983 2634 Macedonem.

195 2641 333 2678 Tuhserio,
351 2641 704 2678 temerariumpugnatorem
719 2642 849 2678 intellige.

229 2676 285 2713 (54)
306 2676 436 2713 Prognen}
453 2681 477 2703 et
494 2676 668 2713 Philomelam
683 2686 741 2713 cum
759 2676 849 2705 Teréo.
865 2677 982 2713 Legatur

194 2712 275 2739 velim
289 2712 398 2747 elegans
415 2711 535 2746 Epistola
556 2711 680 2747 Gregorii
696 2712 871 2744 Nazianzcni,
883 2711 981 2747 prima

196 2751 321 2777 numero,
338 2746 499 2779 notaturque
511 2753 571 2772 eam
587 2746 727 2779 epistolam
742 2747 768 2773 in
781 2747 872 2773 codice
883 2746 981 2773 Vindo-

197 2777 320 2808 bonensi.
334 2778 514 2808 Lambeciano
528 2780 571 2808 75.
587 2780 801 2808 Theoloaicorum
816 2780 977 2808 ercorum.

198 2790 320 2810 Dltllcllsl,
334 2790 514 2808 Lambeciano
532 2790 571 2812 ID,
587 2790 801 2816 aneowgztorum
816 2790 977 2812 urwcorum,

196 2813 280 2852 tribui
302 2813 413 2852 Basilio,
438 2822 605 2852 perperam;
623 2823 671 2852 ms.
694 2821 783 2843 autem
809 2816 895 2852 Regio
910 2816 979 2843 1474

198 2848 304 2887 titulum
321 2849 419 2887 habere
438 2848 446 2876 Ξ
462 2848 532 2887 Πγρδς
549 2850 693 2877 Κελεύσιον
709 2852 835 2887 ἅρχᾳντα,
851 2848 931 2886 ipim
949 2852 977 2878 ἐν

198 2881 311 2916 Γλαμίδι
325 2883 355 2917 (Γ.
371 2885 404 2919 τῇ
418 2881 511 2920 Δαμίδι
527 2893 557 2914 ex
574 2886 651 2921 epist.
668 2887 712 2921 99)
729 2881 873 2921 ﬁsa-(ml;

1075 2431 1135 2468 (55),
1153 2430 1227 2459 Osiri
1238 2440 1346 2468 aquam.
1362 2431 1431 2468 Quia
1446 2439 1495 2466 per
1508 2431 1646 2468 Osiridem
1661 2440 1777 2468 Aaquam
1798 2435 1832 2462 ia-

1038 2467 1216 2502 lelligcbant:
1240 2466 1487 2502 μὲταλαμϐἁνουσι,
1515 2467 1563 2494 τὸν
1590 2467 1642 2502 μὲν
1660 2466 1774 2502 ὀὀιριν
1798 2473 1831 2502 si;

1042 2502 1123 2537 ὕδωρ,
1136 2502 1185 2537 τὴν
1203 2502 1231 2529 δὲ
1247 2502 1315 2529 Ἶσιν
1336 2504 1376 2533 εἰς
1395 2502 1457 2537 γῆν.
1472 2502 1621 2537 Origenes,
1636 2509 1655 2527 ν
1674 2504 1702 2530 in
1718 2502 1830 2533 Celsum.

1042 2511 1095 2529 υοω
1117 2523 1123 2534 ,
1136 2511 1185 2537 την
1203 2511 1231 2529 οε
1261 2511 1315 2529 ισιν
1336 2511 1376 2533 εις
1395 2511 1457 2537 γην.
1472 2511 1621 2537 urlgenes,
1636 2511 1655 2527 Ἴ
1674 2512 1702 2530 ιιι
1718 2511 1830 2533 Letum.

1036 2545 1063 2572 p.
1079 2511 1132 2570 6g;
1149 2544 1196 2573 seu
1211 2537 1241 2564 τὸ
1253 2537 1389 2573 ὕγρονηῇη
1407 2537 1536 2565 Sallustio
1551 2536 1722 2573 philosopho
1735 2539 1774 2567 De
1785 2540 1830 2566 di:

1035 2571 1059 2600 ἐι
1075 2571 1172 2598 mundo
1188 2579 1213 2599 c.
1228 2573 1262 2605 4;
1281 2571 1329 2599 seu
1345 2572 1435 2599 Nilum
1451 2593 1458 2604 ,
1476 2571 1718 2601 teste'Heliodoro
1735 2575 1784 2603 lib.
1796 2583 1829 2606 ιι,

1054 2611 1097 2634 ost
1112 2606 1250 2634 Elianqu
1269 2608 1314 2634 lib.
1331 2615 1358 2639 x,
1377 2608 1414 2634 De
1435 2612 1533 2634 natura
1553 2608 1730 2638 animalium.
1743 2618 1769 2637 ε.
1787 2610 1828 2640 ιθ,

1059 2643 1212 2670 lutarchum
1237 2642 1276 2669 De
1293 2643 1364 2670 Iside
1383 2651 1414 2669 ac
1427 2643 1656 2678 OsirideLatque
1686 2644 1829 2672 Eusebium

1035 2677 1187 2712 Prwparat.
1206 2686 1296 2713 evang.
1314 2679 1362 2705 lib.
1380 2685 1423 2710 ul,
1438 2685 1464 2705 ρ.
1481 2679 1525 2705 Η.
1542 2677 1700 2706 Videantur
1714 2679 1828 2707 Clemat—

1034 2713 1092 2740 tina
1109 2714 1182 2740 hom.
1199 2721 1236 2745 v1,
1252 2721 1280 2740 n.
1298 2713 1324 2740 9.

1070 2747 1126 2783 (56)
1149 2747 1267 2783 orpheus
1292 2749 1384 2782 igitur.
1415 2747 1453 2775 De
1476 2747 1578 2782 Orphei
1603 2748 1735 2777 doctrina
1762 2750 1829 2776 iuuet

1033 2782 1085 2820 alia
1096 2783 1158 2820 lege
1172 2782 1296 2820 Graecum
1314 2783 1495 2820 fragmentum
1508 2782 1647 2820 Timothei
1659 2784 1828 2820 Chronogn-

1033 2818 1079 2853 phi
1095 2818 1122 2845 in
1135 2818 1244 2855 Eusebii
1259 2819 1396 2847 Chronicis
1409 2818 1491 2855 paulo
1501 2823 1564 2853 post
1573 2819 1699 2855 initium,
1711 2818 1826 2855 atquin

1032 2862 1065 2880 eo
1076 2854 1182 2892 corrige
1189 2853 1343 2892 _Cedre_r_ium
1355 2861 1417 2892 pag:
1427 2853 1472 2892 a6,
1485 2854 1531 2881 ubi
1544 2853 1824 2892 pudendoscripturz

1032 2893 1123 2916 errato
1130 2888 1256 2924 Orpheus
1265 2888 1365 2916 dicitur
1371 2889 1386 2915 ὁ
1395 2888 1600 2925 Βρακϋσιοςζῳιὶ
1608 2888 1757 2927 ὀδρὺτιοξ
1763 2898 1823 2920 στω.
