1873 3095
187 155 253 184 ιιω

626 154 653 182 S.
672 154 870 182 CLEMENTIS
888 154 896 181 Ι
913 154 997 182 ROM.
1015 152 1116 181 ΡΟΝΤ.
1134 151 1247 180 OPERA
1263 151 1381 181 DUBIA.

1774 150 1836 179 tuo

185 223 250 251 ergo
268 215 350 243 modo
367 223 416 250 per
429 215 585 251 allegoriam
599 214 719 242 Cronum
738 214 860 250 quidem,
876 214 922 249 qui
937 217 979 240 est
993 215 1018 244 Λ
1033 212 1173 245 rorantis,
1203 216 1229 240 et
1253 211 1382 239 occultati
1408 211 1484 246 pueri
1514 217 1565 245 per
1585 208 1786 245 Corybantum
1812 214 1837 236 et

186 261 332 293 Saturnus,
349 265 454 296 tempus
465 269 537 293 esse,
553 261 724 292 ut,diximus,
735 260 856 291 tradunt,
871 259 974 287 Rheam

187 306 447 338 materiam,Aiden,
465 306 492 333 id
505 313 546 334 est
561 306 673 338 Orcum,
687 305 786 333 inferni
800 304 976 341 profundum,

185 351 342 387 Neptunum
359 361 468 387 aquam,
494 352 589 380 Jovem
612 354 754 384 aetherem,
773 352 800 380 id
819 358 861 380 est
877 353 977 380 caloris

185 398 363 430 elementum,
379 397 512 426 Venerem
539 403 710 427 venustatem
740 407 843 430 rerum,
865 398 978 434 Cupidi-

186 451 247 471 nem
258 444 519 480 concupiscentiam,
529 452 589 480 qua’.
602 446 674 472 inest
686 445 768 472 rebus
778 444 917 477 omnibus,
930 451 979 479 per

185 499 267 525 quam
297 491 443 525 posteritas
466 496 621 526 reparatur,
637 492 679 518 vel
701 492 782 518 etiam
798 498 889 519 rerum
907 490 978 517 ratio

186 544 247 572 quae
258 537 397 571 sapienter
418 537 541 571 inspecta
558 536 685 564 delectat.
706 536 787 569 Hera,
803 536 828 564 id
840 540 881 564 est
894 535 975 568 Juno,

187 591 233 611 aer
248 583 299 611 iste
316 583 434 615 medius,
453 583 500 618 qui
519 583 552 611 de
568 584 638 610 cmlo
653 591 740 618 usque
756 583 788 610 ad
800 586 902 610 terram
914 582 978 610 des-

187 630 289 662 cendit,
306 630 427 665 ponitur.
455 629 558 661 Diana),
574 638 656 665 quam
681 630 767 665 ipsum
784 629 976 664 Proserpinam

185 675 297 708 dicunt,
321 683 410 703 acrem
439 675 546 703 inferne
566 675 687 703 tradunt.
704 675 856 711 Apollinem
887 675 976 709 ipsum

185 723 268 749 etiam
283 722 368 749 solem
385 721 489 752 dicunt,
506 722 721 748 circumeuntem
742 723 852 756 polum;
866 720 975 748 Mercu-

185 770 256 796 rium
282 769 407 799 verbum,
437 776 491 803 quo
517 768 588 794 ratio
610 768 644 795 de
673 768 791 803 singulis
820 767 976 803 quibusque

186 814 333 847 reddatur;
351 813 464 841 Martem
479 814 689 848 intemperatum
706 813 806 848 ignem,
816 814 863 850 qui
876 817 977 840 cuncta

185 864 340 888 consumat.
362 860 416 887 Sed
438 867 473 887 ne
495 859 604 895 singula
631 860 820 888 enumerando
845 860 975 888 immore-

185 914 256 938 mur,
272 906 306 933 ad
333 907 404 933 hanc
433 906 571 941 allegoriae
599 907 718 942 speciem
743 907 777 934 de
809 914 974 942 unoquoque

183 960 280 980 eorum
303 959 373 987 quos
399 952 505 983 colunt,
523 952 551 979 hi
568 952 668 988 quibus
684 953 817 980 secretior
829 953 861 980 de
874 953 974 980 talibus

184 997 255 1025 inest
279 997 386 1032 peritia,
407 997 538 1025 honestas
556 999 608 1025 sibi
624 999 753 1026 videntur
771 998 897 1034 etjustas
911 998 975 1026 red-

184 1044 249 1072 dere
266 1045 399 1073 rationes.

220 1089 328 1119 XXXV.
344 1091 407 1119 Haec
419 1099 481 1119 cum
493 1092 587 1119 Niceta
603 1092 728 1124 dixisset,
743 1093 842 1128 Aquila
857 1100 978 1128 respon~

183 1135 242 1164 dit:
257 1135 340 1164 Valde
356 1137 422 1165 mihi
440 1138 557 1170 videtur,
570 1139 696 1174 quisquis
715 1139 760 1166 ille
773 1143 815 1167 est
832 1143 930 1167 auctor
948 1145 975 1167 et

183 1182 310 1211 inventor
333 1184 444 1217 horum,
474 1185 575 1220 impius
603 1187 754 1219 exstitisse,
782 1187 805 1215 si
831 1187 889 1214 haec
915 1195 975 1222 qua:

184 1233 262 1264 grata
275 1234 301 1257 et
317 1231 430 1259 honesta
441 1233 571 1260 videntur
581 1234 738 1267 abscondit,
756 1239 783 1261 et
801 1235 977 1270 superstitio-

185 1276 228 1303 nis
243 1284 299 1304 suae
312 1278 395 1305 ritum
414 1279 440 1306 in
459 1280 635 1308 dedecorosis
650 1285 677 1308 et
689 1280 814 1316 turpibus
826 1281 975 1308 observan-

184 1322 232 1350 tiis
260 1323 415 1356 collocavit,
444 1333 507 1352 cum
534 1334 565 1353 ea
587 1334 648 1360 quae
673 1326 825 1354 secundum
854 1327 975 1353 litteram

185 1369 287 1403 scripta
303 1373 377 1402 sunt,
392 1371 537 1398 manifeste
556 1372 699 1400 inhonesta
715 1373 770 1400 sint
785 1380 812 1400 et
832 1374 933 1408 turpia,
948 1376 975 1400 et

184 1417 240 1441 tota
260 1414 400 1448 religionis
419 1424 514 1443 eorum
531 1417 707 1445 observantia
723 1419 750 1445 in
771 1419 840 1454 ipsxs
857 1422 975 1452 constet,

185 1464 214 1487 ut
234 1469 283 1496 per
306 1460 465 1495 hujusmodi
485 1464 590 1492 scelera
605 1470 631 1492 et
646 1465 799 1500 impietates
821 1466 888 1494 deos
909 1474 975 1494 suos

184 1513 254 1541 quos
272 1507 377 1541 colunt,
394 1506 511 1537 doceant
533 1511 647 1539 imitari.
667 1511 735 1539 Nam
753 1513 780 1540 in
798 1513 860 1541 istis
875 1513 976 1550 allego-

1028 259 1152 294 cymbala
1177 263 1205 286 et
1240 263 1430 294 tympanorum
1468 258 1596 289 sonitus,
1640 255 1836 291 exprimuntur

1029 304 1173 340 imagines.
1190 304 1228 332 De
1251 305 1407 332 abscisione
1427 311 1493 332 vero
1514 302 1654 333 Saturni,
1675 309 1743 336 qua:
1756 302 1836 336 major

1028 350 1079 378 erit
1103 351 1229 386 probatio
1253 351 1388 383 veritatis,
1404 359 1485 387 quam
1514 354 1544 377 ut
1569 350 1598 377 in
1628 352 1775 376 honorem
1799 348 1836 376 dei

1029 397 1082 429 sui,
1099 397 1182 425 simili
1212 397 1382 425 infelicitatis
1412 401 1486 425 sorte
1516 396 1734 424 abscindantur
1761 395 1837 421 etiam
1872 426 1873 438 χ

1028 442 1168 470 cultores?
1181 442 1250 470 Cum
1265 451 1331 478 ergo
1349 443 1407 471 haec
1423 443 1570 470 manifeste
1586 446 1766 473 cernantur,
1782 441 1840 476 quis
1872 445 1873 466 1

1029 493 1084 515 tam
1111 489 1202 524 exigui
1225 497 1334 522 sensus,
1350 489 1406 516 imo
1421 493 1476 516 tam
1493 488 1589 517 stolidi
1602 487 1785 518 invenietur,
1798 487 1838 514 cui

1028 542 1082 562 non
1099 535 1188 570 palam
1204 536 1250 567 sit,
1271 536 1329 563 haac
1344 536 1432 571 magis
1453 543 1518 563 vera
1539 542 1604 563 esse
1623 534 1664 562 de
1681 533 1839 561 infelicibus

1027 581 1090 614 diis,
1108 590 1169 617 quae
1183 582 1351 610 infeliciores
1365 583 1490 610 cultores
1497 582 1582 609 etiam
1595 588 1764 616 corporum
1777 587 1837 608 suo-

1028 636 1088 655 rum
1106 629 1270 657 vulnerihns
1286 635 1314 658 et
1327 630 1485 658 abscisione
1496 628 1666 656 testantur?

1063 675 1207 703 XXXVIII.
1222 676 1299 709 Quod
1316 676 1350 710 si,
1362 678 1401 703 'ut
1415 676 1521 706 dicunt,
1536 675 1598 702 haec
1617 675 1664 702 ita
1683 674 1803 701 honeste
1815 677 1838 700 α

1027 722 1071 757 pic
1089 726 1165 758 gesta
1184 726 1239 749 tam
1256 723 1401 750 inhonesto
1416 723 1468 750 ritu
1484 722 1696 749 ministrantur
1707 724 1738 748 et
1750 720 1837 755 impio.

1028 768 1179 803 sacrilegus
1199 767 1323 803 profecto
1349 772 1402 801 est,
1420 768 1546 803 quisquis
1569 767 1620 795 ille
1638 767 1688 795 vel
1705 774 1740 794 ex
1768 766 1839 792 initio

1028 813 1087 841 haec
1113 814 1236 846 tradidit,
1256 813 1298 841 vel
1321 821 1395 842 nunc
1423 814 1494 841 male
1518 814 1627 840 tradita
1646 813 1780 848 persistit
1791 812 1838 838 im-

1027 859 1111 894 plere.
1130 859 1201 893 Quid
1229 864 1320 889 autem
1335 864 1361 888 et
1381 859 1415 888 de
1439 860 1517 888 libris
1531 860 1666 887 dicimus
1682 858 1840 895 poetarum!

1024 906 1121 934 Nonne
1146 911 1307 942 oportuerat
1335 914 1394 939 eos,
1411 906 1434 934 si
1465 906 1586 934 honesta
1608 910 1642 933 et
1666 906 1718 941 pia
1731 905 1839 932 deorum

1026 958 1101 989 gesta
1126 953 1253 988 turpibus
1281 953 1381 981 fabulis
1401 952 1584 985 infamarunt,
1600 952 1699 987 abjici
1719 952 1843 987 protinus

1026 1005 1108 1036 atque
1123 1001 1151 1028 in
1164 1001 1253 1036 ignem
1268 1000 1338 1032 dari,
1354 1007 1388 1027 ne
1402 999 1610 1035 persuaderent
1631 1004 1745 1026 tenera:
1760 998 1840 1025 adhuc

1025 1047 1098 1075 aetati
1123 1055 1269 1083 puerorum
1283 1067 1290 1079 ,
1305 1046 1398 1074 Jovem
1417 1047 1506 1082 ipsum
1522 1045 1652 1073 deorum
1677 1045 1841 1081 principem.

1026 1094 1191 1129 parricidam
1213 1101 1277 1128 erga
1305 1097 1442 1128 parentes,
1464 1093 1610 1120 incestum
1635 1100 1712 1128 erga
1737 1099 1844 1120 sorores

1026 1144 1053 1168 et
1067 1140 1147 1172 ﬁlias,
1162 1140 1299 1175 impurum
1309 1139 1391 1167 etiam
1407 1139 1434 1166 in
1451 1147 1552 1173 pueros
1567 1139 1730 1167 exstitisse
1741 1159 1750 1170 ,
1762 1137 1840 1166 Veno-

1026 1195 1084 1214 rem
1110 1194 1174 1213 cum
1201 1186 1287 1213 Marte
1311 1186 1462 1217 adulteros,
1476 1189 1503 1212 et
1519 1185 1620 1212 omnia
1640 1185 1694 1212 illa
1711 1193 1776 1221 qua
1787 1185 1836 1220 jam

1026 1235 1154 1270 superius
1167 1234 1242 1262 dicta
1261 1233 1343 1261 sunt?
1353 1233 1405 1259 Aut
1428 1232 1493 1267 quid
1510 1231 1562 1259 libi
1577 1232 1705 1259 videtur
1715 1253 1724 1266 ,
1739 1232 1839 1260 domino

1027 1282 1062 1308 mi
1076 1281 1173 1308 Putre?

1063 1327 1184 1354 XXXIX.
1198 1325 1275 1354 Tunc
1290 1326 1334 1354 ille
1348 1326 1488 1361 respondit
1500 1336 1506 1352 :
1518 1325 1631 1354 Certus
1648 1331 1729 1359 esto,
1744 1325 1838 1353 dulcia
1872 1338 1873 1355 ι

1027 1374 1097 1401 sime
1117 1373 1226 1408 Aquila,
1242 1373 1306 1408 quia
1330 1372 1422 1399 omnia
1435 1380 1483 1407 per
1495 1372 1600 1400 bonam
1620 1372 1679 1400 Dei
1697 1372 1837 1408 providen-
1872 1369 1873 1407 ᾗ

1027 1419 1094 1446 tiam
1118 1423 1194 1455 gesta
1218 1423 1294 1451 sunt,
1314 1423 1347 1446 ut
1360 1426 1414 1446 non
1430 1418 1519 1445 solum
1538 1418 1665 1446 infirma
1681 1424 1713 1447 et
1872 1417 1873 1420 “

1028 1474 1120 1494 verum
1143 1471 1170 1494 et
1193 1467 1281 1501 turpis
1298 1470 1375 1494 esset
1387 1473 1471 1494 causa
1489 1473 1553 1500 qua:
1571 1465 1681 1492 futura
1700 1471 1763 1493 crat
1782 1473 1838 1492 con-
1872 1485 1873 1492 η

1027 1514 1111 1540 traria
1138 1513 1256 1540 veritati.
1285 1512 1314 1539 Si
1345 1512 1419 1539 enim
1448 1512 1567 1539 validior
1591 1516 1626 1540 et
1661 1513 1838 1540 verisimilia!
1872 1515 1873 1540 ξ

184 1553 234 1580 riis
255 1561 316 1588 quae
335 1555 375 1582 eis
396 1556 502 1584 utilitas
523 1557 594 1584 erit?
614 1566 674 1593 quae
700 1559 825 1594 quamvis
853 1559 975 1587 honesta:
988 1559 1009 1588 C
1028 1559 1125 1586 fuisset
1150 1558 1253 1586 erroris
1279 1558 1407 1589 assertio,
1423 1557 1497 1585 haud
1518 1557 1605 1585 facile
1621 1559 1787 1594 quisquam
1799 1558 1840 1593 qui

185 1598 332 1633 tinguntur,
355 1601 447 1629 nullus
466 1606 555 1630 tamen
570 1611 603 1630 ex
619 1604 659 1631 eis
675 1608 723 1631 aut
739 1613 806 1632 usus
820 1605 852 1632 ad
866 1605 971 1633 cultum

184 1646 308 1679 pervenit
330 1650 376 1673 aut
391 1647 424 1673 ad
441 1655 531 1676 mores
544 1649 701 1678 emendatio

218 1690 338 1720 XXXVI.
364 1692 442 1720 Unde
469 1695 558 1730 magis
583 1700 700 1729 constat,
731 1698 803 1733 quod
826 1699 973 1734 prudentes

183 1735 234 1763 viri
247 1745 309 1764 cum
327 1738 448 1767 viderent
463 1749 636 1769 communem
662 1744 885 1778 superstitionem
918 1750 973 1773 tam

183 1785 344 1819 probrosam
360 1795 432 1819 esse,
445 1791 499 1815 tarn
513 1792 632 1824 turpem,
649 1799 699 1818 nec
714 1795 805 1819 tamen
820 1793 973 1828 corrigendi

183 1830 294 1858 modum
312 1833 430 1868 aliquem
460 1835 503 1862 vel
526 1836 668 1863 scientiam
689 1837 861 1870 didicissent,
873 1839 974 1873 quibus

183 1880 336 1910 potuerunt
357 1881 527 1914 argumentis
545 1886 572 1908 et
589 1881 860 1918 interpretationibus
883 1886 974 1912 conati

182 1925 248 1948 sunt
259 1929 303 1950 res
318 1923 476 1952 inhonestas
489 1925 604 1954 honesto
617 1935 744 1956 sermone
757 1930 859 1962 velare,
871 1934 897 1957 et
907 1939 973 1964 non,

183 1969 214 1993 ut
234 1966 340 1997 dicunt.
356 1969 488 1997 honestas
506 1972 627 2000 rationes
645 1973 798 2002 inhonestis
812 1975 913 2003 fabulis
928 1984 975 2003 oc-

183 2012 303 2047 cultare;
328 2015 402 2049 quod
427 2015 450 2043 si
478 2022 561 2050 esset,
584 2027 724 2054 nunquam
746 2022 839 2056 utique
855 2022 913 2057 ipsa
928 2031 971 2050 eo-

258 2058 405 2086 simulacra
423 2066 505 2095 atque
525 2063 590 2097 ipsa;
604 2063 637 2091 de
655 2065 695 2092 eis
711 2066 824 2100 pictura
837 2075 899 2094 cum
916 2070 974 2096 suis

182 2104 256 2148 vitiis
272 2107 299 2129 et
314 2104 477 2134 criminibus
493 2107 687 2138 formarentur.
702 2110 762 2138 Non
778 2120 882 2148 cycnus
897 2114 975 2141 adul-

182 2151 224 2175 ter
244 2147 334 2182 Leda,
364 2159 415 2178 nec
436 2155 532 2181 taurus
553 2155 721 2184 formaretur
744 2147 869 2194 Europae,
893 2165 921 2187 et
946 2161 974 2188 in

183 2195 257 2222 mille
284 2201 406 2224 monstra
432 2206 507 2231 eum,
521 2209 602 2236 quem
618 2207 714 2237 putant
737 2205 876 2232 meliorem
889 2207 976 2234 omni-

180 2239 244 2274 bus,
261 2246 408 2270 verterent.
425 2243 504 2278 Quod
529 2247 622 2282 utique
637 2249 660 2275 si
680 2250 771 2284 magni
789 2255 817 2278 et
834 2252 972 2286 sapientes

182 2286 229 2321 qui
251 2294 316 2315 sunt
338 2290 410 2324 apud
433 2299 480 2320 eos
509 2294 570 2325 viri,
587 2294 678 2322 [letum
705 2297 807 2324 scirent
823 2305 896 2330 esse,
916 2307 970 2327 non

181 2340 388 2380 verum,nonne
402 2337 551 2372 impietatis
566 2346 712 2375 arguerent
722 2346 749 2369 et
763 2343 898 2380 sacrilegii
911 2353 970 2379 eos,

181 2379 228 2413 qui
250 2380 284 2407 ad
314 2381 442 2416 injuriam
468 2384 582 2412 deorum
597 2386 754 2421 hujusmodi
770 2394 817 2417 aut
836 2379 970 2426 picturam

181 2431 315 2474 ponerent
331 2432 377 2455 aut
394 2430 550 2465 sculperent
564 2434 732 2462 simulacra?
743 2435 864 2472 Denique
879 2446 970 2474 regem

183 2473 314 2507 temporis
327 2475 369 2501 sui
381 2475 530 2511 depingant
543 2479 571 2506 in
587 2480 666 2507 bovis
680 2480 780 2515 forma,
793 2484 836 2511 vel
851 2473 970 2518 anseris,

181 2518 224 2546 vel
237 2517 368 2553 formicae,
386 2524 426 2550 vel
439 2524 566 2557 vulturis,
577 2530 604 2553 et
616 2528 738 2556 scribant
749 2537 832 2564 super
843 2531 915 2566 regis
928 2517 970 2560 sui

180 2572 292 2613 nomen,
302 2571 384 2602 atque
392 2568 548 2604 hujusmodi
564 2573 606 2600 vel
621 2577 742 2601 statuam
764 2576 807 2603 vel
822 2577 970 2613 imaginem

178 2611 330 2647 collocent;
346 2620 373 2642 et
405 2616 536 2652 injuriam
556 2618 621 2647 facti
648 2621 768 2649 sentient
793 2627 821 2650 et
842 2611 971 2651 vindicta:

179 2658 409 2693 magnitudinem.

215 2703 347 2734 XXXVII.
364 2707 417 2735 Sed
443 2711 574 2745 quoniam
601 2721 665 2741 vera
695 2715 753 2742 haue
778 2716 866 2751 magis
894 2721 969 2749 sunt,

181 2759 242 2787 quae
256 2753 363 2787 publica
378 2758 520 2792 turpitudo
535 2764 661 2795 testatur,
671 2767 698 2790 et
715 2764 749 2790 ad
765 2765 969 2792 excusationem

181 2805 198 2825 a
225 2799 291 2828 viris
314 2803 495 2836 prudentibus
519 2809 693 2836 sermonibus
709 2809 833 2838 honestis
856 2812 970 2846 qumsita

181 2848 247 2871 sunt
259 2850 286 2873 et
295 2849 458 2878 concinnata
467 2852 614 2886 velamina,
624 2854 727 2882 ideirco
742 2863 796 2883 non
812 2857 899 2884 solum
914 2866 969 2885 non

184 2892 371 2931 prohibentur,
383 2897 429 2926 sed
438 2903 464 2926 et
480 2898 548 2934 ipsis
566 2902 702 2935 mysteriis
714 2901 823 2931 Saturni
839 2905 909 2932 ﬁlios
923 2905 971 2934 de-

1025 1605 1053 1632 in
1077 1612 1110 1632 eo
1136 1604 1267 1640 deceptus
1297 1608 1383 1636 esset,
1403 1604 1437 1632 ad
1461 1603 1513 1631 iter
1524 1604 1665 1633 veritatis
1682 1605 1801 1633 rediret.
1815 1603 1839 1633 Si

1024 1651 1098 1678 enim
1121 1658 1279 1681 nunc..cum
1302 1654 1358 1677 tam
1383 1650 1468 1677 multa
1483 1650 1587 1685 probra
1601 1655 1636 1678 et
1652 1651 1800 1680 dedecora
1812 1653 1839 1680 de

1025 1697 1078 1724 diis
1099 1697 1220 1731 gentium
1240 1696 1428 1732 proferuntur,
1444 1697 1490 1724 vix
1505 1697 1612 1732 aliquis
1630 1701 1754 1733 turpem
1769 1698 1838 1726 dere-

1026 1743 1126 1775 linquit
1140 1750 1273 1773 errorem,
1291 1747 1396 1777 quanto
1415 1744 1502 1778 magis
1525 1743 1550 1770 si
1567 1747 1652 1771 esset
1678 1744 1723 1771 ibi
1742 1744 1837 1778 aliquid

1025 1789 1170 1817 honestum
1195 1792 1222 1816 et
1240 1789 1386 1817 verisimile
1394 1789 1410 1818 ?,
1424 1789 1574 1817 Diﬂiculter
1592 1798 1733 1826 namque
1751 1797 1832 1818 trans-

1026 1835 1113 1862 fertur
1129 1836 1239 1863 animus
1265 1835 1300 1862 ab
1327 1835 1382 1869 his,
1411 1837 1439 1863 in
1464 1836 1566 1871 quibus
1588 1843 1606 1863 ει
1635 1837 1737 1871 prima
1764 1841 1837 1865 aetate

1026 1886 1179 1918 praeventus
1189 1886 1246 1916 est;
1264 1886 1291 1910 et
1309 1883 1344 1909 ob
1363 1883 1426 1915 hoc,
1443 1887 1472 1909 ut
1485 1882 1554 1913 dixi,
1569 1882 1673 1909 divina
1684 1883 1835 1911 PrOridea-

1026 1928 1063 1954 tia
1076 1927 1177 1954 factum
1194 1932 1237 1955 est
1249 1931 1279 1954 ut
1293 1929 1395 1954 erroris
1410 1926 1565 1954 substantia
1580 1931 1611 1954 et
1629 1927 1755 1955 inﬁrma
1768 1934 1835 1955 esset

1025 1977 1053 2001 ct
1067 1973 1167 2009 turpis.
1190 1972 1244 2001 Sed
1258 1978 1285 2000 et
1300 1979 1396 2000 uetera
1411 1974 1500 2000 omnia
1514 1972 1600 1999 simili
1617 1973 1712 2002 modo
1728 1982 1832 2009 compt—
1872 1972 1873 2002 1

1027 2025 1116 2048 tenter
1139 2025 1166 2047 et
1190 2020 1333 2048 commode
1350 2020 1491 2055 dispensat
1517 2019 1615 2046 divina
1638 2020 1831 2051 Providentia,

1027 2065 1091 2092 licet
1105 2065 1186 2092 nobis
1202 2064 1393 2100 ignorantibus
1412 2072 1504 2091 rerum
1525 2072 1633 2092 causas
1647 2065 1740 2093 bona;
1751 2070 1779 2092 et
1789 2073 1830 2100 op-
1872 2069 1873 2100 ξ

1027 2112 1099 2139 ιῑιηιε
1114 2111 1331 2146 dispensationis
1347 2111 1446 2139 divinae
1461 2119 1515 2138 non
1531 2111 1642 2146 liqueat
1656 2114 1750 2140 ratio.

1855 1552 1873 1634 λ

1061 2157 1117 2185 XL.
1140 2139 1208 2184 (Ihm
1235 2158 1293 2184 haec
1323 2156 1422 2185 Petrus
1449 2139 1576 2189 dixisset,
1612 2165 1669 2193 ego
1706 2139 1830 2186 Clem:

1026 2203 1146 2232 Nicetam
1162 2204 1302 2240 rogabam,
1321 2209 1350 2231 ut
1367 2204 1455 2239 aliqua
1472 2204 1505 2230 de
1520 2204 1666 2238 allegoriis
1686 2206 1826 2240 gentilium

1025 2259 1096 2287 quas
1113 2251 1254 2287 diligenter
1266 2252 1404 2286 attigerat,
1420 2251 1588 2287 agnoscendi
1600 2253 1700 2286 gratia
1714 2261 1825 2288 expone-

1023 2302 1079 2332 ret;
1094 2298 1161 2326 utile
1177 2298 1251 2325 enim
1266 2301 1320 2331 est,
1334 2301 1365 2324 ut
1377 2297 1486 2332 quando
1494 2303 1558 2324 cum
1567 2297 1826 2334 gentilibusdispu-

1023 2348 1124 2378 tamus,
1140 2345 1223 2372 etiam
1244 2345 1296 2372 ista
1319 2351 1371 2372 nos
1387 2343 1501 2371 minime
1517 2343 1635 2370 lateant.
1653 2343 1692 2371 Et
1708 2345 1800 2372 Nicen
1815 2354 1822 2372 :

1023 2391 1064 2423 Si,
1081 2392 1182 2426 inquit,
1199 2391 1332 2426 permittit
1346 2391 1474 2418 dominus
1487 2397 1565 2417 meus
1579 2389 1700 2422 Petrus,
1715 2399 1821 2426 possum

1022 2439 1124 2466 dicere.
1142 2437 1211 2465 Tum
1231 2437 1329 2466 Petrus
1345 2447 1352 2465 :
1368 2436 1472 2470 Hodie,
1483 2436 1597 2471 :inquit,
1610 2439 1735 2472 permisi
1750 2439 1821 2465 vobis

1022 2484 1114 2512 dicere
1130 2484 1276 2512 adversum
1288 2484 1415 2519 gentiles,
1433 2487 1462 2510 ut
1477 2483 1576 2510 nostis.
1592 2482 1630 2510 Et
1647 2483 1749 2512 Nicen
1763 2485 1798 2511 ait
1811 2494 1818 2511 :

1023 2530 1071 2558 Dic
1083 2538 1159 2565 ergo,
1172 2530 1312 2563 Clemens,
1326 2529 1361 2557 de
1382 2530 1483 2564 quibus
1497 2528 1594 2556 audire
1609 2530 1695 2558 velis.
1710 2530 1762 2558 Cui
1774 2537 1818 2564 ego

1023 2577 1066 2604 aio
1084 2584 1089 2602 :
1109 2575 1252 2608 Quomodo
1275 2575 1388 2602 tradunt
1406 2575 1441 2602 de
1461 2575 1576 2601 deorum
1589 2581 1678 2602 eam:
1695 2576 1817 2611 gentilis.

1022 2630 1104 2658 quam
1120 2623 1148 2650 in
1162 2621 1236 2650 Pelei
1253 2622 1358 2657 nuptiis
1373 2622 1530 2650 habuerunt
1543 2624 1571 2648 et
1584 2620 1731 2655 Thetidis,
1742 2630 1814 2657 quem

1022 2670 1119 2697 dicunt
1132 2678 1194 2699 esse
1210 2670 1334 2698 Paridem
1350 2674 1502 2705 pastorem,
1514 2674 1542 2697 et
1556 2677 1630 2704 quas
1648 2675 1759 2705 ponunt
1768 2668 1814 2696 ιιι-

1022 2724 1133 2749 nonem,
1161 2715 1310 2743 Minervam
1337 2720 1365 2743 et
1393 2714 1539 2747 Venerem,
1561 2722 1626 2750 qua:
1655 2715 1733 2751 apud
1756 2722 1813 2742 cui

1019 2765 1189 2800 iudicantur,
1201 2772 1317 2800 quemve
1327 2763 1502 2796 Mercurium,
1519 2762 1562 2790 vel
1573 2763 1650 2798 quod
1667 2763 1779 2793 malum,
1788 2765 1812 2787 et

1021 2815 1118 2838 (:t-tera
1143 2818 1204 2846 quae
1234 2817 1282 2847 per
1311 2809 1436 2837 ordinem
1465 2813 1693 2844 consequuntur,
1722 2814 1811 2837 enarra

1022 2859 1112 2886 nobis.

1063 2903 1129 2931 XLI.
1147 2904 1215 2932 Tum
1243 2903 1336 2933 Niceta
1364 2914 1370 2932 :
1392 2903 1484 2933 Canae
1508 2902 1625 2931 deorum
1653 2908 1741 2930 ent-sa
1764 2900 1807 2927 In:
