1873 3095
27 130 81 157 NH

631 127 916 156 RECOGNITIONUM
933 127 998 155 LIII.
1026 127 1058 154 Χ.

1578 126 1649 156 ηις

25 184 90 213 modo
106 191 136 211 se
161 183 251 211 habet.
263 182 427 210 Convivlum
447 181 580 209 mundum
597 181 722 214 tradunt,
737 181 798 209 dis-
813 187 834 213 Α
851 182 889 209 tia
912 181 1015 217 attigit.
1035 181 1070 209 ad
1085 182 1267 210 assertionem
1287 181 1344 209 veri
1367 182 1504 217 dogmatis
1514 184 1649 215 conferat.

24 228 151 258 cumbendi
174 227 298 256 ordinem
313 228 428 256 deorum
456 227 598 255 stellarum
615 228 798 263 positionem;

24 283 78 311 quos
93 274 226 302 Hesiodus
241 274 304 302 coeli
319 277 346 302 et
365 279 444 302 terrae
460 273 564 309 primos
579 272 650 300 ﬁlios
665 274 799 307 nominat,

25 323 44 348 in
66 321 160 356 quibus
183 328 230 348 ses
254 327 345 349 mares
365 324 393 348 et
415 328 463 348 sex
476 319 593 348 feminas
605 321 639 348 ad
653 320 799 347 duodecim

23 367 144 401 signorum
159 372 303 392 numerum
329 365 462 397 referunt,
477 373 539 401 qua:
561 366 719 393 universum
746 366 800 393 cir-

23 415 135 439 rumeunt
158 411 301 439 mundum.
319 410 407 446 Dapes
423 415 514 439 autem
538 412 656 439 convivii
678 413 800 440 rationes

23 463 71 484 esse
91 460 116 483 et
133 463 232 483 causas
254 463 347 482 rerum
373 456 486 483 tradunt
501 457 597 484 dulces
614 461 641 484 et
652 458 800 493 concupis-

22 502 112 533 cibiles,
139 509 200 536 quae
228 501 347 536 qualiter
373 506 485 536 regatur
507 507 534 529 et
562 503 731 536 gubernetur
755 503 801 530 hic

23 547 134 578 mundus,
150 553 183 574 ea
205 546 346 582 signorum
367 547 502 581 positione
517 551 544 575 et
555 551 692 574 astrorum
709 548 801 576 cursi-

22 594 62 620 bus
70 593 240 628 colliguntur.
254 592 295 620 Ad
311 592 446 620 libertatis
454 596 546 619 tamen
559 594 677 620 convivii
689 594 799 622 modum

20 638 102 665 dicunt
116 639 168 665 ista
180 642 320 668 constare,
331 645 381 672 pro
395 645 428 665 eo
439 638 512 672 quod
527 641 690 673 potestatem
701 639 800 666 habeat

23 684 223 719 uniuscujusque
238 691 346 716 sensus,
364 683 387 710 si
406 683 470 710 velit
483 683 630 719 degustare
646 684 749 719 aliquid
765 691 799 712 ex

22 730 165 765 huiusmodi
180 730 297 758 scientia
314 733 361 757 aut
376 729 399 757 si
412 729 495 763 nolit;
508 733 534 757 et
547 730 620 757 sicut
636 730 663 757 in
674 731 801 758 convivio

22 784 89 804 nemo
109 777 232 812 cogitur,
248 776 296 803 sed
322 776 451 803 vescendi
468 776 581 803 libertas
600 784 684 811 penes
699 784 799 803 unum—

23 830 141 858 quemque
153 826 206 854 est,
225 822 263 849 ita
277 825 304 850 et
316 821 528 858 philosophandi
555 823 626 849 ratio
649 823 750 857 pendet
770 823 798 850 in

21 857 155 896 voluntatis
190 868 315 896 arbitrio.
344 868 515 896 Discordiam
547 869 799 904 concupiscentiam
817 857 838 884 Β

21 913 99 941 carnis
126 914 232 945 dicunt,
249 922 309 949 qum
330 914 448 949 insurgit
468 915 612 942 adversum
633 915 802 950 propositum

22 960 107 986 mentis
131 961 158 985 et
187 959 400 995 philosophandi
430 959 545 994 impedit
570 960 711 994 studium;
741 960 802 988 ideo

21 1002 122 1038 denique
138 1007 164 1031 et
189 1007 296 1039 tempus
312 1004 379 1031 illud
392 1011 454 1031 esse
470 1004 558 1036 aiunt,
578 1005 606 1031 in
623 1012 678 1040 quo
694 1005 728 1032 de
751 1013 802 1032 nu-

22 1049 75 1083 ptiis
99 1049 197 1085 agitur.
220 1048 333 1077 Peleum
361 1057 426 1078 vero
441 1054 468 1078 et
484 1049 626 1078 Thetidem
641 1051 801 1086 nympham,

21 1093 116 1120 aridum
131 1098 157 1121 et
172 1094 314 1122 humidum
326 1099 430 1130 ponunt
446 1095 622 1128 elementum,
636 1105 670 1124 ex
686 1104 802 1132 quorum

22 1138 171 1168 admistione
202 1140 358 1169 substantia
385 1148 532 1177 corporum
562 1145 680 1170 constat.
694 1142 802 1170 Mercu-

22 1183 81 1212 rium
103 1186 218 1214 verbum
245 1193 306 1214 esse
325 1187 438 1214 tradunt
449 1207 457 1220 ,
473 1195 522 1223 per
536 1188 609 1222 quod
626 1189 720 1216 sensui
737 1188 803 1216 doc-

21 1231 83 1258 trina
110 1231 260 1264 confertur,
287 1231 420 1260 .Iunonem
447 1233 625 1268 pudicitiam,
652 1233 802 1261 Minervam

22 1277 198 1307 fortitudinem
211 1299 219 1311 ,
247 1279 380 1307 Venerem
395 1279 536 1307 libidinem
558 1279 662 1311 dicunt,
675 1279 803 1307 Paridem

22 1331 130 1352 sensum.
148 1324 178 1352 Si
196 1332 272 1360 ergo,
288 1325 376 1357 aiunt,
393 1324 500 1352 accidat
524 1324 553 1351 in
574 1324 685 1353 homine
704 1325 804 1352 barba-

21 1377 74 1397 rum
87 1379 147 1399 esse
160 1375 189 1398 et
201 1371 357 1406 imperitum
370 1378 494 1402 sensum,
506 1374 533 1398 et
549 1374 654 1397 rectum
667 1371 802 1405 judicium

22 1417 188 1448 nescientem.
200 1420 291 1451 spreta
306 1416 436 1451 pudicitia
452 1420 479 1443 et
494 1416 605 1448 virtute,
623 1417 730 1444 libidini
744 1418 802 1453 pal-

23 1469 96 1493 mam.
112 1463 183 1498 quod
200 1467 241 1490 est
257 1463 370 1494 malum,
387 1462 473 1494 dabit,
491 1469 538 1497 per
550 1462 623 1497 quod
641 1470 697 1489 non
713 1463 802 1490 solum

52 1555 144 1583 rnicies
164 1555 261 1583 aderit.
276 1554 337 1582 Haec
353 1562 417 1590 ergo
436 1555 500 1582 licet
516 1555 570 1582 illis
585 1563 749 1590 componere
768 1563 800 1583 ex

52 1555 144 1583 rnicies
164 1555 261 1583 aderit.
276 1554 337 1582 Haec
353 1562 417 1590 ergo
436 1555 500 1582 licet
516 1555 570 1582 illis
585 1563 749 1590 componere
768 1563 800 1583 ex

8 1550 134 1635 Ealibet
147 1602 262 1630 materia
283 1601 372 1629 visum
384 1601 430 1633 sit,
448 1605 538 1628 tamen
551 1602 639 1637 aptari
650 1601 684 1628 ad
697 1609 805 1629 omnem

22 1646 146 1676 hominem
153 1648 348 1684 possunt,quia
359 1647 449 1683 siquis
459 1647 623 1682 pastoralem
631 1651 658 1675 et
668 1647 802 1675 rusticum

22 1693 254 1728 atqueimperitum
267 1692 365 1720 habeat
375 1700 487 1720 sensum
497 1699 548 1719 nec
558 1691 745 1724 veliterudiri,
757 1692 804 1720 ubi

22 1738 134 1773 corporis
157 1738 233 1766 calor
249 1737 283 1765 de
306 1737 426 1765 libidinis
456 1738 591 1766 suavitate
621 1739 799 1773 suggesserit,

22 1784 155 1816 continuo,
177 1784 278 1820 spretis
292 1784 444 1812 studiorum
470 1784 618 1812 virtutibus
634 1790 661 1811 et
684 1785 805 1812 scientias

22 1828 103 1862 bonis,
117 1830 151 1857 ad
173 1829 327 1865 voluptates
348 1830 473 1866 corporis
494 1829 615 1857 animum
637 1829 754 1858 confert.
770 1829 803 1856 Et

22 1874 79 1902 hinc
101 1879 143 1904 est
160 1875 232 1904 unde
259 1875 394 1911 impacata
426 1876 496 1903 bella
526 1880 705 1911 consurgunt.
722 1875 803 1902 urbes

22 1925 108 1955 ruunt,
123 1922 218 1957 patriae
240 1921 401 1955 concidunt,
419 1921 491 1949 sicut
504 1926 531 1948 et
545 1920 635 1952 Paris,
651 1925 727 1955 rapta
751 1919 803 1948 Ile-

21 1966 93 2000 lena,
119 1967 153 1995 ad
177 1972 302 1995 mutuum
327 1966 438 1995 Graecos
466 1971 494 1995 et
521 1967 652 1994 barbaros
686 1966 803 1994 armavit

21 2013 138 2041 exitium.

50 2057 127 2088 XLII.
149 2059 182 2088 Et
191 2059 300 2092 Petrus,
311 2059 472 2088 collaudans
496 2059 714 2095 prosecutionem
730 2059 800 2094 ejus,

21 2102 72 2131 ait:
87 2105 195 2138 Multas,
211 2110 241 2134 ut
255 2107 345 2139 video,
356 2107 490 2143 ingeniosi
504 2105 629 2134 homines
641 2113 674 2133 ex
687 2106 730 2133 bis
741 2112 802 2141 qute

21 2147 106 2185 legunt
125 2152 379 2181 verisimilitudines
405 2154 528 2188 capiunt,
543 2157 569 2180 et
580 2153 642 2180 ideo
654 2151 800 2186 diligenter

20 2196 214 2225 observandum
235 2202 287 2230 est,
303 2203 333 2225 ut
358 2199 401 2227 lex
413 2198 461 2226 Dei
478 2206 541 2226 cum
553 2198 663 2233 legitur,
679 2205 734 2224 non
758 2205 802 2225 se-

21 2242 134 2271 cundum
148 2244 250 2280 proprii
268 2244 369 2280 ingenii
384 2243 591 2279 intelligentiam
606 2244 721 2279 legatur.
732 2242 802 2270 Sunt

20 2288 87 2316 enim
100 2291 185 2318 multa
197 2290 280 2318 verba
290 2291 317 2317 in
330 2290 481 2326 Scripturis
494 2290 605 2323 divinis,
616 2298 678 2326 quas
687 2294 802 2325 possunt

21 2333 86 2362 trahi
97 2335 131 2362 ad
144 2343 206 2363 eum
217 2343 340 2368 sensum,
349 2344 429 2371 quem
444 2335 496 2364 sibi
505 2336 694 2371 unusquisque
705 2339 802 2371 sponte

21 2382 204 2418 praesumpsit;
226 2383 300 2418 quod
329 2383 390 2410 fieri
417 2390 473 2410 non
497 2386 616 2418 oportet.
643 2381 703 2410 Non
728 2382 802 2410 enim

21 2431 125 2456 sensum
138 2435 219 2463 quem
232 2428 403 2457 extrinsecus
413 2428 539 2456 attuleris
549 2428 669 2456 alienum
680 2431 706 2456 et
715 2431 804 2456 extra-

20 2478 96 2500 neum
109 2474 193 2502 debes
206 2482 328 2510 quaerere
340 2494 348 2507 ,
363 2482 445 2510 quem
468 2482 502 2502 ex
525 2473 731 2509 Scripturarum
753 2481 802 2501 au-

20 2518 141 2549 ctoritate
154 2520 309 2554 conﬁrmes,
322 2521 369 2549 sed
393 2528 426 2549 ex
440 2520 507 2555 ipsis
522 2519 673 2555 Scripturis
690 2526 802 2547 sensum

20 2569 113 2600 eapere
134 2566 275 2600 veritatis;
290 2570 319 2594 et
333 2567 396 2595 ideo
417 2570 527 2602 oportet
545 2566 586 2594 ab
600 2573 634 2594 eo
648 2565 802 2601 intelligen-

21 2610 82 2639 tiam
101 2611 209 2642 discere
231 2612 450 2649 Scripturarum,
477 2613 524 2648 qui
539 2620 600 2641 eam
615 2620 631 2639 a
650 2612 801 2648 majoribus

21 2658 165 2686 secundum
190 2659 334 2687 veritatem
362 2659 417 2687 sibi
441 2658 571 2686 traditam
601 2661 702 2690 servat,
718 2661 748 2685 ut
774 2661 801 2685 et

21 2701 75 2736 ipse
87 2705 174 2739 possit
192 2713 225 2734 ea
241 2713 303 2741 qua),
316 2709 391 2733 recte
405 2705 538 2740 suscepit,
554 2708 741 2740 competenter
755 2712 801 2733 as-

21 2755 116 2779 serere.
138 2751 207 2779 Cum
228 2752 301 2780 enim
328 2759 362 2780 ex
381 2751 482 2779 divinis
497 2751 648 2786 Scripturis
667 2751 800 2786 integram

21 2795 78 2828 quis
89 2797 239 2834 susceperit
255 2801 284 2825 et
297 2797 403 2825 firmam
417 2797 540 2833 regulam
552 2797 686 2829 veritatis,
703 2797 802 2824 absur-

22 2839 81 2869 dum
100 2851 156 2872 non
176 2845 238 2877 erit,
253 2844 276 2872 si
291 2843 394 2878 aliquid
410 2843 491 2870 etiam
506 2851 539 2871 ex
555 2843 710 2871 eruditione
724 2850 801 2870 com-

24 2888 91 2916 muni
105 2896 136 2917 ae
155 2889 188 2919 de
202 2889 359 2918 liberalibus
377 2888 487 2923 studiis,
501 2896 563 2924 quas
578 2889 649 2918 forte
661 2889 689 2917 in
702 2888 798 2924 pueri-

852 228 889 255 ila
913 233 1004 256 tamen
1032 233 1061 256 ut
1086 228 1132 256 ubi
1156 235 1221 256 vera
1244 228 1360 261 didicit,
1379 228 1448 257 falsa
1474 233 1501 257 et
1523 230 1652 259 simulata

851 275 979 303 declinet.

887 329 981 357 XLIII.
997 330 1030 357 Et
1046 338 1108 358 cum
1128 331 1186 358 haec
1199 331 1324 364 dixisset,
1347 331 1381 358 ad
1398 335 1503 366 patrem
1523 336 1650 359 nostrum

857 376 1020 411 respiciens,
1036 376 1074 403 ait
1098 386 1104 403 :
1131 375 1172 403 Tu
1189 384 1268 412 ergo,
1291 384 1386 409 senex,
1404 377 1428 405 si
1441 377 1551 413 quidem
1568 377 1650 405 saluti

851 423 948 451 animae
957 427 1010 451 tua:
1024 423 1158 454 consulis,
1172 427 1202 449 ut
1216 431 1278 450 cum
1293 431 1407 458 corpore
1422 424 1505 451 fuerit
1518 424 1649 455 resoluta,

851 478 902 505 pro
927 470 1002 498 brevi
1026 471 1077 498 hac
1104 470 1286 498 conversione
1299 471 1420 505 requiem
1442 470 1564 497 inveniat
1579 479 1652 498 sem-

851 516 987 551 piternam
999 536 1006 546 ,
1023 517 1132 551 require
1145 516 1177 543 de
1192 516 1336 550 quibusvis
1353 520 1380 543 et
1395 516 1509 544 consule
1519 536 1527 548 ,
1543 520 1572 543 ut
1588 524 1651 551 pos-

852 560 891 588 sis
904 561 927 588 si
947 561 1013 596 quid
1030 562 1056 588 in
1072 565 1099 589 te
1110 566 1152 589 est
1164 561 1347 590 dubitationis
1366 562 1497 597 abjicere.
1514 561 1651 590 Incertum

851 606 923 634 enim
942 611 984 634 est
1012 607 1095 635 etiam
1114 608 1263 643 juvenibus
1288 609 1351 635 vita:
1378 612 1498 644 tempus,
1537 609 1651 637 senibus

852 658 941 680 autem
962 653 1018 688 jam
1039 661 1091 682 nec
1104 654 1241 682 incertum
1255 659 1315 688 est;
1331 663 1386 682 non
1402 656 1475 682 enim
1491 655 1650 691 dubitatur,

851 700 917 735 quin
936 705 1179 736 quantumcunque
1198 705 1241 730 est
1255 702 1328 737 quod
1345 706 1458 737 putatur
1487 709 1649 737 superesse,

850 747 934 775 breve
957 748 1003 775 sit.
1025 747 1058 773 Et
1082 747 1145 775 ideo
1161 751 1214 775 tam
1226 748 1342 782 juvenes
1353 756 1435 784 quam
1451 755 1531 775 senes
1541 753 1651 783 oportet

851 793 885 820 de
900 793 1081 821 conversione
1104 797 1131 821 et
1150 794 1312 829 paenitentia
1334 794 1413 822 valde
1427 802 1488 822 esse
1506 794 1649 829 sollicitos,

852 843 879 867 et
897 843 1022 875 satagere
1040 843 1070 867 ut
1085 840 1119 868 de
1133 841 1240 876 reliquo
1255 846 1354 869 ornent
1371 842 1491 869 animam
1509 849 1587 869 suam
1604 850 1649 869 or-

853 886 990 914 namentis
1013 885 1193 921 dignissimis,
1212 887 1239 914 id
1256 891 1298 915 est
1315 888 1489 923 dogmatibus
1514 889 1648 922 veritatis,

853 931 951 958 decore
970 931 1119 966 pudicitiae,
1147 932 1294 966 splendore
1313 933 1438 968 justitim.
1453 936 1574 964 candore
1589 935 1647 970 pie-

852 977 929 1007 tatis,
948 977 1065 1012 aliisque
1079 978 1209 1006 omnibus
1225 979 1327 1014 quibus
1343 986 1480 1015 comptam
1497 982 1574 1009 decet
1588 989 1649 1010 esse

852 1023 1044 1050 rationabilem
1076 1027 1211 1059 mentem;
1236 1028 1294 1052 tum
1328 1030 1460 1061 praeterea
1477 1027 1617 1055 declinare
1633 1034 1648 1054 a

853 1068 1001 1095 consortiis
1027 1068 1181 1097 inhonestis
1203 1074 1231 1097 et
1254 1070 1422 1103 infidelibus,
1441 1076 1469 1100 et
1501 1073 1649 1100 societates

853 1112 954 1140 habere
973 1113 1092 1140 fidelium
1110 1119 1191 1149 atque
1212 1115 1274 1142 illos
1292 1114 1467 1151 frequentare
1484 1122 1647 1151 conventus,

853 1157 880 1183 in
897 1157 997 1191 quibus
1014 1158 1047 1185 de
1065 1159 1212 1192 pudicitia,
1226 1159 1260 1187 de
1275 1160 1394 1194 justitia,
1413 1161 1447 1189 de
1465 1162 1565 1197 pietate
1591 1167 1649 1190 tra-

853 1207 964 1237 ctatur;
986 1212 1065 1232 orare
1083 1213 1191 1240 semper
1212 1205 1298 1234 Deum
1318 1215 1350 1235 ex
1373 1208 1457 1236 corde
1472 1212 1499 1236 et
1530 1210 1563 1236 ab
1588 1210 1649 1245 ipso

853 1252 945 1283 petere
969 1257 1029 1284 quae
1046 1250 1124 1277 decet
1139 1258 1154 1277 a
1171 1251 1226 1279 Deo
1242 1253 1317 1287 posci
1331 1261 1338 1286 ;
1357 1253 1409 1288 ipsi
1436 1254 1539 1289 gratias
1555 1263 1647 1290 agere,

852 1303 944 1322 veram
960 1296 1156 1330 paenitudinem
1169 1305 1263 1332 gerere
1279 1299 1477 1333 prmteritorum
1490 1305 1648 1335 gestorum;

853 1340 1053 1376 aliquantulum
1082 1343 1175 1374 etiam,
1194 1343 1217 1371 si
1243 1345 1374 1379 possibile
1390 1350 1443 1376 est.
1468 1354 1518 1382 per
1541 1347 1649 1375 miseri-

853 1387 962 1414 cordias
989 1395 1138 1427 pauperum
1169 1389 1268 1423 juvare
1294 1391 1501 1425 pmnitentiam;
1520 1400 1569 1427 per
1590 1393 1648 1421 haec

853 1433 924 1461 enim
957 1433 1063 1461 facilior
1094 1426 1173 1462 venia
1195 1436 1308 1464 dabitur
1337 1440 1365 1465 et
1389 1426 1542 1474 indulgenti
1566 1440 1649 1468 citius

853 1479 1052 1514 indulgebitur.

857 1580 1047 1615 penitentiam
1071 1581 1155 1615 venit,
1173 1590 1207 1609 eo
1222 1583 1309 1617 magis
1334 1584 1437 1619 gratias
1464 1592 1546 1620 agere
1569 1585 1649 1613 debet

858 1625 922 1657 Deo,
940 1625 1013 1659 quod
1036 1630 1183 1661 postquam
1207 1627 1312 1655 fractus
1339 1632 1382 1656 est
1408 1629 1499 1657 omnis
1530 1630 1648 1664 impetus

856 1671 1086 1705 concupiscentiae
1101 1673 1232 1704 carnalis,
1249 1673 1363 1701 scientia
1380 1674 1505 1702 veritatis
1521 1680 1646 1710 accepta,

855 1716 928 1743 nulla
948 1718 972 1744 ei
996 1718 1119 1745 imminet
1139 1727 1228 1754 pugna
1246 1720 1417 1753 certaminis,
1439 1729 1487 1756 per
1505 1729 1586 1756 quam
1604 1722 1649 1750 in-

856 1769 998 1799 surgentes
1031 1765 1163 1793 adversus
1195 1767 1317 1794 animum
1356 1767 1487 1802 reprimat
1520 1769 1646 1803 corporis

855 1809 1020 1844 voluptates.
1045 1809 1174 1846 Superest
1194 1819 1260 1847 ergo
1277 1812 1304 1839 in
1321 1813 1459 1847 agnitione
1479 1813 1603 1841 veritatis
1619 1817 1646 1841 et

854 1854 1050 1884 misericordize
1066 1856 1195 1891 operibus
1224 1858 1359 1889 exerceri,
1376 1862 1406 1885 ut
1427 1857 1522 1885 aﬂ‘crat
1539 1858 1645 1887 fructus

853 1901 951 1938 dignos
966 1903 1143 1937 pmnitentiaa,
1160 1910 1211 1931 nec
1225 1906 1301 1938 putet
1315 1904 1379 1938 quia
1395 1904 1422 1931 in
1439 1904 1571 1940 temporis
1586 1905 1646 1933 lon-

853 1948 976 1983 gitudine
999 1949 1192 1977 documentum
1217 1949 1407 1977 conversionis
1432 1950 1598 1983 ostenditur,
1619 1955 1647 1979 et

853 2002 907 2022 non
924 1995 950 2022 in
967 1995 1121 2024 devotionis
1143 2003 1175 2023 ac
1195 1996 1327 2031 propositi
1343 1995 1482 2025 ﬁrmitate.
1499 1996 1554 2024 Deo
1571 1997 1645 2024 enim

853 2040 1005 2068 manifestae
1026 2045 1091 2069 sunt
1107 2046 1223 2073 mentes,
1242 2042 1288 2077 qui
1310 2049 1365 2068 non
1388 2045 1541 2077 temporum
1561 2042 1645 2070 ratio—

853 2094 914 2114 nem
931 2087 1047 2122 colligit,
1066 2087 1112 2115 sed
1135 2087 1307 2116 animorum:
1329 2087 1388 2122 ipse
1411 2088 1483 2114 enim
1502 2088 1608 2123 probat,
1622 2088 1645 2116 si

852 2133 914 2168 quis
926 2133 1016 2168 agnita
1027 2134 1151 2162 veritatis
1161 2133 1354 2169 praedicatione
1367 2141 1423 2160 non
1435 2133 1542 2160 distulit
1557 2141 1646 2169 neque

852 2184 960 2215 tempus
975 2181 1137 2216 negligendo
1153 2180 1334 2215 consumpsit.
1350 2180 1397 2207 sed
1413 2180 1506 2207 statim
1521 2184 1548 2208 et
1565 2181 1588 2208 si
1603 2181 1646 2208 di-

817 2229 840 2257 D
853 2226 878 2253 ci
894 2229 983 2261 potest
995 2227 1090 2254 eodem
1106 2231 1253 2258 momento,
1268 2226 1405 2261 praeterita
1419 2226 1644 2261 perhorrescens,

855 2271 1008 2299 futurorum
1034 2271 1200 2300 desiderium
1225 2272 1310 2306 cmpit
1334 2275 1361 2299 et
1384 2271 1412 2298 in
1431 2279 1553 2300 amorem
1567 2273 1644 2309 regni

853 2318 975 2346 cmlestis
989 2318 1102 2346 exarsit.

887 2375 968 2403 XLV.
989 2375 1103 2411 Propter
1115 2376 1188 2411 quod
1203 2384 1284 2404 nemo
1298 2380 1419 2404 vestrum
1431 2378 1503 2404 ultra
1512 2377 1647 2406 dissimu-

853 2421 890 2449 let
913 2429 964 2449 nec
989 2425 1064 2450 retro
1086 2422 1225 2457 respiciat,
1241 2421 1290 2450 sed
1315 2422 1349 2449 ad
1364 2422 1542 2458 Evangelium
1568 2424 1645 2459 regni

853 2466 901 2495 Dei
915 2467 1032 2495 libenter
1046 2467 1169 2495 accedat.
1183 2466 1244 2494 Non
1267 2467 1342 2495 dicat
1366 2475 1479 2503 pauper,
1495 2468 1560 2503 quia
1583 2476 1644 2495 eum

852 2513 929 2541 dives
943 2512 1038 2542 factus.
1049 2513 1136 2546 fuero,
1153 2519 1219 2541 tunc
1232 2517 1397 2547 convertar;
1422 2521 1478 2541 non
1495 2514 1614 2550 requirit
1629 2521 1643 2539 ο

853 2564 881 2590 te
902 2561 975 2591 Deus
996 2562 1152 2598 pecuniam,
1168 2562 1216 2591 sed
1240 2563 1361 2590 animum
1388 2562 1595 2592 misericordem
1617 2564 1644 2588 et

852 2608 926 2644 piam
941 2612 1068 2638 mentem.
1082 2608 1175 2645 Neque
1188 2609 1264 2638 dives
1278 2610 1484 2638 conversionem
1497 2615 1574 2637 suam
1590 2605 1644 2634 dif-

853 2654 923 2682 ferat
945 2662 996 2690 pro
1017 2655 1202 2684 sollicitudine
1220 2655 1355 2688 saeculari,
1372 2655 1436 2682 dum
1458 2654 1559 2689 cogitat
1575 2660 1644 2688 quoo

853 2700 935 2728 modo
950 2700 1090 2736 dispenset
1105 2700 1302 2728 abundantiam
1324 2702 1432 2735 frugum
1445 2708 1452 2733 ;
1465 2705 1554 2733 neque
1569 2697 1642 2725 dicat

853 2746 926 2774 intra
940 2747 1117 2782 semetipsum
1131 2767 1137 2780 ,
1154 2746 1226 2780 Quid
1238 2746 1337 2781 faciam
1348 2767 1356 2780 ,
1369 2746 1413 2772 ubi
1429 2743 1572 2772 recondam
1583 2744 1644 2778 fru-

852 2797 910 2819 ctus
927 2793 1018 2820 meos?
1035 2791 1128 2827 Neque
1141 2791 1216 2818 dicat
1232 2791 1329 2818 animae
1353 2798 1428 2823 suat,
1449 2788 1538 2816 Habes
1556 2788 1642 2815 multa

853 2837 922 2865 bona
943 2838 1059 2873 reposita
1085 2838 1113 2865 in
1135 2846 1219 2865 annos
1241 2837 1337 2865 multos
1350 2857 1358 2869 ,
1379 2836 1503 2875 epulare.
1530 2835 1641 2867 lwtare;

853 2893 916 2914 nam
931 2885 1038 2914 dicetur
1046 2883 1072 2912 ei
1089 2894 1097 2913 :
1113 2884 1218 2918 Stulte,
1232 2884 1281 2911 hac
1301 2888 1375 2911 nocte
1394 2882 1530 2918 auferetur
1549 2882 1597 2910 ab:
1614 2887 1638 2910 le
