1873 3095
249 134 261 161 I
269 134 316 162 “3

654 133 682 161 S.
702 131 897 161 CLEMENTIS
915 132 925 159 ι
940 131 1022 160 ROM.
1040 131 1141 160 PONT.
1154 131 1269 160 OPERA
1297 132 1414 161 DL'BIA.‘

1779 138 1831 166 IIII

247 201 338 220 anima
358 196 415 225 tota,
430 197 456 220 et
466 199 524 228 qua
538 194 700 228 pmparaui
713 193 790 228 cujus
807 197 883 220 erunt
900 191 1040 226 "?ltaque
1054 192 1078 221 Α
1092 194 1197 218 rectum
1209 191 1355 219 consilium
1372 191 1481 227 perdat;
1501 192 1549 220 illa
1566 200 1632 221 vero
1650 200 1706 228 qua
1717 193 1784 222 malos
1794 203 1831 230 pu-

247 238 358 267 festinet
373 239 405 265 ad
424 239 613 274 paenitentiam
635 239 724 266 omnis
744 242 822 269 aetas,
840 238 930 265 omnis
945 245 1037 269 sexus,

247 286 392 320 omnisque
405 285 537 318 conditio,
554 289 584 312 ut
599 286 681 312 vitam
695 289 882 320 consequatur
897 288 1037 312 mternam.

246 329 365 357 Juvenes
380 330 490 365 quidem
505 330 532 357 in
546 338 579 357 eo
594 331 665 366 grati
681 330 748 362 sint,
763 331 836 365 quod
860 330 887 358 in
912 331 972 365 ipso
988 330 1040 357 im-

247 382 311 412 petu
335 377 535 405 desideriorum
558 377 682 405 cervices
707 385 773 405 suas
797 378 863 413 jugo
888 378 1040 413 subjiciunt

247 423 410 458 disciplinae.
425 422 510 450 Senes
524 427 551 450 et
565 423 617 458 ipsi
630 423 792 455 laudabiles,
805 424 870 458 quia
881 424 958 451 multi
968 428 1038 451 tem-

247 469 324 505 poris
338 468 578 501 consuetudinem,
596 470 623 495 in
647 476 702 503 qua
722 468 794 496 male
818 471 948 505 praeventi
962 473 1038 502 sunt,

247 524 297 552 pro
312 515 358 542 Dei
374 515 473 542 timore
488 519 666 542 commutant.

283 560 375 589 XLVI.
392 559 477 589 Nemo
491 568 557 596 ergo
570 560 688 593 differat,
706 569 787 589 nemo
802 566 964 597 cunctetur;
978 571 1040 598 qua:

246 606 321 634 enim
336 613 419 633 causa
434 606 582 633 cunctandi
597 610 639 634 est
648 607 682 633 ad
693 606 762 634 bene
776 608 929 642 agendum?
943 613 990 636 aut
1003 609 1039 636 ti-

247 659 316 684 mes,
330 658 364 678 ne
375 658 438 678 cum
453 650 522 678 bene
537 651 650 683 feceris,
661 651 698 679 ibi
716 653 967 681 remunerationem
982 662 1037 681 non

249 695 372 724 invenias
398 700 427 723 ut
449 696 570 730 putasti?
591 696 622 722 Et
639 697 704 731 quid
719 698 824 725 senties
839 698 995 726 detrimenti
1013 699 1037 726 si

249 741 318 770 bene
334 741 431 769 feceris
444 741 540 776 gratis,
555 749 645 768 nonne
656 743 737 769 etiam
752 743 810 770 sola
823 743 851 770 in
870 743 914 772 his
926 744 1037 771 sul‘lice-

248 791 291 814 ret
318 786 505 814 conscientia?
526 785 604 819 Quod
621 787 643 814 si
668 788 805 815 inveneris
826 791 857 815 ut
881 790 1036 823 praesumis,

248 840 340 860 nonne
354 840 403 867 pro
410 833 501 868 parvis
512 840 618 867 magna,
628 836 655 860 et
667 841 716 868 pro
728 835 923 869 temporalibus
935 839 1037 862 aeterna

247 879 384 914 recipies?
400 886 495 907 verum
512 887 562 915 ego
585 880 643 907 haec
661 884 774 915 propter
793 880 950 909 incredulos
970 882 1036 910 dixi.

247 924 304 953 Nos
320 930 411 952 autem
432 933 493 960 quae
515 926 708 960 praedicamus,
729 928 766 953 ita
789 934 819 954 se
838 927 950 960 habent,
975 928 1039 963 quia

248 978 300 998 nec
315 971 395 998 aliter
409 978 471 998 esse
487 975 614 1006 possunt,
637 979 698 1007 qua:
717 973 877 1008 prophetica
895 981 961 1001 voce
976 981 1040 1009 pro-

249 1017 333 1044 missa
347 1020 422 1045 sunt.

286 1062 390 1091 XLVII.
403 1062 432 1090 Si
445 1063 507 1098 quis
521 1071 587 1091 vero
609 1064 687 1100 cupit
707 1065 874 1093 examussim
896 1065 1040 1093 veritatem

249 1113 353 1137 nostra:
376 1109 582 1145 praedicationis
598 1116 757 1145 agnoscere,
775 1111 921 1138 conveniat
937 1111 971 1138 ad
991 1119 1040 1138 au-

250 1155 392 1188 diendum,
407 1159 434 1183 et
450 1156 517 1191 quid
534 1156 569 1184 sit
585 1164 666 1184 verus
686 1157 818 1192 propheta
837 1161 998 1192 cognoscat,
1013 1161 1041 1185 et

249 1202 317 1227 tunc
328 1200 437 1228 demum
451 1201 541 1229 omnis
556 1201 583 1228 in
595 1209 629 1229 eo
643 1202 762 1230 cessabit
778 1202 941 1238 ambiguitas
951 1211 958 1235 ;
967 1202 990 1229 si
1001 1206 1042 1229 ta-

250 1253 314 1274 men
338 1254 394 1274 non
415 1246 562 1274 obstinatis
577 1248 678 1275 animis
697 1248 808 1276 resistat
823 1248 877 1279 his,
893 1255 954 1283 qute
977 1256 1042 1276 vera

249 1294 489 1327 esserompererit.
499 1292 568 1321 Sunt
576 1294 648 1321 enim
658 1294 768 1329 quidam
778 1294 824 1329 qui
833 1294 954 1329 quolibet
961 1295 1042 1322 modo

251 1337 286 1365 ad
302 1338 352 1366 hoc
367 1342 472 1366 tantum
488 1340 639 1374 respiciunt
652 1343 681 1366 ut
696 1339 818 1371 vincant,
831 1344 858 1367 et
869 1340 977 1368 laudem
993 1348 1042 1375 pro

251 1384 304 1412 hoc
316 1385 403 1421 magis
414 1393 495 1420 quam
509 1386 625 1413 salutem
637 1390 771 1420 quaerant,
788 1386 889 1421 quibus
907 1394 961 1413 non
980 1394 1044 1414 eve-

251 1431 311 1458 niat
325 1431 367 1458 vel
382 1431 436 1457 dici
457 1430 573 1466 aliquid,
597 1438 632 1458 ne
653 1433 682 1458 et
696 1438 787 1458 sermo
806 1430 908 1458 nobilis
925 1431 1044 1466 patiatur

252 1476 393 1510 Injuriam,
409 1480 435 1504 et
450 1476 558 1510 injuria:
578 1484 635 1504 sua:
651 1484 730 1504 reum
751 1481 852 1504 :eterna
868 1481 955 1503 morte
974 1484 1041 1504 con-

1091 237 1141 269 nit,
1153 238 1392 272 perturbationem
1402 239 1491 265 menti
1505 246 1561 265 non
1576 238 1669 270 infert,
1686 239 1727 266 sed
1737 247 1798 272 unus,
1810 244 1831 266 ut

1090 284 1129 310 ita
1140 283 1266 316 dixerim,
1285 283 1413 319 idemque
1425 285 1538 313 allectus
1550 289 1603 317 est,
1622 286 1666 320 qui
1680 289 1705 312 et
1718 285 1831 321 bonispra-

1090 330 1145 357 mia
1157 334 1184 357 et
1195 329 1273 357 malis
1290 330 1417 358 retribuit
1432 338 1538 365 pwnam
1551 339 1558 364 ;
1575 338 1636 358 nam
1648 331 1670 358 si
1683 331 1751 359 bonis
1761 336 1782 358 et
1792 341 1831 359 ma-

1090 375 1124 402 lis
1136 375 1206 402 bona
1219 376 1357 409 restituat,
1373 380 1401 404 et
1417 377 1501 404 simili
1512 377 1726 405 remuneratione
1734 385 1784 413 erga
1791 379 1831 413 pits

1090 426 1183 449 utatur
1195 426 1223 449 et
1237 422 1347 458 impios,
1361 423 1481 458 injustus
1496 424 1588 459 potius
1602 431 1682 459 quam
1696 425 1770 451 bonus
1779 424 1833 452 vide-

1090 467 1175 495 bitur.

1125 512 1217 540 XLIX.
1234 512 1288 541 Sed
1300 514 1361 542 ais:
1376 522 1428 543 nec
1448 515 1520 542 Deus
1541 514 1637 542 debuit
1654 514 1735 541 facere
1751 514 1832 541 malum.

1090 560 1191 588 Verum
1210 559 1298 593 dicis;
1324 568 1413 596 neque
1441 560 1515 588 fecit.
1537 559 1590 588 Sed
1605 560 1652 595 qui
1675 559 1707 587 ab
1727 567 1755 587 eo
1775 559 1834 586 creati

1089 611 1164 639 sunt,
1184 607 1249 635 dum
1270 607 1435 643 judicandos
1454 615 1484 635 se
1504 614 1566 634 esse
1580 614 1637 633 non
1651 605 1762 637 credunt,
1771 605 1834 632 indul-

1089 656 1183 688 gentes
1195 653 1379 688 voluptatibus
1392 652 1465 685 suis,
1477 659 1492 679 a
1503 652 1604 687 pietate
1627 655 1654 679 et
1671 651 1762 686 iustitia
1779 649 1835 677 dm-

1088 697 1139 724 Iuti
1155 701 1230 726 sunt.
1251 698 1305 725 Sed
1320 697 1414 725 dices:
1432 697 1460 726 Si
1479 697 1585 732 justum
1601 700 1645 724 est
1664 697 1749 731 punire
1765 696 1833 726 malos,

1089 744 1181 771 statim
1192 748 1221 771 ut
1232 744 1303 771 male
1317 747 1402 778 agunt
1416 743 1508 778 puniri
1519 743 1631 771 debent.
1641 742 1680 770 Tu
1688 742 1779 777 quidem
1789 742 1835 770 bene

1089 789 1222 824 festinas;
1238 790 1287 818 sed
1298 790 1343 817 ille
1354 790 1401 825 qui
1415 794 1535 818 aeternus
1555 793 1599 817 est
1614 793 1642 817 et
1654 796 1729 824 quem
1741 788 1795 815 nihil
1807 789 1835 814 la-

1089 840 1138 868 tet,
1158 840 1261 872 quanto
1276 836 1369 863 nullus
1383 835 1408 863 ei
1424 836 1498 868 linis,
1513 839 1591 863 tanto
1609 838 1638 862 et
1654 834 1749 870 prolixa
1759 835 1835 869 patiar

1090 883 1128 910 tia
1144 886 1196 915 est,
1211 888 1238 910 et
1253 890 1308 910 non
1322 881 1355 909 ad
1371 882 1545 909 velocitatem
1566 881 1702 913 vindictae,
1718 880 1758 908 sed
1772 881 1797 906 ad
1808 888 1837 907 sa-

1090 929 1155 956 lutis
1182 928 1294 963 respicit
1316 935 1433 960 causas;
1467 927 1622 955 delectatur
1652 926 1720 954 enim
1739 933 1783 953 non
1801 929 1837 952 ta

1090 976 1188 1004 morte,
1202 980 1282 1007 quam
1296 972 1479 999 conversione
1489 972 1632 1007 peccantis
1641 971 1674 998 ".
1691 971 1745 998 Ideo
1755 970 1838 1004 denqu

1090 1020 1118 1043 et
1146 1020 1272 1044 sanctum
1296 1016 1433 1051 baptisma
1455 1016 1572 1051 largitus
1595 1020 1640 1044 est
1660 1015 1804 1047 hominibus,
1817 1014 1837 1041 nl

1091 1061 1166 1096 quod
1186 1062 1208 1088 si
1223 1061 1286 1096 quis
1300 1062 1394 1089 venire
1407 1060 1528 1094 festinet,
1542 1065 1570 1088 et
1583 1061 1622 1089 de
1645 1062 1742 1096 reliquo
1763 1064 1837 1088 maneat

1091 1107 1263 1139 emendatus,
1278 1107 1406 1135 delentur
1422 1115 1456 1134 ex
1469 1114 1502 1134 eo
1518 1107 1613 1135 omnia
1628 1111 1742 1143 peccata,
1753 1114 1800 1141 qua
1808 1113 1837 1141 per

1092 1153 1274 1188 ignorantiam
1289 1153 1438 1181 commissa
1453 1157 1527 1181 sunt.

1127 1197 1159 1226 L.
1171 1198 1238 1226 Nam
1250 1198 1405 1234 philosophi
1420 1198 1487 1234 quid
1499 1199 1677 1228 contulerunt
1697 1198 1754 1225 vita:
1771 1199 1836 1224 morte

1099 1245 1178 1277 lium,
1195 1245 1314 1273 dicendo
1329 1245 1488 1274 hominibus
1508 1254 1561 1274 non
1577 1246 1662 1274 irasci
1674 1244 1837 1277 Deumhemre

1094 1297 1124 1319 ut
1149 1291 1280 1320 doeerent
1302 1300 1351 1320 eos
1368 1293 1475 1320 nullum
1496 1293 1599 1320 habere
1618 1293 1738 1320 vindictae
1757 1289 1836 1322 alicuius

1092 1338 1136 1365 vel
1155 1338 1252 1372 judicii
1275 1342 1388 1370 metum,
1415 1342 1443 1366 et
1466 1346 1515 1373 per
1535 1338 1588 1366 hoc
1619 1342 1674 1366 tota
1703 1335 1836 1372 peccantibls

1095 1382 1170 1410 frena
1181 1383 1318 1412 laxarent.
1334 1383 1389 1410 Aut
1403 1383 1468 1418 quid
1483 1383 1522 1411 illi
1537 1383 1690 1410 humanum
1702 1389 1776 1417 genus
1788 1380 1837 1414 juu‘

1094 1432 1170 1460 runt,
1186 1428 1233 1463 qui
1254 1428 1386 1456 dixerunt
1400 1436 1456 1456 nor.
1469 1436 1531 1456 esse
1543 1428 1642 1462 Deum,
1654 1428 1700 1456 sed
1710 1435 1767 1456 casu
1780 1426 1838 1453 omnia

1094 1478 1121 1502 et
1136 1474 1249 1501 fortuito
1266 1475 1326 1509 agi?
1341 1483 1432 1502 nonne
1447 1478 1477 1502 ut
1491 1474 1550 1502 haec
1566 1475 1710 1502 audientes
1719 1473 1839 1501 homineset

253 1523 373 1551 demnet.
391 1521 461 1555 Quid
477 1522 550 1549 enim
569 1526 612 1550 est
627 1522 655 1549 in
674 1529 729 1557 quo
751 1522 893 1550 adversari
912 1522 1045 1557 prtedica-
1057 1529 1079 1558 α
1096 1521 1260 1548 arbitrantes
1282 1520 1387 1548 nullunt
1403 1528 1464 1549 esse
1476 1521 1614 1556 judicem,
1640 1520 1738 1548 nullum
1754 1518 1840 1554 proviso-

253 1568 321 1596 tioni
337 1571 438 1595 nostra;
458 1568 521 1603 quis
540 1567 653 1595 debeat?
676 1571 724 1594 aut
744 1567 772 1594 in
797 1575 852 1602 quo
876 1570 971 1594 contra
987 1567 1044 1594 veri

254 1615 418 1648 honestique
441 1613 522 1640 Iidem
544 1620 635 1640 sermo
653 1612 858 1648 praedicationis
877 1617 979 1640 nostra:
995 1612 1044 1640 de-

253 1658 456 1695 prehenditur?
470 1658 518 1693 qui
542 1658 608 1685 dicit
629 1658 821 1685 honorandum
837 1666 899 1685 esse
915 1657 1002 1684 Deum
1018 1660 1044 1684 et

254 1703 363 1731 Patrem
383 1704 507 1731 onmium
527 1704 708 1735 conditorem,
726 1703 841 1738 ejusque
862 1702 972 1736 Filium,
998 1703 1044 1738 qui

254 1750 333 1778 solus
348 1758 410 1777 eum
425 1755 452 1778 et
466 1750 634 1777 voluntatem
651 1750 711 1784 ejus
729 1750 816 1782 novit,
829 1750 929 1784 cuique
943 1749 994 1777 soli
1011 1749 1046 1776 de

254 1795 384 1822 omnibus
400 1794 568 1822 credendum
583 1798 626 1822 est
641 1802 702 1829 quae
718 1794 864 1829 praecepit;
881 1794 957 1822 solus
971 1794 1044 1821 enirn

254 1844 298 1869 est
312 1842 355 1868 lex
369 1844 397 1868 et
407 1841 546 1876 legislator
557 1845 584 1869 et
597 1841 680 1875 judex
691 1841 794 1876 justus.
807 1841 886 1875 cujus
900 1841 941 1867 lex
951 1840 1045 1867 decer-

255 1887 298 1914 nit
311 1886 502 1913 honorandum
518 1894 579 1914 esse
594 1887 679 1914 Deum
699 1886 844 1913 Dominum
858 1886 979 1912 omnium
998 1892 1046 1920 per

255 1932 340 1958 vitam
357 1930 476 1959 sobriam
488 1950 495 1962 ,
515 1935 635 1962 castam,
653 1930 766 1965 justam,
784 1931 1000 1965 misericordem,
1018 1934 1046 1958 et

256 1977 285 2004 in
302 1977 362 2012 ipso
379 1977 438 2004 solo
451 1984 559 2004 omnem
574 1977 758 2004 collocattdam
777 1984 862 2012 spem.

294 2020 408 2048 XLVIII.
437 2020 489 2048 Sed
512 2021 585 2048 dicet
609 2021 720 2056 aliquis,
736 2023 818 2049 etiam
842 2029 857 2048 a
876 2022 1046 2057 philosophis

258 2067 414 2101 hujusmodi
428 2070 564 2102 prtecepta
579 2067 651 2094 dari.
668 2067 741 2095 Mhil
757 2072 799 2095 est
816 2068 921 2101 simile;
934 2076 997 2095 nam
1013 2068 1048 2096 de

258 2115 363 2142 iustitia
378 2115 489 2149 quidem
511 2114 546 2142 ab
562 2116 602 2142 eis
617 2119 644 2142 et
659 2116 809 2144 sobrietate
825 2117 981 2149 mandatur,
998 2117 1046 2144 sed

257 2164 489 2188 remuneratorem
501 2160 585 2188 Deum
599 2166 737 2198 gestorum
749 2163 883 2190 bonorum
898 2164 1047 2191 malorum-

1094 1573 1151 1594 rem
1172 1573 1275 1599 rerum,
1295 1565 1330 1593 ad
1348 1573 1429 1593 omne
1449 1565 1569 1597 facinus,
1591 1565 1667 1600 quod
1681 1565 1720 1591 vel
1738 1564 1798 1590 furor
1814 1561 1839 1587 vel
1854 1572 1855 1600 δ

1094 1612 1208 1640 avaritia
1233 1612 1276 1639 vel
1298 1611 1382 1639 libido
1414 1611 1567 1643 dictasset,
1601 1612 1732 1639 ncntinem
1759 1608 1841 1637 verendo

1094 1658 1249 1693 praecipites
1264 1659 1428 1693 agerentur?
1438 1658 1506 1686 Nam
1521 1659 1560 1686 illi
1576 1659 1694 1685 multum
1705 1655 1842 1690 reverajuw

1095 1709 1161 1731 runt
1191 1705 1349 1732 mortalium
1374 1705 1470 1737 vitam,
1486 1704 1534 1740 qui
1565 1704 1697 1731 dixerunt
1714 1702 1772 1730 nillil
1788 1707 1842 1735 posst

1095 1749 1154 1777 sine
1166 1750 1258 1785 genesi
1275 1749 1344 1782 ﬁeri,
1359 1750 1465 1778 scilicet
1480 1754 1509 1777 ut
1523 1749 1714 1784 unusquisque
1726 1746 1808 1782 peccati
1815 1745 1841 1771 sui

1094 1803 1206 1823 causam
1222 1796 1316 1831 genesi
1328 1795 1480 1827 ascribens,
1495 1795 1675 1830 semetipsum
1691 1794 1717 1821 in
1732 1791 1841 1820 sceleribus
1854 1790 1855 1795 ‘

1095 1842 1153 1870 suis
1167 1841 1359 1876 pronuntiaret
1376 1841 1529 1871 innoxium.
1544 1840 1612 1867 dum
1624 1839 1723 1866 crimen
1735 1842 1841 1864 suunth

1095 1887 1254 1922 paenitendo
1270 1887 1362 1920 diluit,
1380 1887 1427 1915 sed
1443 1886 1530 1914 l'atum
1545 1884 1685 1921 culpando
1702 1881 1840 1918 cogemimt-

1094 1933 1163 1961 Nam
1178 1934 1212 1961 de
1228 1934 1282 1961 illis
1297 1934 1364 1969 quid
1375 1933 1465 1961 dicam
1486 1932 1674 1968 philosophis,
1687 1930 1730 1966 qui
1744 1929 1795 1957 deos
1812 1933 1840 1953 ω-

1096 1979 1194 2007 lendos
1219 1987 1282 2007 esse
1307 1979 1532 2007 introduxerunt.
1555 1982 1583 2005 et
1605 1978 1676 2005 tales
1694 1977 1762 2007 deos,
1779 1972 1839 2009 quala

1097 2025 1177 2059 paulo
1191 2030 1254 2052 ante
1269 2025 1407 2053 audistis?
1419 2024 1491 2058 Quid
1505 2023 1557 2051 fuit
1568 2023 1646 2051 aliud
1662 2023 1796 2050 decernere.
1807 2017 1838 2045 nisi

1096 2075 1127 2098 ut
1143 2070 1217 2104 vitia,
1229 2071 1281 2098 nisi
1300 2076 1329 2098 ut
1343 2071 1470 2104 crimina,
1488 2071 1542 2099 nisi
1558 2075 1588 2098 ttt
1604 2069 1705 2106 ﬂagitia
1716 2060 1839 2111 colerenle

1095 2115 1182 2143 Pudet
1195 2116 1360 2151 miseretque
1379 2125 1423 2144 me
1439 2117 1533 2149 vestri,
1549 2116 1573 2144 si
1593 2115 1704 2143 creditis
1716 2111 1776 2148 quod
1793 2107 1838 2136 ίηάί·

1095 2168 1148 2196 gna
1170 2161 1228 2189 hate
1248 2165 1341 2189 essent
1362 2166 1390 2189 et
1414 2162 1498 2197 impia
1523 2165 1607 2196 atque
1631 2155 1838 2189 exsecrabilianlll

258 2212 312 2240 que
331 2213 386 2232 non
407 2211 518 2240 norunt,
536 2210 564 2234 et
584 2207 646 2235 ideo
661 2208 733 2243 leges
748 2213 774 2236 et
792 2214 924 2244 praecepta
952 2217 1045 2236 eorum
1063 2198 1151 2234 Dnon
1174 2207 1391 2242 deprehendistis
1415 2208 1567 2240 hactenus,
1597 2212 1647 2235 aut
1672 2205 1808 2241 deprehensa
1822 2202 1837 2223 ει

259 2255 447 2278 accusatorem
457 2252 646 2280 tantummodo
653 2254 792 2288 publicum
799 2254 895 2286 vitant,
903 2256 1046 2283 conscien-

258 2296 324 2323 tiam
341 2304 404 2324 vero
419 2297 564 2332 puriﬁcare
578 2305 630 2324 non
644 2305 769 2334 possunt.
782 2300 853 2333 Quid
865 2301 938 2328 enim
953 2301 1048 2329 timeat

260 2341 289 2370 in
303 2343 411 2385 occulto
426 2351 550 2378 peccare,
570 2345 616 2380 qui
642 2346 811 2373 occultorum
837 2354 897 2374 esse
914 2347 1046 2374 arbitrum

259 2392 288 2416 et
297 2388 417 2422 judicetn
436 2391 544 2417 nescit?
566 2390 678 2418 Addunt
696 2396 825 2426 praeterea
840 2393 994 2428 philosophi
1019 2394 1047 2421 in

260 2435 405 2469 praeceptis
419 2434 488 2466 suis,
502 2435 584 2462 etiam
599 2436 667 2464 deos
677 2437 724 2472 qui
738 2442 802 2465 sunt
815 2439 952 2466 daemones
961 2438 1048 2466 hono-

260 2479 374 2512 randos,
389 2479 462 2514 quod
478 2481 579 2514 solum,
593 2482 701 2509 etiamsi
717 2483 745 2510 in
760 2484 822 2511 aliis
837 2483 993 2518 probabiles
1007 2485 1048 2512 vi-

260 2523 405 2557 derentur,
420 2525 589 2560 gravissimae
603 2534 651 2554 eos
666 2531 755 2563 potest
770 2529 919 2563 impietatis
933 2537 1050 2565 arguere

260 2576 288 2601 et
299 2573 419 2608 propriis
427 2573 610 2602 condemnare
621 2576 775 2608 sententiis,
788 2577 834 2611 qui
842 2584 926 2604 unum
937 2576 1048 2611 quidem

260 2626 323 2648 esse
336 2620 515 2654 pronuntiant
527 2619 622 2653 Deum,
637 2629 688 2656 pro
703 2623 888 2650 assentatione
904 2626 994 2650 tamen
1006 2630 1051 2650 er-

262 2667 334 2695 roris
347 2667 460 2694 humani
471 2667 564 2702 plures
575 2668 705 2697 mandent
718 2669 858 2698 colendos.
867 2668 951 2697 Aiunt
957 2673 1048 2697 autem

261 2716 290 2740 et
313 2713 382 2740 illud
405 2713 572 2749 philosophi,
595 2714 679 2743 Deum
702 2723 757 2744 non
778 2717 872 2749 irasci,
895 2715 1048 2744 nescientes

263 2758 328 2792 quid
338 2758 440 2788 dicant.
451 2760 493 2788 Ira
505 2762 577 2789 enim
586 2763 657 2790 mala
665 2767 717 2796 est,
726 2763 771 2790 ubi
779 2767 897 2791 mentem
907 2762 1010 2796 turbat,
1019 2767 1050 2790 ut

299 2851 322 2866 ¹¹³
336 2850 403 2879 Luc.
422 2860 470 2888 xlt,
492 2853 534 2888 Π,
555 2855 596 2888 I9,
612 2855 657 2882 i0.
697 2855 719 2870 ⁷⁸
734 2854 831 2881 Ezecb.
849 2861 927 2887 wi,
942 2854 976 2882 35

1097 2253 1231 2280 intellecta
1246 2253 1316 2281 mala
1334 2261 1384 2289 pro
1402 2254 1483 2281 bonis
1495 2258 1523 2281 et
1537 2253 1652 2288 optimis
1664 2248 1779 2279 coluistis.

1135 2297 1179 2325 LI.
1193 2296 1264 2324 Tum
1279 2301 1412 2332 praeterea
1428 2300 1456 2324 et
1471 2295 1539 2323 illud
1553 2295 1637 2330 quale
1660 2298 1710 2325 est,
1729 2289 1784 2327 quod
1794 2294 1835 2322 ρη-

1101 2348 1278 2379 sutnpserunt
1294 2343 1420 2371 nonnulli
1435 2341 1665 2378 philosophorum
1678 2339 1718 2366 vel
1731 2338 1759 2365 de
1768 2332 1834 2382 [lat-If

1100 2393 1159 2427 qui,
1175 2400 1239 2420 cttm
1254 2391 1311 2418 sint
1324 2390 1466 2421 mortales,
1482 2392 1509 2416 et
1522 2388 1654 2423 opinione
1671 2385 1724 2413 sola
1737 2383 1764 2410 de
1776 2380 1834 2427 inviti-

1101 2423 1204 2466 bilibus
1224 2437 1316 2464 dicere
1330 2435 1374 2462 vel
1389 2435 1424 2462 de
1442 2433 1538 2462 mundi
1553 2432 1671 2467 origine,
1686 2431 1729 2459 ubi
1742 2435 1783 2456 non
1796 2423 1835 2450 λάθ’

1099 2488 1162 2512 rant
1177 2491 1240 2512 cum
1261 2484 1350 2514 lieret,
1368 2482 1413 2509 vcl
1431 2480 1466 2508 de
1483 2480 1539 2508 line
1553 2480 1617 2514 ejus
1633 2480 1676 2506 vel
1690 2477 1721 2505 de
1731 2474 1835 2520 auium“:-il

1100 2531 1128 2558 itt
1139 2530 1255 2558 infernis
1270 2528 1477 2564 dispensatione
1489 2530 1517 2554 et
1525 2526 1644 2561 judicio,
1662 2521 1835 2552 militia!“

1100 2576 1247 2613 praesentia
1259 2575 1370 2611 quidem
1381 2578 1411 2602 et
1430 2572 1551 2601 visibilis
1565 2579 1651 2600 nosse
1663 2567 1766 2616 hominis

1101 2608 1253 2653 iionabilis,
1268 2608 1416 2657 praterita
1433 2626 1499 2647 vero
1525 2622 1554 2646 et
1574 2617 1669 2645 futura
1692 2620 1717 2644 et
1735 2608 1833 2641 invitm”

1103 2669 1185 2702 scire,
1201 2668 1289 2697 solius
1308 2665 1476 2703 prophetica
1489 2664 1670 2701 prascientiat
1680 2666 1727 2691 est.
1741 2658 1786 2687 Non

1102 2717 1161 2744 haec
1181 2715 1349 2751 coniecturis
1362 2718 1390 2742 et
1406 2712 1585 2748 opinionibus
1602 2708 1746 2746 colligenda
1758 2704 1834 2751 ειωιτιξ

1103 2763 1203 2799 quibus
1215 2748 1293 2791 valde
1304 2762 1436 2790 falluntur
1447 2759 1584 2793 homines,
1601 2758 1650 2786 sed
1661 2756 1709 2784 ﬁde
