1873 3095
52 103 106 132 Ηιῦ

650 106 934 136 RECOGNITIONUM
951 108 1014 136 LIB.
1042 109 1072 136 Χ.

1591 105 1658 134 Ηιιϐ

47 160 164 193 veritatis,
180 161 252 189 sicut
271 169 302 190 se
320 162 403 191 habet
417 163 475 191 haec
493 166 586 191 nostra
601 164 738 192 doctrina.
759 164 814 193 Nos
829 168 853 196 Α
867 166 1013 194 lectatione
1027 167 1086 201 ipsa
1100 166 1233 194 doctrinae
1243 170 1271 195 et
1286 167 1420 195 suavitate
1435 164 1579 192 verborum
1595 171 1656 199 pcr-

45 207 105 234 enim
121 207 185 234 nihil
198 215 232 235 cx
247 209 326 237 nobis
337 209 486 245 loquimur,
502 217 552 237 ncc
567 210 686 238 humana
700 211 818 238 aestima-

45 252 106 280 tione
121 253 231 281 collecta
247 256 455 288 annuntiamus,
472 255 524 283 hoc
539 257 613 284 enim
634 257 758 292 decipere
773 262 816 286 est

44 299 184 333 auditores;
197 300 246 328 sed
259 300 315 328 veri
332 301 472 336 propheta:
489 303 651 331 auctoritate
664 304 743 332 nobis
758 308 815 332 tra-

42 345 88 372 dita
94 345 295 374 etmanifestata
305 347 495 382 praedicamus.
508 341 635 384 Decujus
643 350 814 384 praescientia

43 395 65 418 et
77 391 170 419 virtute
184 393 354 428 prophetica,
370 395 393 422 si
407 393 480 429 quis,
497 399 528 423 ut
545 395 612 427 dixi,
628 395 662 422 ad
678 396 812 430 liquidum

39 437 87 464 vult
107 437 268 466 documenta
288 440 442 476 suscipere.
455 441 591 470 sollicitus
611 442 766 474 conveniat,
785 446 813 470 et

39 482 139 517 impiger
157 483 192 510 sit
218 483 253 510 ad
275 485 453 518 audiendum,
473 490 501 515 et
519 487 659 514 evidentes
684 487 811 515 dabimus

37 528 209 562 probationes,
234 531 336 565 quibus
359 532 415 559 vim
440 533 606 568 prophetica:
633 533 812 567 praescientiae

36 581 81 601 non
102 574 187 602 solum
200 576 315 605 auribus
335 579 443 612 audire,
460 580 508 607 sed
524 584 551 608 et
567 581 655 608 oculis
672 581 754 608 etiam
768 581 810 608 vi-

35 620 90 648 dere
108 628 140 648 ac
160 630 243 650 manu
261 627 434 654 contrectare
457 634 488 654 se
503 626 606 654 credat.
624 626 662 655 De
676 635 731 662 quo
747 635 810 655 cum

34 670 124 694 certam
142 667 222 696 ﬁdem
237 671 405 706 conceperit.
418 672 513 708 jugum
534 674 648 708 justitiaa
663 679 689 702 et
699 675 809 710 pietatis

33 711 124 747 absque
149 714 205 741 ullo
225 715 319 744 labore
339 719 471 753 suscipiet
489 720 523 752 ⁷⁷,
544 724 704 756 tantamque
725 723 752 749 in
775 731 808 750 eo

33 759 120 786 sentiet
133 760 305 796 suavitatem,
320 766 350 790 ut
363 771 417 791 non
432 765 521 792 solum
537 766 604 793 nihil
618 767 643 794 ei
656 767 757 796 laboris
768 769 810 796 in-

31 812 83 832 esse
99 811 237 839 causetur,
255 816 349 837 verum
373 814 401 838 et
416 811 534 846 amplius
554 813 658 848 aliquid
678 814 741 842 addi
755 815 807 843 sibi

29 850 153 880 desideret
163 857 191 881 et
202 854 315 890 imponi.

58 897 109 926 Lll.
124 899 249 936 Cumque
269 901 326 930 haec
340 906 367 930 et
381 903 436 930 alia
456 904 500 932 his
519 905 620 932 similia
635 906 761 939 dixisset,
780 912 808 935 et

28 944 164 973 nonnullos
180 953 214 974 ex
231 946 275 975 his
292 949 340 984 qui
356 949 469 977 aderant
491 950 616 979 inﬁrmos
634 956 662 980 et
677 952 809 980 daemoniu-

28 989 72 1017 bus
86 991 213 1020 obsessos
227 999 363 1027 curasset,
378 996 548 1031 gratulantes
559 1000 586 1025 et
601 997 686 1025 Deum
704 1000 808 1027 collau-

27 1035 113 1065 dantes
132 1039 228 1067 turbas
241 1040 354 1073 dimisit,
366 1043 527 1077 praecipiens
542 1044 582 1072 eis
594 1048 623 1071 ut
637 1045 670 1072 ad
683 1046 807 1074 eumdem

27 1081 106 1110 locum
120 1084 203 1111 etiam
221 1087 452 1121 consequentibus
465 1088 562 1116 diebus
577 1090 704 1118 audiendi
719 1092 807 1126 gratia

26 1130 205 1158 convenirent.
218 1130 342 1167 Cumque
362 1133 437 1161 domi
457 1134 514 1169 jam
530 1135 602 1163 inter
615 1143 667 1164 nos
682 1144 807 1166 essemus

26 1182 53 1202 ac
74 1183 290 1212 praeparat-emus
313 1179 345 1206 ad
363 1179 511 1212 edendum,
532 1181 674 1217 ingressu
694 1183 805 1218 quidam

26 1221 124 1249 nuntiat
146 1222 298 1258 Appionem
323 1224 551 1255 Plistonicensem
569 1227 627 1264 (60)
644 1237 706 1256 cum
728 1229 806 1257 Anu-

26 1265 99 1295 bione
114 1277 205 1305 nuper
219 1270 327 1299 venisse
342 1271 377 1298 ab
390 1273 548 1308 Antiochia,
559 1277 586 1301 et
599 1274 730 1310 hospitari
743 1284 805 1303 cum

25 1312 137 1343 Simone.
154 1315 225 1344 Tum
235 1322 312 1352 pater
327 1318 442 1347 audiens
458 1320 570 1354 gavisus
595 1325 648 1355 est,
663 1326 690 1350 et
706 1322 743 1349 ait
756 1321 806 1350 Pe-

24 1362 79 1387 tro:
95 1360 123 1388 Si
135 1363 285 1396 permittis,
301 1363 364 1390 volo
382 1364 422 1392 ire
440 1368 466 1391 ct
485 1365 605 1394 salutare
616 1366 765 1402 Appioneln
778 1372 806 1396 et

23 1403 199 1440 Anubionem,
216 1408 280 1442 quia
298 1408 377 1436 valde
392 1408 474 1436 amici
493 1409 559 1436 mihi
572 1414 652 1444 sunt;
679 1411 805 1440 fortassis

23 1456 103 1478 autem
120 1453 293 1481 Anubionem
314 1454 395 1482 etiam
421 1455 536 1483 suadere
557 1460 653 1490 potero
664 1457 805 1492 disputare

23 1503 77 1523 cum
92 1497 232 1527 Clemente
244 1500 277 1527 de
291 1502 395 1536 genesi.
412 1501 445 1529 Et
461 1501 560 1531 Petrus
579 1513 584 1531 :
602 1503 744 1538 Permitto,
761 1506 804 1533 in—
816 1510 839 1540 C

23 1544 84 1577 quit.
97 1548 123 1572 et
139 1545 222 1573 laudo
237 1547 308 1580 quod
325 1548 430 1576 amicos
441 1549 524 1583 colis;
536 1554 724 1578 verumtamen
734 1559 800 1579 con-

23 1589 114 1622 sidera,
130 1592 268 1626 quomodo
284 1600 332 1627 per
351 1594 550 1628 providentiam
571 1595 619 1623 Dei
634 1597 726 1624 omnia
751 1597 801 1624 tibi

23 1642 50 1663 ex
63 1638 198 1666 sententia
211 1645 395 1674 concurrant;
410 1649 476 1669 ecce
488 1642 562 1670 enim
579 1651 635 1670 non
650 1644 738 1671 solum
757 1643 800 1671 al-

23 1681 95 1710 l'ectio
109 1684 160 1712 tibi
175 1685 297 1720 propria,
313 1686 369 1714 Deo
383 1691 540 1722 praestante,
548 1694 673 1724 reparata
684 1694 736 1722 est,
753 1690 801 1718 sed

23 1732 43 1755 et
59 1730 208 1757 amicorum
223 1733 368 1766 praesentia
384 1739 557 1767 procuratur.
573 1734 606 1761 Et
619 1739 694 1770 pater
709 1744 714 1762 :
734 1734 812 1768 Vere,

823 837 845 866 Β

23 1774 110 1810 inquit,
126 1776 239 1804 adverto
253 1778 290 1805 ita
300 1786 371 1811 esse,
388 1783 419 1807 ut
433 1780 512 1808 dicis.
529 1780 561 1807 Et
572 1787 634 1808 cum
647 1781 705 1809 haec
715 1781 799 1809 dixis-

23 1825 64 1853 set,
79 1821 148 1849 abiit
162 1822 196 1850 ad
211 1822 393 1852 Anubionem.

48 1867 113 1896 Llll.
129 1868 185 1896 Nos
200 1873 290 1897 autem
305 1878 366 1898 cum
379 1869 461 1898 Petro
475 1871 557 1907 positi
576 1879 625 1907 per
651 1876 733 1900 totam
749 1880 800 1900 no-

23 1917 83 1942 ttem
94 1915 289 1951 interrogando
300 1916 334 1944 de
344 1916 461 1945 diversis
472 1920 500 1945 et
509 1917 640 1945 discendo
649 1917 685 1945 ab
693 1925 737 1950 eo,
749 1917 797 1944 de-

65 2004 85 2019 ⁷⁷
99 2003 194 2032 Matth.
208 2011 248 2037 xi,
262 2004 307 2032 50.

640 2077 743 2106 COTEl
747 2076 822 2105 .ERll

44 2169 252 2232 (602Appionem
266 2169 488 2197 Plistonicensem.
518 2168 655 2203 Epitomes
674 2175 700 2211 ς.
718 2169 770 2213 1155
788 2178 794 2196 :
813 2182 834 2209 Β

45 2214 85 2231 ππ
97 2215 135 2232 ων
146 2207 160 2232 6
170 2205 374 2232 Πλειστονικηςε
387 2204 607 2232 Clemenlmorum
619 2212 656 2232 iv.
672 2204 689 2230 δ
703 2213 710 2231 :
738 2206 795 2230 Λπο

23 2203 137 2232 Arminii}
146 2203 160 2232 ὅ
170 2205 374 2240 Πλειστονικηςς
387 2204 607 2240 Clemenlmorum
619 2212 656 2240 iv,
672 2203 689 2230 6
703 2213 710 2231 :
731 2204 795 2230 Ἀπο

23 2242 96 2267 τίωνα
106 2241 153 2267 τὸν
165 2239 357 2275 Πλειστονίκην
366 2240 479 2275 .lnsigni
490 2245 581 2267 tamen
596 2239 641 2266 isti
657 2246 793 2274 gramma-

23 2284 71 2306 Ico.
85 2276 133 2310 qui
146 2283 161 2302 a
172 2275 282 2303 Tiberio
294 2275 449 2310 cymbalum
465 2275 558 2302 mundi
573 2275 724 2303 dicebatur.
735 2282 796 2309 pro-

23 2311 50 2337 ul
64 2311 149 2338 dubio
163 2318 262 2338 nomen
278 2310 328 2337 fuit
346 2311 454 2342 Ἀπίων,
478 2311 577 2346 Apion,
605 2313 635 2336 ut
656 2310 794 2346 interdum

447 2330 454 2342 ,
478 2330 577 2342 μνη-ι,

24 2347 137 2373 xhibent
149 2346 258 2373 codices
273 2353 338 2373 mss.
352 2347 453 2380 quibus
468 2344 510 2373 usi
526 2348 722 2379 sumus,utque
738 2344 795 2372 fere

23 2389 115 2416 smper
131 2382 159 2408 in
170 2380 270 2416 Graecis
286 2381 362 2416 libris
381 2382 514 2416 scriptum
529 2380 731 2416 inveniesLSed
748 2387 793 2416 er-

23 2414 103 2443 aru’nt
121 2415 269 2451 aliquando
283 2414 369 2443 Graeci
385 2414 465 2443 etiam
490 2415 648 2451 antiquarii.
665 2414 743 2443 Unde
765 2415 793 2442 in

23 2451 124 2478 'atiano
147 2455 220 2478 recte
243 2451 354 2485 quidem
378 2459 404 2486 p.
423 2451 474 2478 164
496 2452 594 2486 legitur
612 2451 751 2482 Ἀπίωνος,
767 2454 794 2476 at

23 2493 151 2522 erperam
167 2493 194 2522 η.
215 2486 267 2513 172
287 2494 417 2514 excusum
435 2486 615 2522 cst’A‘nniwv,
634 2493 695 2522 cum
721 2486 793 2520 apud

23 2520 295 2557 lus‘ebium’Prmpar.
311 2530 414 2557 evang.,
430 2522 477 2549 lib.
494 2529 522 2553 x,
543 2529 568 2548 c.
586 2521 630 2557 li,
655 2520 683 2557 in
698 2523 792 2548 eodem

23 2556 115 2583 'atiani
131 2556 190 2584 loco
203 2556 301 2583 ’Λπίων
311 2555 449 2584 cernatur.
464 2557 542 2590 Quod
557 2560 590 2582 ad
603 2555 716 2583 Latinos
730 2563 793 2590 spe-

23 2595 71 2623 tat,
86 2592 190 2626 Appian
203 2595 292 2627 potest
301 2599 363 2619 esse
369 2595 516 2627 auctorum
531 2594 794 2627 errortpotestcsse

24 2624 289 2662 brariorum._‘Certe
314 2627 340 2662 in
354 2625 454 2662 "Plinio
471 2627 555 2662 Apion
570 2624 791 2662 scribitur._ltem

23 2661 150 2697 i_Adonis
163 2658 303 2693 Chronico,
314 2661 342 2688 in
353 2661 466 2689 llonorii
478 2658 736 2697 Augustodunensis
743 2661 797 2689 Ca-

23 2694 103 2729 rlogo,
122 2701 149 2724 et
164 2697 191 2723 in
206 2697 370 2731 quibusdam
389 2705 457 2724 mss.
474 2705 505 2724 ac
520 2694 687 2724 éditionibus
701 2695 793 2722 Histo-

23 2731 51 2756 ῖιε
67 2732 229 2759 Eusebianae
250 2739 266 2759 a
290 2731 389 2759 Ruﬁno
413 2732 562 2762 translatae,
584 2731 631 2759 lib.
644 2738 687 2762 ιιι,
706 2738 731 2758 c.
745 2731 790 2758 58,

28 2767 81 2795 oud
99 2766 231 2802 Senecam
251 2775 327 2800 vero,
342 2767 493 2802 Agellium,
503 2766 712 2802 Tertullianum,
727 2765 791 2792 llie-

23 2809 162 2838 myrtum),
176 2801 332 2838 Josephum
348 2801 450 2838 Ruﬁni,
473 2801 639 2838 Haymonem
651 2801 789 2838 aliosque,

23 2835 65 2863 nni
79 2837 182 2871 duplici
192 2835 371 2872 pediderunt.
384 2835 521 2866 Hactenus
537 2837 571 2865 de
585 2836 704 2864 nomine.
715 2835 792 2864 Nunc

867 212 963 247 vigiles
979 212 1140 240 mansimus.
1152 211 1185 238 Et
1198 219 1260 239 cum
1274 212 1330 247 jam
1345 214 1543 241 auroresceret.
1555 209 1656 238 Petrus

867 258 979 286 intuens
995 266 1038 286 me
1054 266 1086 286 ac
1103 258 1202 286 fratres
1214 265 1300 290 meos,
1315 259 1353 285 ait
1366 268 1372 285 :
1388 257 1471 284 Miror
1486 256 1550 292 quid
1565 257 1653 284 visum

866 304 902 331 sit
919 305 989 340 patri
1008 308 1111 333 vestro.
1131 304 1257 340 Cumque
1278 304 1336 332 haec
1355 305 1468 338 diceret,
1495 304 1655 338 supervenit

865 355 942 385 pater
969 351 1124 384 etginvenit
1146 350 1258 377 Petrum
1280 350 1359 378 nobis
1379 350 1413 377 de
1432 357 1461 377 se
1485 349 1652 384 loquentem.

864 396 989 432 Cumque
1014 398 1173 429 salutasset,
1199 396 1359 424 satisfacere
1382 397 1466 437 coepit
1487 399 1514 423 et
1541 402 1653 422 causam

863 450 1009 478 exponere,
1024 443 1060 471 ob
1075 451 1158 478 quam
1176 442 1243 470 foris
1260 442 1416 471 mansisset.
1429 441 1484 470 Nos
1505 447 1594 469 autem
1610 448 1654 468 re-

863 489 1010 523 spicientes
1021 489 1053 516 ad
1065 497 1127 516 cum
1142 488 1427 524 expavimus,vultum
1441 488 1467 514 in
1481 495 1514 515 eo
1532 487 1653 515 Simonis

862 535 987 562 videntes
1004 534 1071 571 (6i),
1087 542 1181 562 vocem
1199 538 1290 562 tamen
1307 534 1392 569 patris
1415 533 1499 561 nostri
1523 534 1654 561 audieba-

861 589 934 608 mus.
960 581 1085 616 Cumque
1106 580 1295 616 refugeremus
1310 588 1372 608 eum
1388 583 1415 608 et
1431 587 1651 611 exsecraremur,

861 629 988 664 stupebat
1004 632 1081 663 pater
1096 627 1170 662 quod
1185 630 1240 653 tam
1257 629 1366 653 austere
1384 633 1446 653 cum
1461 633 1494 653 eo
1508 633 1652 660 ageremus

861 679 888 704 et
908 676 1034 703 barbare.
1062 675 1144 702 Solus
1166 677 1258 701 tamen
1277 673 1375 701 Petrus
1389 680 1458 705 erat,
1483 673 1531 708 qui
1546 673 1653 700 vultum

860 721 921 756 ejus
937 721 1089 748 naturalem
1116 720 1226 748 videbat
1241 729 1248 747 z
1267 719 1314 754 qui
1331 723 1359 746 et
1384 719 1423 746 ait
1448 719 1482 746 ad
1510 727 1561 746 nos
1576 728 1583 746 :
1597 718 1653 746 Cur

859 767 1042 796 exsecramini
1070 771 1175 802 patrem
1202 766 1344 794 vestrum?
1363 765 1414 793 Cui
1434 773 1486 794 nos
1510 773 1564 793 una
1588 773 1651 794 cum

859 816 947 840 matre
961 812 1154 847 respondimus
1171 821 1177 839 :
1198 811 1248 838 Hic
1263 810 1343 838 nobis
1362 810 1457 837 Simon
1469 810 1587 842 videtur,
1603 818 1652 838 vo-

860 867 917 888 cem
934 859 1038 886 habens
1053 858 1138 893 patris
1155 858 1253 885 nostri.
1271 857 1304 884 Et
1316 856 1413 884 Petrus
1425 866 1432 884 :
1445 856 1529 884 Vobis
1541 857 1651 892 quidem

859 913 912 933 vox
927 906 987 940 ejus
1002 913 1063 941 quae
1077 905 1222 932 maleﬁciis
1243 907 1348 931 mutata
1372 911 1427 930 non
1441 907 1494 935 est,
1512 904 1570 931 sola
1585 908 1650 931 nota

859 957 917 985 est;
935 951 1000 979 mihi
1018 955 1110 978 autem
1131 952 1213 978 etiam
1237 950 1330 977 vultus
1346 949 1417 984 ejus,
1438 949 1485 984 qui
1506 949 1569 976 aliis
1591 953 1652 977 arte

860 998 980 1025 Simonis
992 996 1114 1024 mutatus
1131 1000 1255 1032 apparet.
1273 995 1444 1022 Faustiniani
1461 995 1549 1030 patris
1564 994 1650 1023 vestri

857 1047 940 1071 notus
952 1047 1004 1071 est.
1021 1043 1055 1070 Et
1066 1043 1175 1069 intuens
1189 1045 1292 1075 patrem
1305 1040 1343 1067 ait
1361 1050 1367 1067 :
1382 1040 1470 1067 Causa
1483 1047 1544 1075 qua;
1554 1047 1650 1075 conju-

857 1098 918 1125 gem
934 1094 1009 1117 tuam
1024 1089 1171 1116 conturbat
1183 1095 1215 1114 ac
1234 1086 1318 1118 ﬁlios,
1336 1086 1393 1114 haec
1405 1092 1457 1117 est,
1471 1087 1577 1121 species
1590 1086 1650 1114 vul-

858 1140 903 1164 tus
918 1136 945 1163 in
960 1140 987 1164 te
1001 1143 1058 1164 non
1073 1135 1181 1163 videtur
1194 1135 1239 1162 illa
1252 1142 1313 1170 quae
1326 1133 1388 1166 fuit,
1406 1133 1455 1161 sed
1471 1133 1556 1161 facies
1569 1140 1649 1161 exse-

856 1182 952 1209 crandi
973 1181 1094 1209 Simonis
1109 1182 1137 1208 in
1149 1185 1176 1208 te
1194 1184 1317 1215 apparet.

892 1226 960 1254 LlV.
978 1225 1011 1253 Et
1030 1234 1093 1253 cum
1110 1226 1169 1253 haec
1183 1225 1302 1258 diceret.
1319 1232 1462 1259 regressus
1480 1224 1592 1259 quidam
1613 1232 1649 1252 ex

856 1272 899 1301 his
913 1272 960 1308 qui
976 1271 1148 1299 Antiochiam
1173 1274 1385 1306 praecesserunt,
1406 1270 1516 1298 dicebat
1535 1270 1571 1297 ad
1595 1269 1647 1299 Pe-

855 1322 928 1346 trum
944 1328 951 1346 :
970 1317 1046 1345 Scire
1061 1322 1087 1345 te
1100 1318 1172 1349 volo,
1187 1317 1298 1344 domine
1310 1315 1346 1342 mi
1365 1315 1456 1348 Petre,
1472 1316 1536 1351 quia
1552 1316 1648 1344 Simon

856 1365 926 1400 apud
938 1364 1109 1391 Antiochiam
1125 1363 1233 1398 publice
1249 1363 1334 1389 multa
1346 1361 1449 1390 faciens
1460 1363 1537 1397 signa
1549 1367 1576 1390 et
1585 1370 1646 1398 pro-

855 1412 938 1448 digia,
959 1411 1028 1439 nihil
1044 1411 1118 1439 aliud
1134 1412 1235 1446 populo
1256 1411 1395 1445 persuasit
1413 1411 1467 1438 nisi
1482 1418 1543 1446 quae
1557 1411 1590 1439 ad
1606 1410 1647 1438 tui

855 1451 947 1485 odium
963 1458 1112 1493 pertinent,
1131 1465 1240 1493 magum
1256 1461 1283 1484 te
1303 1458 1462 1487 nominans.
1479 1456 1645 1488 maleﬁcum,

856 1505 1032 1537 homicidam,
1048 1504 1117 1532 etin
1139 1508 1247 1532 tantum
1263 1511 1311 1531 eos
1336 1504 1481 1532 adversum
1502 1508 1529 1530 te
1553 1503 1645 1530 odium

854 1550 1012 1582 concitavit,
1030 1554 1061 1577 ut
1089 1557 1254 1585 magnopere
1267 1549 1436 1580 desiderent,
1453 1548 1476 1576 si
1489 1552 1514 1575 te
1528 1554 1646 1583 usquam

854 1596 976 1623 invenire
991 1599 1103 1630 queant,
1115 1595 1198 1622 etiam
1214 1602 1313 1622 carnes
1328 1598 1389 1621 tuas
1404 1593 1553 1626 devorare;
1568 1597 1595 1620 et
1610 1593 1646 1620 ob

834 1647 838 1651 '
854 1640 904 1667 hoc
919 1647 970 1667 nos
984 1641 1032 1675 qui
1048 1639 1184 1675 praemissi
1198 1647 1294 1667 sumus
1304 1658 1312 1670 ,
1330 1638 1456 1666 videntes
1474 1638 1554 1666 valde
1568 1645 1646 1665 com-

852 1689 954 1714 motam
970 1690 1066 1713 contra
1081 1689 1108 1712 te
1122 1686 1273 1718 civitatem,
1289 1684 1399 1712 occulte
1420 1684 1448 1711 in
1470 1692 1556 1712 unum
1576 1692 1644 1712 con-

852 1732 993 1760 venientes
1007 1731 1250 1759 considerabamus
1266 1730 1331 1765 quid
1350 1730 1409 1758 ﬁeri
1422 1733 1571 1764 oporteret.

888 1777 944 1805 LV.
960 1777 1084 1813 Cumque
1102 1777 1208 1804 nullum
1227 1777 1384 1804 videremus
1402 1777 1506 1803 exitum
1530 1776 1579 1808 rei,
1596 1783 1644 1803 su-

851 1824 975 1860 pervenit
1001 1823 1147 1852 Cornelius
1169 1822 1305 1855 centurio,
1330 1823 1432 1849 missus
1449 1829 1465 1849 a
1486 1821 1594 1849 Caesare
1607 1821 1642 1848 ad

851 1870 994 1905 praesidem
1006 1869 1138 1898 Caesarea:
1153 1868 1255 1904 publici
1267 1868 1368 1903 negotii
1383 1867 1490 1903 gratia;
1506 1867 1580 1895 hunc
1594 1874 1643 1894 ac-

851 1916 986 1944 cersimus
1004 1916 1037 1942 ad
1052 1923 1103 1942 nos
1126 1914 1225 1946 solum,
1243 1920 1410 1948 causamque
1429 1913 1453 1941 ei
1478 1920 1532 1948 qua
1549 1914 1640 1940 mmsti

857 2075 970 2104 ΝΟΤᾸΞ.

849 2168 882 2196 de
897 2175 1089 2204 cognomento.
1102 2169 1293 2203 Πλειστονίκην
1306 2176 1359 2204 non
1372 2168 1498 2196 verterim
1515 2169 1637 2199 Plistoni-

848 2212 960 2241 gensem,
975 2206 1054 2240 quasi
1071 2213 1103 2233 ex
1122 2205 1226 2241 patria;
1249 2204 1296 2232 sed
1316 2203 1497 2241 Plistonicem,
1525 2211 1636 2235 secutus

845 2238 964 2266 Plinium
980 2238 1007 2267 et
1020 2238 1165 2275 Agelliu’m.
1182 2239 1327 2276 Sicautem
1347 2239 1478 2276 Apionem
1493 2243 1636 2276 cognomi-

845 2279 946 2301 narunt
973 2276 1046 2309 quod
1070 2276 1097 2302 in
1121 2275 1272 2303 certamine
1296 2275 1429 2301 litterario
1453 2275 1636 2309 saepe'victor

845 2310 1014 2346 exstitisset;
1031 2318 1092 2346 qua
1107 2315 1149 2338 est
1162 2311 1309 2337 multorum
1326 2310 1478 2346 senternia:
1496 2311 1536 2337 vel
1553 2319 1567 2338 a
1586 2320 1636 2346 pa-

845 2348 885 2380 tre
910 2343 1070 2379 Plistonices;
1093 2346 1170 2380 juxta
1195 2345 1385 2372 doctissimum
1415 2343 1635 2375 Salmasium‘ad

844 2379 1047 2414 Inscriptionem
1060 2379 1177 2414 Reilillw,
1192 2388 1218 2414 p.
1236 2381 1270 2407 90
1282 2385 1309 2407 et
1320 2380 1480 2414 praefatione
1492 2381 1519 2408 in
1535 2382 1634 2410 librum

847 2414 884 2451 pe
901 2415 1066 2451 [romani/mis
1083 2416 1166 2451 Hyles
1183 2415 1303 2447 Ialricre,
1321 2415 1395 2451 ρηιο
1404 2423 1438 2443 ex
1452 2415 1506 2447 his.
1523 2417 1634 2451 opinor,

845 2448 1064 2483 Suidie,'Anlwv,
1087 2452 1101 2477 ὁ
1112 2448 1436 2478 ’Πλειστονίκουίνθι-ιιιη
1463 2459 1526 2478 cum
1542 2448 1635 2479 'Suida

845 2484 1008 2521 Salmasium
1035 2486 1164 2513 refellunt
1189 2485 1315 2513 Justinus
1335 2486 1436 2521 Martyr
1448 2486 1636 2514 Cohorlatione

844 2519 878 2556 ad
893 2520 1009 2551 ercos.
1027 2529 1054 2555 p.
1069 2522 1096 2552 9,
1115 2525 1141 2548 et
1158 2521 1305 2548 Africanus
1322 2522 1393 2556 apud
1406 2519 1634 2556 Eusebiumrcum

844 2555 924 2593 lib._x
940 2556 1089 2593 Prizpargt.
1103 2565 1211 2593 esuri-9.,
1224 2565 1248 2584 c.
1266 2557 1311 2593 10,
1330 2560 1388 2584 tum
1403 2555 1545 2593 Xpovav
1563 2555 1635 2593 λργῳ

843 2590 953 2627 πρώτῳ,
972 2599 1034 2627 pag.
1051 2591 1097 2624 26,
1114 2590 1178 2619 dum
1199 2591 1295 2627 Apioni
1311 2596 1416 2627 patrem
1431 2590 1503 2618 'dant
1520 2590 1634 2619 Posido-

842 2633 929 2653 ιιιιιιη.

879 2661 935 2697 (Gl)
961 2661 1071 2689 Vultum
1095 2663 1122 2689 in
1146 2671 1176 2689 eo
1196 2662 1313 2689 Simonis
1329 2662 1454 2692 uidentes,
1471 2665 1524 2687 etc.
1541 2660 1633 2688 lndili-

843 2704 909 2731 gens
930 2701 972 2725 est
996 2698 1022 2725 iu
1039 2698 1122 2732 hujus
1142 2698 1194 2725 loci
1209 2702 1236 2725 et
1251 2697 1357 2725 fabellae
1371 2697 1634 2732 cqmmemoratjone

843 2732 1016 2764 Hincmarus,
1034 2730 1138 2761 relatus
1160 2734 1187 2760 in
1203 2732 1380 2760 Testimoniis
1397 2730 1535 2758 Veterum.
1563 2730 1633 2764 Lege

841 2767 1089 2830 etiiiQTQCedrenum
1105 2778 1132 2805 p.
1150 2768 1211 2798 175.
1225 2771 1252 2796 et
1268 2766 1454 2800 Anastasium,
1472 2769 1569 2801 quaest.
1585 2766 1632 2798 20,

843 2810 869 2830 ο.
944 2824 950 2830 .
