1873 3095
253 156 264 183 I
271 153 321 183 “1

680 148 698 175 S
725 145 921 175 CLEMENTIS
937 146 948 173 I
963 145 1046 174 ROM.

1065 144 1165 172 PONT.
1182 143 1300 172 OPERA
1316 143 1428 170 DUBIA.
1790 143 1844 170 rut

237 217 363 240 essemus
377 216 555 244 exponimus,
573 213 605 234 ac
631 214 654 234 si
670 204 736 240 quid
758 209 869 239 posset,
883 206 913 230 ut
926 202 1034 238 juvaret
1048 206 1071 234 Α
1086 198 1135 226 tibi
1149 198 1263 233 ;amicos
1282 205 1298 224 a
1318 205 1403 233 puero
1424 197 1510 225 fuisse
1527 197 1648 229 dixeras,
1665 204 1719 224 non
1732 201 1805 225 tamen
1822 203 1843 225 ut

239 257 392 285 hortamur.
415 254 486 282 Tum
513 254 559 281 ille
586 251 789 288 promptissime
813 248 978 284 repromittit
1002 255 1032 275 se

238 311 301 332 eum
325 304 450 339 protinus
474 301 643 336 fugaturum,
670 298 693 326 si
711 301 804 324 tamen
827 295 945 324 consilio
972 294 1033 328 ejus

239 348 322 376 etiam
340 354 390 374 nos
410 345 610 373 adniteremur.
627 341 752 376 Cumque
769 347 820 367 nos
840 338 1034 374 polliceremur

240 393 354 428 impigre
370 396 468 420 cuncta
486 395 623 427 gesturos,
640 389 679 416 ait
692 398 697 415 :
709 388 802 415 Caesar
818 387 844 413 in
865 385 932 413 urbe
946 384 1033 410 Roma

239 444 266 467 et
281 447 327 475 per
339 438 494 474 provincias
507 437 647 464 maleﬁcos
662 434 764 470 inquiri
778 433 862 468 jussit
873 439 905 459 ac
924 430 1032 466 perimi,

239 493 273 514 ex
287 485 386 520 quibus
402 484 512 519 plurimi
522 483 579 518 jam
594 481 726 518 perempti
741 482 815 507 sunt.
832 478 889 513 Ego
902 478 985 513 igitur
995 476 1035 503 di-

240 531 359 566 vulgabo
373 539 420 565 per
439 531 555 562 amicos,
572 536 615 555 me
635 527 758 554 utistum
785 532 893 559 magum
908 529 1034 558 caperem

242 579 363 606 Venisse.
383 580 410 603 et
424 576 459 602 ob
473 575 523 602 hoc
540 574 652 601 missum
671 581 686 599 a
698 572 815 602 Caesare,
832 578 886 605 quo
896 570 977 596 etiam
990 569 1034 595 hic

241 630 303 650 cum
321 622 427 649 caeteris
447 621 504 648 suis
521 620 605 648 sociis
628 619 768 654 puniatur.
786 616 879 644 Vestri
900 623 965 650 ergo
987 614 1035 650 qui

243 676 305 695 eum
324 667 383 702 ipso
398 670 462 694 sunt
476 666 583 692 occulte
595 664 672 699 quasi
689 662 872 696 undecunque
887 660 1033 691 audierint,

247 713 368 741 indicent
383 713 407 739 ei
421 711 494 746 quod
509 718 560 745 ego
575 710 609 737 ad
634 709 723 745 ipsum
751 707 915 742 capiendum
934 706 1035 733 missus

243 759 308 790 sim,
324 762 351 786 et
365 762 468 785 certum
484 761 536 788 est.
551 756 624 792 quod
639 763 700 783 cum
718 754 845 787 audierit,
863 753 949 788 fugiat
965 762 972 779 :
989 755 1035 779 aut

242 805 264 832 si
279 813 328 832 vos
342 803 445 839 aliquid
459 797 559 831 melius
569 802 680 834 videtis,
693 801 787 828 dicite.
803 800 873 833 Quid
889 799 987 834 plura?
997 799 1035 825 ita

242 850 344 878 factum
358 854 423 877 esta
441 849 544 877 nostris
560 849 606 884 qui
619 855 681 875 cum
696 848 756 882 ipso
768 850 858 878 erant,
875 845 1034 880 explorandi

241 897 327 932 gratia
344 896 476 923 simulati.
497 894 549 922 Ubi
564 894 660 921 didicit
677 892 771 920 Simon
791 897 900 919 ventum
922 898 984 918 esse
999 890 1033 917 ad

242 949 281 972 se,
299 946 426 974 tanquam
443 940 539 974 ingens
554 939 605 966 sibi
621 937 784 966 beneﬁcium
800 936 930 963 collatum
947 935 982 962 ab
993 935 1033 962 eis

242 986 389 1021 accipiens,
404 986 430 1012 iu
448 985 539 1020 fttgam
550 991 648 1011 versus
662 987 714 1011 est.
737 982 885 1010 Discedens
901 980 986 1015 igitur
1000 987 1032 1007 ex

241 1032 397 1063 Antiochia,
418 1039 481 1059 eum
498 1030 677 1058 Athenodoro
693 1029 747 1056 huc
768 1027 843 1055 venit
866 1027 938 1055 sinat
953 1026 1035 1052 audi-

241 1079 341 1106 vimus.

278 1121 342 1149 LVI.
361 1120 417 1148 Hoc
431 1128 497 1156 ergo
510 1120 600 1148 visum
617 1123 660 1147 est
672 1119 751 1146 nobis
765 1117 894 1146 omnibus
909 1116 955 1151 qui
966 1123 1035 1151 pra-

242 1168 387 1198 cessimus,
405 1171 434 1194 ut
445 1167 555 1194 interim
563 1174 638 1193 nunc
645 1173 699 1192 non
708 1164 841 1192 ascendas
849 1162 1034 1192 Antiochiam,

243 1221 386 1250 usquequo
400 1213 543 1240 videamus
560 1212 583 1240 si
610 1212 658 1238 illo
682 1209 838 1238 discedente
853 1209 946 1236 odium
962 1206 1036 1242 quod

243 1261 278 1288 de
291 1265 317 1288 te
338 1261 439 1296 populo
454 1259 611 1290 seminavit,
628 1258 720 1292 aliqua
736 1264 769 1283 ex
793 1259 871 1291 parte
891 1258 1034 1281 vacuetur.

242 1307 311 1334 Cum
327 1306 383 1333 huic
397 1306 563 1333 insinuasset
579 1305 602 1331 is
624 1303 671 1338 qui
690 1302 724 1329 de
745 1301 892 1328 Antiochia
910 1303 1035 1332 venerat,

243 1350 343 1378 Petrus
363 1350 516 1385 respiciens
531 1349 563 1375 ad
579 1352 686 1383 patrem
702 1351 827 1374 nostrum
844 1346 882 1373 ait
901 1355 908 1372 :
924 1344 1033 1372 Fausti-

243 1397 337 1428 niane,
363 1404 377 1423 a
408 1396 521 1423 Simone
542 1393 622 1429 Mago
637 1392 851 1420 transformatus
877 1395 920 1418 est
944 1390 1037 1417 vultus

242 1445 320 1473 tuus,
340 1442 412 1468 sicut
432 1445 562 1475 apparet;
591 1443 691 1473 putans
707 1439 779 1466 enim
804 1438 879 1473 quod
900 1444 915 1463 a
929 1435 1038 1463 Caisare

243 1491 413 1523 quaereretur
426 1486 458 1513 ad
475 1492 594 1520 poenam,
610 1484 723 1512 territus
740 1484 808 1518 fugit
829 1487 857 1510 et
878 1489 959 1510 suum
978 1480 1038 1507 vul-

243 1536 301 1559 tum
314 1532 363 1558 tibi
385 1531 526 1566 imposuit,
543 1530 566 1557 si
580 1529 649 1557 forte
662 1535 690 1557 tu
707 1537 756 1564 pro
772 1529 832 1564 ipso
849 1527 988 1562 capereris
1011 1528 1037 1553 et

244 1578 279 1606 ad
292 1581 407 1605 mortem
423 1577 486 1604 duci
503 1584 610 1612 posses.
627 1580 657 1603 ut
673 1575 735 1602 ﬁliis
748 1574 802 1601 tuis
822 1572 962 1601 tristitiam
976 1578 1035 1598 mo-

243 1628 330 1651 veret.
356 1622 437 1650 Pater
453 1630 518 1650 vero
534 1622 581 1649 ubi
598 1622 655 1649 haec
676 1621 792 1653 audivit,
815 1627 877 1647 cum
905 1618 1034 1654 lacrymis

244 1670 401 1698 exclamans
415 1679 421 1695 :
435 1668 528 1700 Recte,
545 1667 645 1703 inquit,
661 1666 815 1698 azstimasti,
828 1665 915 1696 Petre,
932 1673 993 1692 nam
1008 1667 1035 1691 et

243 1715 373 1744 Anubion
384 1716 448 1750 quia
465 1714 531 1741 mihi
543 1714 620 1741 valde
631 1714 738 1741 amicus
754 1717 824 1745 erat,
839 1713 890 1740 sub
905 1711 1035 1747 mysterio

243 1760 363 1796 quodam
377 1760 444 1787 mihi
456 1759 578 1786 indicare
593 1762 715 1793 coeperat
730 1757 763 1784 de
775 1756 882 1784 insidiis
893 1755 964 1790 ejus,
986 1754 1034 1782 sed

244 1808 339 1835 infelix
355 1815 410 1834 nou
421 1805 581 1841 credebam,
595 1806 661 1840 quia
677 1805 747 1832 nihil
767 1804 795 1831 in
809 1810 872 1831 eum
889 1801 1035 1829 commise-

243 1861 302 1881 ram
319 1853 393 1880 mali.

280 1898 359 1927 LVII.
371 1899 496 1934 Cumque
511 1905 607 1925 omnes
626 1904 680 1924 una
700 1904 762 1924 cum
786 1899 864 1931 patre
878 1894 989 1922 tristitia
1008 1898 1036 1920 et

244 1945 372 1981 Iacrymis
383 1952 537 1980 ageremur,
550 1944 654 1971 interea
667 1946 693 1968 ιιι
705 1942 830 1969 Anubion
843 1941 916 1968 venit
931 1940 963 1967 ad
973 1947 1034 1971 nos,

245 1991 370 2018 indicans
397 1990 477 2018 nobis
493 1989 632 2017 Simonem
655 1989 758 2024 fugisse
784 1995 833 2022 per
857 1990 975 2018 noctem,
991 1985 1036 2012 .Iu-

244 2036 331 2064 daeam
356 2040 505 2072 petentem.
529 2035 633 2063 Videns
655 2038 748 2062 autem
778 2038 881 2068 patrem
910 2036 1035 2060 nostrum

244 2081 416 2117 plangentem
431 2084 457 2108 et
478 2081 671 2108 lamentantem
687 2087 717 2106 se
729 2087 760 2106 ac
771 2079 906 2106 dicentem
925 2087 931 2105 :
946 2077 1036 2104 Infeli—

244 2134 303 2154 cem
319 2135 374 2157 mc.
392 2127 439 2162 qui
455 2133 518 2153 eum
530 2134 639 2161 magum
657 2125 772 2153 audiens
797 2132 853 2151 non
874 2123 1035 2157 credebam;

244 2173 310 2208 quid
324 2173 390 2200 mihi
409 2173 511 2201 misero
523 2173 632 2205 accidit,
648 2177 678 2200 ut
699 2180 752 2200 una
768 2172 812 2200 die
829 2171 986 2207 recognitus
1001 2170 1036 2197 ab

244 2227 330 2247 uxore
340 2224 367 2248 el.
382 2220 458 2252 ﬁliis,
471 2220 558 2247 laitari
575 2227 628 2247 non
649 2219 784 2255 potuerim
799 2226 860 2246 cum
872 2218 923 2249 eis.
940 2217 988 2253 sed
1002 2217 1035 2244 ad

244 2265 350 2300 priores
369 2266 494 2293 miserias
517 2273 588 2300 qtras
607 2265 635 2292 in
651 2272 746 2292 errore
763 2264 876 2299 pertuli,
896 2263 1036 2290 revolutus

245 2311 316 2338 sim?
331 2310 416 2337 Mater
430 2315 522 2338 autem
538 2311 625 2338 multo
637 2311 748 2346 gravius
769 2310 873 2345 sparsis
893 2314 921 2338 et
932 2310 1037 2336 lacera-

243 2360 280 2386 tis
296 2359 420 2386 crinibus
436 2359 600 2394 plangebat;
614 2367 665 2386 nos
675 2366 785 2394 quoque
796 2359 824 2385 in
836 2357 1037 2393 permutatione

243 2405 337 2433 vultus
362 2405 449 2440 patris
474 2408 618 2440 stupentes
641 2405 720 2440 quasi
741 2404 850 2431 attoniti
874 2411 985 2431 eramus
1009 2408 1036 2430 et

243 2456 377 2484 amentes,
399 2458 449 2478 nec
463 2451 529 2487 quid
551 2451 590 2478 rei
613 2454 686 2479 esset
700 2451 852 2485 intelligere
865 2453 1033 2485 poteramus.

242 2497 298 2527 Sed
313 2502 341 2526 et
355 2496 481 2525 Anubion
497 2505 594 2525 omnes
612 2505 663 2524 nos
678 2498 716 2524 ita
735 2497 833 2524 videns
848 2496 938 2531 afﬂigi,
961 2495 1035 2523 velut

242 2547 336 2572 mutus
355 2544 454 2571 stabat.
470 2542 549 2570 Tunc
562 2542 663 2571 Petrus
681 2550 732 2570 nos
749 2543 862 2570 intuens
884 2542 955 2569 ﬁlios
974 2542 1035 2576 ejus

243 2589 281 2616 ait
297 2598 304 2616 :
321 2588 386 2616 Mihi
402 2589 517 2621 credite,
536 2587 610 2624 quod
627 2588 671 2616 hic
691 2589 749 2624 ipse
771 2592 813 2616 est
830 2592 908 2623 pater
928 2592 1033 2620 vester;

242 2638 354 2670 propter
368 2633 440 2669 quod
455 2637 483 2661 et
497 2641 595 2661 moneo
608 2641 668 2666 vos,
684 2638 715 2662 ut
730 2635 810 2669 quasi
822 2638 925 2669 patrem
941 2641 1034 2662 serve-

242 2681 278 2709 tis
288 2688 361 2709 eum.
378 2680 457 2708 Dabit
471 2680 543 2708 enim
558 2679 630 2708 Deus
643 2682 818 2709 occasionem
831 2681 962 2716 aliquam,
978 2688 1033 2716 qua

241 2726 367 2762 deposito
386 2726 506 2755 Simonis
519 2727 596 2754 vultu
609 2727 762 2755 evidentem
781 2727 868 2762 patris
890 2727 984 2759 vestri,
1004 2727 1032 2755 id

241 2775 285 2799 est
298 2780 376 2799 suam
386 2792 393 2804 ,
411 2779 571 2808 recuperare
585 2773 673 2808 possit
687 2772 812 2808 effigiem.

277 2815 366 2843 LVIII.
381 2816 413 2843 Et
428 2817 461 2844 ad
477 2821 581 2852 patrem
596 2825 746 2845 conversus
762 2818 800 2844 ait
818 2827 823 2844 :
843 2816 897 2852 Ego
908 2817 957 2844 tibi
971 2825 1033 2852 per-

244 2862 369 2889 miseram
390 2862 508 2891 salutare
527 2863 679 2899 Appionem
702 2866 729 2890 et
752 2862 935 2895 Anubionem,
961 2870 1032 2898 quos

1083 252 1146 272 cum
1164 243 1277 272 Simone
1294 243 1459 277 loquereris.
1478 242 1511 270 Et
1523 247 1600 278 pater
1612 252 1620 270 :
1634 242 1755 275 Peccavi,
1767 244 1842 278 inquit.

1084 290 1182 318 fateor.
1211 289 1280 317 Tum
1301 289 1450 317 Anubion:
1467 289 1500 316 Et
1521 297 1582 324 ego,
1606 289 1706 324 inquit,
1728 297 1781 316 cum
1799 291 1842 324 ipso

1083 344 1149 371 rogo
1165 340 1192 363 et
1206 336 1337 371 deprecor
1352 339 1389 367 te,
1408 339 1438 362 ut
1455 335 1582 370 ignoscas
1599 336 1670 367 seni.
1684 336 1740 362 viro
1750 335 1808 362 bono
1824 343 1843 364 et

1083 390 1235 418 generoso;
1251 381 1381 410 seductus
1395 387 1438 409 est
1456 381 1549 409 infelix
1571 385 1599 408 et
1614 381 1732 409 ludibrio
1746 381 1818 410 factus
1833 390 1843 408 ι

1084 429 1224 456 nominato
1240 435 1333 463 mago;
1346 427 1436 455 dicam
1447 428 1519 455 enim
1529 427 1667 462 quomodo
1677 435 1719 455 res
1728 432 1793 463 gesta
1801 432 1842 455 est:

1085 473 1137 501 Ubi
1162 474 1236 501 venit
1264 473 1299 500 ad
1323 473 1485 500 salutandos
1505 481 1566 505 nos,
1589 473 1706 509 contigit
1723 477 1750 500 ut
1768 474 1790 500 in
1802 475 1844 508 ipsa

1085 519 1151 546 hora
1165 518 1410 546 circumstaremus
1428 518 1581 550 Simonem,
1600 518 1740 545 audientes
1754 525 1805 545 eum
1815 519 1843 544 di-

1085 567 1192 590 centem
1213 562 1286 597 quod
1314 562 1408 598 fugere
1430 562 1497 590 velit
1519 562 1547 589 in
1571 562 1633 598 ipsa
1655 566 1747 595 nocte;
1761 563 1844 590 audisse

1084 608 1158 636 enim
1175 615 1215 640 se,
1229 607 1303 643 quod
1314 608 1438 635 venerint
1454 608 1566 643 quidam
1581 609 1666 636 etiam
1679 608 1712 635 ad
1726 609 1786 635 hanc
1794 609 1843 635 Lao-

1085 654 1164 682 dicia:
1177 655 1328 687 civitatem,
1348 654 1395 689 qui
1410 662 1473 681 eum
1493 662 1526 681 ex
1550 659 1689 690 praecepto
1703 654 1843 690 imperatoris

1085 700 1347 735 comprehenderent
1357 710 1364 733 ;
1376 700 1445 727 velle
1457 704 1548 727 autem
1561 708 1592 728 se
1607 700 1635 727 in
1653 701 1724 727 hunc
1736 701 1775 735 qui
1784 708 1844 734 nuper

1086 747 1229 782 ingressus
1245 752 1286 775 est
1298 746 1507 774 Faustinianum
1526 755 1638 774 omnem
1656 750 1801 774 convertere
1816 747 1844 774 fu-

1086 801 1187 820 rorem.
1212 793 1244 819 Et
1263 793 1302 820 ait
1318 793 1353 820 ad
1373 801 1425 821 nos
1438 801 1446 820 :
1461 793 1592 824 Tantum,
1616 793 1715 828 inquit,
1733 801 1775 820 vos
1787 792 1845 820 facite

1086 847 1148 866 eum
1164 847 1274 866 camare
1286 839 1441 872 nobiscum,
1459 843 1486 866 et
1500 847 1550 874 ego
1566 843 1733 874 unguentum
1742 839 1844 874 quoddam

1051 885 1071 914 Β
1086 893 1258 920 componam,
1275 893 1330 920 quo
1341 890 1467 914 coenatus
1483 892 1621 921 perungat
1636 886 1730 913 faciem
1744 893 1815 917 suam,
1825 892 1844 913 ut

1083 940 1117 959 ex
1130 939 1163 959 eo
1178 939 1268 959 meum
1285 932 1389 959 vultum
1404 932 1535 959 omnibus
1551 932 1658 960 habere
1675 932 1801 965 videatur;
1813 940 1843 959 rus

1084 981 1174 1004 autem
1198 977 1290 1004 herba:
1315 976 1458 1010 cujusdam
1475 985 1560 1004 succo
1584 978 1674 1005 facies
1695 978 1843 1013 perungemni

1085 1023 1173 1058 prius,
1191 1027 1220 1049 ut
1233 1030 1287 1049 non
1303 1022 1436 1049 fallamini
1452 1022 1485 1049 de
1501 1023 1695 1051 immutatione
1709 1024 1789 1050 vultus
1797 1023 1842 1057 ejus.

1085 1069 1122 1095 ita
1139 1072 1178 1100 ut,
1196 1067 1319 1103 exceptis
1331 1067 1418 1099 vobis,
1437 1067 1498 1095 aliis
1516 1068 1650 1095 omnibus
1663 1068 1842 1096 Simonesseo-

1084 1115 1191 1142 deatur.

1121 1159 1188 1188 LIX.
1214 1160 1324 1188 Etcum
1347 1161 1392 1188 ille
1421 1160 1479 1188 haec
1502 1160 1609 1188 diceret
1631 1159 1675 1187 aio
1695 1160 1728 1187 ad
1747 1158 1858 1197 eurn:ilti

1086 1207 1152 1242 quid
1169 1207 1219 1234 tibi
1230 1215 1261 1234 ex
1274 1206 1326 1234 hoc
1339 1205 1411 1234 facto
1427 1206 1568 1234 confertur
1580 1207 1674 1234 lucri?
1683 1206 1749 1233 Tum
1764 1206 1839 1233 Simon:

1087 1221 1152 1242 qulu
1170 1221 1219 1234 ιινι
1230 1221 1261 1234 ει
1274 1221 1326 1234 υυυ
1339 1221 1411 1234 ιᾶυιυ
1427 1221 1517 1234 ΕυΙΙΙτΙ
1524 1221 1563 1233 μιι
1582 1221 1670 1234 lucu:
1688 1221 1749 1233 ΙΙΙΙΙΙ
1764 1221 1839 1233 011111111-

1087 1252 1189 1285 Primo,
1215 1253 1315 1288 inquit,
1341 1257 1371 1280 ut.
1396 1253 1486 1288 ipsum
1512 1253 1750 1287 comprehendant
1766 1253 1802 1287 qui
1814 1259 1838 1277 me
1857 1221 1858 1288 1

1087 1303 1224 1334 quaerunt,
1238 1302 1265 1326 et
1283 1306 1325 1326 me
1340 1298 1467 1326 desinant
1482 1305 1618 1333 quaerere.
1641 1297 1671 1325 Si
1688 1306 1748 1325 vero
1766 1298 1839 1332 punitus

1087 1345 1171 1372 fuerit
1185 1353 1198 1371 a
1214 1344 1334 1376 Caesare,
1350 1348 1380 1372 ut
1400 1345 1505 1372 luctum
1522 1343 1678 1371 maximum
1697 1344 1798 1371 habeant
1813 1343 1838 1368 ﬁli

1087 1391 1140 1422 sui,
1157 1390 1214 1426 qui,
1234 1398 1276 1417 me
1291 1391 1434 1424 derelicto,
1451 1389 1643 1425 confugerunt
1666 1390 1700 1416 ad
1721 1389 1810 1416 Petrum
1825 1392 1839 1413 ει

1088 1441 1152 1464 sunt
1167 1437 1246 1464 modo
1266 1437 1407 1471 adjutores
1428 1436 1525 1471 ipsius.
1550 1435 1610 1471 Ego
1633 1441 1722 1463 autem
1750 1435 1839 1462 conﬁteor

1088 1483 1149 1514 tibi,
1165 1482 1255 1514 Petre.
1271 1483 1343 1518 quod
1352 1491 1446 1510 verum
1460 1487 1518 1516 est;
1529 1483 1611 1510 timui
1628 1488 1692 1510 tunc
1705 1481 1839 1509 Faustinum

1093 1528 1217 1556 indicare
1232 1529 1301 1560 haec,
1318 1529 1364 1556 sed
1384 1537 1471 1564 neque
1489 1529 1611 1564 spatium
1627 1529 1706 1556 nobis
1716 1528 1767 1563 ipse
1779 1527 1839 1554 Simul

1085 1574 1171 1608 dedit,
1188 1578 1218 1601 ut
1232 1582 1375 1609 possemus
1391 1575 1523 1603 secretius
1536 1575 1612 1609 loqui
1624 1579 1652 1602 et
1662 1575 1761 1610 p!enius
1771 1574 1791 1601 ei
1799 1580 1839 1599 tuo

1086 1621 1180 1648 silium
1202 1620 1324 1648 Simonis
1338 1622 1456 1656 aperire.
1470 1620 1575 1648 Interea
1588 1622 1666 1649 circa
1687 1621 1788 1649 mediam
1799 1627 1840 1647 noc-

1085 1671 1154 1700 tem,
1169 1667 1264 1695 Simon
1279 1667 1400 1695 Judream
1418 1672 1514 1703 petens
1534 1667 1655 1703 aufugit.
1669 1667 1772 1696 Deduin
1781 1670 1838 1692 autem

1090 1721 1155 1741 eum
1175 1713 1370 1741 Athenodorus
1384 1718 1412 1741 et
1429 1714 1546 1750 Appion,
1569 1722 1624 1750 ego
1647 1718 1733 1742 autem
1753 1709 1838 1740 simulati

1085 1758 1298 1794 inaequalitatem
1312 1760 1448 1795 corporis,
1464 1764 1494 1786 ut.
1507 1760 1581 1787 domi
1606 1767 1749 1787 remanens
1758 1758 1838 1785 facerm

1085 1800 1159 1833 hunc
1173 1806 1296 1834 velocius
1315 1805 1349 1833 ad
1362 1814 1410 1833 vos
1431 1805 1531 1840 redire,
1547 1806 1571 1834 si
1593 1805 1667 1834 forte
1688 1805 1765 1841 possit
1776 1803 1837 1838 aliquo

1085 1852 1168 1879 modo
1189 1852 1323 1879 occultari
1342 1852 1414 1887 apud
1429 1860 1497 1885 vos,
1517 1860 1553 1881 ne
1567 1852 1605 1880 ab
1620 1853 1665 1880 his
1679 1853 1722 1888 qui
1740 1851 1835 1879 Simonem

1084 1903 1211 1934 quaerunt.
1223 1899 1449 1934 comprehensus,
1467 1899 1500 1926 ad
1514 1899 1653 1927 Caesarem
1672 1898 1808 1934 perducatur
1819 1899 1833 1921 el

1085 1949 1178 1979 pereat
1189 1945 1285 1979 gratis,
1302 1949 1328 1972 et
1343 1952 1416 1972 nunc
1429 1945 1564 1972 sollicitus
1577 1953 1631 1980 pro
1646 1945 1705 1980 ipso
1719 1942 1833 1972 venivider:

1086 1997 1147 2017 eum
1159 1994 1186 2018 et
1201 1990 1290 2018 redire
1305 1994 1450 2026 antequam
1465 1991 1723 2026 snperveniantilli,
1734 1990 1772 2026 qui
1782 1987 1833 2016 dedi-

1086 2044 1186 2068 xerunt
1202 2040 1353 2068 Simonem.
1365 2040 1399 2067 Et
1413 2048 1564 2069 conversus
1577 2041 1613 2068 ad
1625 2049 1676 2069 nos
1689 2038 1830 2068 Anubionail:

1086 2085 1142 2121 Ego
1150 2085 1276 2114 Anubion
1286 2086 1369 2121 patris
1378 2087 1463 2114 vestri
1471 2095 1564 2115 verum
1573 2088 1680 2114 vultum
1691 2087 1829 2114 videoreren.

1086 2132 1149 2167 quia
1161 2135 1312 2167 perunctus
1324 2139 1384 2159 sum
1404 2132 1481 2167 prius
1496 2132 1530 2159 ab
1541 2133 1602 2168 ipso
1613 2133 1722 2160 Simone
1730 2131 1784 2158 sicut
1794 2135 1829 2154 mt-

1086 2178 1144 2205 ravi
1153 2178 1241 2209 vobis,
1251 2181 1279 2204 ut
1287 2179 1374 2205 oculis
1383 2178 1452 2206 meis
1460 2186 1522 2206 vera
1529 2178 1702 2207 Faustiniani
1711 2178 1828 2209 faciesappt-

1052 2232 1074 2259 ι)
1088 2228 1171 2256 reret,
1183 2224 1255 2252 unde
1271 2225 1339 2252 satis
1350 2228 1448 2259 stupeo
1463 2228 1491 2253 et
1510 2225 1635 2253 admiror
1656 2229 1736 2253 artem
1752 2220 1827 2251 Simul”

1088 2268 1170 2304 Magi,
1188 2269 1260 2304 quod
1275 2277 1323 2296 vos
1336 2273 1440 2297 stantes
1453 2270 1535 2297 modo
1546 2277 1602 2297 non
1614 2269 1753 2306 agnoscitis
1763 2270 1826 2303 palm

1087 2318 1222 2342 vestrum.
1239 2314 1381 2343 Flentibus
1394 2318 1486 2343 autem
1501 2321 1578 2350 patre
1592 2321 1621 2344 et
1640 2320 1723 2344 matre
1744 2321 1769 2341 ac
1781 2310 1825 2339 uehi!

1087 2361 1215 2388 omnibus
1227 2369 1276 2396 pro
1288 2362 1331 2389 his
1346 2369 1407 2396 qua:
1422 2361 1592 2396 acciderant,
1602 2368 1693 2391 morus
1704 2357 1824 2389 miseram

1086 2407 1170 2434 etiam
1184 2407 1312 2434 Anubion
1328 2407 1420 2436 ﬁebat.

1121 2451 1177 2480 LX.
1188 2452 1259 2480 Tum
1274 2452 1384 2486 Petrus,
1395 2454 1584 2484 misericordia
1597 2457 1742 2490 permotus.
1753 2449 1823 2478 πείῑω·

1085 2503 1177 2526 turum
1193 2506 1223 2527 se
1237 2499 1374 2534 promittit
1388 2499 1486 2529 faciem
1507 2501 1593 2536 patris
1612 2501 1708 2531 nostri.
1732 2493 1822 2527 (hoc!!!ﬂ

1085 2552 1148 2572 eum
1162 2554 1169 2572 ε
1184 2545 1266 2576 Audi,
1282 2544 1472 2579 Faustiniane,
1485 2554 1548 2574 cum
1568 2546 1651 2574 nobis
1665 2546 1734 2582 prius
1743 2539 1821 2571 utiliuli‘

1085 2590 1188 2625 aliquid
1201 2591 1347 2618 contulerit
1360 2599 1438 2619 error
1456 2592 1508 2620 iste
1524 2592 1709 2620 transformati
1726 2589 1792 2617 vultu
1800 2589 1820 2609 ω

1085 2639 1112 2664 et
1127 2636 1328 2664 ministraverit
1347 2637 1381 2664 ad
1398 2645 1430 2665 ea
1447 2645 1509 2673 quae
1524 2637 1662 2669 volumus,
1682 2642 1738 2664 tunc
1748 2639 1783 2669 ego
1797 2635 1820 2654 η’

1084 2690 1143 2709 ram
1153 2682 1202 2710 tibi
1212 2682 1303 2710 vultus
1319 2683 1358 2710 tui
1369 2683 1513 2718 imaginem
1523 2683 1647 2716 reddam,
1659 2684 1682 2711 si
1696 2687 1768 2710 tamen
1776 2676 1819 2713 μὶιί

1084 2735 1144 2763 quae
1156 2735 1171 2755 a
1187 2736 1231 2755 me
1240 2729 1289 2756 tibi
1307 2728 1407 2756 fuerint
1419 2729 1562 2764 imperata,
1578 2727 1758 2765 proﬁigaveris.
1768 2724 1818 2751 (ἰω-

1085 2782 1139 2809 que
1150 2778 1230 2809 pater
1243 2782 1323 2803 meus
1343 2774 1519 2810 impleturum
1538 2784 1567 2803 se
1579 2779 1679 2803 cuncta
1692 2781 1743 2809 qua
1753 2769 1818 2806 in!!!“

1084 2820 1161 2847 omni
1176 2820 1350 2855 promitteret
1365 2821 1438 2853 nisu.
1454 2825 1560 2849 tantum
1573 2826 1604 2849 ut
1615 2821 1740 2857 prepriam
1747 2819 1817 2847 ηαη»

1083 2868 1156 2893 raret
1175 2865 1314 2904 eﬂigiem,_
1325 2865 1424 2896 Petrus
1442 2867 1480 2895 ita
1495 2868 1576 2903 cepit
1593 2877 1601 2895 :
1619 2866 1678 2904 Ipse
1690 2857 1819 2893 attributi“
