1873 3095
41 159 98 187 1448

622 155 904 185 RECOGNITIONL'M
930 156 993 185 LIB.
1011 157 1043 184 Χ.

1583 165 1653 193 ηξςο

39 215 126 244 audisti
141 214 212 250 quod
227 222 300 242 unus
318 221 351 242 ex
362 213 407 242 his
418 213 466 249 qui
485 214 620 249 prmmissi
636 215 755 248 fuerant.
771 223 814 243 re-
826 218 850 247 Α
865 219 920 242 tres
935 221 1010 242 meos
1025 214 1163 250 proﬁcisci
1181 224 1243 244 cum
1260 217 1320 253 ipso
1332 219 1420 256 jubet,
1433 230 1465 249 ac
1480 222 1650 252 Blatthidiam

37 269 134 298 gressus
146 268 177 288 ex
191 260 347 292 Antiochia,
364 260 543 293 nuntiavcrit,
559 260 697 295 quomodo
717 261 811 289 Simon

37 309 67 336 ibi
81 308 192 343 positus,
201 308 298 334 turbas
313 309 458 335 adversum
470 314 513 335 me
529 308 720 339 conritaverit,
731 312 813 344 atque

36 354 58 381 in
65 355 150 382 odium
161 354 214 382 mei
225 357 309 381 totam
320 353 527 382 inﬂammaverit
535 354 690 390 civitatem};
703 362 813 390 magum

35 409 71 428 me
82 404 108 429 et
118 400 281 428 homicidam
293 407 325 427 ac
337 400 509 435 deceptorem
524 400 702 433 conﬁrmans,
712 401 740 428 iu
752 405 813 428 tan-

34 451 84 474 tum
99 451 127 474 ut
135 446 300 479 desiderent.
312 447 336 474 si
349 454 393 475 me
404 447 526 479 videant,
534 447 617 475 etiam
629 454 726 476 carnes
737 456 812 477 meas

33 493 162 521 devorare.
174 492 229 521 Fac
240 500 306 528 ergo
317 493 390 528 quod
403 493 465 520 dico
481 493 546 521 tibi:
562 494 720 529 relinquens
736 494 810 530 apud

33 547 70 567 me
79 540 252 571 Clementem,
266 539 390 574 praecede
401 546 453 567 nos
469 538 642 568 Antiochiam
661 548 724 568 cum
741 548 810 567 con-

30 586 86 621 juge
101 590 146 614 tua
165 592 192 614 et
207 586 309 614 Fausto
337 594 370 614 ac
391 587 523 614 Faustino
541 587 605 615 ﬁliis
626 588 691 616 tuis.
709 587 762 616 Sed
782 592 810 615 et

31 633 91 660 alios
112 634 216 660 mittam
237 637 338 666 tecum,
355 641 425 668 quos
446 634 513 661 mihi
528 633 677 667 videbitur,
697 635 745 670 qui
759 633 809 661 ob-

30 683 170 714 temperent
185 679 228 707 his
243 687 304 714 qua:
318 687 484 715 przecepero.

59 725 122 752 LXI.
135 725 204 753 Cum
217 733 284 761 ergo
301 733 356 752 una
371 733 433 753 cum
450 725 518 761 ipsis
535 725 708 753 Antiochiam
724 734 808 754 vene-

29 771 72 803 ris,
93 771 313 806 quandoquidem
339 770 433 799 Simon
458 771 571 803 videris,
597 771 706 807 publice
730 775 807 801 stans

29 817 134 849 praedica
151 816 343 853 pmnitentiam
356 822 431 845 tuam
446 821 474 845 et
488 816 532 844 dic
545 826 552 844 :
566 816 622 852 Ego
639 815 733 844 Simon
757 817 807 845 de-

28 863 114 891 nuntio
140 863 219 891 vobis
246 867 273 890 et
292 862 426 891 conﬁteor
453 870 498 890 me
512 864 605 890 omnia
624 863 753 892 fefellisse
772 863 806 892 de

865 264 979 288 matrem
998 265 1120 289 nostram
1135 265 1162 290 et
1173 263 1307 298 quosdam
1319 273 1352 293 ex
1365 267 1546 298 familiaribus
1557 271 1651 299 simul.

865 303 919 334 Sed
941 309 1028 333 mater
1053 307 1201 334 recusabat
1226 309 1365 343 proficisci
1384 313 1468 341 simul
1492 319 1519 342 et
1538 315 1648 344 aiebat':

863 351 949 385 Quasi
963 352 1087 380 adultera
1104 353 1170 381 mihi
1188 353 1281 383 futura
1298 357 1403 391 videor,
1421 359 1443 386 si
1458 361 1545 388 vultui
1561 361 1652 390 Simo-

862 396 907 424 nis
925 397 1074 433 conjuncts
1093 399 1144 427 sim
1156 409 1164 434 ;
1176 401 1250 436 quod
1265 402 1316 430 etsi
1330 411 1414 440 cogar
1434 406 1516 434 simul
1533 407 1584 440 ire,
1601 409 1652 435 im-

861 445 993 492 possibile
1007 449 1099 475 tamen
1114 452 1157 476 est
1171 452 1201 476 ut
1222 449 1250 477 in
1271 451 1365 479 eodem
1382 453 1483 482 lectulo
1504 462 1568 483 cum
1591 457 1650 492 ipso

859 489 977 525 iaceam,
993 492 1041 520 sed
1056 494 1152 521 nescio
1168 494 1191 522 si
1206 495 1248 523 vel
1266 497 1404 531 proﬁcisci
1427 499 1509 527 simul
1525 489 1653 536 acquies-

861 544 932 565 cam.
949 535 982 564 Et
996 545 1058 565 cum
1072 540 1152 568 valde
1172 547 1311 574 renueret.
1324 543 1454 572 Anubion
1471 535 1575 575 hortari
1590 555 1650 576 eam

860 584 955 620 coepit,
967 585 1062 613 dicens
1074 595 1080 614 :
1098 586 1186 614 Crede
1197 588 1265 615 mihi
1281 593 1309 616 et
1323 589 1416 624 Petro,
1430 592 1476 619 sed
1490 596 1518 619 et
1531 592 1589 628 ipsa
1601 600 1653 620 vox

860 636 914 656 non
943 630 991 658 tibi
1014 629 1224 660 Faustinianum
1252 642 1315 662 esse
1337 637 1484 670 persuadet
1506 638 1654 675 conjugem

860 678 958 706 tuum?
972 685 1053 713 quem
1068 687 1132 707 vere
1145 687 1201 708 non
1226 681 1318 710 minus
1338 691 1389 719 ego
1413 684 1497 721 diligo
1512 694 1594 721 quam
1612 691 1652 715 tu.

858 724 982 760 Denique
997 725 1079 753 etiam
1102 733 1152 761 ego
1168 727 1227 761 ipse
1241 728 1385 757 vobiscum
1403 731 1521 760 veniam.
1543 731 1576 760 Et
1590 740 1653 761 cum

857 769 917 797 haec
931 770 1046 798 dixisset
1057 769 1195 805 Anubion,
1212 773 1337 808 promisit
1350 779 1437 803 mater
1447 777 1530 804 simul
1545 786 1575 806 se
1590 786 1655 814 pro-

857 815 928 843 fectu
932 823 990 842 ram
995 836 1002 843 .

892 861 984 890 LXIII.
1001 861 1070 890 Tum
1085 871 1146 900 ego,
1162 863 1367 900 Competenter,
1385 868 1440 900 aio,
1456 868 1527 897 Deus
1543 871 1652 906 negotia

27 907 111 942 Petro;
128 909 174 936 ille
187 909 260 937 enim
272 916 362 944 neque
373 909 503 937 seductor
516 914 568 941 est,
583 917 673 944 neque
697 917 805 944 magus,
823 907 845 937 Β
858 912 953 935 nostra
969 909 1123 943 componit;
1140 909 1274 938 habemus
1287 911 1360 938 enim
1374 913 1516 941 nobiscum
1532 920 1560 942 et
1575 915 1654 942 Auu-

27 961 105 988 neque
118 953 265 984 homicida.
283 960 371 988 neque
383 953 482 980 horum
506 952 611 988 aliquid
635 959 809 988 quaecunque

26 1005 111 1027 contra
125 1007 188 1027 eum
206 999 313 1027 locutus
326 1007 398 1031 sum,
415 999 463 1027 sed
479 999 537 1027 dixi
551 999 597 1026 illa
608 999 700 1026 omnia
716 998 809 1027 furore

26 1050 182 1073 commotus.
207 1045 329 1072 Obsecro
342 1052 408 1080 ergo
421 1052 472 1073 vos
492 1045 552 1080 ipse
564 1052 625 1080 ego,
641 1044 688 1079 qui
704 1043 809 1071 dudum

24 1099 113 1120 causas
127 1091 184 1119 odii
199 1091 276 1118 vobis
289 1094 386 1118 contra
400 1098 462 1118 eum
478 1090 617 1122 dederam,
632 1093 663 1117 ut
674 1089 742 1117 nihil
754 1089 809 1118 tale

24 1137 52 1166 de
65 1146 95 1166 eo
110 1138 252 1171 sentiatis;
269 1138 317 1166 sed
333 1137 462 1174 deponite
477 1137 582 1169 odium.
594 1140 701 1165 cessate
711 1136 746 1164 ab
765 1136 808 1164 in-

24 1183 185 1218 dignatione,
197 1183 262 1219 quia
278 1190 341 1212 vere
353 1190 368 1210 a
384 1182 440 1210 Deo
456 1181 490 1209 ad
505 1181 623 1210 salutem
634 1181 730 1209 mundi
745 1180 808 1209 mis-

23 1236 65 1257 sus
73 1230 272 1265 estdiseipulus
282 1230 339 1257 veri
348 1228 523 1264 Prophetaeet
532 1228 681 1264 apostolus.
692 1227 807 1264 Propter

23 1275 88 1310 quod
109 1276 224 1308 suadeo,
241 1276 338 1302 hortor
352 1278 380 1303 et
400 1282 498 1302 moneo
514 1278 543 1302 ut
556 1275 649 1310 ipsum
674 1273 805 1305 audiatis,

23 1319 68 1353 ipsi
88 1320 206 1348 credatis
227 1319 386 1356 praedicanti
406 1319 484 1347 vobis
501 1320 657 1352 veritatem,
681 1327 716 1347 ne
736 1319 807 1348 [οι-ιο

22 1365 42 1391 si
53 1365 210 1400 spreveritis
227 1373 300 1398 eum,
316 1366 376 1401 ipsa
391 1365 474 1393 etiam
491 1365 583 1394 subito
597 1365 694 1394 civitas
714 1370 806 1394 vestra

21 1415 116 1445 pereat.
131 1411 220 1444 Quam
234 1419 300 1439 vero
314 1411 350 1439 ob
369 1417 481 1439 causam
497 1411 556 1438 haec
569 1419 643 1439 nunc
653 1411 731 1440 vobis
739 1419 806 1440 con-

21 1456 100 1490 ﬁtear,
119 1457 256 1484 indicabo.
270 1456 326 1484 Hac
337 1460 418 1485 nocte
428 1457 542 1492 angelus
555 1456 602 1485 Dei
617 1457 752 1493 corripuit
761 1465 805 1486 me

21 1502 139 1537 impium,
153 1508 181 1530 et
203 1511 253 1530 cur
272 1503 401 1530 inimicus
420 1510 510 1530 essem
529 1504 652 1532 veritatis
671 1505 803 1539 praconi,

20 1549 253 1578 vehementissime
261 1549 407 1585 ﬂagelinvit
415 1549 622 1586 (62).Deprecor
630 1558 696 1586 ergo
704 1559 763 1582 vos,
774 1553 804 1578 ut

20 1596 119 1624 etiamsi
135 1603 186 1632 ego
201 1596 260 1630 ipse
275 1580 337 1631 post
360 1580 424 1623 hrec‘
440 1580 554 1624 veniens
571 1597 605 1624 ad
628 1580 677 1624 vos
697 1580 802 1633 aliquid
817 1580 838 1610 ο

20 1646 152 1670 lentavero
168 1642 313 1670 adversum
328 1642 440 1670 Petrum
463 1643 564 1675 dicere.
581 1651 616 1670 ne
631 1643 800 1678 suscipiatis,

20 1695 65 1715 nec
87 1688 217 1716 credatis.
243 1688 382 1716 Conﬁteor
398 1689 470 1716 enim
495 1688 593 1720 vobis,
621 1697 671 1724 ego
694 1697 801 1724 magus,

18 1742 65 1768 ego
87 1735 227 1766 seductor,
252 1742 303 1770 ego
315 1735 444 1770 deceptor
468 1734 518 1768 fui,
542 1735 590 1763 sed
612 1735 803 1770 pmnileutiam

18 1788 79 1815 ago;
94 1781 158 1809 licet
171 1781 244 1809 enim
262 1788 312 1816 per
331 1781 520 1816 pmnitentiam
535 1782 626 1816 priora
640 1781 711 1809 male
726 1784 802 1817 gesta

19 1828 116 1856 delere.

49 1875 124 1903 LXII.
136 1875 205 1903 Cum
215 1875 271 1902 haec
283 1874 380 1902 Petrus
391 1874 529 1902 intimaret
540 1875 622 1909 patri,
631 1874 676 1901 ille
689 1881 803 1909 respon-

16 1921 51 1948 dit
65 1943 70 1948 .
84 1921 149 1949 Scio
161 1921 226 1956 quid
241 1921 319 1955 velis,
335 1929 368 1948 ne
379 1921 485 1948 labores
498 1921 569 1947 ultra
581 1928 587 1952 ;
601 1920 719 1947 intellexi
729 1921 802 1948 enim

15 1971 40 1994 ct
50 1969 121 2000 novi,
138 1968 202 2002 quid
215 1972 339 2003 oporteat
354 1975 416 1995 cum
432 1967 465 1994 ad
482 1967 572 1994 locum
587 1974 697 1999 vertero,
709 1975 803 2003 prose-

15 2014 68 2047 qui.
82 2013 115 2041 Et
130 2013 228 2041 Petrus
241 2014 342 2042 iterum
368 2013 530 2049 suggerebat
545 2013 582 2044 ei,
604 2013 699 2040 dicens
712 2023 718 2040 :
733 2013 802 2041 Cum

15 2067 76 2094 ergo
86 2059 197 2087 veneris
207 2059 241 2086 ad
259 2059 350 2086 locum
371 2062 398 2086 et
413 2057 516 2086 videris
537 2058 666 2093 populum
688 2066 721 2086 ex
744 2066 803 2086 ser-

14 2112 92 2132 mone
114 2110 163 2133 tuo
178 2105 312 2137 converti,
332 2109 359 2132 et
380 2105 512 2140 depositis
535 2105 606 2132 odiis
622 2105 744 2140 recipere
758 2105 803 2133 de-

14 2150 144 2178 siderium
170 2152 269 2184 nostri,
294 2151 371 2179 mitte
399 2155 425 2179 et
449 2151 548 2178 manda
570 2151 646 2182 mihi,
664 2154 691 2178 et
709 2151 802 2178 statim

14 2198 129 2224 veniam.
151 2197 219 2225 Cum
241 2202 331 2225 autem
358 2205 469 2229 venero,
496 2197 556 2224 sine
579 2204 655 2224 mora
681 2197 801 2224 alienum

859 953 969 982 bionem
986 955 1167 991 astrologum,
1185 964 1248 983 cum
1262 965 1317 992 quo
1333 958 1356 985 si
1376 959 1550 987 Antiochiam
1569 968 1654 988 vene-

860 998 959 1031 rimus,
975 998 1009 1026 de
1024 1000 1119 1035 genesi
1137 1001 1270 1028 attentius
1291 1001 1505 1036 disputabimus.
1527 1004 1653 1039 Cumque

860 1048 923 1079 post
936 1044 1055 1072 medium
1071 1045 1162 1073 noctis
1175 1051 1252 1081 pater
1268 1051 1363 1075 noster
1375 1056 1438 1075 cum
1455 1049 1499 1076 bis
1512 1057 1582 1085 quos
1591 1050 1653 1085 jus-

859 1091 933 1116 serat
957 1088 1068 1122 Petrus,
1082 1094 1110 1117 et
1135 1090 1280 1120 Anubione
1301 1092 1441 1127 profectus
1461 1098 1552 1128 esset;
1571 1103 1653 1123 mane

858 1134 1019 1170 priusquam
1033 1136 1194 1171 procederet
1208 1137 1243 1165 ad
1259 1138 1457 1174 disputandum
1478 1139 1587 1173 Petrus,
1608 1149 1652 1169 re-

859 1181 947 1216 gressi
962 1186 1027 1209 sunt
1051 1182 1090 1209 illi
1118 1183 1165 1218 qui
1190 1183 1365 1211 deduxerunt
1381 1184 1519 1213 Simonem
1532 1207 1540 1220 ,
1558 1187 1584 1214 id
1609 1190 1652 1215 est

857 1226 963 1262 Appion
981 1231 1008 1256 et
1022 1227 1228 1261 Athenodorus.
1244 1233 1271 1257 et
1287 1235 1422 1258 venerunt
1436 1232 1470 1259 ad
1489 1240 1539 1261 nos
1562 1233 1652 1268 requi-

857 1275 950 1300 rentes
975 1277 1081 1308 patrem
1106 1281 1206 1302 meum.
1235 1267 1334 1304 Petrus
1354 1285 1420 1304 vero
1440 1278 1487 1304 ubi
1512 1267 1650 1314 cognovit,

854 1317 939 1353 jussit
960 1326 1009 1346 eos
1025 1319 1149 1347 introire.
1170 1320 1203 1347 Et
1219 1328 1282 1348 cum
1298 1323 1502 1356 consedissent,
1519 1323 1571 1352 Ubi
1595 1328 1650 1358 est,

856 1365 945 1397 aiunt,
961 1363 1178 1394 Faustinianus?
1191 1366 1291 1395 Petrus
1307 1369 1465 1403 respondit:
1483 1368 1649 1398 Nescimus:

856 1417 970 1445 vespere
994 1411 1066 1438 enim
1089 1416 1237 1447 postquam
1266 1412 1301 1440 ad
1323 1421 1373 1442 vos
1388 1414 1473 1448 venit,
1493 1415 1565 1442 ultra
1580 1417 1651 1444 nulli

857 1464 971 1484 suorum
992 1457 1069 1485 visus
1086 1461 1150 1492 est;
1174 1458 1303 1486 hesterno
1322 1463 1413 1487 tamen
1433 1460 1478 1487 die
1501 1468 1583 1489 mane
1606 1461 1652 1489 Si-

855 1509 921 1529 mon
932 1502 1007 1530 venit
1018 1511 1144 1539 quterc-ns
1158 1509 1270 1538 eum,et
1285 1506 1351 1540 quia
1366 1506 1435 1533 nihil
1449 1506 1488 1534 illi
1503 1508 1651 1543 respondi-

856 1557 929 1581 mus,
945 1550 1040 1578 nescio
1051 1550 1118 1586 quid
1130 1550 1154 1577 ei
1168 1550 1258 1578 visum
1272 1551 1317 1584 sit,
1331 1550 1540 1581 Faustinianum
1553 1560 1652 1582 scesse

855 1596 1059 1629 dicebat.Quod
1072 1605 1134 1625 cum
1149 1598 1175 1624 ei
1186 1605 1268 1626 nemo
1279 1598 1415 1631 crederet,
1432 1598 1500 1627 ﬂens
1514 1603 1542 1627 et
1553 1600 1650 1627 dolens

854 1641 1075 1670 comminabatur
1098 1647 1304 1678 perempturum
1330 1644 1520 1679 semetipsum,
1537 1649 1566 1672 et
1586 1650 1650 1681 post

854 1687 912 1715 haec
926 1687 993 1714 abiit
1009 1688 1044 1715 ad
1060 1696 1135 1716 mare
1149 1696 1256 1716 versus.

890 1732 984 1761 LXIV.
1001 1733 1064 1761 Haec
1078 1742 1140 1761 cum
1155 1735 1277 1762 audisset
1290 1735 1396 1771 Appion
1408 1741 1435 1763 et
1449 1736 1496 1771 qui
1509 1743 1572 1764 cum
1588 1737 1649 1772 ipso

853 1783 942 1811 erant,
957 1780 1091 1808 ululatum
1105 1781 1242 1809 dederunt
1255 1782 1399 1816 grandem,
1414 1782 1558 1811 dicentes:
1577 1782 1649 1816 Quid

854 1825 907 1853 hoc
925 1825 1041 1858 fecistis,
1055 1834 1107 1854 cur
1121 1835 1177 1854 non
1191 1828 1336 1863 recepistis
1346 1829 1429 1856 eum?
1443 1828 1476 1856 Et
1489 1837 1553 1858 cum
1567 1830 1649 1858 vellet

854 1871 1048 1900 Athenodorus
1068 1873 1160 1900 dicere
1181 1873 1248 1902 mihi
1275 1874 1341 1910 quia
1367 1875 1427 1908 ipse
1450 1879 1510 1903 erat
1539 1875 1648 1904 Fausti-

855 1918 956 1945 nianus
971 1923 1048 1954 pater
1067 1922 1143 1952 tuus,
1159 1919 1266 1955 Appion
1284 1922 1454 1956 praveniens
1468 1930 1550 1951 eum:
1567 1923 1648 1951 Com-

856 1965 987 1999 perimus,
1008 1965 1108 2001 inquit,
1128 1973 1143 1992 a
1158 1966 1276 2001 quodam
1295 1967 1341 2002 qui
1364 1975 1426 1995 cum
1451 1968 1563 1996 Simone
1580 1977 1646 2002 pro-

856 2011 945 2039 fectus
967 2017 1019 2046 est,
1037 2011 1097 2047 ipso
1113 2011 1292 2040 Faustiniano
1315 2014 1482 2049 deprecante
1501 2020 1576 2046 eum,
1593 2023 1644 2051 pro

855 2064 888 2084 eo
917 2058 990 2092 quod
1018 2059 1102 2086 nollet
1129 2059 1200 2087 tilios
1232 2066 1299 2086 suos
1332 2060 1440 2092 videre.
1465 2061 1530 2096 quia
1558 2059 1647 2088 Iudaei

854 2108 933 2131 erant
943 2104 1054 2140 (ὃὸ-64).
1062 2105 1116 2134 Nos
1123 2113 1255 2141 ergocum
1262 2106 1433 2134 audissemus
1439 2106 1508 2140 haec,
1518 2107 1647 2135 venimus

854 2157 917 2177 eum
934 2149 979 2176 hic
999 2149 1148 2185 requirere,
1163 2149 1209 2177 sed
1233 2150 1297 2185 quia
1314 2151 1360 2178 hic
1380 2159 1436 2179 non
1457 2157 1515 2184 est,
1532 2157 1647 2187 apparet

855 2195 920 2230 quia
941 2203 1006 2223 vere
1029 2195 1099 2223 dixit
1113 2196 1160 2231 qui
1181 2196 1320 2224 nuntiavit
1342 2205 1405 2225 cum
1423 2197 1534 2227 Simone
1554 2199 1646 2234 prore.

13 2243 83 2270 hunc
99 2252 114 2270 a
130 2248 157 2270 te
173 2245 275 2272 vultum
291 2244 425 2279 eﬂ'ugabo,
445 2247 473 2271 et
494 2248 569 2271 tuum
590 2245 731 2278 proprium
752 2243 798 2278 qui
816 2251 838 2279 ι)
855 2246 945 2275 ctum;
964 2242 1016 2269 hoc
1030 2250 1095 2277 ergo
1110 2244 1271 2271 nuntiamus
1286 2244 1374 2272 vobis.
1396 2243 1454 2278 Ego
1469 2249 1560 2274 autem
1582 2245 1646 2274 Cle-

13 2288 66 2316 tuis
79 2289 208 2317 omnibus
233 2293 315 2317 notus
337 2293 379 2316 est
396 2289 520 2316 reddam.
537 2288 570 2315 Et
585 2289 628 2316 his
650 2289 732 2316 dictis
750 2288 800 2316 fra-

855 2297 933 2318 mens
956 2291 1003 2318 ubi
1027 2291 1148 2318 intellexi
1165 2292 1312 2319 consilium
1338 2291 1424 2325 Petri,
1446 2293 1511 2329 quia
1527 2294 1646 2322 voluerit

669 2399 850 2428 COTELERH
869 2399 985 2428 NOT/E.

45 2479 101 2516 ((32)
127 2478 357 2516 vehementissime
382 2480 536 2516 ﬂagellauit.
555 2479 681 2508 Conferri
707 2485 798 2516 potest

13 2514 67 2541 haec
82 2514 231 2546 ﬂagellatio
243 2523 307 2542 cum
322 2515 367 2542 illa
383 2515 486 2542 fumosa
503 2515 672 2547 Hieronymi.

38 2547 145 2586 (ὃὸ-64)
156 2548 227 2580 Quia
237 2547 415 2576 Judan'eraut.
426 2548 582 2584 Utbeuigne
593 2552 691 2585 exponi
709 2555 799 2586 potest

13 2593 58 2619 per
85 2585 155 2621 satis
183 2586 322 2621 cognitum
346 2592 478 2621 errorem,
498 2592 560 2621 quo
568 2585 672 2621 ethnici
703 2585 798 2621 primis

13 2620 180 2655 temporibus
194 2620 222 2647 in
237 2620 348 2647 neruine
363 2619 518 2647 Iudaeorum
542 2619 713 2648 Christianos
733 2629 800 2655 quo-

13 2663 62 2691 que
78 2655 348 2689 comprehendebant
361 2665 366 2682 :
382 2655 418 2682 ita
432 2660 459 2682 et
473 2659 629 2689 suspectum
641 2663 702 2683 esse
716 2661 797 2690 queat

13 2691 169 2718 libioniticaa
187 2691 257 2719 labis
275 2691 439 2725 apocryphis
460 2691 638 2726 Cleluentinis
654 2691 795 2726 inspersos.

13 2726 222 2753 llonlundebant
243 2727 315 2754 enim
341 2725 461 2753 Ebionmi
484 2725 722 2754 Christianismum
734 2735 797 2754 cum

13 2760 161 2788 ludaismo.
173 2761 307 2794 Quocirca
332 2761 479 2796 prudenter
506 2760 606 2796 factum
628 2769 643 2788 a
670 2761 798 2789 Simeonc

13 2795 197 2831 Metaphraste
223 2798 250 2823 in
271 2795 336 2825 Vita
349 2796 499 2824 Clementis
515 2795 641 2828 Romani,
667 2806 715 2825 seu
739 2797 798 2824 Cle-

14 2833 131 2867 mentina
149 2831 277 2866 Epitome,
294 2839 356 2859 cum
372 2836 490 2867 quatuor
507 2832 565 2859 loca
585 2832 704 2860 homiliae
719 2840 799 2867 quar-

14 2870 43 2894 ta:
74 2866 299 2895 Ctemenlinorum
322 2866 438 2894 mutavit
451 2871 478 2896 et
493 2868 621 2896 correxit.
634 2866 743 2897 Primus
758 2869 798 2896 lo-

154 2916 289 2945 PATROL.
319 2915 377 2945 Gn.
403 2915 425 2945 I.

852 2489 902 2524 cus
915 2486 1006 2524 exstat
1017 2491 1041 2511 c.
1104 2484 1142 2512 Ibi
1158 2485 1194 2512 de
1208 2485 1466 2524 Clementedicitur
1479 2497 1485 2515 :
1501 2488 1570 2515 Ὑπὸ
1581 2487 1644 2524 βαρ·

852 2517 936 2558 adponi
953 2519 1095 2558 nubith
1115 2521 1301 2558 πρᾳοηγορίᾳγ
1320 2522 1436 2558 Πέτρου,
1456 2523 1490 2550 τὰ
1507 2517 1643 2550 autem»

852 2554 938 2593 1:0:st
951 2554 998 2580 καὶ
1012 2554 1100 2593 λέγςέν
1111 2554 1259 2593 memmi.
1269 2554 1467 2593 Metaphrastes
1476 2567 1540 2586 vero
1550 2559 1644 2593 posuit

852 2587 1034 2627 Epilomesj.
1114 2587 1147 2627 ’ἑᾲ
1164 2587 1350 2627 Χριστιανῶνξ
1370 2593 1526 2621 Secrindum
1550 2587 1640 2620 Iocum

851 2623 976 2664 liabes‘c‘.
987 2625 1031 2656 I3,
1047 2626 1062 2652 ὁ
1072 2626 1100 2652 δὲ
1112 2625 1178 2658 τῶν,
1189 2623 1227 2659 ib;
1239 2628 1318 2662 ὑμεῖς
1330 2637 1407 2662 φατε.
1420 2628 1564 2664 βαρϐάρων
1580 2628 1642 2664 'Iou-

850 2658 932 2696 Gziiuv
943 2658 1030 2696 λέγος,
1042 2669 1057 2687 e
1071 2669 1126 2696 quo
1138 2658 1232 2690 vocem
1251 2658 1384 2691 ’ἰουῧαῖων
1396 2658 1639 2694 Simeon'abslulit.

849 2702 874 2732 (ξἼ
891 2694 935 2721 50.
951 2694 1121 2732 Τςξπιξυηίο.
1139 2697 1183 2725 15.
1201 2706 1281 2732 quem
1302 2699 1385 2726 simili
1399 2699 1479 2727 modo
1493 2698 1641 2725 circumci—

850 2729 899 2762 dit,
913 2730 997 2768 c_._51.
1017 2731 1046 2758 In
1061 2736 1159 2766 quarto
1174 2729 1292 2768 dehique
1306 2734 1368 2761 Ioco
1382 2742 1407 2762 c.
1426 2733 1471 2763 24,
1485 2733 1572 2766 Apion
1590 2740 1641 2759 no-

850 2769 891 2792 tat
917 2764 1086 2804 Clementem
1118 2764 1333 2804 προσομιὶῐοῠντα
1362 2764 1517 2800 Ἰουδαίοίςέ
1544 2772 1577 2804 at_
1606 2775 1639 2795 ex

851 2802 1041 2840 emendatione
1065 2802 1265 2840 breviantisrc.
1293 2804 1337 2838 55,
1359 2804 1541 2840 Xptattavotg.
1569 2802 1640 2837 Lege

852 2836 946 2864 bomil.
973 2848 1011 2872 ιι,
1024 2844 1050 2866 c.
1067 2837 1112 2871 te,
1129 2843 1156 2866 et
1169 2839 1243 2867 alibi.

1421 2917 1460 2949 Mi
