1873 3095
202 158 270 186 1451

664 158 694 188 S.
711 159 907 188 CLEMENTIS
924 161 934 188 I
951 159 1034 188 ROM.
1052 159 1154 189 ΡΟΝΤ.
1172 160 1286 188 OPE‘RA
1300 160 1407 190 DUBIA
1424 183 1430 190 .

1775 163 1835 191 “52

203 218 244 244 eis
266 215 452 251 suspicionem
476 215 556 249 dare,
581 216 654 252 quod
677 217 711 244 ab
737 217 806 253 ipsis
829 218 994 254 quaerendus
1009 220 1032 249 Α
1047 225 1081 246 ne
1106 219 1256 247 crederetis
1272 219 1364 252 Petro,
1381 221 1428 253 qui
1445 223 1472 247 et
1493 219 1663 256 languentes
1685 219 1716 247 in
1737 221 1835 250 nomine

202 264 276 288 esset
292 267 387 292 senex,
406 264 435 287 ut
452 261 580 288 timerent
599 266 626 289 et
650 265 788 297 lugerent,
812 264 884 299 ccepi
898 264 997 299 juvare

203 307 350 334 consilium
365 307 425 341 ejus
440 311 467 334 et
486 308 530 335 aio
553 308 586 335 ad
601 309 752 344 Appionem
767 320 774 337 :
790 310 871 343 Audi,
887 311 995 339 charis-

204 353 274 380 sime
298 353 421 388 Appion,
446 361 498 382 nos
519 355 592 390 quod
613 355 715 382 bonum
738 357 888 391 credimus,
911 358 994 385 etiam

203 397 274 432 patri
291 398 399 425 tradere
413 399 554 431 volumus;
573 399 647 434 quod
670 401 694 427 si
718 401 837 429 noluerit
860 402 994 437 recipere,

201 443 251 470 sed
272 444 371 479 magis,
387 449 417 471 ut
435 444 516 476 dicis,
532 445 732 474 exhorrescens
746 454 797 475 nos
818 446 897 483 fugit,
914 455 994 484 aspe-

201 498 263 517 rum
278 491 314 518 sit
330 490 448 518 fortasse
462 491 535 526 quod
547 491 620 524 dico,
634 500 685 520 nec
695 501 747 521 nos
761 493 795 521 de
806 501 840 521 eo
852 501 992 523 curamus.

200 535 236 563 Et
251 544 314 564 cum
330 537 388 564 haec
403 538 544 571 dixissem,
559 539 640 574 quasi
653 545 829 568 exsecrantes
846 540 994 569 crudelita—

201 586 256 609 tem
272 591 361 612 meam
376 584 533 617 discedunt,
546 585 661 621 vestigia
671 584 805 619 Simonis,
822 590 852 614 ut
867 587 993 622 sequenti

200 629 246 657 die
260 629 457 664 comperimus,
474 629 662 665 insequentes.

235 673 316 702 LXV.
337 674 442 703 Interea
463 675 641 704 cum-Petrus
655 684 688 704 ex
710 684 787 705 more
798 679 922 713 quotidie
943 686 992 714 po-

199 720 294 755 pulum
313 720 425 749 doceret
444 726 472 749 et
487 722 603 750 virtutes
622 723 722 751 multas
736 731 768 751 ac
791 725 921 753 sanitates
935 725 992 753 elli-

199 770 286 798 ceret,
301 770 364 802 post
378 766 438 795 dies
452 767 545 795 decem
561 769 635 797 venit
649 769 761 804 quidam
781 775 939 799 nostrorum
957 772 991 800 ab

197 812 344 839 Antiochia
365 813 468 840 missus
489 821 503 840 a
522 817 608 848 patre,
632 815 799 843 annuntians
824 816 904 844 nobis
919 824 989 852 quo—

197 858 280 886 modo
293 858 402 894 publice
416 863 503 887 staret
518 864 604 895 paler,
618 859 757 888 Simonem
774 861 884 897 quidem
900 863 947 898 qui
961 863 990 890 in

196 904 274 931 vultu
291 904 444 937 videbatur,
462 912 608 938 accusans,
632 905 743 934 Petrum
759 914 826 934 vero
847 908 990 936 immensis

196 950 325 978 laudibus
340 951 488 986 pmferens
502 955 529 979 et
541 952 617 979 omni
633 953 734 988 populo
748 952 944 981 commendans
959 961 991 981 ac

195 995 406 1024 desiderabilem
425 996 540 1029 faciens,
564 997 601 1023 ita
627 1000 656 1024 ut
675 1004 772 1025 omnes
792 1005 826 1025 ex
847 998 908 1034 ejus
932 1005 991 1026 ser-

195 1049 278 1069 mone
295 1043 392 1070 mutati
409 1043 600 1070 desiderarent
620 1050 683 1070 eum
702 1043 812 1077 videre;
828 1045 929 1072 multos
941 1051 990 1071 au-

194 1091 251 1115 tem
272 1092 376 1115 tantum
392 1088 420 1115 in
435 1087 507 1115 Petri
535 1095 656 1115 amorem
678 1088 797 1121 venisse,
813 1093 843 1116 ut
863 1089 991 1117 saevirent

195 1134 223 1161 in
239 1137 343 1168 patrem
358 1133 437 1168 quasi
461 1134 487 1160 in
510 1132 668 1165 Simonem,
687 1137 715 1161 et
736 1141 835 1162 manus
849 1135 874 1162 ei
888 1134 989 1162 vellent

195 1179 320 1214 injicere,
335 1180 410 1206 velut
430 1178 476 1215 qui
491 1183 598 1207 tantum
615 1180 679 1207 mali
693 1180 879 1208 commisisset
894 1180 920 1208 in
934 1180 988 1208 Pe-

194 1228 283 1257 trum;
307 1228 418 1260 propter
440 1224 525 1259 quod,
550 1224 656 1257 aiebat,
681 1232 844 1261 appropera,
861 1233 896 1253 ne
917 1225 989 1254 forte

194 1270 362 1304 perimatur;
389 1270 416 1297 in
443 1270 542 1298 timore
560 1271 634 1298 enim
658 1278 758 1306 magno
780 1272 888 1306 positus
910 1271 984 1298 velo-

193 1316 263 1343 citer
279 1315 354 1342 misit
370 1323 422 1348 me,
440 1319 470 1342 ut
487 1315 547 1343 sine
564 1323 641 1342 mora
660 1316 767 1348 venias,
782 1323 836 1351 quo
851 1316 988 1344 viventem

192 1369 257 1390 eum
272 1369 402 1396 occupes,
427 1361 508 1389 simul
523 1366 550 1388 et
573 1362 709 1388 crescenti
735 1369 799 1398 erga
821 1362 860 1388 tui
882 1362 988 1390 deside-

192 1407 267 1434 rium
290 1405 395 1433 civitati
423 1410 593 1441 opportunus
619 1412 764 1441 appareas.
785 1405 882 1434 Aiebat
904 1408 987 1435 etiam

193 1451 332 1486 quomodo
345 1459 406 1478 mox
421 1455 448 1477 ut
462 1451 557 1478 urbem
568 1451 742 1478 Antiochiam
757 1455 835 1486 pater
845 1453 986 1488 ingressus

193 1500 278 1528 esset,
300 1497 380 1532 quasi
403 1497 436 1524 ad
455 1497 595 1524 Simonem
615 1497 705 1524 omnis
729 1498 846 1532 populus
860 1498 894 1524 ad
920 1505 983 1525 eum

192 1543 326 1571 collectus
348 1546 405 1575 est,
424 1547 451 1570 et
473 1543 558 1577 coepit
573 1543 701 1570 omnibus
725 1543 850 1570 conliteri
874 1543 984 1578 publice

193 1588 344 1618 secundum
366 1596 398 1616 ea
425 1596 486 1623 qum
509 1589 603 1624 populi
636 1590 800 1616 restauratio
825 1588 981 1624 ﬂagitabat;
997 1605 1020 1636 ρ

191 1643 256 1663 nam
270 1635 427 1670 quicunque
447 1643 544 1662 onmes
565 1635 646 1662 simul
666 1635 772 1662 nobiles
786 1639 814 1662 et
828 1634 929 1663 diversi
945 1635 984 1663 si-

192 1683 251 1710 mul
276 1683 375 1710 divites
397 1689 430 1709 ac
456 1688 591 1716 pauperes
608 1682 818 1714 convenissent,
841 1685 984 1716 sperantes

191 1730 284 1764 aliqua
298 1730 334 1757 ab
346 1737 378 1756 eo
391 1736 467 1756 more
479 1727 560 1756 solito
575 1728 698 1764 prodigia
715 1736 795 1764 posse
806 1728 875 1761 fieri,
888 1736 984 1757 omnes

191 1775 244 1802 hac
258 1782 324 1802 voce
341 1774 488 1810 alloquitur
501 1784 507 1801 :

226 1829 319 1858 LXVI.
341 1829 391 1856 Diu
405 1835 447 1858 est
462 1829 535 1866 quod
551 1838 595 1858 me
609 1829 748 1857 Simonem
763 1828 984 1858 infelicissimum

191 1875 332 1903 hominum
349 1877 479 1912 patientia
496 1876 588 1904 divina
607 1877 739 1909 sustinet;
765 1883 827 1903 nam
850 1876 983 1911 quidquid

191 1921 219 1948 in
242 1929 286 1948 me
307 1921 399 1948 mirati
423 1922 505 1954 estis,
528 1929 582 1948 non
605 1921 729 1949 veritatis
750 1921 919 1953 ministerio,
936 1922 984 1949 sed

190 1967 344 1994 daemonum
363 1967 516 1994 mendaciis
536 1972 564 1995 et
579 1968 685 1995 artibus
699 1971 805 2003 gestum
823 1972 876 2001 est,
892 1972 923 1995 ut
937 1976 984 1996 ve-

191 2017 277 2040 stram
301 2013 380 2040 fidem
402 2018 552 2041 everterem
572 2018 600 2041 et
615 2021 703 2041 meam
720 2015 839 2041 animam
855 2014 985 2042 condem-

190 2067 294 2086 narem.
313 2059 452 2086 Conﬁteor
472 2067 515 2087 me
537 2060 629 2087 omnia
649 2061 682 2088 de
697 2059 778 2088 Petro
799 2061 884 2088 fuisse
905 2069 984 2089 men-

191 2105 288 2137 titum;
307 2105 352 2131 ille
366 2105 437 2132 enim
455 2112 543 2139 neque
562 2113 657 2140 magus
671 2114 760 2141 neque
781 2106 915 2133 homicida
932 2115 983 2134 un-

189 2158 271 2186 quam
288 2151 348 2181 fuit,
364 2151 412 2178 sed
427 2159 442 2178 a
461 2151 516 2179 Deo
534 2151 568 2178 ad
593 2152 709 2179 salutem
724 2157 845 2179 vestrum
860 2152 982 2179 omnium

189 2198 292 2225 missus
311 2202 363 2230 est,
382 2206 463 2233 quem
485 2199 509 2226 si
525 2206 558 2226 ex
582 2198 635 2225 hac
660 2198 728 2225 hora
751 2199 982 2226 contemnendum

190 2244 362 2279 putaveritis,
379 2248 483 2271 certum
507 2245 543 2271 sit
565 2244 636 2279 apud
658 2251 708 2271 vos
727 2243 800 2279 quod
820 2243 907 2279 possit
922 2244 981 2278 ipsa

191 2288 288 2316 civitas
302 2292 392 2316 vestra
414 2293 525 2324 repente
545 2289 679 2324 deperire.
702 2288 767 2322 Quae
789 2294 880 2316 autem
896 2296 980 2316 causa

190 2334 235 2365 sit,
248 2337 277 2359 ut
291 2334 347 2360 haec
360 2334 439 2360 vobis
456 2334 528 2361 ultro
545 2333 677 2361 confitear
690 2343 697 2361 :
711 2334 745 2361 ab
760 2334 857 2368 angelo
871 2333 917 2360 Dei
930 2333 982 2360 hac

188 2383 270 2406 nocte
285 2379 459 2407 vehementer
470 2383 613 2414 correptus
628 2372 699 2410 sunt,
711 2383 738 2406 et
753 2386 804 2406 cur
813 2380 837 2406 ei
853 2379 981 2407 inimicus

188 2427 357 2458 exstiterim,
385 2427 627 2454 vehementissime
652 2426 815 2462 ﬂagellatus.
844 2425 980 2461 Deprecor

188 2479 254 2506 ergo
274 2479 333 2504 vos,
349 2475 379 2498 ut
394 2472 418 2499 si
433 2480 484 2507 ego
500 2473 558 2507 ipse
577 2481 610 2500 ex
631 2472 682 2499 hac
704 2473 771 2499 hora
795 2479 928 2506 aperuero
949 2480 981 2500 os

187 2525 279 2545 meum
295 2521 391 2544 contra
415 2525 490 2549 eum,
506 2517 656 2552 projiciatis
680 2525 724 2544 me
744 2517 777 2543 ab
799 2522 910 2552 aspectu
936 2524 982 2544 ve-

188 2568 261 2598 stro;
285 2563 330 2591 ille
345 2564 419 2591 enim
436 2563 593 2591 immundus
608 2563 715 2590 daemon
733 2563 814 2590 saluti
839 2563 980 2589 hominum

188 2611 318 2639 inimicus
340 2618 388 2646 per
409 2618 440 2638 os
457 2617 546 2637 meum
561 2613 658 2637 contra
680 2610 769 2644 ipsum
794 2609 924 2644 loquitur,
946 2617 980 2637 ne

187 2666 238 2695 per
258 2665 322 2685 eum
342 2665 392 2685 vos
407 2656 568 2692 pertingatis
581 2656 616 2684 ad
632 2656 726 2683 vitam.
746 2655 817 2689 Quid
837 2656 909 2683 enim
933 2663 979 2682 ars

187 2704 293 2739 magica
318 2711 366 2738 per
387 2711 431 2730 me
454 2702 532 2729 vobis
555 2701 644 2737 potuit
670 2701 780 2727 virtutis
813 2698 977 2727 ostendere?

185 2749 277 2777 Canes
291 2748 343 2776 feci
358 2756 444 2776 :ereos
458 2748 558 2775 latrare
578 2751 604 2775 et
627 2749 732 2774 "statuas
747 2745 859 2776 moveri,
876 2743 977 2779 ﬁguras

186 2795 288 2822 mutari
302 2794 444 2822 hominum
455 2798 482 2821 et
505 2792 596 2821 subito
616 2791 651 2818 ab
664 2790 821 2826 aspectibus
834 2789 977 2817 hominum

188 2841 349 2874 absentari;
370 2844 397 2868 et
420 2847 470 2876 per
494 2840 552 2868 haec
577 2837 712 2867 debuistis
735 2840 821 2864 artem
843 2835 977 2871 magicam

188 2887 337 2918 exsecrari,
353 2895 414 2922 quae
430 2891 459 2914 ut
473 2887 550 2914 vobis
573 2885 734 2913 miraculum
754 2883 837 2910 inane
860 2886 977 2917 praeten-

189 2932 292 2964 derent,
301 2933 406 2961 animas
422 2937 526 2961 vestras
537 2932 680 2961 diabolicis
694 2929 801 2966 laqueis
813 2927 975 2962 innodabat,

1046 263 1106 298 ejus
1126 271 1142 291 a
1157 272 1212 299 quo
1227 264 1329 292 missus
1346 269 1389 292 est
1403 268 1493 298 curat,
1512 270 1540 292 et
1555 266 1703 293 daemonas
1719 265 1800 301 fugat,
1810 274 1836 293 ac

1046 318 1134 338 caecos
1159 311 1305 344 illuminat,
1317 316 1345 338 et
1363 311 1525 346 paralyticis
1548 311 1673 340 salutem
1701 312 1803 345 reddit,
1816 317 1837 339 et

1045 361 1168 384 mortuos
1184 357 1310 383 suscitat.

1080 401 1184 429 LXVII.
1207 402 1270 430 Haec
1284 408 1311 430 et
1322 402 1366 430 his
1377 403 1479 430 similia
1494 403 1582 430 multa
1597 410 1634 431 eo
1650 409 1838 438 prosequente,

1045 448 1183 475 exsecrari
1197 455 1260 475 cum
1274 448 1358 483 capit
1381 448 1510 484 populus,
1532 452 1561 475 et
1576 448 1688 475 dabant
1711 448 1801 476 fletum
1817 455 1839 476 et

1043 491 1185 526 gemitum,
1198 491 1263 526 quia
1276 497 1438 526 peccassent
1453 493 1481 519 in
1493 492 1608 520 Petrum
1624 492 1777 521 credentes
1787 502 1839 520 eum

1043 544 1106 564 esse
1119 543 1229 571 magum
1248 541 1274 564 et
1290 537 1416 572 impium.
1434 537 1538 566 Eodem
1554 546 1624 566 vero
1640 538 1690 566 die
1705 539 1742 565 ad
1755 547 1831 574 vespe

1043 590 1102 610 ram
1125 583 1252 610 restituta
1266 588 1310 611 est
1332 584 1361 612 in
1376 582 1559 612 Faustiniano
1575 585 1668 612 facies
1687 586 1808 620 propria,
1819 591 1840 611 ετ

1043 627 1178 656 abscessit
1201 629 1235 656 ab
1258 636 1292 656 eo
1313 633 1444 664 aspectus
1466 629 1589 658 Simonis
1614 628 1705 665 Magi.
1729 629 1840 657 Audiens

1043 678 1133 701 autem
1151 673 1245 701 Simon
1268 675 1372 701 vultum
1387 683 1467 702 suum
1483 675 1512 702 in
1526 683 1559 703 eo
1579 676 1618 703 ad
1635 675 1718 703 Petri
1736 676 1840 711 gloriam

1041 718 1202 754 profecisse,
1224 719 1342 748 festinus
1365 720 1498 755 praevenit
1519 720 1637 748 Petrum
1653 726 1686 749 et
1699 729 1783 757 agere
1802 729 1841 748 cu-

1043 764 1120 799 piens
1134 767 1194 791 arte
1217 772 1283 797 sua,
1303 767 1334 792 ut
1357 772 1372 791 a
1397 764 1579 792 Faustiniano
1604 765 1672 800 ejus
1698 765 1841 793 similitudo

1040 810 1192 842 recederet,
1205 817 1267 837 cum
1280 810 1338 845 jam
1361 810 1412 838 hoc
1433 810 1513 845 juxta
1528 811 1651 838 verbum
1669 812 1791 846 apostoli
1805 812 1840 839 sui

1041 856 1169 884 Christus
1182 855 1332 891 implesset.
1347 855 1474 884 Videntes
1487 861 1580 884 autem
1594 855 1701 884 Niceta
1712 861 1742 884 et
1754 857 1839 892 Aquila

1006 899 1027 928 Β
1042 906 1103 938 post
1120 900 1342 936 praedicationem
1366 901 1553 928 necessariam
1572 905 1732 936 paternam
1753 901 1840 929 faciem

1041 948 1208 979 restitutam,
1223 947 1326 982 gratias
1341 951 1454 982 agentes
1469 946 1535 979 Deo,
1553 954 1613 974 non
1631 954 1703 974 eum
1719 947 1839 983 permise-

1040 999 1105 1022 runt
1121 993 1237 1022 ulterius
1251 992 1354 1028 alloqui
1372 994 1516 1028 populum.

1080 1039 1196 1068 LXVIII.
1220 1039 1318 1067 Simon
1340 1043 1433 1066 autem
1459 1040 1544 1075 coepit
1567 1041 1638 1068 licet
1666 1040 1781 1068 occulte
1801 1048 1838 1075 per

1040 1086 1145 1113 amicos
1171 1092 1236 1113 suos
1259 1088 1285 1112 ct
1310 1084 1460 1113 familiares
1484 1085 1650 1118 ambulare,
1677 1091 1708 1113 et
1733 1086 1838 1120 amplius

1039 1131 1121 1160 Petro
1134 1132 1266 1167 derogare
1278 1139 1358 1167 quam
1370 1135 1460 1160 antea.
1473 1131 1551 1159 Tunc
1563 1140 1670 1160 omnes
1681 1139 1837 1167 empuentes

1039 1178 1067 1205 in
1086 1177 1184 1205 faciem
1203 1178 1274 1213 ejus,
1286 1177 1450 1212 expulerunt
1464 1185 1527 1204 eum
1552 1177 1588 1205 de
1605 1178 1740 1210 civitate,
1757 1178 1836 1205 dicea-

1038 1227 1099 1250 tes:
1116 1222 1156 1250 Tu
1172 1223 1227 1251 eris
1249 1231 1313 1251 reus
1333 1222 1431 1250 mortis
1455 1227 1519 1255 luze,
1541 1224 1565 1251 si
1584 1224 1716 1252 ulterius
1739 1225 1836 1253 locutus

1038 1275 1135 1297 contra
1149 1269 1259 1298 Petrum
1276 1270 1329 1297 huc
1344 1269 1394 1297 tibi
1409 1269 1564 1298 credideris
1580 1278 1649 1298 esse
1666 1271 1834 1299 veniendum.

1038 1314 1143 1348 Quibus
1165 1316 1297 1352 cognitis,
1311 1315 1410 1343 Petrus
1428 1319 1538 1351 postera
1552 1315 1599 1344 die
1619 1318 1779 1345 convenire
1793 1326 1831 1353 pa-

1037 1363 1117 1398 pulos
1130 1362 1218 1397 jubet,
1232 1367 1259 1390 et
1274 1370 1328 1389 uno
1340 1370 1376 1390 ex
1389 1362 1433 1390 his
1449 1362 1495 1397 qui
1510 1363 1712 1397 sequebantur
1724 1373 1786 1392 eum
1798 1372 1833 1391 or-

1037 1410 1132 1437 dinato
1145 1409 1187 1437 eis
1203 1410 1344 1444 episcopo,
1362 1409 1423 1436 aliis
1447 1410 1529 1436 etiam
1545 1410 1741 1446 presbyteris,
1757 1412 1831 1446 bapti-

1037 1455 1105 1483 zalis
1121 1463 1231 1491 quoque
1244 1455 1382 1490 plurimis,
1398 1459 1425 1483 et
1440 1455 1568 1482 omnibus
1584 1456 1633 1491 qui
1653 1461 1742 1484 erant
1755 1458 1830 1484 venti

1036 1501 1215 1537 languoribus
1235 1501 1278 1528 vcl
1291 1501 1474 1533 dmmonibus,
1501 1501 1617 1528 sanitati
1638 1502 1772 1533 redditis.
1793 1503 1831 1529 de-
1858 1514 1859 1537 ι

1037 1551 1159 1574 moratus
1175 1547 1211 1574 ibi
1226 1546 1299 1573 aliud
1315 1546 1446 1580 triduum,
1460 1546 1568 1574 cunctis
1587 1547 1644 1574 rite
1662 1549 1829 1584 compositis,

1035 1593 1190 1620 valcdicens
1205 1592 1256 1625 eis,
1274 1592 1456 1627 proficiscitur
1471 1600 1487 1619 a
1502 1591 1635 1620 Laodicia
1654 1595 1778 1622 multum
1792 1595 1831 1622 de-

1037 1638 1194 1666 siderabilis
1206 1638 1430 1666 Antiochensium
1445 1639 1533 1674 plebi;
1548 1644 1575 1667 et
1591 1641 1684 1674 ccepit
1698 1648 1750 1676 per
1763 1640 1831 1667 Nice-

1036 1689 1091 1713 tam
1111 1688 1139 1712 et
1160 1684 1286 1719 Aquilam
1311 1688 1369 1712 tota
1394 1685 1492 1713 civitas
1517 1685 1626 1718 audire,
1650 1688 1721 1721 quia
1742 1686 1831 1714 Petrus

1037 1727 1211 1758 adventaret.
1227 1729 1323 1757 Omnis
1339 1734 1428 1757 autem
1450 1730 1568 1765 populus
1593 1731 1757 1760 Antiochiae
1774 1733 1830 1759 ciri-

1036 1774 1099 1801 tatis
1124 1774 1240 1802 audiens
1263 1773 1374 1802 Petrum
1399 1775 1511 1807 venire,
1533 1782 1726 1804 occurrerunt
1747 1778 1786 1810 ei,
1807 1784 1830 1804 ει

1035 1826 1104 1854 pene
1124 1826 1221 1848 omnes
1246 1820 1365 1855 majores
1389 1825 1454 1847 natu
1479 1825 1507 1848 et
1534 1822 1657 1855 nobiles,
1677 1823 1773 1851 cinere
1791 1831 1827 1850 as-

1034 1865 1109 1900 persi
1134 1865 1162 1893 in
1181 1867 1281 1901 capite,
1303 1867 1491 1902 pmnitentiam
1522 1872 1647 1903 agentes,
1671 1870 1723 1905 qui
1740 1875 1824 1896 eorum

1036 1912 1260 1946 praedicationem
1289 1913 1350 1948 ejus
1380 1921 1490 1949 magum
1524 1913 1671 1942 Simonem
1696 1917 1825 1951 susurris-

1035 1959 1106 1985 sent.

1070 2001 1162 2029 LXIX.
1183 2002 1246 2030 [hac
1259 2007 1286 2031 et
1309 2004 1353 2032 his
1367 2005 1467 2033 similia
1482 2010 1699 2041 prosequentes,
1716 2006 1821 2033 onerent

1034 2048 1059 2075 ei
1072 2052 1183 2076 vexatos
1199 2049 1376 2085 languoribus
1389 2055 1415 2078 et
1431 2051 1576 2079 dannoniis
1593 2051 1739 2088 fatigatos.
1755 2061 1821 2087 pan-

1034 2093 1132 2128 lyticos
1143 2101 1254 2129 quoque
1265 2099 1292 2122 et
1306 2095 1413 2123 diversa
1429 2097 1549 2132 pericula
1564 2098 1723 2132 patientes;
1737 2102 1763 2125 et
1773 2100 1818 2124 erat

1034 2139 1138 2167 infinita
1156 2141 1301 2169 multitudo
1315 2142 1396 2170 simul
1421 2143 1620 2177 languentium.
1639 2144 1722 2176 Quos
1735 2143 1816 2170 vitimi

1034 2185 1131 2214 Petrus
1148 2195 1201 2214 non
1219 2188 1306 2215 solum
1323 2188 1520 2223 ptenitudinem
1538 2196 1630 2224 agere,
1652 2189 1730 2225 quod
1745 2189 1775 2216 de
1790 2196 1814 2215 to

1034 2233 1104 2260 male
1127 2233 1278 2260 sensissent
1291 2239 1339 2268 per
1354 2233 1506 2264 Simonem,
1525 2241 1620 2261 verum
1638 2239 1667 2261 et
1681 2239 1739 2262 tam
1759 2235 1813 2260 ἰηιέο

995 2278 1019 2308 D
1031 2285 1108 2312 gram
1124 2279 1203 2306 tidem
1219 2278 1348 2306 exhibere
1362 2278 1427 2309 Deo,
1441 2283 1471 2306 ut
1490 2279 1574 2306 etiam
1589 2287 1688 2308 omnes
1705 2281 1812 2307 diverss

1032 2325 1208 2359 aegritudines
1223 2325 1357 2359 patientes
1372 2325 1515 2353 crederent
1530 2333 1577 2360 per
1594 2333 1660 2353 eum
1675 2334 1757 2361 posse
1770 2328 1810 2353 sa.L

1031 2370 1101 2402 vari,
1117 2371 1247 2405 expandit
1267 2371 1300 2397 ad
1323 2371 1422 2398 malum
1439 2378 1537 2398 manus
1552 2378 1630 2403 suas,
1651 2375 1678 2398 et
1701 2380 1761 2399 cum
1780 2371 1809 2396 la-

1031 2416 1133 2452 crymis
1155 2417 1305 2444 oralionem
1327 2416 1481 2448 effundens,
1500 2417 1604 2451 gratias
1623 2417 1747 2445 referens
1767 2416 1808 2443 Dav

1031 2462 1137 2490 dicebat
1149 2471 1154 2488 :
1167 2462 1437 2496 Benedicote,Pater
1458 2461 1634 2496 pmdicande
1647 2483 1655 2494 ,
1675 2464 1724 2498 qui
1744 2470 1808 2489 οιιιιιτ

1030 2508 1144 2535 verbum
1156 2511 1184 2535 et
1199 2507 1363 2542 promissum
1382 2506 1442 2534 Filii
1458 2507 1497 2534 tui
1523 2508 1675 2544 adimplere
1688 2509 1806 2544 dignaris.

1031 2558 1061 2581 ut
1086 2556 1236 2588 cognoscat
1249 2553 1341 2580 omnia
1360 2557 1502 2587 creatura,
1523 2554 1587 2589 quia
1602 2558 1633 2581 tu
1656 2556 1733 2583 solus
1750 2554 1805 2582 Duas

1030 2599 1058 2627 in
1073 2600 1143 2627 cmlo
1158 2603 1184 2627 et
1199 2600 1227 2626 in
1246 2604 1331 2627 terra.

1065 2645 1146 2673 LXX.
1166 2645 1229 2673 Ηιιξε
1240 2650 1268 2673 et
1280 2646 1322 2674 his
1336 2646 1436 2674 similia
1447 2647 1553 2678 dicens,
1570 2648 1697 2675 ascendit
1711 2650 1738 2676 in
1751 2647 1804 2675 eni-

1029 2693 1147 2719 nentiori
1160 2692 1220 2719 loco
1232 2695 1259 2719 et
1271 2691 1355 2726 jussit
1371 2696 1434 2720 ante
1453 2700 1483 2720 se
1496 2693 1561 2727 poni
1574 2701 1685 2721 ornnem
1699 2693 1802 2720 multitu-

1028 2740 1118 2767 dinem
1129 2739 1330 2774 aagrotantium,
1344 2747 1414 2774 quos
1429 2746 1525 2767 omnes
1540 2739 1591 2766 hac
1605 2747 1673 2767 voce
1683 2740 1801 2766 allocuta

1027 2791 1070 2815 est
1084 2797 1090 2814 :
1107 2785 1229 2814 Similem
1245 2785 1323 2814 vobis
1339 2785 1475 2813 hominem
1491 2793 1535 2814 me
1549 2794 1610 2813 esse
1623 2786 1753 2814 videntes.
1765 2790 1800 2810 I0-

1027 2833 1075 2861 lite
1091 2837 1188 2868 putare
1208 2832 1282 2867 quod
1296 2839 1311 2859 a
1329 2839 1371 2860 me
1386 2832 1500 2867 possitis
1522 2839 1684 2866 recuperare
1701 2831 1798 2858 salutes

1026 2883 1156 2911 vestram,
1176 2878 1222 2907 sed
1238 2885 1286 2912 per
1299 2885 1361 2906 eum
1379 2877 1426 2913 qui
1440 2877 1473 2906 de
1487 2878 1557 2905 caalo
1572 2877 1749 2906 descendens,
1763 2882 1796 2900 tv

1027 2926 1114 2955 tendit
1134 2926 1308 2955 credentibus
1324 2924 1377 2953 sibi
1391 2924 1522 2962 integram
1539 2926 1637 2952 anim
1651 2929 1675 2953 et
1691 2927 1793 2956 corpune
