1873 3095
42 146 100 176 “53

628 147 912 177 RECOGNITIONUM
930 149 994 178 LIB.
1015 149 1048 178 Χ.

1579 154 1649 183 H55

40 202 202 235 medianam;
219 202 294 252 _““de
308 209 361 252 '°_‘
383 206 475 231 ’θείη
494 206 592 252 ίθείξθπη
616 203 719 252 δῆξδεῖέηζ
736 204 811 252 him“
825 209 849 238 Α
897 215 1003 244 LXXII.
1024 215 1094 244 Tum
1111 224 1161 252 ego
1176 216 1303 246 Clemens
1317 225 1379 246 cum
1395 219 1524 247 lratribus
1538 221 1607 249 meis
1619 226 1648 249 ct

39 257 133 276 onmem
149 249 286 284 populum,
299 249 363 284 quia
378 257 411 276 ex
424 252 482 277 toto
494 249 577 277 corde
590 250 702 278 creditis
712 250 740 278 in
756 249 809 278 Βο-

38 296 102 322 mino
116 294 178 323 Jesu
188 295 308 328 Christo,
322 300 352 322 ut
366 295 455 323 sciant
468 295 550 323 etiam
565 303 594 324 se
610 296 685 331 ipsos
700 297 734 324 ab
748 297 808 332 ipso

37 349 107 376 posse
124 341 234 369 salvari.
254 341 377 377 Cumque
391 341 482 369 omnis
500 342 646 370 multitudo
667 342 809 370 inﬁrman-

36 389 94 415 tium
117 395 170 415 una
188 396 255 416 voce
276 389 416 422 clamaret,
434 389 506 416 hunc
528 397 590 417 esse
611 396 706 417 verum
722 389 807 417 Deum

35 441 104 469 quem
119 433 213 461 Petrus
234 434 390 467 annuntiat,
413 434 505 461 subito
525 435 689 462 immensum
714 435 806 463 lumen

34 480 115 515 gratim
129 478 175 506 Dei
193 480 221 507 in
243 479 333 507 medio
347 480 436 515 plebis
457 480 599 516 apparuit,
616 484 644 508 et
665 486 807 517 eceperunt

34 525 162 561 paralytici
176 532 287 553 currere
307 525 340 553 ad
356 526 438 561 pedes
453 525 526 554 Petri
547 526 624 559 sani,
642 528 706 554 caeci
727 535 807 555 recu-

33 575 115 605 perato
128 572 188 599 visu
205 573 336 606 clamare,
353 572 443 600 claudi
462 576 617 600 restaurato
631 580 728 608 gressu
743 581 807 609 gra-

33 617 76 644 tias
98 625 186 653 agere,
212 618 372 653 languentes
397 623 505 654 recepta
533 621 650 648 sanitate
675 620 804 655 gaudere,

31 667 143 694 nonnulli
166 667 248 694 etiam
264 667 322 694 solo
338 666 404 694 [latu
419 668 542 695 viventes
556 667 613 702 jam
638 668 698 696 sine
722 676 805 697 sensu

30 719 52 740 et
66 714 121 741 sine
141 721 209 742 voce
225 714 376 749 recuperati
392 718 466 746 sunt,
482 721 579 743 omnes
592 722 702 750 quoque
724 715 805 743 luna-

30 760 68 786 tici
80 764 104 787 ct
119 760 191 795 pleni
205 760 347 788 daemoniis
360 759 468 788 liberati
483 765 557 788 sunt.

58 805 143 833 LXXI.
164 804 282 832 Tantam
296 805 387 841 itaque
402 805 520 841 Spiritus
531 809 644 834 sanctus
658 805 686 833 in
702 806 747 833 illa
762 806 805 834 die

29 852 131 886 gratiam
155 859 213 880 sum
229 852 339 880 virttttis
354 853 484 885 ostendit,
502 856 533 880 ut
547 860 643 881 omnes
660 860 675 879 a
691 853 804 881 minimo

29 905 103 932 usque
117 898 151 925 ad
173 899 322 926 maximum
343 906 398 925 una
413 906 480 927 voce
501 899 698 926 conﬁterentur
713 899 806 927 Domi-

29 952 97 977 num;
111 947 137 971 et
152 951 188 972 ne
200 945 293 971 multis
309 944 448 977 immorer,
462 944 534 972 intra
547 948 652 979 septem
668 945 728 973 dies
743 945 804 980 plus

29 997 99 1024 quam
114 990 209 1018 decem
230 991 315 1018 millia
335 991 476 1018 hominum
492 991 635 1019 credentes
649 990 704 1019 Deo
718 991 807 1026 bapti-

27 1037 73 1063 zati
93 1040 155 1064 sunt
169 1040 199 1064 et
221 1038 439 1065 sanctiﬁcatione
452 1037 618 1070 consecrati,
634 1037 671 1065 ita
686 1043 716 1065 ut
730 1038 805 1065 omni

26 1083 153 1111 aviditatis
161 1083 300 1111 desiderio
309 1083 476 1118 Theophilus
488 1083 556 1119 (65),
569 1083 615 1119 qui
626 1087 686 1111 erat
696 1084 804 1112 cunctis

26 1130 176 1163 potentibus
190 1130 220 1158 in
233 1130 345 1158 civitate
359 1129 516 1161 sublimior.
531 1131 630 1159 domus
644 1138 701 1159 sua:
713 1131 804 1167 ingen-

26 1179 71 1202 tem
86 1176 229 1204 basilicam
243 1177 367 1204 ecclesiae
380 1176 492 1204 nomine
506 1181 693 1210 consecraret,
709 1177 737 1205 in
749 1185 803 1213 qua

25 1220 96 1249 Petro
111 1223 235 1257 apostolo
252 1223 401 1250 constituta
425 1226 466 1250 est
486 1223 521 1250 ab
536 1223 611 1250 omni
635 1224 736 1260 populo
757 1231 805 1251 ea-

26 1268 111 1295 Ihcdra
125 1268 194 1304 (66),
208 1272 236 1295 et
251 1268 340 1296 omnis
355 1268 502 1296 multitudo
511 1269 634 1304 quotidie
645 1269 678 1297 ad
694 1269 805 1297 audien-

25 1314 82 1341 dum
100 1314 215 1342 verbum
236 1315 414 1346 conveniens,
429 1314 559 1343 credebat
580 1322 653 1343 sana:
672 1315 804 1343 doctrinae

24 1368 98 1394 quam
109 1361 257 1389 sanitatum
269 1360 415 1390 eﬁicacitas
428 1360 590 1390 aﬁirmabat.

859 266 946 289 matre
957 265 1061 297 patrem
1076 261 1251 297 alloquimur,
1263 266 1353 291 utrum
1368 265 1466 300 aliqua:
1480 265 1648 294 inﬁdelitatis

858 306 887 333 in
901 313 934 333 eo
949 306 1070 342 reliquis:
1091 308 1298 336 remansissent.
1310 310 1344 336 At
1359 309 1404 337 ille
1416 319 1423 337 :
1436 309 1541 343 Venite,
1561 312 1609 343 ait,
1620 316 1649 340 et

859 350 986 379 videbitis
997 358 1088 378 coram
1105 349 1196 383 Petro,
1211 355 1343 387 quantum
1355 353 1384 380 in
1399 361 1442 381 me
1456 353 1518 381 ﬁdei
1531 355 1649 383 creverit

858 395 1071 424 incrementum.
1095 395 1173 423 Tunc
1194 397 1328 425 accedens
1353 397 1558 431 Faustinianus,
1583 407 1648 434 pro-

858 443 925 470 cidit
939 443 973 470 ad
991 442 1074 478 pedes
1091 442 1164 470 Petri
1179 443 1294 471 dicens:
1312 443 1422 472 Semina
1435 445 1511 473 verbi
1526 446 1567 473 tui
1586 453 1648 481 qua:

857 496 923 524 ager
937 495 1004 515 mea}
1018 488 1118 516 mentis
1132 488 1248 523 accepit,
1262 488 1318 523 jam
1341 493 1405 516 nata
1423 494 1498 523 sunt,
1513 495 1595 526 atque
1610 492 1648 518 ita

857 534 892 561 ad
910 533 1054 562 fecundam
1071 534 1255 561 maturitatem
1279 540 1408 570 provecta
1431 540 1513 570 sunt,
1531 540 1561 564 ut
1579 537 1648 564 nihil

856 581 940 612 desit,
957 580 1011 608 nisi
1026 583 1057 607 ut
1079 586 1094 606 a
1116 579 1203 614 paleis
1219 587 1262 607 me
1280 582 1397 616 spiritali
1412 583 1458 610 illa
1473 587 1519 610 tua
1534 583 1648 611 deseces

857 626 927 653 falce
937 630 964 653 et
979 632 1096 660 reponas
1108 632 1151 651 me
1166 624 1193 652 in
1211 625 1310 654 horreo
1324 627 1477 661 Dominica,
1491 628 1593 657 faciens
1605 637 1649 658 me

856 682 958 702 mensae
976 673 1074 701 divinae
1089 671 1259 707 participem.
1282 673 1352 701 Tum
1374 674 1472 702 Petrus
1488 683 1552 702 cum
1571 675 1648 703 omni

857 721 998 748 alacritate
1016 717 1224 754 apprehendens
1243 727 1353 747 manum
1367 720 1439 755 ejus,
1453 721 1569 749 tradidit
1585 729 1648 749 eum

856 767 924 794 mihi
936 766 1069 794 Clementi
1083 770 1110 795 et
1124 767 1256 797 fratribus
1269 766 1338 794 meis
1350 785 1358 798 ,
1378 766 1473 795 dicens
1487 777 1493 794 :
1507 767 1585 796 Sicut
1598 767 1649 795 tibi

856 814 927 848 patri
942 813 1013 841 ﬁlios
1034 815 1155 842 restituit
1170 815 1253 846 Deus,
1274 813 1312 840 ita
1331 816 1358 840 et
1380 815 1486 848 patrem
1502 813 1551 840 ﬁlii
1565 812 1649 840 resti-

856 863 938 886 tuunt
956 859 1023 888 Deo.
1044 859 1146 888 Indixit
1160 864 1252 887 autem
1271 858 1407 893 jejunium
1428 858 1503 885 omni
1521 858 1604 893 plebi,
1620 861 1650 885 et
1673 891 1677 899 ι

856 905 982 933 veniente
1004 905 1049 933 die
1070 905 1211 934 Dominica
1234 904 1384 939 baptizavit
1407 911 1489 935 eum,
1512 908 1594 938 atque
1619 903 1647 930 in

855 951 947 978 medio
967 951 1068 986 popuio
1086 958 1120 979 ex
1144 950 1324 979 conversione
1348 949 1409 984 ejus
1432 949 1575 977 materiam
1600 955 1663 975 su-'

856 1005 945 1030 mens,
958 1005 1054 1025 omnes
1067 1004 1148 1024 casus
1171 996 1231 1032 ejus
1246 996 1383 1031 exposuit,
1400 996 1438 1022 ita
1454 998 1485 1023 ut
1500 994 1591 1023 omnis
1605 994 1648 1022 ei-

855 1044 926 1071 vitas
940 1043 1021 1078 quasi
1042 1043 1167 1079 angelum
1182 1050 1244 1070 eum
1260 1042 1424 1077 susciperet,
1438 1044 1466 1069 et
1481 1048 1536 1068 non
1558 1039 1648 1067 mino-

855 1097 913 1118 rem
927 1089 952 1117 ei
968 1089 1082 1125 gratiam
1103 1097 1186 1125 quam
1201 1090 1325 1125 apostolo
1338 1083 1527 1120 exhiberet.["
1541 1085 1648 1120 Quibus

857 1136 984 1172 cognitis,
998 1135 1098 1163 Petrus
1113 1140 1221 1171 postera
1238 1135 1282 1163 die
1303 1134 1450 1162 convenire
1473 1132 1589 1169 populos
1602 1132 1648 1167 ju-

856 1182 912 1215 bet,
926 1186 954 1210 et
968 1189 1024 1210 uno
1043 1190 1077 1210 ex
1091 1182 1136 1210 his
1157 1182 1204 1217 qui
1224 1181 1410 1216 sequebantur
1425 1187 1498 1213 eum,
1520 1178 1648 1206 ordinato

857 1227 997 1263 episcopo,
1010 1231 1038 1255 et
1050 1227 1112 1255 aliis
1124 1227 1303 1263 presbyteris,
1315 1225 1463 1262 plurimum
1477 1232 1586 1260 quoque
1602 1231 1651 1259 po-

858 1274 953 1309 pulum
967 1274 1128 1308 baptizavit,
1143 1281 1294 1308 omnesque
1312 1272 1359 1308 qui
1373 1276 1452 1300 erant
1475 1270 1568 1298 vexati
1587 1270 1648 1296 lan-

857 1320 988 1355 guoribus
1003 1319 1115 1347 sanitati
1129 1316 1275 1353 restituit.]

55 1493 76 1509 ⁷⁸
93 1493 191 1531 Addita
206 1493 305 1531 legitur
320 1493 377 1522 haec
392 1494 521 1529 periodus
546 1493 574 1522 in
602 1493 664 1522 cod.
694 1493 889 1530 antiquissimo
914 1495 1017 1531 Bodlej.
1030 1503 1106 1524 num.
1125 1495 1188 1529 l05,
1203 1502 1247 1530 ap.
1261 1492 1392 1523 Grabium
1409 1494 1436 1521 in
1455 1493 1577 1530 Spicileg.
1594 1492 1646 1523 SS.

25 1528 106 1564 Putn,
117 1533 137 1558 ι.
149 1529 170 1563 1,
187 1537 215 1564 p.
227 1528 290 1557 S99.

688 1651 872 1681 COTELERII
883 1651 999 1680 NOTAE.

57 1760 110 1795 (65)
127 1759 296 1795 Theophilus.
308 1757 359 1791 Qui
367 1764 469 1795 magna
482 1762 634 1791 temporum
643 1753 808 1795 confusione
822 1755 844 1787 c

24 1789 151 1831 septimus
167 1789 478 1828 Antiochiaarepiscdpus
492 1789 553 1819 esse
574 1793 685 1831 putatur
699 1797 715 1816 a
729 1789 807 1816 Guil-

25 1833 100 1856 lelnm
112 1830 196 1856 Tvrio
219 1829 266 1856 lib.
283 1837 309 1856 IV
322 1828 451 1856 Historia-
465 1826 525 1854 belli
543 1834 614 1853 sacri
628 1833 688 1856 cap.
705 1824 732 1855 9,
749 1828 776 1851 et
791 1831 806 1850 a

25 1830 100 1858 lelino
112 1830 196 1872 Tyrio
211 1830 266 1871 llib.
283 1837 309 1856 IV
322 1830 451 1869 Historia:
465 1830 525 1868 belli
543 1830 614 1867 sacri
628 1833 688 1886 cap.
705 1830 732 1865 tt,
749 1830 776 1851 et
791 1831 805 1850 a

23 1866 75 1893 Jac.
99 1867 140 1901 de,
149 1866 270 1892 Vttrtaco
286 1871 347 1901 cap.
360 1863 394 1891 52
411 1863 536 1901 Historia:
546 1861 657 1901 literato
670 1864 805 1901 ymuanq'.

56 1902 111 1937 (66)
127 1900 207 1937 Petro
219 1895 353 1937 Apostolo
363 1899 507 1937 constituta
527 1901 566 1937 est
582 1895 701 1937 ahpmni
712 1895 807 1935 populo

24 1931 157 1965 cathedra.
176 1936 215 1963 De
227 1931 462 1972 hacjntiochena
482 1931 808 1972 PetriAcgtltedra,‘ejt'ts-

24 1973 160 2008 querl‘esto
179 1975 263 2006 agunt
281 1969 521 2008 Martyrologiaad
542 1967 577 1994 22
589 1965 743 2008 Februarii,
758 1964 808 1992 Le-

24 2001 285 2044 jcndaisanc‘t'orugt
306 2001 367 2040 cap.
392 2001 443 2044 4f;
461 2004 570 2044 Gemma
592 2001 750 2044 apimglib.
763 2007 806 2044 ut,

25 2036 81 2077 31p.
105 2043 159 2076 26;
182 2042 239 2078 rlvor
255 2036 600 2078 C‘arnotensisrtaliique.“
610 2036 640 2078 In
666 2036 808 2078 itinerario

27 2072 203 2107 Willebrandi
217 2077 252 2105 ab
265 2076 436 2111 Oldenborg;
461 2074 492 2101 In
509 2072 558 2101 hoc
577 2072 698 2100 Ecclesia
713 2072 809 2099 Antio-

860 1752 928 1780 chiae
944 1755 1109 1778 monstratur
1132 1749 1259 1777 cathedra
1273 1749 1305 1778 Β.
1322 1749 1407 1777 Petri.
1425 1750 1519 1777 Inveni
1539 1757 1649 1785 quoque

861 1788 935 1815 hunc
957 1786 1066 1814 titulum
1089 1786 1118 1812 in
1139 1786 1266 1815 catalogo
1289 1793 1357 1813 mss.
1377 1786 1502 1813 ecclesiae
1523 1783 1555 1812 SI
1574 1783 1647 1812 Petri

860 1821 1063 1850 Bellovacensis
1079 1830 1086 1848 :
1104 1820 1195 1848 Sermo
1219 1819 1248 1848 ε.
1270 1820 1411 1848 Clementis
1431 1828 1506 1855 papa:
1525 1821 1553 1847 in
1573 1819 1648 1847 Petri

861 1857 1042 1893 apostolorum
1060 1856 1334 1893 principisjeuione.
1354 1864 1406 1891 qua
1427 1855 1580 1893 cathedram
1598 1856 1647 1893 jn-

861 1891 992 1920 siauravit
1009 1891 1165 1919 Antiochia.
1190 1891 1258 1918 Eum
1281 1896 1371 1919 autem
1389 1892 1541 1925 catalogum
1561 1891 1648 1918 debeo

860 1929 921 1955 viro
943 1928 1079 1955 natalibus
1100 1934 1133 1954 ac
1153 1926 1301 1954 virtutibus
1318 1926 1418 1954 illustri
1433 1926 1551 1953 Antonio
1565 1925 1646 1952 Vioni

862 1963 1027 1993 Herovallio,
1043 1962 1123 1997 cujus
1141 1962 1309 1990 indefessum
1327 1969 1377 1996 pro
1392 1969 1422 1988 re
1436 1961 1569 1997 litterario
1583 1969 1648 1996 pro-

860 1998 994 2026 movenda
1007 2002 1035 2025 et
1053 1996 1104 2033 pro
1117 1996 1291 2025 demerendis
1307 1997 1435 2033 litteratis
1450 1996 1571 2033 studium
1588 2004 1649 2023 om»

858 2042 909 2062 nes
922 2034 1003 2068 hodie
1015 2032 1176 2068 praedicant,
1198 2039 1294 2060 omnes
1312 2032 1466 2068 mirantur,
1486 2032 1562 2059 nulla
1581 2035 1647 2059 aetas

860 2077 915 2097 non
926 2067 1076 2103 celebrabit
1089 2072 1170 2104 atque
1184 2067 1373 2096 demirabitur.
