1873 3095
54 126 114 155 H57
572 123 859 154 RECOGNITIONES.
878 139 912 145 —
927 123 1107 152 APPENDIX.
1603 127 1673 156 H58

51 184 188 221 νηστείαις,
206 182 254 211 καὶ
269 184 324 216 τοϊς
342 184 501 217 Σαεῆἀτοις,
520 185 567 211 καὶ
582 187 643 218 ταῖς
657 184 790 220 Νεομηνίσ

935 191 999 216 um;
1015 187 1042 210 et
1063 182 1187 210 absolute
1209 184 1337 211 renuntio
1351 185 1425 212 omni
1441 184 1617 212 Judaicorum
1635 186 1672 213 le-

50 231 92 258 καὶ
116 232 172 262 τοῖς
198 229 339 266 βρώμασι,
366 230 412 257 καὶ
439 232 495 262 τοῖς
518 231 639 267 πόμασιν
661 231 759 258 αὐτῶν·
784 238 789 255 1

933 236 1039 256 morum
1054 232 1112 256 tum
1136 228 1216 262 mori,
1233 232 1290 256 tum
1316 230 1451 259 instituto.
1469 230 1509 258 Ad
1531 231 1588 258 tunc
1603 239 1671 258 ana-

49 278 134 309 ἁπλῶς
156 277 344 313 ἀποσάσσομαι
368 277 450 304 παντὶ
472 277 624 304 Ἰουδαϊκῶν
645 277 788 313 νομίμωνῖ

934 277 1002 302 male
1028 273 1098 301 ferio
1115 279 1142 301 et
1164 275 1282 302 hzereses
1301 283 1362 311 qua:
1385 277 1456 311 apud
1475 275 1583 304 Judmos
1598 277 1673 303 inve-

49 324 114 356 ἔθει,
130 323 178 350 καὶ
199 323 404 359 ἐπιτηδεύματι·
429 323 482 350 καὶ]
500 324 547 350 ἐπὶ
567 323 673 355 τούτοις
695 323 833 358 ἀναθεμα-

47 369 108 401 τὶζω
123 369 171 401 τὰς
187 368 262 405 παρὰ
285 369 422 402 Ἰουδαίοις
437 369 558 406 αἱρέσεις
581 369 628 396 καὶ
643 368 706 401 τοὺς
729 369 833 404 αἱρετι-

48 415 115 447 κούς’
133 415 342 447 Σαδδουκαίους,
359 416 421 447 τοὺς
436 415 598 451 λεγομένους
613 414 744 446 δικαίους,
767 413 834 440 οἵτι-

48 469 87 492 νες
102 461 132 487 τὸ
143 460 254 496 Πνεῦμα
270 460 301 487 τὸ
324 460 401 494 ἅγιον
425 460 633 496 βλασφημοῦσι,
652 460 698 486 καὶ
713 460 763 495 τὴν
778 458 834 485 τῶν

47 506 144 542 νεκρῶν
160 507 308 534 ἀνάστασιν
324 505 459 538 ἀθετοῦσι,
478 506 525 532 καὶ
540 506 604 537 τοὺς
620 505 751 540 ἀγγέλους
767 505 834 531 ἀπο-

47 552 191 579 ϐάλλονται·
209 552 382 588 Φαρισαίους,
399 552 462 584 τοὺς
477 551 685 588 άφωρισμένους
697 572 704 583 ,
722 551 746 578 οἳ
764 550 834 577 κατὰ

46 598 168 634 δευτέραν
190 598 238 625 καὶ
260 598 374 635 πέμπτῃ
396 598 589 634 νηστεύοντες,
613 597 660 624 καὶ
686 596 835 633 παρθενίαν

47 644 88 670 ἐπὶ
110 645 223 680 καιροὺς
245 643 414 680 ὡρισμένους
439 643 665 678 ὑποκρινόμενοι,
688 641 836 677 μετέπειτα

45 690 131 717 λύουσι
144 691 236 717 πᾶσαν
249 691 412 726 ἐγκράτειαν
423 709 431 721 ,
445 688 585 721 δοξάζουσι
604 688 631 715 δὲ
646 689 670 715 εί
675 687 818 724 μαρμένην
827 708 834 720 ,

45 736 88 762 καὶ
108 737 141 772 τῇ
163 736 326 772 ἀστρολογίᾳ
350 735 526 771 σχολάζουσν
551 734 744 770 Νασαραίους,
772 735 836 766 τοὺς

44 781 252 818 ἀφηνιαστὰςωῖ
264 782 310 808 τὸν
327 782 391 817 περὶ
407 781 507 808 θυσιῶν
523 781 553 807 οὐ
574 779 772 816 παραδέχονται
788 779 836 805 τοῦ

44 827 160 859 Μωσέως
171 827 263 863 νόμον,
273 828 320 854 καὶ
335 827 378 854 διὰ
387 827 466 854 τοῦτο
478 826 608 862 ἐμψύχων
620 826 778 861 ἀπέχονται,
789 826 836 852 καὶ

883 319 1009 351 niuntur,
1027 324 1054 347 et
1069 319 1144 354 ipsos
1159 319 1320 354 haereticos;
1345 321 1510 349 Sadducmos
1522 342 1529 353 ,
1545 322 1591 357 qui
1605 321 1674 357 justi

883 369 1028 398 vocantur,
1046 366 1146 400 quique
1173 365 1304 401 Spiritum
1325 372 1448 394 sanctum
1472 368 1673 403 blasphemant,

884 418 1056 441 mortuorum
1078 414 1309 442 resurrectionem
1331 414 1504 447 inﬁciantur,
1521 419 1604 450 atque
1625 424 1676 444 an-

884 459 960 495 gelos
976 459 1121 494 rejiciunt;
1139 459 1304 493 Phariszeos,
1321 465 1478 497 segregatos
1492 462 1538 496 qui
1554 463 1676 490 secunda

885 509 912 533 et
925 505 1022 541 quinta
1042 505 1110 534 feria
1132 506 1274 541 jejunant,
1293 507 1480 542 virginitatem
1502 516 1551 543 per
1563 508 1676 536 deﬁnita

886 555 1010 586 tempora
1026 551 1169 583 simulant,
1185 556 1336 586 posteaque
1351 559 1458 580 omnem
1479 553 1589 580 solvunt
1611 561 1678 580 con-

885 597 1040 629 tinentiam,
1059 597 1144 624 fatum
1158 601 1249 624 autem
1263 597 1423 632 praedicant,
1435 601 1462 625 et
1477 602 1575 624 vacant
1590 603 1678 625 astro-

886 643 981 679 logia);
995 643 1151 677 Nazarazos,
1176 643 1368 676 refractarios,
1384 645 1430 679 qui
1449 645 1535 680 legem
1555 652 1569 671 a
1586 644 1679 680 Moyse

887 689 921 718 de
937 690 1081 718 sacrificiis
1095 690 1178 717 latam
1190 698 1245 718 non
1261 690 1428 723 admittunt,
1441 691 1558 726 ideoque
1574 691 1679 717 anima-

887 736 923 764 tis
946 736 1106 768 abstinent,
1131 743 1182 764 nec
1206 737 1341 764 ullatenus
1363 737 1538 770 sacrificant;
1558 736 1677 769 Osszeos,

887 782 1112 817 procacissimos,
1132 782 1179 817 qui
1205 782 1265 810 aliis
1286 790 1301 809 ει
1324 781 1394 818 Lege
1417 782 1568 817 Scripturis
1582 783 1636 814 usi,
1652 786 1681 809 et

888 827 1034 862 plerosque
1058 827 1252 863 prophetarum
1274 827 1444 862 rejicicntes,
1468 828 1601 863 magistro
1622 828 1680 863 glo-

43 875 107 907 ὅλως
133 874 162 901 οὐ
189 873 292 900 θύουσι·
318 873 475 905 ὐσσαίους,
501 874 565 904 τοὺς
591 872 778 907 ἰταμωτάτους

939 876 994 900 ιιιιι·
1015 873 1136 905 homine,
1157 874 1201 900 cui
1217 881 1317 900 nomen
1335 873 1409 900 Elxai
1422 894 1429 906 ,
1449 873 1502 900 hoc
1524 878 1578 905 est,
1595 874 1678 900 virtus

43 922 158 956 γραφαῖς
176 919 284 955 ἑτέραις
301 918 375 955 παρὰ
390 918 438 945 τὸν
454 919 536 954 νόμον
551 917 698 954 χρώμενοι,
714 918 834 950 καὶτοὺς

44 965 150 997 πλείους
173 964 227 991 τῶν
252 963 400 1000 προφητῶν
419 963 650 998 ἀποϐαλλόμενοι,
673 962 834 990 διδάσκαλον

42 1009 166 1046 αὐχοῦσιν
192 1009 352 1046 ἄνθρωπον,
380 1009 473 1042 Ἠλξατ
500 1008 684 1044 καλούμενον,
712 1009 761 1035 εἰτ’
788 1006 834 1035 οὖν

42 1055 167 1090 δύναμιν
181 1055 423 1090 κεχαλυμμένην,
439 1055 488 1082 καὶ
498 1054 614 1090 Μαρθὼ,
627 1055 674 1082 καὶ
685 1054 834 1090 Μαρθάνην

41 1101 86 1133 τὰς
107 1102 161 1129 ἀπὸ
183 1101 230 1128 τοῦ
255 1102 351 1136 γένους
374 1100 457 1127 αὐτοῦ
481 1100 690 1136 καταγομένας,
714 1100 753 1132 ὡς
770 1099 834 1131 θεὰς

41 1148 162 1183 τιμῶσιν·
186 1148 378 1184 Ἦρωδιανοὺς,
398 1148 427 1174 οἵ
443 1156 516 1180 τινες
533 1147 578 1174 τὸν
593 1147 741 1181 ἀλλόφυλον
755 1146 833 1182 βασι-

41 1194 86 1221 λέα
101 1195 155 1222 τῶν
178 1195 323 1226 Ἰουδαίων,
339 1194 462 1230 Ἡρώδην
476 1194 522 1221 τὸν
540 1193 781 1230 σκωληκόϐρωτον,
797 1193 835 1225 ὡς

41 1243 154 1278 Χριστὸν
177 1243 351 1275 δοξάζουσιν·
375 1242 649 1279 Ἦμεροεαπτιστάς,
671 1242 697 1269 οἳ
712 1241 747 1268 τὰ
764 1241 835 1269 αὐτὰ

41 1290 198 1325 φρονοῦντες
214 1291 271 1322 τοῖς
287 1291 453 1326 Φαρισαίοις,
463 1288 656 1325 δογματίζουσι
670 1288 741 1316 κατὰ
751 1297 836 1325 προσ-

40 1335 123 1371 θήκην
147 1336 180 1362 τὸ
206 1336 243 1372 μὴ
268 1336 398 1364 δύνασθαι
414 1336 556 1372 ἄνθρωπον
577 1335 714 1371 σωθῆναι,
732 1335 780 1362 ἐὰν
797 1335 835 1370 μὴ

41 1380 99 1407 καθ’
120 1381 242 1416 ἑκάστην
265 1381 371 1417 ἡμέραν
389 1381 560 1416 {inmitte-tau
582 1381 761 1417 Fpappacaic
776 1380 836 1416 ἦτοι

39 1425 296 1461 νομοδιδασκάλους,
330 1426 355 1453 οἳ
389 1427 426 1462 μὴ
447 1426 569 1458 θέλοντες
591 1426 662 1453 κατὰ
685 1427 731 1454 τὸν
754 1428 836 1461 νόμον

40 1471 96 1508 ζῇν,
113 1472 183 1500 ἀλλὰ
200 1472 372 1508 περισσεύειν
391 1472 484 1505 αὑτοῦ,
498 1472 600 1506 ξεστῶν
620 1473 667 1500 καὶ
687 1473 834 1508 ποτηρίων,

40 1518 85 1544 καὶ
101 1519 243 1551 πινάκων,
266 1519 314 1546 καὶ
337 1519 392 1546 τῶν
409 1518 497 1546 ἄλλων
521 1518 626 1545 σκευῶν
652 1519 833 1555 βαπτισμοὺς,

40 1564 84 1590 καὶ
95 1566 192 1601 τωγμῇ
203 1567 211 1575 ¹
225 1564 276 1597 τὰς
292 1566 385 1600 χεῖρας
393 1565 498 1592 νίπτειν
512 1565 559 1592 καὶ
574 1564 609 1592 τὰ
626 1565 710 1601 σκεύη
727 1565 836 1592 πλύνειν

39 1610 192 1643 ἐπινοοῦσι,
215 1611 262 1638 καὶ
285 1611 377 1644 ἁπλῶς
398 1611 499 1643 πολλὰς
523 1611 689 1646 παραδόσεις
712 1610 780 1642 ίδίας
796 1610 836 1646 τῷ

39 1656 112 1692 νόμῳ
134 1658 345 1693 προστιθέντες,
368 1657 551 1694 Δευτερὼσεις
573 1657 674 1690 ταύτας
696 1657 834 1690 καλοῦσιν,

39 1699 93 1729 οἷον
109 1703 242 1740 δευτέρας
258 1704 326 1732 Θεοῦ
342 1705 513 1741 νομοθεσίας,
529 1705 578 1732 καὶ
591 1704 640 1739 τὴν
657 1704 706 1740 μὲν
723 1703 835 1740 πρώτην

39 1748 142 1784 ψευδῶς
155 1751 337 1788 ἀναφέρουσιν
348 1752 388 1784 εἱς
404 1752 450 1778 τὸν
466 1751 579 1784 Μωσέα,
597 1751 645 1787 τὴν
661 1751 690 1778 δὲ
705 1750 835 1784 δευτέραν

39 1796 77 1828 εἰς
99 1796 146 1824 τδν
169 1797 265 1826 Ῥαὸὃλ
286 1798 414 1830 Ἀκιᾱῑν,
437 1797 486 1833 τὴν
510 1798 538 1824 δὲ.
558 1797 654 1833 τρίτην
680 1797 720 1828 εἰς
739 1796 834 1822 ’Δννᾶν

39 1842 82 1869 τὸν
101 1843 150 1870 καὶ
169 1843 280 1876 Ἰούδαν,
295 1844 345 1880 τὴν
360 1844 388 1871 δὲ
405 1844 540 1880 τετάρτην
559 1845 600 1875 είς
616 1844 680 1875 τοὺς
693 1843 833 1878 Νασαμω-

39 1888 114 1916 ναίου
126 1889 184 1926 (68)
202 1890 286 1923 υἱοὺς,
303 1891 332 1917 οῖ
352 1899 424 1924 τινες
448 1892 495 1918 καὶ
518 1891 549 1918 τὸ
569 1890 708 1919 Σάϐϐατον
727 1891 756 1917 ὲν
777 1889 834 1921 τοῖς

39 1934 169 1970 πολέμοις
194 1935 340 1971 ἠθέτησαν.
365 1935 473 1969 Ταύτας
493 1934 540 1963 οὖν
562 1933 768 1971 ἀναθεματίζων
783 1934 836 1966 τὰς

45 1980 196 2013 Ίουδαῖκὰς
219 1981 310 2014 πάσας
335 1981 472 2018 αἱρέσεις,
496 1982 543 2009 καί
559 1982 621 2014 τοὺς
644 1981 831 2017 αἱρεσιάρχας,

39 2027 86 2054 καὶ
101 2027 153 2059 τὰς
168 2027 351 2064 Δευτιρώσεις
361 2049 370 2058 .
392 2029 438 2056 καὶ
454 2029 517 2061 τοὺς
533 2027 717 2064 Δευτερωτὰς,
735 2026 832 2054 ἀναθε-

41 2072 149 2105 ματίςω
166 2072 235 2109 μετὰ
251 2074 353 2100 τούτων
369 2074 417 2102 καὶ
432 2074 495 2106 τοὺς
511 2074 560 2109 τὴν
576 2074 673 2110 ἑορτὴν
687 2072 832 2103 τελοῦντας

884 919 1052 952 abscondita,
1066 925 1147 955 atque
1170 928 1203 947 ex
1219 928 1317 956 genere
1337 920 1423 955 ipsius
1442 924 1518 947 ortas
1539 920 1678 950 mulieres,

884 965 1055 994 Marthonem
1072 971 1099 994 et
1111 967 1282 994 Marthanam
1295 967 1377 995 veluti
1389 967 1454 995 deas
1465 967 1576 1001 colunt;
1593 967 1674 995 [iero-

884 1012 993 1044 dianos,
1007 1013 1052 1047 qui
1068 1013 1249 1048 alienigenam
1262 1020 1352 1048 regem
1363 1012 1518 1040 Judmorum
1531 1013 1678 1045 Herodem,

884 1065 900 1085 a
916 1058 1056 1086 vermibus
1071 1066 1196 1089 exesum,
1212 1062 1344 1094 tanquam
1359 1059 1499 1087 Christum
1515 1060 1654 1087 celebrant
1667 1068 1675 1092 ;

884 1101 1155 1138 ﬂemerobaptistas,
1169 1105 1216 1139 qui
1239 1105 1334 1132 eadem
1354 1105 1504 1132 sentientes
1528 1113 1590 1132 cum
1607 1104 1680 1132 Pha-

885 1149 985 1182 riszeis,
1003 1155 1134 1184 pnnterea
1152 1150 1261 1183 docent,
1274 1153 1411 1178 neminem
1423 1152 1529 1179 salvum
1544 1151 1601 1178 ﬁeri
1613 1159 1680 1186 pos-

885 1202 925 1228 se,
941 1195 996 1223 nisi
1011 1195 1134 1230 quotidie
1148 1197 1220 1224 lavet
1237 1205 1244 1222 :
1260 1197 1374 1225 Scribas
1390 1205 1437 1225 Seu
1459 1197 1528 1233 legis
1540 1197 1678 1230 doctores,

885 1242 932 1277 qui
948 1249 1003 1268 non
1017 1242 1140 1268 contenti
1161 1243 1238 1277 juxta
1265 1242 1353 1278 legem
1369 1243 1474 1276 vivere,
1491 1244 1540 1272 sed
1559 1245 1680 1273 volentes

885 1289 964 1323 plura
979 1287 1069 1315 facere
1084 1295 1166 1323 quam
1182 1288 1228 1314 illa
1250 1289 1410 1323 praescribat
1420 1309 1427 1321 ,
1445 1289 1622 1318 intinctiones
1637 1299 1682 1318 ur-

885 1341 1015 1364 ceorum.
1032 1334 1167 1366 calicum,
1185 1333 1323 1362 disco-um
1346 1343 1378 1362 ac
1406 1336 1518 1370 reliqua-
1563 1336 1682 1372 supelle-

885 1380 960 1408 ctilis
976 1380 1145 1415 excogitant,
1162 1380 1298 1416 simulque
1313 1389 1410 1409 manus
1433 1381 1592 1416 frequenter
1607 1383 1682 1409 lava-

886 1433 926 1457 re,
942 1430 970 1454 et
989 1434 1055 1454 vasa
1072 1427 1194 1459 abluere,
1214 1431 1296 1462 atque
1319 1429 1432 1455 omnino
1447 1429 1542 1456 multis
1555 1429 1683 1456 traditio-

886 1471 967 1499 nibus
983 1472 1042 1499 suis
1063 1471 1096 1498 ad
1128 1470 1217 1507 legem
1233 1473 1344 1504 additis,
1361 1481 1408 1500 eas
1427 1474 1564 1508 appellant
1583 1474 1683 1502 Dente-

887 1525 975 1550 roses,
992 1518 1071 1554 quasi
1083 1519 1219 1546 secundas
1241 1519 1288 1546 Dei
1308 1519 1508 1555 legislationes;
1522 1525 1548 1548 et
1564 1522 1681 1556 primam

888 1565 998 1600 quidem
1019 1564 1089 1591 falso
1106 1564 1230 1593 referunt
1244 1565 1278 1592 ad
1294 1565 1424 1601 Moysem,
1449 1567 1596 1594 secundam
1619 1576 1682 1595 vero

887 1609 922 1636 ad
937 1609 1023 1637 Rabbi
1037 1609 1165 1642 Akibam,
1182 1611 1291 1638 tertiam
1315 1612 1348 1638 ad
1365 1611 1471 1639 Annam
1487 1613 1533 1647 qui
1554 1618 1580 1640 et
1596 1612 1682 1641 Judas

886 1655 997 1688 dicitur,
1024 1661 1150 1691 quartam
1175 1659 1265 1683 autem
1289 1657 1323 1684 ad
1347 1657 1500 1686 Asamonwi
1527 1659 1608 1691 ﬁlios,
1634 1659 1682 1694 qui

885 1700 969 1728 etiam
987 1700 1136 1728 Sabbatum
1149 1701 1176 1728 in
1191 1701 1294 1736 praeliis
1308 1702 1455 1730 \ioiarunt.
1470 1703 1524 1731 llas
1542 1712 1607 1739 ergo
1618 1712 1682 1731 ana-

887 1746 1070 1774 thematizans
1089 1745 1220 1773 Iudaicus
1239 1754 1335 1774 omnes
1359 1747 1477 1775 hzerescs
1494 1752 1521 1776 et
1538 1749 1682 1777 hzeresiar~

884 1793 963 1826 chas,
977 1794 1098 1828 itemque
1112 1792 1276 1820 Deuteroses
1294 1801 1358 1820 cum
1376 1793 1550 1829 Deuterotis,
1566 1796 1682 1823 anathe-

884 1839 985 1866 matizo
1006 1847 1069 1866 cum
1085 1838 1140 1866 illis
1156 1838 1240 1865 etiam
1256 1845 1303 1866 eos
1318 1839 1365 1874 qui
1387 1839 1486 1866 festum
1503 1841 1591 1867 vocati
1609 1840 1682 1867 Mar-

884 1884 989 1911 dochmi
1009 1885 1147 1912 celebrant
1168 1884 1202 1911 ad
1225 1884 1342 1920 primum
1360 1883 1510 1912 Sabbatum
1531 1885 1681 1913 Christiani

881 1929 1000 1964 jejunii;
1017 1933 1044 1957 et
1070 1930 1165 1964 utique
1190 1929 1263 1965 ligno
1287 1930 1418 1957 Amanem
1435 1931 1520 1958 clavis
1547 1930 1680 1966 ailigunt,

886 1976 985 2004 deinde
999 1977 1024 2004 ei
1046 1976 1163 2004 miscent
1184 1975 1275 2004 crucis
1290 1976 1416 2012 signum,
1437 1985 1545 2012 unaque
1568 1978 1683 2006 combu-

886 2026 962 2054 runt,
979 2029 1011 2048 ac
1025 2022 1115 2049 omnis
1133 2021 1242 2057 generis
1259 2021 1503 2056 imprecationibus
1523 2026 1551 2050 et
1565 2023 1680 2051 anathe-

885 2068 951 2097 mati
966 2067 1138 2095 Christianos
1149 2067 1308 2102 subjiciunt.

38 2118 85 2145 τοῦ
115 2118 263 2155 λεγομένου
289 2120 462 2158 Μαρδοχαίου
486 2120 556 2147 κατὰ
586 2120 616 2147 τὺ
643 2120 751 2154 πρῶτον
774 2116 913 2144 Σαϐϐαῖον
936 2114 991 2141 τῶν
1014 2113 1215 2149 Χριστιανικῶν
1244 2115 1393 2150 νηστειῶν,
1418 2115 1465 2142 καὶ
1503 2114 1574 2151 ξύλῳ
1596 2114 1676 2150 δῆθεν

36 2162 83 2190 τὸν
100 2163 187 2200 ’Δμᾶν
210 2165 431 2201 προσηλοῦντας,
463 2164 522 2193 εἶτα
552 2165 700 2201 μιγνύντας
729 2163 803 2199 αὑτῷ
823 2161 855 2188 τὸ
879 2159 999 2196 σταυροῦ
1020 2162 1149 2198 σημεῖον,
1174 2160 1222 2189 καζι
1246 2162 1514 2195 συγκατακαίοντας,
1539 2162 1622 2198 ἀραῖς
1646 2171 1677 2189 τε

37 2211 182 2243 παντοίαις
209 2212 257 2238 καὶ
272 2211 423 2248 ἀναθέματι
438 2213 500 2244 τοὺς
514 2211 696 2248 Χριστιανοὺς
712 2208 924 2238 ὑποδάλλοντας.

79 2256 285 2292 ’Λναθεματιζω
307 2258 375 2294 πρὸς
394 2261 450 2291 τοῖς
468 2259 604 2291 παλαιοῖς,
623 2256 818 2294 ’Δρχιραϐὀίτα

941 2255 959 2282 l.
981 2252 1190 2281 Anathematizo
1209 2257 1309 2289 praeter
1333 2259 1457 2287 veteres,
1473 2254 1680 2284 Archirabbitas

37 2303 86 2331 καὶ
99 2303 165 2335 τοὺς
181 2303 259 2335 νέους
279 2303 335 2330 τῶν
357 2303 490 2331 Ἰουδαίων
505 2303 761 2334 κακοδιδασκάλους,
776 2302 833 2329 Λά-

37 2348 122 2384 ζαρόν
151 2356 233 2384 φημι,
249 2347 294 2374 τὸν
310 2348 359 2384 τὴν
375 2348 494 2384 ἄθεσμον
510 2349 605 2384 ἑορτὴν
625 2348 768 2384 ἐξευρόντα
783 2346 833 2382 τῆς

36 2392 188 2429 λεγομένης
201 2395 266 2430 παρ’
279 2394 370 2426 αὐτοῖς
381 2394 587 2430 Μονοποδαρίας
601 2394 666 2430 (69),
680 2394 726 2420 καὶ
740 2393 833 2420 Ἠλίαν

36 2438 83 2464 τὸν
102 2439 209 2466 ἐκείνου
229 2438 300 2467 κατὰ
319 2439 369 2475 τὴν
388 2439 545 2466 δυσσέϐειαν
563 2439 614 2466 ούκ
630 2439 767 2470 ἐλάττονα,
785 2437 834 2463 Βε-

36 2484 134 2520 νιαμίν
147 2493 177 2511 τε
193 2485 240 2512 καὶ
255 2485 406 2517 Ζεϐεδαῖον,
419 2485 465 2512 καὶ
487 2485 646 2521 ’Δϐρέιμιον,
661 2485 708 2512 καὶ
725 2484 834 2520 Συμϐά-

36 2539 107 2562 τιον,
125 2530 174 2557 καὶ
190 2531 253 2563 τοὺς
265 2531 386 2564 λοιπούς.
401 2532 456 2559 Καὶ
473 2532 520 2559 ἐπὶ
536 2533 602 2558 πᾶσι
615 2531 720 2563 τούτοις
737 2531 835 2558 ἀναθε-

39 2576 166 2612 ματίζω,
189 2577 236 2603 καὶ
262 2577 505 2612 καταναθεματίζω
527 2578 574 2604 τὸν
597 2577 672 2613 παρὰ
695 2577 748 2603 τῶν
771 2577 836 2604 Ἰου-

35 2623 122 2650 δαίων
135 2622 358 2659 προσδοκώμενον
369 2623 408 2655 ὡς
420 2623 538 2659 Χριστὸν
549 2623 707 2650 ἐλεύσεσθαι
718 2623 834 2659 Μεσίαν,

36 2668 88 2695 εἴτ’
113 2666 161 2695 οὖν
182 2669 346 2705 εἰλημμένον
369 2670 440 2705 (70).
466 2669 566 2705 μᾶλλον
589 2669 617 2696 δὲ
640 2670 832 2705 Ἀντίχριστονσ

37 2714 86 2741 καὶ
110 2714 331 2750 ἀποτασσόμενος
352 2715 426 2750 αὐτῷ
450 2715 633 2750 συντάσσομαι
657 2715 696 2751 τῷ
716 2715 834 2751 ἀληθινῷ

75 2812 135 2884 {68;
149 2815 264 2849 Νασαμ.
281 2814 345 2848 Leg.
368 2814 465 2851 Ἄσαμ.
481 2815 583 2844 (Συ-κει..

87 2848 123 2877 69
148 2850 295 2877 Μονυποδ.
311 2849 391 2878 Forte
405 2850 478 2884 quod
491 2859 574 2884 super

87 2848 135 2884 69)
148 2848 295 2877 Μονυὲιοδ.
311 2849 391 2878 Forte
405 2848 478 2886 quod
491 2859 574 2887 super
590 2860 644 2880 uno
661 2852 729 2888 pede
749 2852 831 2880 salta-

887 2307 997 2337 quoque
1014 2303 1042 2326 et
1056 2307 1142 2327 novos
1156 2298 1314 2327 Iudaeorum
1329 2301 1416 2329 malos
1434 2301 1579 2335 ductores;
1596 2301 1682 2329 Laza-

887 2354 960 2379 rum,
975 2345 1097 2380 inquam.
1114 2343 1284 2372 inventorem
1311 2344 1409 2372 nefarii
1436 2345 1499 2373 festi
1519 2345 1593 2381 quod
1609 2346 1681 2381 apud

888 2391 950 2418 illos
976 2390 1130 2426 appellatur
1152 2389 1363 2425 Monopodaria;
1392 2391 1457 2417 item
1481 2390 1567 2418 Eliam
1593 2391 1632 2417 illi
1653 2391 1681 2418 in

887 2437 1030 2473 impietate
1045 2436 1202 2464 nullatenus
1217 2436 1356 2464 cedentem
1371 2445 1378 2470 ;
1401 2436 1590 2472 Benjaminum
1607 2438 1682 2471 μοι-ιι

886 2488 929 2512 ter
952 2491 984 2511 ac
1010 2482 1182 2515 Zcbedzeum,
1207 2483 1384 2514 Abramium.
1408 2483 1596 2519 Symbatium,
1617 2483 1680 2510 reli-

887 2537 1021 2565 quosque.
1038 2529 1078 2556 Ad
1094 2529 1152 2556 [nec
1170 2529 1262 2556 omnia
1289 2529 1433 2557 anathema
1448 2534 1474 2557 et
1489 2529 1680 2557 catanathema

887 2575 1034 2611 pronuntio
1050 2576 1077 2602 in
1091 2583 1152 2603 cum
1169 2575 1216 2610 qui
1235 2583 1250 2602 a
1271 2574 1375 2603 Judzcis
1397 2579 1541 2608 venturus,
1557 2579 1587 2602 ut
1597 2573 1679 2601 (311τὶ--

886 2626 945 2650 stus
960 2626 1147 2657 exspectatur,
1164 2621 1291 2649 Messian:
1304 2630 1352 2649 seu
1369 2626 1492 2654 unctum,
1509 2621 1595 2656 magis
1610 2628 1678 2648 vero

885 2668 1102 2696 Anti-Christum
1119 2678 1126 2695 :
1143 2671 1170 2695 et
1191 2668 1353 2695 renuntians
1377 2668 1417 2700 ei,
1439 2675 1482 2694 me
1505 2666 1618 2694 confero
1643 2667 1678 2696 ad

885 2726 979 2746 verum
994 2719 1138 2752 solumque
1152 2716 1291 2746 Christum
1311 2725 1342 2744 ac
1360 2715 1454 2744 Deum.
1472 2715 1560 2743 Credo
1576 2717 1604 2744 in
1625 2715 1679 2743 Pa.

885 2821 956 2845 rent.
975 2816 1023 2844 Vel
1039 2825 1055 2844 ιι
1066 2817 1169 2845 mensis
1184 2816 1363 2852 monopodiis.
1378 2815 1416 2852 lo.

921 2851 976 2888 (70)
991 2852 1186 2886 Εῖιίημμένον.
1200 2850 1447 2888 ΙΑθςῘὴλειμμένο-ν.
1459 2850 1496 2878 In.
