  <div class='ocr_page' id='page_1' title='image "/cluster/home/n/w/nwhite01/storage/ocr_20150623/1/njp.32101077772331/881.png"; bbox 0 0 1873 3095; ppageno 0'>
   <div class='ocr_carea' id='block_1_1' title="bbox 165 103 233 133">
    <p class='ocr_par' dir='ltr' id='par_1_1' title="bbox 165 103 233 133">
     <span class='ocr_line' id='line_1_1' title="bbox 165 103 233 133; baseline 0 -1"><span class='ocrx_word' id='word_1_1' title='bbox 165 103 176 132; x_wconf 94' lang='lat' dir='ltr'><strong>l</strong></span> <span class='ocrx_word' id='word_1_2' title='bbox 182 104 233 133; x_wconf 63' lang='grc'><strong>459</strong></span> 
     </span>
    </p>
   </div>
   <div class='ocr_carea' id='block_1_2' title="bbox 603 93 1369 129">
    <p class='ocr_par' dir='ltr' id='par_1_2' title="bbox 603 93 1369 129">
     <span class='ocr_line' id='line_1_2' title="bbox 603 93 1369 129; baseline -0.01 0"><span class='ocrx_word' id='word_1_3' title='bbox 603 100 633 129; x_wconf 87' lang='lat' dir='ltr'><strong>S.</strong></span> <span class='ocrx_word' id='word_1_4' title='bbox 653 97 849 128; x_wconf 74' lang='lat' dir='ltr'><strong>CLEMENTIS</strong></span> <span class='ocrx_word' id='word_1_5' title='bbox 867 97 878 126; x_wconf 91' lang='grc' dir='ltr'><strong>ι</strong></span> <span class='ocrx_word' id='word_1_6' title='bbox 895 96 979 125; x_wconf 77' lang='lat' dir='ltr'><strong>ROM.</strong></span> <span class='ocrx_word' id='word_1_7' title='bbox 1000 96 1102 126; x_wconf 81' lang='grc' dir='ltr'><strong>ΡΟΝΤ.</strong></span> <span class='ocrx_word' id='word_1_8' title='bbox 1122 95 1237 125; x_wconf 75' lang='lat' dir='ltr'><strong>OPERA</strong></span> <span class='ocrx_word' id='word_1_9' title='bbox 1255 93 1369 122; x_wconf 83' lang='lat' dir='ltr'><strong>DUBlA.</strong></span> 
     </span>
    </p>
   </div>
   <div class='ocr_carea' id='block_1_3' title="bbox 1727 92 1798 121">
    <p class='ocr_par' dir='ltr' id='par_1_3' title="bbox 1727 92 1798 121">
     <span class='ocr_line' id='line_1_3' title="bbox 1727 92 1798 121; baseline 0.028 -2"><span class='ocrx_word' id='word_1_10' title='bbox 1727 92 1798 121; x_wconf 72' lang='lat' dir='ltr'><strong>M60</strong></span> 
     </span>
    </p>
   </div>
   <div class='ocr_carea' id='block_1_4' title="bbox 165 146 1170 193">
    <p class='ocr_par' dir='ltr' id='par_1_4' title="bbox 165 152 1170 193">
     <span class='ocr_line' id='line_1_4' title="bbox 165 152 1170 193; baseline -0.009 -6"><span class='ocrx_word' id='word_1_11' title='bbox 165 165 244 191; x_wconf 86' lang='lat' dir='ltr'><strong>trem,</strong></span> <span class='ocrx_word' id='word_1_12' title='bbox 261 157 362 186; x_wconf 82' lang='lat' dir='ltr'><strong>Filium</strong></span> <span class='ocrx_word' id='word_1_13' title='bbox 378 161 406 187; x_wconf 86' lang='lat' dir='ltr'><strong>et</strong></span> <span class='ocrx_word' id='word_1_14' title='bbox 426 156 560 193; x_wconf 75' lang='lat' dir='ltr'><strong>Spiritum</strong></span> <span class='ocrx_word' id='word_1_15' title='bbox 571 160 696 185; x_wconf 85' lang='lat' dir='ltr'><strong>sanctum</strong></span> <span class='ocrx_word' id='word_1_16' title='bbox 708 176 716 188; x_wconf 83' lang='lat'><strong>,</strong></span> <span class='ocrx_word' id='word_1_17' title='bbox 732 159 867 186; x_wconf 83' lang='lat' dir='ltr'><strong>sanctam.</strong></span> <span class='ocrx_word' id='word_1_18' title='bbox 883 160 951 180; x_wconf 89' lang='lat' dir='ltr'><strong>con-</strong></span> <span class='ocrx_word' id='word_1_19' title='bbox 966 156 989 184; x_wconf 73' lang='grc' dir='ltr'><strong>Α</strong></span> <span class='ocrx_word' id='word_1_20' title='bbox 1002 153 1050 180; x_wconf 75' lang='grc' dir='ltr'>καὶ</span> <span class='ocrx_word' id='word_1_21' title='bbox 1067 152 1140 189; x_wconf 85' lang='grc' dir='ltr'>μόνῳ</span> <span class='ocrx_word' id='word_1_22' title='bbox 1151 153 1170 178; x_wconf 82' lang='grc' dir='ltr'>Χ</span> 
     </span>
    </p>
   </div>
   <div class='ocr_carea' id='block_1_5' title="bbox 1056 146 1799 193">
    <p class='ocr_par' dir='ltr' id='par_1_5' title="bbox 1067 146 1799 189">
     <span class='ocr_line' id='line_1_5' title="bbox 1067 146 1799 189; baseline -0.01 -10"><span class='ocrx_word' id='word_1_23' title='bbox 1067 152 1140 189; x_wconf 85' lang='grc' dir='ltr'>μόνῳ</span> <span class='ocrx_word' id='word_1_24' title='bbox 1151 150 1262 188; x_wconf 85' lang='grc' dir='ltr'>Χριστῷ</span> <span class='ocrx_word' id='word_1_25' title='bbox 1278 150 1325 177; x_wconf 87' lang='grc' dir='ltr'>καὶ</span> <span class='ocrx_word' id='word_1_26' title='bbox 1340 148 1409 185; x_wconf 81' lang='grc' dir='ltr'><strong>Θεῷ.</strong></span> <span class='ocrx_word' id='word_1_27' title='bbox 1422 148 1478 176; x_wconf 75' lang='grc' dir='ltr'><strong>Καὶ</strong></span> <span class='ocrx_word' id='word_1_28' title='bbox 1495 146 1619 175; x_wconf 74' lang='grc' dir='ltr'>πιστεύω</span> <span class='ocrx_word' id='word_1_29' title='bbox 1634 147 1677 179; x_wconf 83' lang='grc' dir='ltr'><strong>είς</strong></span> <span class='ocrx_word' id='word_1_30' title='bbox 1691 147 1799 182; x_wconf 76' lang='grc' dir='ltr'>Πατέρα</span> 
     </span>
    </p>
   </div>
   <div class='ocr_carea' id='block_1_6' title="bbox 162 199 954 234">
    <p class='ocr_par' dir='ltr' id='par_1_6' title="bbox 162 199 954 234">
     <span class='ocr_line' id='line_1_6' title="bbox 162 199 954 234; baseline -0.008 -1"><span class='ocrx_word' id='word_1_31' title='bbox 162 205 375 234; x_wconf 76' lang='lat' dir='ltr'><strong>substantialeln</strong></span> <span class='ocrx_word' id='word_1_32' title='bbox 389 207 417 231; x_wconf 87' lang='lat' dir='ltr'><strong>et</strong></span> <span class='ocrx_word' id='word_1_33' title='bbox 438 202 608 231; x_wconf 83' lang='lat' dir='ltr'><strong>individuam</strong></span> <span class='ocrx_word' id='word_1_34' title='bbox 623 201 799 229; x_wconf 71' lang='lat' dir='ltr'><strong>Trinitatem.</strong></span> <span class='ocrx_word' id='word_1_35' title='bbox 815 199 954 228; x_wconf 83' lang='lat' dir='ltr'><strong>Conﬁteor</strong></span> 
     </span>
    </p>
   </div>
   <div class='ocr_carea' id='block_1_7' title="bbox 162 246 956 281">
    <p class='ocr_par' dir='ltr' id='par_1_7' title="bbox 162 246 956 281">
     <span class='ocr_line' id='line_1_7' title="bbox 162 246 956 281; baseline -0.009 -1"><span class='ocrx_word' id='word_1_36' title='bbox 162 251 384 280; x_wconf 85' lang='lat' dir='ltr'><strong>Incarnationem</strong></span> <span class='ocrx_word' id='word_1_37' title='bbox 405 254 432 277; x_wconf 89' lang='lat' dir='ltr'><strong>et</strong></span> <span class='ocrx_word' id='word_1_38' title='bbox 457 249 491 277; x_wconf 88' lang='lat' dir='ltr'><strong>ad</strong></span> <span class='ocrx_word' id='word_1_39' title='bbox 513 249 639 276; x_wconf 77' lang='lat' dir='ltr'><strong>homines</strong></span> <span class='ocrx_word' id='word_1_40' title='bbox 665 247 813 281; x_wconf 78' lang='lat' dir='ltr'><strong>adventum</strong></span> <span class='ocrx_word' id='word_1_41' title='bbox 831 246 914 274; x_wconf 92' lang='lat' dir='ltr'><strong>unius</strong></span> <span class='ocrx_word' id='word_1_42' title='bbox 939 253 956 274; x_wconf 86' lang='lat' dir='ltr'><strong>e</strong></span> 
     </span>
    </p>
   </div>
   <div class='ocr_carea' id='block_1_8' title="bbox 163 292 955 330">
    <p class='ocr_par' dir='ltr' id='par_1_8' title="bbox 163 292 955 330">
     <span class='ocr_line' id='line_1_8' title="bbox 163 292 955 330; baseline -0.01 -3"><span class='ocrx_word' id='word_1_43' title='bbox 163 302 259 327; x_wconf 88' lang='lat' dir='ltr'><strong>sancta</strong></span> <span class='ocrx_word' id='word_1_44' title='bbox 279 296 425 330; x_wconf 85' lang='lat' dir='ltr'><strong>Trinitate,</strong></span> <span class='ocrx_word' id='word_1_45' title='bbox 446 296 552 323; x_wconf 87' lang='lat' dir='ltr'><strong>scilicet</strong></span> <span class='ocrx_word' id='word_1_46' title='bbox 579 294 641 322; x_wconf 82' lang='lat' dir='ltr'><strong>Filii</strong></span> <span class='ocrx_word' id='word_1_47' title='bbox 669 293 804 329; x_wconf 79' lang='lat' dir='ltr'><strong>unigeniti</strong></span> <span class='ocrx_word' id='word_1_48' title='bbox 827 300 860 320; x_wconf 90' lang='lat' dir='ltr'><strong>ac</strong></span> <span class='ocrx_word' id='word_1_49' title='bbox 872 292 955 320; x_wconf 83' lang='lat' dir='ltr'><strong>Verbi</strong></span> 
     </span>
    </p>
   </div>
   <div class='ocr_carea' id='block_1_9' title="bbox 163 340 956 378">
    <p class='ocr_par' dir='ltr' id='par_1_9' title="bbox 163 340 956 378">
     <span class='ocr_line' id='line_1_9' title="bbox 163 340 956 378; baseline -0.008 -6"><span class='ocrx_word' id='word_1_50' title='bbox 163 345 223 378; x_wconf 85' lang='lat' dir='ltr'><strong>Dei,</strong></span> <span class='ocrx_word' id='word_1_51' title='bbox 239 352 254 371; x_wconf 92' lang='lat' dir='ltr'><strong>a</strong></span> <span class='ocrx_word' id='word_1_52' title='bbox 278 343 360 371; x_wconf 87' lang='lat' dir='ltr'><strong>Patre</strong></span> <span class='ocrx_word' id='word_1_53' title='bbox 381 347 445 370; x_wconf 83' lang='lat' dir='ltr'><strong>ante</strong></span> <span class='ocrx_word' id='word_1_54' title='bbox 470 343 561 369; x_wconf 80' lang='lat' dir='ltr'><strong>omnia</strong></span> <span class='ocrx_word' id='word_1_55' title='bbox 577 341 678 369; x_wconf 73' lang='lat' dir='ltr'><strong>saecula</strong></span> <span class='ocrx_word' id='word_1_56' title='bbox 702 340 799 376; x_wconf 79' lang='lat' dir='ltr'><strong>geniti,</strong></span> <span class='ocrx_word' id='word_1_57' title='bbox 814 347 863 375; x_wconf 90' lang='lat' dir='ltr'><strong>per</strong></span> <span class='ocrx_word' id='word_1_58' title='bbox 874 346 956 375; x_wconf 88' lang='lat' dir='ltr'><strong>quem</strong></span> 
     </span>
    </p>
   </div>
   <div class='ocr_carea' id='block_1_10' title="bbox 163 385 955 420">
    <p class='ocr_par' dir='ltr' id='par_1_10' title="bbox 163 385 955 420">
     <span class='ocr_line' id='line_1_10' title="bbox 163 385 955 420; baseline -0.01 0"><span class='ocrx_word' id='word_1_59' title='bbox 163 392 256 420; x_wconf 85' lang='lat' dir='ltr'><strong>omnia</strong></span> <span class='ocrx_word' id='word_1_60' title='bbox 273 391 345 418; x_wconf 79' lang='lat' dir='ltr'><strong>facta</strong></span> <span class='ocrx_word' id='word_1_61' title='bbox 364 393 429 418; x_wconf 87' lang='lat' dir='ltr'><strong>sunt</strong></span> <span class='ocrx_word' id='word_1_62' title='bbox 447 396 528 416; x_wconf 86' lang='lat' dir='ltr'><strong>:cum</strong></span> <span class='ocrx_word' id='word_1_63' title='bbox 547 387 631 416; x_wconf 82' lang='lat' dir='ltr'><strong>credo</strong></span> <span class='ocrx_word' id='word_1_64' title='bbox 649 394 712 414; x_wconf 88' lang='lat' dir='ltr'><strong>esse</strong></span> <span class='ocrx_word' id='word_1_65' title='bbox 736 385 863 414; x_wconf 85' lang='lat' dir='ltr'><strong>Messiam</strong></span> <span class='ocrx_word' id='word_1_66' title='bbox 877 385 924 420; x_wconf 90' lang='lat' dir='ltr'><strong>qui</strong></span> <span class='ocrx_word' id='word_1_67' title='bbox 940 392 955 412; x_wconf 94' lang='lat' dir='ltr'><strong>a</strong></span> 
     </span>
    </p>
   </div>
   <div class='ocr_carea' id='block_1_11' title="bbox 164 432 957 475">
    <p class='ocr_par' dir='ltr' id='par_1_11' title="bbox 164 432 957 475">
     <span class='ocr_line' id='line_1_11' title="bbox 164 432 957 475; baseline -0.01 -8"><span class='ocrx_word' id='word_1_68' title='bbox 164 439 235 475; x_wconf 87' lang='lat' dir='ltr'><strong>Lege</strong></span> <span class='ocrx_word' id='word_1_69' title='bbox 246 441 272 466; x_wconf 89' lang='lat' dir='ltr'><strong>et</strong></span> <span class='ocrx_word' id='word_1_70' title='bbox 288 437 429 473; x_wconf 86' lang='lat' dir='ltr'><strong>prophetis</strong></span> <span class='ocrx_word' id='word_1_71' title='bbox 443 435 591 472; x_wconf 66' lang='lat' dir='ltr'><strong>praedictus</strong></span> <span class='ocrx_word' id='word_1_72' title='bbox 606 434 675 465; x_wconf 76' lang='lat' dir='ltr'><strong>fuit;</strong></span> <span class='ocrx_word' id='word_1_73' title='bbox 693 437 853 468; x_wconf 89' lang='lat' dir='ltr'><strong>certumque</strong></span> <span class='ocrx_word' id='word_1_74' title='bbox 869 432 957 459; x_wconf 83' lang='lat' dir='ltr'><strong>habeo</strong></span> 
     </span>
    </p>
   </div>
   <div class='ocr_carea' id='block_1_12' title="bbox 163 479 957 522">
    <p class='ocr_par' dir='ltr' id='par_1_12' title="bbox 163 479 957 522">
     <span class='ocr_line' id='line_1_12' title="bbox 163 479 957 522; baseline -0.008 -11"><span class='ocrx_word' id='word_1_75' title='bbox 163 485 238 522; x_wconf 83' lang='lat' dir='ltr'><strong>quod</strong></span> <span class='ocrx_word' id='word_1_76' title='bbox 251 485 307 520; x_wconf 86' lang='lat' dir='ltr'><strong>jam</strong></span> <span class='ocrx_word' id='word_1_77' title='bbox 323 484 350 510; x_wconf 92' lang='lat' dir='ltr'><strong>in</strong></span> <span class='ocrx_word' id='word_1_78' title='bbox 368 487 468 510; x_wconf 87' lang='lat' dir='ltr'><strong>terram</strong></span> <span class='ocrx_word' id='word_1_79' title='bbox 485 481 591 510; x_wconf 84' lang='lat' dir='ltr'><strong>venerit</strong></span> <span class='ocrx_word' id='word_1_80' title='bbox 611 483 723 516; x_wconf 81' lang='lat' dir='ltr'><strong>propter</strong></span> <span class='ocrx_word' id='word_1_81' title='bbox 744 479 856 506; x_wconf 81' lang='lat' dir='ltr'><strong>humani</strong></span> <span class='ocrx_word' id='word_1_82' title='bbox 875 485 957 513; x_wconf 78' lang='lat' dir='ltr'><strong>gene-</strong></span> 
     </span>
    </p>
   </div>
   <div class='ocr_carea' id='block_1_13' title="bbox 164 526 957 564">
    <p class='ocr_par' dir='ltr' id='par_1_13' title="bbox 164 526 957 564">
     <span class='ocr_line' id='line_1_13' title="bbox 164 526 957 564; baseline -0.013 -4"><span class='ocrx_word' id='word_1_83' title='bbox 164 533 204 560; x_wconf 86' lang='lat' dir='ltr'><strong>ris</strong></span> <span class='ocrx_word' id='word_1_84' title='bbox 219 532 335 560; x_wconf 77' lang='lat' dir='ltr'><strong>salutem</strong></span> <span class='ocrx_word' id='word_1_85' title='bbox 347 539 354 563; x_wconf 93' lang='lat'><strong>;</strong></span> <span class='ocrx_word' id='word_1_86' title='bbox 366 529 440 564; x_wconf 90' lang='lat' dir='ltr'><strong>quod</strong></span> <span class='ocrx_word' id='word_1_87' title='bbox 454 535 517 556; x_wconf 82' lang='lat' dir='ltr'><strong>vero</strong></span> <span class='ocrx_word' id='word_1_88' title='bbox 532 527 622 555; x_wconf 81' lang='lat' dir='ltr'><strong>factus</strong></span> <span class='ocrx_word' id='word_1_89' title='bbox 638 527 673 554; x_wconf 86' lang='lat' dir='ltr'><strong>sit</strong></span> <span class='ocrx_word' id='word_1_90' title='bbox 691 526 784 557; x_wconf 88' lang='lat' dir='ltr'><strong>homo,</strong></span> <span class='ocrx_word' id='word_1_91' title='bbox 800 532 850 552; x_wconf 89' lang='lat' dir='ltr'><strong>nec</strong></span> <span class='ocrx_word' id='word_1_92' title='bbox 865 528 957 551; x_wconf 84' lang='lat' dir='ltr'><strong>tamen</strong></span> 
     </span>
    </p>
   </div>
   <div class='ocr_carea' id='block_1_14' title="bbox 164 571 958 614">
    <p class='ocr_par' dir='ltr' id='par_1_14' title="bbox 164 571 958 614">
     <span class='ocr_line' id='line_1_14' title="bbox 164 571 958 614; baseline -0.009 -9"><span class='ocrx_word' id='word_1_93' title='bbox 164 586 180 606; x_wconf 89' lang='lat' dir='ltr'><strong>a</strong></span> <span class='ocrx_word' id='word_1_94' title='bbox 204 577 316 614; x_wconf 82' lang='lat' dir='ltr'><strong>propria</strong></span> <span class='ocrx_word' id='word_1_95' title='bbox 339 575 482 602; x_wconf 80' lang='lat' dir='ltr'><strong>divinitate</strong></span> <span class='ocrx_word' id='word_1_96' title='bbox 507 573 674 606; x_wconf 85' lang='lat' dir='ltr'><strong>excesserit;</strong></span> <span class='ocrx_word' id='word_1_97' title='bbox 700 571 774 607; x_wconf 90' lang='lat' dir='ltr'><strong>quod</strong></span> <span class='ocrx_word' id='word_1_98' title='bbox 796 571 868 599; x_wconf 83' lang='lat' dir='ltr'><strong>idem</strong></span> <span class='ocrx_word' id='word_1_99' title='bbox 894 578 958 598; x_wconf 84' lang='lat' dir='ltr'><strong>vere</strong></span> 
     </span>
    </p>
   </div>
   <div class='ocr_carea' id='block_1_15' title="bbox 164 617 958 655">
    <p class='ocr_par' dir='ltr' id='par_1_15' title="bbox 164 617 958 655">
     <span class='ocr_line' id='line_1_15' title="bbox 164 617 958 655; baseline -0.011 -3"><span class='ocrx_word' id='word_1_100' title='bbox 164 624 238 652; x_wconf 81' lang='lat' dir='ltr'><strong>Deus</strong></span> <span class='ocrx_word' id='word_1_101' title='bbox 254 623 300 655; x_wconf 85' lang='lat' dir='ltr'><strong>sit,</strong></span> <span class='ocrx_word' id='word_1_102' title='bbox 318 630 350 650; x_wconf 90' lang='lat' dir='ltr'><strong>ac</strong></span> <span class='ocrx_word' id='word_1_103' title='bbox 364 629 429 649; x_wconf 83' lang='lat' dir='ltr'><strong>vere</strong></span> <span class='ocrx_word' id='word_1_104' title='bbox 443 621 536 653; x_wconf 87' lang='lat' dir='ltr'><strong>homo,</strong></span> <span class='ocrx_word' id='word_1_105' title='bbox 553 620 658 654; x_wconf 79' lang='lat' dir='ltr'><strong>absque</strong></span> <span class='ocrx_word' id='word_1_106' title='bbox 678 617 850 649; x_wconf 77' lang='lat' dir='ltr'><strong>confusione,</strong></span> <span class='ocrx_word' id='word_1_107' title='bbox 868 621 958 644; x_wconf 91' lang='lat' dir='ltr'><strong>muta-</strong></span> 
     </span>
    </p>
   </div>
   <div class='ocr_carea' id='block_1_16' title="bbox 165 663 959 700">
    <p class='ocr_par' dir='ltr' id='par_1_16' title="bbox 165 663 959 700">
     <span class='ocr_line' id='line_1_16' title="bbox 165 663 959 700; baseline -0.011 -3"><span class='ocrx_word' id='word_1_108' title='bbox 165 671 239 697; x_wconf 87' lang='lat' dir='ltr'><strong>tione</strong></span> <span class='ocrx_word' id='word_1_109' title='bbox 258 673 285 697; x_wconf 91' lang='lat' dir='ltr'><strong>et</strong></span> <span class='ocrx_word' id='word_1_110' title='bbox 299 668 471 698; x_wconf 88' lang='lat' dir='ltr'><strong>alteratione,</strong></span> <span class='ocrx_word' id='word_1_111' title='bbox 491 667 519 693; x_wconf 93' lang='lat' dir='ltr'><strong>in</strong></span> <span class='ocrx_word' id='word_1_112' title='bbox 540 673 595 693; x_wconf 89' lang='lat' dir='ltr'><strong>una</strong></span> <span class='ocrx_word' id='word_1_113' title='bbox 613 672 730 700; x_wconf 82' lang='lat' dir='ltr'><strong>persona</strong></span> <span class='ocrx_word' id='word_1_114' title='bbox 745 669 772 691; x_wconf 91' lang='lat' dir='ltr'><strong>et</strong></span> <span class='ocrx_word' id='word_1_115' title='bbox 787 663 895 692; x_wconf 86' lang='lat' dir='ltr'><strong>duabus</strong></span> <span class='ocrx_word' id='word_1_116' title='bbox 909 670 959 689; x_wconf 88' lang='lat' dir='ltr'><strong>na-</strong></span> 
     </span>
    </p>
   </div>
   <div class='ocr_carea' id='block_1_17' title="bbox 165 709 959 750">
    <p class='ocr_par' dir='ltr' id='par_1_17' title="bbox 165 709 959 750">
     <span class='ocr_line' id='line_1_17' title="bbox 165 709 959 750; baseline -0.01 -7"><span class='ocrx_word' id='word_1_117' title='bbox 165 716 254 750; x_wconf 85' lang='lat' dir='ltr'><strong>turis;</strong></span> <span class='ocrx_word' id='word_1_118' title='bbox 277 714 405 750; x_wconf 89' lang='lat' dir='ltr'><strong>quodque</strong></span> <span class='ocrx_word' id='word_1_119' title='bbox 429 716 527 748; x_wconf 85' lang='lat' dir='ltr'><strong>sponte</strong></span> <span class='ocrx_word' id='word_1_120' title='bbox 552 717 653 739; x_wconf 88' lang='lat' dir='ltr'><strong>cuncta</strong></span> <span class='ocrx_word' id='word_1_121' title='bbox 681 718 779 746; x_wconf 88' lang='lat' dir='ltr'><strong>passus</strong></span> <span class='ocrx_word' id='word_1_122' title='bbox 805 709 902 741; x_wconf 80' lang='lat' dir='ltr'><strong>fuerit,</strong></span> <span class='ocrx_word' id='word_1_123' title='bbox 932 711 959 736; x_wconf 89' lang='lat' dir='ltr'><strong>et</strong></span> 
     </span>
    </p>
   </div>
   <div class='ocr_carea' id='block_1_18' title="bbox 165 757 957 792">
    <p class='ocr_par' dir='ltr' id='par_1_18' title="bbox 165 757 957 792">
     <span class='ocr_line' id='line_1_18' title="bbox 165 757 957 792; baseline -0.01 -2"><span class='ocrx_word' id='word_1_124' title='bbox 165 770 249 790; x_wconf 83' lang='lat' dir='ltr'><strong>carne</strong></span> <span class='ocrx_word' id='word_1_125' title='bbox 263 761 424 792; x_wconf 76' lang='lat' dir='ltr'><strong>cruciﬁxus,</strong></span> <span class='ocrx_word' id='word_1_126' title='bbox 435 758 579 786; x_wconf 77' lang='lat' dir='ltr'><strong>divinitate</strong></span> <span class='ocrx_word' id='word_1_127' title='bbox 594 757 755 792; x_wconf 88' lang='lat' dir='ltr'><strong>impassibili</strong></span> <span class='ocrx_word' id='word_1_128' title='bbox 771 759 957 791; x_wconf 82' lang='lat' dir='ltr'><strong>permanente,</strong></span> 
     </span>
    </p>
   </div>
   <div class='ocr_carea' id='block_1_19' title="bbox 166 801 958 843">
    <p class='ocr_par' dir='ltr' id='par_1_19' title="bbox 166 801 958 843">
     <span class='ocr_line' id='line_1_19' title="bbox 166 801 958 843; baseline -0.01 -8"><span class='ocrx_word' id='word_1_129' title='bbox 166 808 290 843; x_wconf 90' lang='lat' dir='ltr'><strong>sepultus</strong></span> <span class='ocrx_word' id='word_1_130' title='bbox 305 807 397 837; x_wconf 83' lang='lat' dir='ltr'><strong>fuerit,</strong></span> <span class='ocrx_word' id='word_1_131' title='bbox 412 813 444 833; x_wconf 88' lang='lat' dir='ltr'><strong>ac</strong></span> <span class='ocrx_word' id='word_1_132' title='bbox 460 805 539 832; x_wconf 88' lang='lat' dir='ltr'><strong>tertia</strong></span> <span class='ocrx_word' id='word_1_133' title='bbox 552 803 596 831; x_wconf 90' lang='lat' dir='ltr'><strong>die</strong></span> <span class='ocrx_word' id='word_1_134' title='bbox 612 803 803 834; x_wconf 83' lang='lat' dir='ltr'><strong>resurrexcrit,</strong></span> <span class='ocrx_word' id='word_1_135' title='bbox 820 806 915 837; x_wconf 86' lang='lat' dir='ltr'><strong>postea</strong></span> <span class='ocrx_word' id='word_1_136' title='bbox 931 801 958 828; x_wconf 92' lang='lat' dir='ltr'><strong>in</strong></span> 
     </span>
    </p>
   </div>
   <div class='ocr_carea' id='block_1_20' title="bbox 165 846 960 884">
    <p class='ocr_par' dir='ltr' id='par_1_20' title="bbox 165 846 960 884">
     <span class='ocr_line' id='line_1_20' title="bbox 165 846 960 884; baseline -0.011 -3"><span class='ocrx_word' id='word_1_137' title='bbox 165 854 266 881; x_wconf 72' lang='lat' dir='ltr'><strong>cmlum</strong></span> <span class='ocrx_word' id='word_1_138' title='bbox 281 852 447 882; x_wconf 84' lang='lat' dir='ltr'><strong>ascenderit,</strong></span> <span class='ocrx_word' id='word_1_139' title='bbox 462 854 650 884; x_wconf 82' lang='lat' dir='ltr'><strong>venturusque</strong></span> <span class='ocrx_word' id='word_1_140' title='bbox 664 849 700 876; x_wconf 79' lang='lat' dir='ltr'><strong>sit</strong></span> <span class='ocrx_word' id='word_1_141' title='bbox 716 849 744 876; x_wconf 91' lang='lat' dir='ltr'><strong>in</strong></span> <span class='ocrx_word' id='word_1_142' title='bbox 759 848 856 884; x_wconf 77' lang='lat' dir='ltr'><strong>gloria,</strong></span> <span class='ocrx_word' id='word_1_143' title='bbox 871 851 902 874; x_wconf 87' lang='lat' dir='ltr'><strong>ut</strong></span> <span class='ocrx_word' id='word_1_144' title='bbox 914 846 960 881; x_wconf 88' lang='lat' dir='ltr'><strong>ju-</strong></span> 
     </span>
    </p>
   </div>
   <div class='ocr_carea' id='block_1_21' title="bbox 166 894 961 930">
    <p class='ocr_par' dir='ltr' id='par_1_21' title="bbox 166 894 961 930">
     <span class='ocr_line' id='line_1_21' title="bbox 166 894 961 930; baseline -0.008 -4"><span class='ocrx_word' id='word_1_145' title='bbox 166 898 240 926; x_wconf 89' lang='lat' dir='ltr'><strong>dicet</strong></span> <span class='ocrx_word' id='word_1_146' title='bbox 256 899 332 926; x_wconf 83' lang='lat' dir='ltr'><strong>vivos</strong></span> <span class='ocrx_word' id='word_1_147' title='bbox 345 904 372 926; x_wconf 92' lang='lat' dir='ltr'><strong>et</strong></span> <span class='ocrx_word' id='word_1_148' title='bbox 382 903 517 925; x_wconf 87' lang='lat' dir='ltr'><strong>mortuos.</strong></span> <span class='ocrx_word' id='word_1_149' title='bbox 533 896 622 925; x_wconf 89' lang='lat' dir='ltr'><strong>Credo</strong></span> <span class='ocrx_word' id='word_1_150' title='bbox 637 903 669 923; x_wconf 87' lang='lat' dir='ltr'><strong>ac</strong></span> <span class='ocrx_word' id='word_1_151' title='bbox 683 894 822 930; x_wconf 84' lang='lat' dir='ltr'><strong>proﬁteor,</strong></span> <span class='ocrx_word' id='word_1_152' title='bbox 837 897 961 921; x_wconf 86' lang='lat' dir='ltr'><strong>sanctam</strong></span> 
     </span>
    </p>
   </div>
   <div class='ocr_carea' id='block_1_22' title="bbox 167 940 962 979">
    <p class='ocr_par' dir='ltr' id='par_1_22' title="bbox 167 940 962 979">
     <span class='ocr_line' id='line_1_22' title="bbox 167 940 962 979; baseline -0.008 -7"><span class='ocrx_word' id='word_1_153' title='bbox 167 945 300 979; x_wconf 77' lang='lat' dir='ltr'><strong>virginem</strong></span> <span class='ocrx_word' id='word_1_154' title='bbox 316 944 441 977; x_wconf 88' lang='lat' dir='ltr'><strong>Mariam,</strong></span> <span class='ocrx_word' id='word_1_155' title='bbox 456 951 517 979; x_wconf 65' lang='lat' dir='ltr'><strong>qua:</strong></span> <span class='ocrx_word' id='word_1_156' title='bbox 530 942 681 971; x_wconf 84' lang='lat' dir='ltr'><strong>secundum</strong></span> <span class='ocrx_word' id='word_1_157' title='bbox 694 948 806 969; x_wconf 87' lang='lat' dir='ltr'><strong>carnem</strong></span> <span class='ocrx_word' id='word_1_158' title='bbox 821 940 897 967; x_wconf 92' lang='lat' dir='ltr'><strong>illum</strong></span> <span class='ocrx_word' id='word_1_159' title='bbox 915 947 962 974; x_wconf 88' lang='lat' dir='ltr'><strong>pe-</strong></span> 
     </span>
    </p>
   </div>
   <div class='ocr_carea' id='block_1_23' title="bbox 167 987 963 1027">
    <p class='ocr_par' dir='ltr' id='par_1_23' title="bbox 167 987 963 1027">
     <span class='ocr_line' id='line_1_23' title="bbox 167 987 963 1027; baseline -0.008 -9"><span class='ocrx_word' id='word_1_160' title='bbox 167 990 250 1027; x_wconf 89' lang='lat' dir='ltr'><strong>perit,</strong></span> <span class='ocrx_word' id='word_1_161' title='bbox 266 994 294 1018; x_wconf 87' lang='lat' dir='ltr'><strong>et</strong></span> <span class='ocrx_word' id='word_1_162' title='bbox 310 993 371 1025; x_wconf 91' lang='lat' dir='ltr'><strong>post</strong></span> <span class='ocrx_word' id='word_1_163' title='bbox 386 993 495 1025; x_wconf 87' lang='lat' dir='ltr'><strong>partum</strong></span> <span class='ocrx_word' id='word_1_164' title='bbox 510 989 587 1024; x_wconf 81' lang='lat' dir='ltr'><strong>virgo</strong></span> <span class='ocrx_word' id='word_1_165' title='bbox 603 987 764 1024; x_wconf 84' lang='lat' dir='ltr'><strong>permansit,</strong></span> <span class='ocrx_word' id='word_1_166' title='bbox 777 994 841 1014; x_wconf 83' lang='lat' dir='ltr'><strong>vere</strong></span> <span class='ocrx_word' id='word_1_167' title='bbox 853 993 885 1013; x_wconf 90' lang='lat' dir='ltr'><strong>ac</strong></span> <span class='ocrx_word' id='word_1_168' title='bbox 898 993 963 1020; x_wconf 85' lang='lat' dir='ltr'><strong>pro—</strong></span> 
     </span>
    </p>
   </div>
   <div class='ocr_carea' id='block_1_24' title="bbox 168 1031 963 1074">
    <p class='ocr_par' dir='ltr' id='par_1_24' title="bbox 168 1031 963 1074">
     <span class='ocr_line' id='line_1_24' title="bbox 168 1031 963 1074; baseline -0.009 -9"><span class='ocrx_word' id='word_1_169' title='bbox 168 1038 228 1074; x_wconf 87' lang='lat' dir='ltr'><strong>prie</strong></span> <span class='ocrx_word' id='word_1_170' title='bbox 248 1044 309 1064; x_wconf 84' lang='lat' dir='ltr'><strong>esse</strong></span> <span class='ocrx_word' id='word_1_171' title='bbox 329 1036 381 1072; x_wconf 84' lang='lat' dir='ltr'><strong>Dei</strong></span> <span class='ocrx_word' id='word_1_172' title='bbox 403 1035 577 1071; x_wconf 78' lang='lat' dir='ltr'><strong>genitricem,</strong></span> <span class='ocrx_word' id='word_1_173' title='bbox 599 1041 716 1069; x_wconf 86' lang='lat' dir='ltr'><strong>eamque</strong></span> <span class='ocrx_word' id='word_1_174' title='bbox 734 1039 851 1061; x_wconf 89' lang='lat' dir='ltr'><strong>veneror</strong></span> <span class='ocrx_word' id='word_1_175' title='bbox 870 1035 898 1058; x_wconf 89' lang='lat' dir='ltr'><strong>et</strong></span> <span class='ocrx_word' id='word_1_176' title='bbox 912 1031 963 1059; x_wconf 75' lang='lat' dir='ltr'><strong>ho-</strong></span> 
     </span>
    </p>
   </div>
   <div class='ocr_carea' id='block_1_25' title="bbox 169 1077 963 1118">
    <p class='ocr_par' dir='ltr' id='par_1_25' title="bbox 169 1077 963 1118">
     <span class='ocr_line' id='line_1_25' title="bbox 169 1077 963 1118; baseline -0.006 -7"><span class='ocrx_word' id='word_1_177' title='bbox 169 1091 238 1111; x_wconf 92' lang='lat' dir='ltr'><strong>noro</strong></span> <span class='ocrx_word' id='word_1_178' title='bbox 249 1087 379 1118; x_wconf 85' lang='lat' dir='ltr'><strong>tanquam</strong></span> <span class='ocrx_word' id='word_1_179' title='bbox 403 1089 466 1109; x_wconf 82' lang='lat' dir='ltr'><strong>vere</strong></span> <span class='ocrx_word' id='word_1_180' title='bbox 488 1085 602 1108; x_wconf 87' lang='lat' dir='ltr'><strong>matrem</strong></span> <span class='ocrx_word' id='word_1_181' title='bbox 623 1080 670 1107; x_wconf 87' lang='lat' dir='ltr'><strong>Dei</strong></span> <span class='ocrx_word' id='word_1_182' title='bbox 685 1078 830 1111; x_wconf 84' lang='lat' dir='ltr'><strong>incarnati,</strong></span> <span class='ocrx_word' id='word_1_183' title='bbox 847 1077 963 1113; x_wconf 81' lang='lat' dir='ltr'><strong>ideoque</strong></span> 
     </span>
    </p>
   </div>
   <div class='ocr_carea' id='block_1_26' title="bbox 169 1125 963 1163">
    <p class='ocr_par' dir='ltr' id='par_1_26' title="bbox 169 1125 963 1163">
     <span class='ocr_line' id='line_1_26' title="bbox 169 1125 963 1163; baseline -0.008 -7"><span class='ocrx_word' id='word_1_184' title='bbox 169 1129 307 1156; x_wconf 86' lang='lat' dir='ltr'><strong>dominam</strong></span> <span class='ocrx_word' id='word_1_185' title='bbox 323 1132 350 1156; x_wconf 84' lang='lat' dir='ltr'><strong>et</strong></span> <span class='ocrx_word' id='word_1_186' title='bbox 364 1128 458 1156; x_wconf 91' lang='lat' dir='ltr'><strong>heram</strong></span> <span class='ocrx_word' id='word_1_187' title='bbox 473 1128 502 1154; x_wconf 93' lang='lat' dir='ltr'><strong>in</strong></span> <span class='ocrx_word' id='word_1_188' title='bbox 515 1127 604 1163; x_wconf 76' lang='lat' dir='ltr'><strong>gratia</strong></span> <span class='ocrx_word' id='word_1_189' title='bbox 620 1126 720 1156; x_wconf 83' lang='lat' dir='ltr'><strong>[actam</strong></span> <span class='ocrx_word' id='word_1_190' title='bbox 736 1125 871 1152; x_wconf 70' lang='lat' dir='ltr'><strong>universae</strong></span> <span class='ocrx_word' id='word_1_191' title='bbox 885 1131 963 1150; x_wconf 86' lang='lat' dir='ltr'><strong>crea-</strong></span> 
     </span>
    </p>
   </div>
   <div class='ocr_carea' id='block_1_27' title="bbox 169 1170 963 1209">
    <p class='ocr_par' dir='ltr' id='par_1_27' title="bbox 169 1170 963 1209">
     <span class='ocr_line' id='line_1_27' title="bbox 169 1170 963 1209; baseline -0.006 -7"><span class='ocrx_word' id='word_1_192' title='bbox 169 1180 248 1203; x_wconf 68' lang='lat' dir='ltr'><strong>turae.</strong></span> <span class='ocrx_word' id='word_1_193' title='bbox 258 1174 354 1202; x_wconf 84' lang='lat' dir='ltr'><strong>Adhuc</strong></span> <span class='ocrx_word' id='word_1_194' title='bbox 363 1181 460 1209; x_wconf 87' lang='lat' dir='ltr'><strong>panem</strong></span> <span class='ocrx_word' id='word_1_195' title='bbox 476 1177 503 1201; x_wconf 88' lang='lat' dir='ltr'><strong>et</strong></span> <span class='ocrx_word' id='word_1_196' title='bbox 518 1173 622 1204; x_wconf 89' lang='lat' dir='ltr'><strong>vinum,</strong></span> <span class='ocrx_word' id='word_1_197' title='bbox 632 1179 692 1207; x_wconf 68' lang='lat' dir='ltr'><strong>quae</strong></span> <span class='ocrx_word' id='word_1_198' title='bbox 703 1170 776 1206; x_wconf 91' lang='lat' dir='ltr'><strong>apud</strong></span> <span class='ocrx_word' id='word_1_199' title='bbox 789 1170 963 1198; x_wconf 87' lang='lat' dir='ltr'><strong>Christianos</strong></span> 
     </span>
    </p>
   </div>
   <div class='ocr_carea' id='block_1_28' title="bbox 170 1215 964 1256">
    <p class='ocr_par' dir='ltr' id='par_1_28' title="bbox 170 1215 964 1256">
     <span class='ocr_line' id='line_1_28' title="bbox 170 1215 964 1256; baseline -0.009 -7"><span class='ocrx_word' id='word_1_200' title='bbox 170 1221 286 1256; x_wconf 85' lang='lat' dir='ltr'><strong>mystice</strong></span> <span class='ocrx_word' id='word_1_201' title='bbox 301 1224 510 1252; x_wconf 79' lang='lat' dir='ltr'><strong>consecrantur,</strong></span> <span class='ocrx_word' id='word_1_202' title='bbox 525 1217 753 1254; x_wconf 85' lang='lat' dir='ltr'><strong>quemadmodum</strong></span> <span class='ocrx_word' id='word_1_203' title='bbox 765 1217 794 1245; x_wconf 91' lang='lat' dir='ltr'><strong>in</strong></span> <span class='ocrx_word' id='word_1_204' title='bbox 804 1215 903 1243; x_wconf 86' lang='lat' dir='ltr'><strong>divinis</strong></span> <span class='ocrx_word' id='word_1_205' title='bbox 919 1222 964 1243; x_wconf 75' lang='lat' dir='ltr'><strong>sa-</strong></span> 
     </span>
    </p>
   </div>
   <div class='ocr_carea' id='block_1_29' title="bbox 170 1262 964 1298">
    <p class='ocr_par' dir='ltr' id='par_1_29' title="bbox 170 1262 964 1298">
     <span class='ocr_line' id='line_1_29' title="bbox 170 1262 964 1298; baseline -0.009 -3"><span class='ocrx_word' id='word_1_206' title='bbox 170 1267 226 1295; x_wconf 87' lang='lat' dir='ltr'><strong>cris</strong></span> <span class='ocrx_word' id='word_1_207' title='bbox 244 1269 375 1298; x_wconf 89' lang='lat' dir='ltr'><strong>sumunt,</strong></span> <span class='ocrx_word' id='word_1_208' title='bbox 391 1270 484 1294; x_wconf 87' lang='lat' dir='ltr'><strong>certus</strong></span> <span class='ocrx_word' id='word_1_209' title='bbox 503 1272 575 1298; x_wconf 90' lang='lat' dir='ltr'><strong>sum,</strong></span> <span class='ocrx_word' id='word_1_210' title='bbox 590 1263 734 1296; x_wconf 90' lang='lat' dir='ltr'><strong>conﬁteor,</strong></span> <span class='ocrx_word' id='word_1_211' title='bbox 749 1262 833 1290; x_wconf 81' lang='lat' dir='ltr'><strong>credo</strong></span> <span class='ocrx_word' id='word_1_212' title='bbox 845 1269 907 1290; x_wconf 87' lang='lat' dir='ltr'><strong>esse</strong></span> <span class='ocrx_word' id='word_1_213' title='bbox 922 1268 964 1288; x_wconf 79' lang='lat' dir='ltr'><strong>re-</strong></span> 
     </span>
    </p>
   </div>
   <div class='ocr_carea' id='block_1_30' title="bbox 172 1308 964 1347">
    <p class='ocr_par' dir='ltr' id='par_1_30' title="bbox 172 1308 964 1347">
     <span class='ocr_line' id='line_1_30' title="bbox 172 1308 964 1347; baseline -0.006 -8"><span class='ocrx_word' id='word_1_214' title='bbox 172 1320 236 1339; x_wconf 84' lang='lat' dir='ltr'><strong>vera</strong></span> <span class='ocrx_word' id='word_1_215' title='bbox 262 1320 363 1347; x_wconf 88' lang='lat' dir='ltr'><strong>corpus</strong></span> <span class='ocrx_word' id='word_1_216' title='bbox 385 1316 413 1339; x_wconf 90' lang='lat' dir='ltr'><strong>et</strong></span> <span class='ocrx_word' id='word_1_217' title='bbox 434 1311 594 1346; x_wconf 88' lang='lat' dir='ltr'><strong>sanguinem</strong></span> <span class='ocrx_word' id='word_1_218' title='bbox 620 1309 728 1337; x_wconf 86' lang='lat' dir='ltr'><strong>Domini</strong></span> <span class='ocrx_word' id='word_1_219' title='bbox 752 1308 818 1336; x_wconf 83' lang='lat' dir='ltr'><strong>Jesu</strong></span> <span class='ocrx_word' id='word_1_220' title='bbox 841 1308 964 1340; x_wconf 78' lang='lat' dir='ltr'><strong>Christi,</strong></span> 
     </span>
    </p>
   </div>
   <div class='ocr_carea' id='block_1_31' title="bbox 172 1353 965 1394">
    <p class='ocr_par' dir='ltr' id='par_1_31' title="bbox 172 1353 965 1394">
     <span class='ocr_line' id='line_1_31' title="bbox 172 1353 965 1394; baseline -0.009 -8"><span class='ocrx_word' id='word_1_221' title='bbox 172 1362 357 1386; x_wconf 86' lang='lat' dir='ltr'><strong>transmutata</strong></span> <span class='ocrx_word' id='word_1_222' title='bbox 379 1365 426 1394; x_wconf 86' lang='lat' dir='ltr'><strong>per</strong></span> <span class='ocrx_word' id='word_1_223' title='bbox 449 1357 571 1384; x_wconf 89' lang='lat' dir='ltr'><strong>divinam</strong></span> <span class='ocrx_word' id='word_1_224' title='bbox 591 1356 666 1383; x_wconf 90' lang='lat' dir='ltr'><strong>illius</strong></span> <span class='ocrx_word' id='word_1_225' title='bbox 686 1354 836 1390; x_wconf 88' lang='lat' dir='ltr'><strong>potentiam</strong></span> <span class='ocrx_word' id='word_1_226' title='bbox 859 1353 965 1380; x_wconf 81' lang='lat' dir='ltr'><strong>intelle-</strong></span> 
     </span>
    </p>
   </div>
   <div class='ocr_carea' id='block_1_32' title="bbox 173 1400 965 1437">
    <p class='ocr_par' dir='ltr' id='par_1_32' title="bbox 173 1400 965 1437">
     <span class='ocr_line' id='line_1_32' title="bbox 173 1400 965 1437; baseline -0.006 -6"><span class='ocrx_word' id='word_1_227' title='bbox 173 1404 300 1431; x_wconf 89' lang='lat' dir='ltr'><strong>ctualiter</strong></span> <span class='ocrx_word' id='word_1_228' title='bbox 322 1407 350 1431; x_wconf 91' lang='lat' dir='ltr'><strong>et</strong></span> <span class='ocrx_word' id='word_1_229' title='bbox 369 1403 545 1430; x_wconf 86' lang='lat' dir='ltr'><strong>invisibiliter</strong></span> <span class='ocrx_word' id='word_1_230' title='bbox 571 1409 655 1437; x_wconf 84' lang='lat' dir='ltr'><strong>super</strong></span> <span class='ocrx_word' id='word_1_231' title='bbox 678 1408 786 1428; x_wconf 88' lang='lat' dir='ltr'><strong>omnem</strong></span> <span class='ocrx_word' id='word_1_232' title='bbox 811 1400 965 1427; x_wconf 84' lang='lat' dir='ltr'><strong>naturalem</strong></span> 
     </span>
    </p>
   </div>
   <div class='ocr_carea' id='block_1_33' title="bbox 173 1445 966 1485">
    <p class='ocr_par' dir='ltr' id='par_1_33' title="bbox 173 1445 966 1485">
     <span class='ocr_line' id='line_1_33' title="bbox 173 1445 966 1485; baseline -0.006 -8"><span class='ocrx_word' id='word_1_233' title='bbox 173 1449 378 1485; x_wconf 84' lang='lat' dir='ltr'><strong>cogitationem,</strong></span> <span class='ocrx_word' id='word_1_234' title='bbox 393 1448 622 1484; x_wconf 87' lang='lat' dir='ltr'><strong>quemadmodum</strong></span> <span class='ocrx_word' id='word_1_235' title='bbox 639 1447 716 1474; x_wconf 87' lang='lat' dir='ltr'><strong>solus</strong></span> <span class='ocrx_word' id='word_1_236' title='bbox 729 1447 787 1482; x_wconf 89' lang='lat' dir='ltr'><strong>ipse</strong></span> <span class='ocrx_word' id='word_1_237' title='bbox 802 1446 896 1480; x_wconf 83' lang='lat' dir='ltr'><strong>novit;</strong></span> <span class='ocrx_word' id='word_1_238' title='bbox 910 1445 966 1473; x_wconf 85' lang='lat' dir='ltr'><strong>sic-</strong></span> 
     </span>
    </p>
   </div>
   <div class='ocr_carea' id='block_1_34' title="bbox 173 1492 965 1530">
    <p class='ocr_par' dir='ltr' id='par_1_34' title="bbox 173 1492 965 1530">
     <span class='ocr_line' id='line_1_34' title="bbox 173 1492 965 1530; baseline -0.005 -8"><span class='ocrx_word' id='word_1_239' title='bbox 173 1503 229 1530; x_wconf 91' lang='lat' dir='ltr'><strong>que</strong></span> <span class='ocrx_word' id='word_1_240' title='bbox 246 1502 297 1530; x_wconf 85' lang='lat' dir='ltr'><strong>ego</strong></span> <span class='ocrx_word' id='word_1_241' title='bbox 316 1494 415 1522; x_wconf 89' lang='lat' dir='ltr'><strong>horum</strong></span> <span class='ocrx_word' id='word_1_242' title='bbox 440 1494 601 1530; x_wconf 77' lang='lat' dir='ltr'><strong>participem</strong></span> <span class='ocrx_word' id='word_1_243' title='bbox 621 1500 666 1521; x_wconf 89' lang='lat' dir='ltr'><strong>me</strong></span> <span class='ocrx_word' id='word_1_244' title='bbox 689 1492 748 1520; x_wconf 75' lang='lat' dir='ltr'><strong>fore</strong></span> <span class='ocrx_word' id='word_1_245' title='bbox 771 1492 918 1523; x_wconf 81' lang='lat' dir='ltr'><strong>assentior,</strong></span> <span class='ocrx_word' id='word_1_246' title='bbox 935 1495 965 1518; x_wconf 89' lang='lat' dir='ltr'><strong>ut</strong></span> 
     </span>
    </p>
   </div>
   <div class='ocr_carea' id='block_1_35' title="bbox 173 1537 964 1576">
    <p class='ocr_par' dir='ltr' id='par_1_35' title="bbox 173 1537 964 1576">
     <span class='ocr_line' id='line_1_35' title="bbox 173 1537 964 1576; baseline -0.008 -7"><span class='ocrx_word' id='word_1_247' title='bbox 173 1548 239 1569; x_wconf 75' lang='lat' dir='ltr'><strong>vere</strong></span> <span class='ocrx_word' id='word_1_248' title='bbox 251 1548 284 1568; x_wconf 87' lang='lat' dir='ltr'><strong>ac</strong></span> <span class='ocrx_word' id='word_1_249' title='bbox 295 1548 392 1576; x_wconf 88' lang='lat' dir='ltr'><strong>reapse</strong></span> <span class='ocrx_word' id='word_1_250' title='bbox 405 1540 497 1568; x_wconf 86' lang='lat' dir='ltr'><strong>carnis</strong></span> <span class='ocrx_word' id='word_1_251' title='bbox 512 1543 540 1567; x_wconf 89' lang='lat' dir='ltr'><strong>et</strong></span> <span class='ocrx_word' id='word_1_252' title='bbox 554 1538 696 1574; x_wconf 81' lang='lat' dir='ltr'><strong>sanguinis</strong></span> <span class='ocrx_word' id='word_1_253' title='bbox 717 1538 803 1569; x_wconf 82' lang='lat' dir='ltr'><strong>illius.</strong></span> <span class='ocrx_word' id='word_1_254' title='bbox 817 1541 844 1565; x_wconf 92' lang='lat' dir='ltr'><strong>et</strong></span> <span class='ocrx_word' id='word_1_255' title='bbox 860 1537 887 1564; x_wconf 92' lang='lat' dir='ltr'><strong>in</strong></span> <span class='ocrx_word' id='word_1_256' title='bbox 902 1544 964 1564; x_wconf 86' lang='lat' dir='ltr'><strong>san-</strong></span> 
     </span>
    </p>
   </div>
   <div class='ocr_carea' id='block_1_36' title="bbox 175 1586 968 1621">
    <p class='ocr_par' dir='ltr' id='par_1_36' title="bbox 175 1586 968 1621">
     <span class='ocr_line' id='line_1_36' title="bbox 175 1586 968 1621; baseline -0.005 -7"><span class='ocrx_word' id='word_1_257' title='bbox 175 1587 298 1615; x_wconf 87' lang='lat' dir='ltr'><strong>ctitatem</strong></span> <span class='ocrx_word' id='word_1_258' title='bbox 313 1588 412 1614; x_wconf 70' lang='lat' dir='ltr'><strong>anima:</strong></span> <span class='ocrx_word' id='word_1_259' title='bbox 426 1590 454 1615; x_wconf 88' lang='lat' dir='ltr'><strong>et</strong></span> <span class='ocrx_word' id='word_1_260' title='bbox 468 1586 604 1621; x_wconf 83' lang='lat' dir='ltr'><strong>Corporis.</strong></span> <span class='ocrx_word' id='word_1_261' title='bbox 622 1586 759 1620; x_wconf 89' lang='lat' dir='ltr'><strong>vitamque</strong></span> <span class='ocrx_word' id='word_1_262' title='bbox 773 1589 914 1616; x_wconf 61' lang='lat' dir='ltr'><strong>aeternam,</strong></span> <span class='ocrx_word' id='word_1_263' title='bbox 935 1590 968 1611; x_wconf 92' lang='lat' dir='ltr'><strong>ac</strong></span> 
     </span>
    </p>
   </div>
   <div class='ocr_carea' id='block_1_37' title="bbox 175 1629 967 1670">
    <p class='ocr_par' dir='ltr' id='par_1_37' title="bbox 175 1629 967 1670">
     <span class='ocr_line' id='line_1_37' title="bbox 175 1629 967 1670; baseline -0.006 -9"><span class='ocrx_word' id='word_1_264' title='bbox 175 1641 290 1670; x_wconf 88' lang='lat' dir='ltr'><strong>regnum</strong></span> <span class='ocrx_word' id='word_1_265' title='bbox 315 1633 448 1661; x_wconf 74' lang='lat' dir='ltr'><strong>caelorum</strong></span> <span class='ocrx_word' id='word_1_266' title='bbox 474 1637 556 1667; x_wconf 90' lang='lat' dir='ltr'><strong>atque</strong></span> <span class='ocrx_word' id='word_1_267' title='bbox 586 1632 772 1660; x_wconf 68' lang='lat' dir='ltr'><strong>haereditatem</strong></span> <span class='ocrx_word' id='word_1_268' title='bbox 798 1638 893 1658; x_wconf 90' lang='lat' dir='ltr'><strong>eorum</strong></span> <span class='ocrx_word' id='word_1_269' title='bbox 920 1629 967 1665; x_wconf 92' lang='lat' dir='ltr'><strong>qui</strong></span> 
     </span>
    </p>
   </div>
   <div class='ocr_carea' id='block_1_38' title="bbox 176 1676 968 1713">
    <p class='ocr_par' dir='ltr' id='par_1_38' title="bbox 176 1676 968 1713">
     <span class='ocr_line' id='line_1_38' title="bbox 176 1676 968 1713; baseline -0.005 -6"><span class='ocrx_word' id='word_1_270' title='bbox 176 1683 300 1713; x_wconf 87' lang='lat' dir='ltr'><strong>sumunt,</strong></span> <span class='ocrx_word' id='word_1_271' title='bbox 316 1680 339 1707; x_wconf 89' lang='lat' dir='ltr'><strong>si</strong></span> <span class='ocrx_word' id='word_1_272' title='bbox 355 1679 383 1706; x_wconf 92' lang='lat' dir='ltr'><strong>in</strong></span> <span class='ocrx_word' id='word_1_273' title='bbox 401 1678 454 1706; x_wconf 86' lang='lat' dir='ltr'><strong>ﬁde</strong></span> <span class='ocrx_word' id='word_1_274' title='bbox 468 1677 587 1713; x_wconf 83' lang='lat' dir='ltr'><strong>perfecta</strong></span> <span class='ocrx_word' id='word_1_275' title='bbox 602 1677 816 1705; x_wconf 89' lang='lat' dir='ltr'><strong>communicent.</strong></span> <span class='ocrx_word' id='word_1_276' title='bbox 837 1676 968 1704; x_wconf 78' lang='lat' dir='ltr'><strong>Sanctum</strong></span> 
     </span>
    </p>
   </div>
   <div class='ocr_carea' id='block_1_39' title="bbox 176 1722 970 1762">
    <p class='ocr_par' dir='ltr' id='par_1_39' title="bbox 176 1722 970 1762">
     <span class='ocr_line' id='line_1_39' title="bbox 176 1722 970 1762; baseline -0.008 -8"><span class='ocrx_word' id='word_1_277' title='bbox 176 1729 307 1762; x_wconf 61' lang='lat' dir='ltr'><strong>pratterea</strong></span> <span class='ocrx_word' id='word_1_278' title='bbox 329 1725 431 1753; x_wconf 87' lang='lat' dir='ltr'><strong>Christi</strong></span> <span class='ocrx_word' id='word_1_279' title='bbox 452 1724 606 1759; x_wconf 87' lang='lat' dir='ltr'><strong>baptisma,</strong></span> <span class='ocrx_word' id='word_1_280' title='bbox 634 1731 669 1751; x_wconf 77' lang='lat' dir='ltr'><strong>ex</strong></span> <span class='ocrx_word' id='word_1_281' title='bbox 699 1730 770 1758; x_wconf 90' lang='lat' dir='ltr'><strong>puro</strong></span> <span class='ocrx_word' id='word_1_282' title='bbox 798 1722 970 1757; x_wconf 87' lang='lat' dir='ltr'><strong>candidoque</strong></span> 
     </span>
    </p>
   </div>
   <div class='ocr_carea' id='block_1_40' title="bbox 177 1768 968 1805">
    <p class='ocr_par' dir='ltr' id='par_1_40' title="bbox 177 1768 968 1805">
     <span class='ocr_line' id='line_1_40' title="bbox 177 1768 968 1805; baseline -0.006 -6"><span class='ocrx_word' id='word_1_283' title='bbox 177 1772 270 1800; x_wconf 89' lang='lat' dir='ltr'><strong>animo</strong></span> <span class='ocrx_word' id='word_1_284' title='bbox 293 1776 320 1799; x_wconf 82' lang='lat' dir='ltr'><strong>et</strong></span> <span class='ocrx_word' id='word_1_285' title='bbox 340 1771 435 1804; x_wconf 88' lang='lat' dir='ltr'><strong>corde,</strong></span> <span class='ocrx_word' id='word_1_286' title='bbox 462 1770 569 1805; x_wconf 87' lang='lat' dir='ltr'><strong>ﬁdeque</strong></span> <span class='ocrx_word' id='word_1_287' title='bbox 593 1770 701 1797; x_wconf 88' lang='lat' dir='ltr'><strong>sincera</strong></span> <span class='ocrx_word' id='word_1_288' title='bbox 721 1769 846 1803; x_wconf 89' lang='lat' dir='ltr'><strong>accipere</strong></span> <span class='ocrx_word' id='word_1_289' title='bbox 866 1768 968 1803; x_wconf 82' lang='lat' dir='ltr'><strong>ﬁagito,</strong></span> 
     </span>
    </p>
   </div>
   <div class='ocr_carea' id='block_1_41' title="bbox 179 1813 970 1853">
    <p class='ocr_par' dir='ltr' id='par_1_41' title="bbox 179 1813 970 1853">
     <span class='ocr_line' id='line_1_41' title="bbox 179 1813 970 1853; baseline -0.009 -8"><span class='ocrx_word' id='word_1_290' title='bbox 179 1818 260 1853; x_wconf 85' lang='lat' dir='ltr'><strong>plene</strong></span> <span class='ocrx_word' id='word_1_291' title='bbox 275 1823 424 1852; x_wconf 87' lang='lat' dir='ltr'><strong>persuasus</strong></span> <span class='ocrx_word' id='word_1_292' title='bbox 446 1815 513 1843; x_wconf 90' lang='lat' dir='ltr'><strong>illud</strong></span> <span class='ocrx_word' id='word_1_293' title='bbox 529 1823 592 1842; x_wconf 90' lang='lat' dir='ltr'><strong>vere</strong></span> <span class='ocrx_word' id='word_1_294' title='bbox 616 1821 678 1842; x_wconf 87' lang='lat' dir='ltr'><strong>esse</strong></span> <span class='ocrx_word' id='word_1_295' title='bbox 704 1813 894 1841; x_wconf 83' lang='lat' dir='ltr'><strong>lustrationem</strong></span> <span class='ocrx_word' id='word_1_296' title='bbox 909 1819 970 1848; x_wconf 66' lang='lat' dir='ltr'><strong>quae</strong></span> 
     </span>
    </p>
   </div>
   <div class='ocr_carea' id='block_1_42' title="bbox 178 1858 970 1898">
    <p class='ocr_par' dir='ltr' id='par_1_42' title="bbox 178 1858 970 1898">
     <span class='ocr_line' id='line_1_42' title="bbox 178 1858 970 1898; baseline -0.008 -8"><span class='ocrx_word' id='word_1_297' title='bbox 178 1866 269 1890; x_wconf 89' lang='lat' dir='ltr'><strong>mente</strong></span> <span class='ocrx_word' id='word_1_298' title='bbox 295 1861 463 1898; x_wconf 85' lang='lat' dir='ltr'><strong>percipitur,</strong></span> <span class='ocrx_word' id='word_1_299' title='bbox 492 1864 519 1889; x_wconf 88' lang='lat' dir='ltr'><strong>et</strong></span> <span class='ocrx_word' id='word_1_300' title='bbox 550 1860 783 1896; x_wconf 81' lang='lat' dir='ltr'><strong>regenerationem</strong></span> <span class='ocrx_word' id='word_1_301' title='bbox 814 1858 911 1886; x_wconf 69' lang='lat' dir='ltr'><strong>anima:</strong></span> <span class='ocrx_word' id='word_1_302' title='bbox 942 1861 970 1884; x_wconf 85' lang='lat' dir='ltr'><strong>et</strong></span> 
     </span>
    </p>
   </div>
   <div class='ocr_carea' id='block_1_43' title="bbox 178 1915 315 1943">
    <p class='ocr_par' dir='ltr' id='par_1_43' title="bbox 178 1915 315 1943">
     <span class='ocr_line' id='line_1_43' title="bbox 178 1915 315 1943; baseline 0 -9"><span class='ocrx_word' id='word_1_303' title='bbox 178 1915 315 1943; x_wconf 81' lang='lat' dir='ltr'><strong>corporis.</strong></span> 
     </span>
    </p>
   </div>
   <div class='ocr_carea' id='block_1_44' title="bbox 214 2030 971 2070">
    <p class='ocr_par' dir='ltr' id='par_1_44' title="bbox 214 2030 971 2070">
     <span class='ocr_line' id='line_1_44' title="bbox 214 2030 971 2070; baseline -0.008 -6"><span class='ocrx_word' id='word_1_304' title='bbox 214 2034 258 2064; x_wconf 83' lang='lat' dir='ltr'><strong>ill.</strong></span> <span class='ocrx_word' id='word_1_305' title='bbox 276 2036 310 2063; x_wconf 87' lang='lat' dir='ltr'><strong>Et</strong></span> <span class='ocrx_word' id='word_1_306' title='bbox 322 2043 387 2064; x_wconf 88' lang='lat' dir='ltr'><strong>vero</strong></span> <span class='ocrx_word' id='word_1_307' title='bbox 402 2035 478 2063; x_wconf 89' lang='lat' dir='ltr'><strong>cultu</strong></span> <span class='ocrx_word' id='word_1_308' title='bbox 493 2035 603 2070; x_wconf 79' lang='lat' dir='ltr'><strong>dignam</strong></span> <span class='ocrx_word' id='word_1_309' title='bbox 628 2041 739 2062; x_wconf 87' lang='lat' dir='ltr'><strong>crucem</strong></span> <span class='ocrx_word' id='word_1_310' title='bbox 765 2031 888 2068; x_wconf 86' lang='lat' dir='ltr'><strong>ejusdem</strong></span> <span class='ocrx_word' id='word_1_311' title='bbox 913 2030 971 2059; x_wconf 88' lang='lat' dir='ltr'><strong>veri</strong></span> 
     </span>
    </p>
   </div>
   <div class='ocr_carea' id='block_1_45' title="bbox 180 2077 971 2117">
    <p class='ocr_par' dir='ltr' id='par_1_45' title="bbox 180 2077 971 2117">
     <span class='ocr_line' id='line_1_45' title="bbox 180 2077 971 2117; baseline -0.01 -6"><span class='ocrx_word' id='word_1_312' title='bbox 180 2083 283 2111; x_wconf 87' lang='lat' dir='ltr'><strong>Christi</strong></span> <span class='ocrx_word' id='word_1_313' title='bbox 298 2082 400 2117; x_wconf 86' lang='lat' dir='ltr'><strong>Deique</strong></span> <span class='ocrx_word' id='word_1_314' title='bbox 414 2081 514 2114; x_wconf 86' lang='lat' dir='ltr'><strong>nostri,</strong></span> <span class='ocrx_word' id='word_1_315' title='bbox 538 2081 614 2108; x_wconf 85' lang='lat' dir='ltr'><strong>velut</strong></span> <span class='ocrx_word' id='word_1_316' title='bbox 628 2088 682 2107; x_wconf 91' lang='lat' dir='ltr'><strong>non</strong></span> <span class='ocrx_word' id='word_1_317' title='bbox 706 2079 823 2114; x_wconf 89' lang='lat' dir='ltr'><strong>amplius</strong></span> <span class='ocrx_word' id='word_1_318' title='bbox 844 2077 971 2104; x_wconf 89' lang='lat' dir='ltr'><strong>interitus</strong></span> 
     </span>
    </p>
   </div>
   <div class='ocr_carea' id='block_1_46' title="bbox 181 2125 971 2160">
    <p class='ocr_par' dir='ltr' id='par_1_46' title="bbox 181 2125 971 2160">
     <span class='ocr_line' id='line_1_46' title="bbox 181 2125 971 2160; baseline -0.009 -2"><span class='ocrx_word' id='word_1_319' title='bbox 181 2137 214 2158; x_wconf 71' lang='lat' dir='ltr'><strong>ac</strong></span> <span class='ocrx_word' id='word_1_320' title='bbox 229 2129 367 2157; x_wconf 87' lang='lat' dir='ltr'><strong>maledicti</strong></span> <span class='ocrx_word' id='word_1_321' title='bbox 380 2129 606 2160; x_wconf 86' lang='lat' dir='ltr'><strong>instrumentum,</strong></span> <span class='ocrx_word' id='word_1_322' title='bbox 628 2126 676 2154; x_wconf 83' lang='lat' dir='ltr'><strong>sed</strong></span> <span class='ocrx_word' id='word_1_323' title='bbox 699 2125 835 2153; x_wconf 84' lang='lat' dir='ltr'><strong>libertatis</strong></span> <span class='ocrx_word' id='word_1_324' title='bbox 855 2125 971 2160; x_wconf 85' lang='lat' dir='ltr'><strong>vitaeque</strong></span> 
     </span>
    </p>
   </div>
   <div class='ocr_carea' id='block_1_47' title="bbox 975 830 996 858">
    <p class='ocr_par' dir='ltr' id='par_1_47' title="bbox 975 830 996 858">
     <span class='ocr_line' id='line_1_47' title="bbox 975 830 996 858; baseline 0 0"><span class='ocrx_word' id='word_1_325' title='bbox 975 830 996 858; x_wconf 85' lang='grc' dir='ltr'><strong>Β</strong></span> 
     </span>
    </p>
   </div>
   <div class='ocr_carea' id='block_1_48' title="bbox 979 1508 1000 1537">
    <p class='ocr_par' dir='ltr' id='par_1_48' title="bbox 979 1508 1000 1537">
     <span class='ocr_line' id='line_1_48' title="bbox 979 1508 1000 1537; baseline 0 0"><span class='ocrx_word' id='word_1_326' title='bbox 979 1508 1000 1537; x_wconf 92' lang='lat' dir='ltr'><strong>C</strong></span> 
     </span>
    </p>
   </div>
   <div class='ocr_carea' id='block_1_49' title="bbox 1005 193 1800 232">
    <p class='ocr_par' dir='ltr' id='par_1_49' title="bbox 1005 193 1800 232">
     <span class='ocr_line' id='line_1_49' title="bbox 1005 193 1800 232; baseline -0.009 -6"><span class='ocrx_word' id='word_1_327' title='bbox 1005 199 1053 226; x_wconf 81' lang='grc' dir='ltr'>καὶ</span> <span class='ocrx_word' id='word_1_328' title='bbox 1069 198 1132 226; x_wconf 81' lang='grc' dir='ltr'>Υίδν</span> <span class='ocrx_word' id='word_1_329' title='bbox 1144 199 1191 226; x_wconf 76' lang='grc' dir='ltr'>καὶ</span> <span class='ocrx_word' id='word_1_330' title='bbox 1206 198 1285 232; x_wconf 71' lang='grc' dir='ltr'>ἅγιον</span> <span class='ocrx_word' id='word_1_331' title='bbox 1300 195 1428 231; x_wconf 81' lang='grc' dir='ltr'>Πνεῦμα,</span> <span class='ocrx_word' id='word_1_332' title='bbox 1438 194 1487 230; x_wconf 76' lang='grc' dir='ltr'>τὴν</span> <span class='ocrx_word' id='word_1_333' title='bbox 1498 194 1580 229; x_wconf 83' lang='grc' dir='ltr'>ἀγίαν</span> <span class='ocrx_word' id='word_1_334' title='bbox 1593 194 1643 221; x_wconf 73' lang='grc' dir='ltr'>καὶ</span> <span class='ocrx_word' id='word_1_335' title='bbox 1659 193 1800 228; x_wconf 76' lang='grc' dir='ltr'>ὸμοούσιον</span> 
     </span>
    </p>
   </div>
   <div class='ocr_carea' id='block_1_50' title="bbox 1006 239 1801 278">
    <p class='ocr_par' dir='ltr' id='par_1_50' title="bbox 1006 239 1801 278">
     <span class='ocr_line' id='line_1_50' title="bbox 1006 239 1801 278; baseline -0.008 -8"><span class='ocrx_word' id='word_1_336' title='bbox 1006 243 1053 270; x_wconf 76' lang='grc' dir='ltr'>καὶ</span> <span class='ocrx_word' id='word_1_337' title='bbox 1075 241 1224 278; x_wconf 80' lang='grc' dir='ltr'>ἀχώριστον</span> <span class='ocrx_word' id='word_1_338' title='bbox 1240 241 1353 277; x_wconf 87' lang='grc' dir='ltr'>Τριάδα.</span> <span class='ocrx_word' id='word_1_339' title='bbox 1374 240 1430 267; x_wconf 77' lang='grc' dir='ltr'>Καὶ</span> <span class='ocrx_word' id='word_1_340' title='bbox 1450 239 1500 276; x_wconf 82' lang='grc' dir='ltr'><strong>τὴν</strong></span> <span class='ocrx_word' id='word_1_341' title='bbox 1521 240 1680 275; x_wconf 82' lang='grc' dir='ltr'>Ἔνσαρκον</span> <span class='ocrx_word' id='word_1_342' title='bbox 1702 239 1801 264; x_wconf 80' lang='grc' dir='ltr'>οἰκονο-</span> 
     </span>
    </p>
   </div>
   <div class='ocr_carea' id='block_1_51' title="bbox 1007 282 1801 324">
    <p class='ocr_par' dir='ltr' id='par_1_51' title="bbox 1007 282 1801 324">
     <span class='ocr_line' id='line_1_51' title="bbox 1007 282 1801 324; baseline -0.009 -9"><span class='ocrx_word' id='word_1_343' title='bbox 1007 288 1082 324; x_wconf 86' lang='grc' dir='ltr'>μίαν,</span> <span class='ocrx_word' id='word_1_344' title='bbox 1096 288 1143 315; x_wconf 81' lang='grc' dir='ltr'>καὶ</span> <span class='ocrx_word' id='word_1_345' title='bbox 1160 286 1228 323; x_wconf 73' lang='grc' dir='ltr'>πρὸς</span> <span class='ocrx_word' id='word_1_346' title='bbox 1248 285 1408 321; x_wconf 74' lang='grc' dir='ltr'><strong>ἀνθρώπους</strong></span> <span class='ocrx_word' id='word_1_347' title='bbox 1424 285 1571 320; x_wconf 75' lang='grc' dir='ltr'><strong>ἐπιδημίαν</strong></span> <span class='ocrx_word' id='word_1_348' title='bbox 1589 283 1734 319; x_wconf 77' lang='grc' dir='ltr'>ὁμολογῶν</span> <span class='ocrx_word' id='word_1_349' title='bbox 1755 282 1801 308; x_wconf 74' lang='grc' dir='ltr'><strong>τοῦ</strong></span> 
     </span>
    </p>
   </div>
   <div class='ocr_carea' id='block_1_52' title="bbox 1005 329 1804 369">
    <p class='ocr_par' dir='ltr' id='par_1_52' title="bbox 1005 329 1804 369">
     <span class='ocr_line' id='line_1_52' title="bbox 1005 329 1804 369; baseline -0.006 -9"><span class='ocrx_word' id='word_1_350' title='bbox 1005 334 1055 369; x_wconf 84' lang='grc' dir='ltr'><strong>τῆς</strong></span> <span class='ocrx_word' id='word_1_351' title='bbox 1075 333 1154 368; x_wconf 84' lang='grc' dir='ltr'>ἀγίας</span> <span class='ocrx_word' id='word_1_352' title='bbox 1170 332 1283 368; x_wconf 82' lang='grc' dir='ltr'>Τριάδος</span> <span class='ocrx_word' id='word_1_353' title='bbox 1303 332 1379 364; x_wconf 79' lang='grc' dir='ltr'>ἑνὸς,</span> <span class='ocrx_word' id='word_1_354' title='bbox 1401 330 1449 358; x_wconf 84' lang='grc' dir='ltr'><strong>τοῦ</strong></span> <span class='ocrx_word' id='word_1_355' title='bbox 1476 329 1638 366; x_wconf 79' lang='grc' dir='ltr'><strong>μονογενοῦς</strong></span> <span class='ocrx_word' id='word_1_356' title='bbox 1663 329 1733 355; x_wconf 85' lang='grc' dir='ltr'>Υίοῦ</span> <span class='ocrx_word' id='word_1_357' title='bbox 1759 329 1804 355; x_wconf 74' lang='lat' dir='ltr'><strong>ui.</strong></span> 
     </span>
    </p>
   </div>
   <div class='ocr_carea' id='block_1_53' title="bbox 1006 375 1803 414">
    <p class='ocr_par' dir='ltr' id='par_1_53' title="bbox 1006 375 1803 414">
     <span class='ocr_line' id='line_1_53' title="bbox 1006 375 1803 414; baseline -0.006 -8"><span class='ocrx_word' id='word_1_358' title='bbox 1006 379 1093 414; x_wconf 83' lang='grc' dir='ltr'><strong>Λόγου</strong></span> <span class='ocrx_word' id='word_1_359' title='bbox 1114 379 1162 406; x_wconf 90' lang='grc' dir='ltr'><strong>τοῦ</strong></span> <span class='ocrx_word' id='word_1_360' title='bbox 1182 378 1260 411; x_wconf 83' lang='grc' dir='ltr'>Θεοῦ,</span> <span class='ocrx_word' id='word_1_361' title='bbox 1278 377 1325 405; x_wconf 86' lang='grc' dir='ltr'><strong>τοῦ</strong></span> <span class='ocrx_word' id='word_1_362' title='bbox 1346 379 1378 405; x_wconf 83' lang='grc' dir='ltr'>ὲκ</span> <span class='ocrx_word' id='word_1_363' title='bbox 1401 377 1508 413; x_wconf 86' lang='grc' dir='ltr'>Πατρὺς</span> <span class='ocrx_word' id='word_1_364' title='bbox 1530 375 1584 412; x_wconf 80' lang='grc' dir='ltr'><strong>πρὸ</strong></span> <span class='ocrx_word' id='word_1_365' title='bbox 1611 376 1725 402; x_wconf 82' lang='grc' dir='ltr'>πάντων</span> <span class='ocrx_word' id='word_1_366' title='bbox 1751 375 1803 402; x_wconf 82' lang='grc' dir='ltr'><strong>τῶν</strong></span> 
     </span>
    </p>
   </div>
   <div class='ocr_carea' id='block_1_54' title="bbox 1007 419 1805 460">
    <p class='ocr_par' dir='ltr' id='par_1_54' title="bbox 1007 419 1805 460">
     <span class='ocr_line' id='line_1_54' title="bbox 1007 419 1805 460; baseline -0.008 -8"><span class='ocrx_word' id='word_1_367' title='bbox 1007 425 1111 453; x_wconf 75' lang='grc' dir='ltr'>αἰώνων</span> <span class='ocrx_word' id='word_1_368' title='bbox 1126 424 1310 460; x_wconf 78' lang='grc' dir='ltr'>γεννηθέντος,</span> <span class='ocrx_word' id='word_1_369' title='bbox 1327 423 1360 450; x_wconf 84' lang='grc' dir='ltr'><strong>δι’</strong></span> <span class='ocrx_word' id='word_1_370' title='bbox 1377 419 1408 450; x_wconf 84' lang='grc' dir='ltr'><strong>οῦ</strong></span> <span class='ocrx_word' id='word_1_371' title='bbox 1423 423 1458 450; x_wconf 84' lang='grc' dir='ltr'><strong>τά</strong></span> <span class='ocrx_word' id='word_1_372' title='bbox 1474 422 1564 451; x_wconf 69' lang='grc' dir='ltr'>πάντα</span> <span class='ocrx_word' id='word_1_373' title='bbox 1582 421 1707 456; x_wconf 70' lang='grc' dir='ltr'>ἐγένετο,</span> <span class='ocrx_word' id='word_1_374' title='bbox 1726 420 1805 447; x_wconf 70' lang='grc' dir='ltr'>αὐτὸν</span> 
     </span>
    </p>
   </div>
   <div class='ocr_carea' id='block_1_55' title="bbox 1007 467 1802 507">
    <p class='ocr_par' dir='ltr' id='par_1_55' title="bbox 1007 467 1802 507">
     <span class='ocr_line' id='line_1_55' title="bbox 1007 467 1802 507; baseline -0.005 -10"><span class='ocrx_word' id='word_1_375' title='bbox 1007 470 1140 507; x_wconf 83' lang='grc' dir='ltr'><strong>ὑπάρχειν</strong></span> <span class='ocrx_word' id='word_1_376' title='bbox 1161 471 1281 498; x_wconf 80' lang='grc' dir='ltr'><strong>πιστεύω</strong></span> <span class='ocrx_word' id='word_1_377' title='bbox 1309 471 1356 497; x_wconf 73' lang='grc' dir='ltr'><strong>τὸν</strong></span> <span class='ocrx_word' id='word_1_378' title='bbox 1383 468 1458 504; x_wconf 86' lang='grc' dir='ltr'><strong>παρά</strong></span> <span class='ocrx_word' id='word_1_379' title='bbox 1483 468 1530 496; x_wconf 89' lang='grc' dir='ltr'><strong>τοῦ</strong></span> <span class='ocrx_word' id='word_1_380' title='bbox 1559 468 1644 503; x_wconf 81' lang='grc' dir='ltr'>νόμου</span> <span class='ocrx_word' id='word_1_381' title='bbox 1672 467 1722 494; x_wconf 83' lang='grc' dir='ltr'><strong>καί</strong></span> <span class='ocrx_word' id='word_1_382' title='bbox 1748 467 1802 493; x_wconf 79' lang='grc' dir='ltr'><strong>τῶν</strong></span> 
     </span>
    </p>
   </div>
   <div class='ocr_carea' id='block_1_56' title="bbox 1008 512 1806 552">
    <p class='ocr_par' dir='ltr' id='par_1_56' title="bbox 1008 512 1806 552">
     <span class='ocr_line' id='line_1_56' title="bbox 1008 512 1806 552; baseline -0.006 -9"><span class='ocrx_word' id='word_1_383' title='bbox 1008 515 1156 552; x_wconf 81' lang='grc' dir='ltr'><strong>προφητῶν</strong></span> <span class='ocrx_word' id='word_1_384' title='bbox 1172 515 1397 552; x_wconf 81' lang='grc' dir='ltr'>προκηρυχθέντα</span> <span class='ocrx_word' id='word_1_385' title='bbox 1410 515 1527 543; x_wconf 84' lang='grc' dir='ltr'>Μεσίαν·</span> <span class='ocrx_word' id='word_1_386' title='bbox 1538 514 1568 541; x_wconf 81' lang='grc' dir='ltr'><strong>ὃν</strong></span> <span class='ocrx_word' id='word_1_387' title='bbox 1584 513 1634 540; x_wconf 83' lang='grc' dir='ltr'>καὶ</span> <span class='ocrx_word' id='word_1_388' title='bbox 1649 513 1705 548; x_wconf 72' lang='grc' dir='ltr'><strong>ἤδη</strong></span> <span class='ocrx_word' id='word_1_389' title='bbox 1719 512 1806 539; x_wconf 77' lang='grc' dir='ltr'>ἐλθεῖν</span> 
     </span>
    </p>
   </div>
   <div class='ocr_carea' id='block_1_57' title="bbox 1008 558 1806 598">
    <p class='ocr_par' dir='ltr' id='par_1_57' title="bbox 1008 558 1806 598">
     <span class='ocr_line' id='line_1_57' title="bbox 1008 558 1806 598; baseline -0.006 -9"><span class='ocrx_word' id='word_1_390' title='bbox 1008 563 1054 590; x_wconf 74' lang='grc' dir='ltr'><strong>ἐπὶ</strong></span> <span class='ocrx_word' id='word_1_391' title='bbox 1068 562 1120 597; x_wconf 90' lang='grc' dir='ltr'><strong>γῆς</strong></span> <span class='ocrx_word' id='word_1_392' title='bbox 1136 561 1378 598; x_wconf 84' lang='grc' dir='ltr'>πληροφοροῦμαι,</span> <span class='ocrx_word' id='word_1_393' title='bbox 1395 561 1440 590; x_wconf 78' lang='grc' dir='ltr'>διὰ</span> <span class='ocrx_word' id='word_1_394' title='bbox 1460 560 1509 596; x_wconf 80' lang='grc' dir='ltr'>τὴν</span> <span class='ocrx_word' id='word_1_395' title='bbox 1529 559 1669 595; x_wconf 74' lang='grc' dir='ltr'><strong>σωτηρίαν</strong></span> <span class='ocrx_word' id='word_1_396' title='bbox 1688 558 1738 585; x_wconf 78' lang='grc' dir='ltr'><strong>τοῦ</strong></span> <span class='ocrx_word' id='word_1_397' title='bbox 1763 559 1806 585; x_wconf 80' lang='grc' dir='ltr'><strong>ἀν-</strong></span> 
     </span>
    </p>
   </div>
   <div class='ocr_carea' id='block_1_58' title="bbox 1009 604 1807 644">
    <p class='ocr_par' dir='ltr' id='par_1_58' title="bbox 1009 604 1807 644">
     <span class='ocr_line' id='line_1_58' title="bbox 1009 604 1807 644; baseline -0.006 -9"><span class='ocrx_word' id='word_1_398' title='bbox 1009 607 1144 644; x_wconf 83' lang='grc' dir='ltr'>ορωπίνου</span> <span class='ocrx_word' id='word_1_399' title='bbox 1160 608 1265 642; x_wconf 75' lang='grc' dir='ltr'>γένους,</span> <span class='ocrx_word' id='word_1_400' title='bbox 1289 608 1337 636; x_wconf 81' lang='grc' dir='ltr'>καὶ</span> <span class='ocrx_word' id='word_1_401' title='bbox 1361 607 1486 641; x_wconf 83' lang='grc' dir='ltr'>γενέσθαι</span> <span class='ocrx_word' id='word_1_402' title='bbox 1512 605 1585 633; x_wconf 82' lang='grc' dir='ltr'><strong>κατά</strong></span> <span class='ocrx_word' id='word_1_403' title='bbox 1608 604 1744 640; x_wconf 82' lang='grc' dir='ltr'>ἀλήθειαν</span> <span class='ocrx_word' id='word_1_404' title='bbox 1763 605 1807 631; x_wconf 77' lang='grc' dir='ltr'><strong>ἆν-</strong></span> 
     </span>
    </p>
   </div>
   <div class='ocr_carea' id='block_1_59' title="bbox 1009 650 1807 691">
    <p class='ocr_par' dir='ltr' id='par_1_59' title="bbox 1009 650 1807 691">
     <span class='ocr_line' id='line_1_59' title="bbox 1009 650 1807 691; baseline -0.005 -10"><span class='ocrx_word' id='word_1_405' title='bbox 1009 655 1127 691; x_wconf 86' lang='grc' dir='ltr'>θρωπον,</span> <span class='ocrx_word' id='word_1_406' title='bbox 1143 653 1181 690; x_wconf 84' lang='grc' dir='ltr'>μὴ</span> <span class='ocrx_word' id='word_1_407' title='bbox 1204 654 1339 681; x_wconf 72' lang='grc' dir='ltr'><strong>ἐκστάντα</strong></span> <span class='ocrx_word' id='word_1_408' title='bbox 1359 654 1409 688; x_wconf 85' lang='grc' dir='ltr'><strong>τῆς</strong></span> <span class='ocrx_word' id='word_1_409' title='bbox 1424 653 1528 684; x_wconf 78' lang='grc' dir='ltr'><strong>οἰκείας</strong></span> <span class='ocrx_word' id='word_1_410' title='bbox 1544 651 1689 687; x_wconf 68' lang='grc' dir='ltr'>θεότητος,</span> <span class='ocrx_word' id='word_1_411' title='bbox 1705 651 1754 678; x_wconf 68' lang='grc' dir='ltr'>καὶ</span> <span class='ocrx_word' id='word_1_412' title='bbox 1769 650 1807 677; x_wconf 77' lang='grc' dir='ltr'><strong>εἷ-</strong></span> 
     </span>
    </p>
   </div>
   <div class='ocr_carea' id='block_1_60' title="bbox 1009 697 1807 735">
    <p class='ocr_par' dir='ltr' id='par_1_60' title="bbox 1009 697 1807 735">
     <span class='ocr_line' id='line_1_60' title="bbox 1009 697 1807 735; baseline -0.005 -8"><span class='ocrx_word' id='word_1_413' title='bbox 1009 709 1053 727; x_wconf 88' lang='grc' dir='ltr'><strong>ναι</strong></span> <span class='ocrx_word' id='word_1_414' title='bbox 1068 701 1115 727; x_wconf 83' lang='grc' dir='ltr'>τὸν</span> <span class='ocrx_word' id='word_1_415' title='bbox 1136 701 1217 728; x_wconf 83' lang='grc' dir='ltr'>αὐτὸν</span> <span class='ocrx_word' id='word_1_416' title='bbox 1233 699 1299 726; x_wconf 83' lang='grc' dir='ltr'><strong>Θεὸν</strong></span> <span class='ocrx_word' id='word_1_417' title='bbox 1320 699 1437 735; x_wconf 80' lang='grc' dir='ltr'>ἀληθῶς,</span> <span class='ocrx_word' id='word_1_418' title='bbox 1455 699 1503 726; x_wconf 78' lang='grc' dir='ltr'><strong>καὶ</strong></span> <span class='ocrx_word' id='word_1_419' title='bbox 1522 698 1672 734; x_wconf 74' lang='grc' dir='ltr'>ἄνθρωπον</span> <span class='ocrx_word' id='word_1_420' title='bbox 1689 697 1807 732; x_wconf 72' lang='grc' dir='ltr'>ἀληθῶς,</span> 
     </span>
    </p>
   </div>
   <div class='ocr_carea' id='block_1_61' title="bbox 1009 743 1809 783">
    <p class='ocr_par' dir='ltr' id='par_1_61' title="bbox 1009 743 1809 783">
     <span class='ocr_line' id='line_1_61' title="bbox 1009 743 1809 783; baseline -0.009 -8"><span class='ocrx_word' id='word_1_421' title='bbox 1009 747 1179 783; x_wconf 85' lang='grc' dir='ltr'>ἀσυγχύτως,</span> <span class='ocrx_word' id='word_1_422' title='bbox 1188 745 1332 782; x_wconf 79' lang='grc' dir='ltr'><strong>ἀτρέπτως</strong></span> <span class='ocrx_word' id='word_1_423' title='bbox 1348 746 1395 773; x_wconf 78' lang='grc' dir='ltr'>καὶ</span> <span class='ocrx_word' id='word_1_424' title='bbox 1407 745 1604 776; x_wconf 81' lang='grc' dir='ltr'>ἀναλλοιώτως,</span> <span class='ocrx_word' id='word_1_425' title='bbox 1618 745 1648 770; x_wconf 82' lang='grc' dir='ltr'>ὲν</span> <span class='ocrx_word' id='word_1_426' title='bbox 1658 743 1809 770; x_wconf 70' lang='grc' dir='ltr'>ὑποστάσει</span> 
     </span>
    </p>
   </div>
   <div class='ocr_carea' id='block_1_62' title="bbox 1012 786 1810 827">
    <p class='ocr_par' dir='ltr' id='par_1_62' title="bbox 1012 786 1810 827">
     <span class='ocr_line' id='line_1_62' title="bbox 1012 786 1810 827; baseline -0.008 -9"><span class='ocrx_word' id='word_1_427' title='bbox 1012 792 1061 827; x_wconf 84' lang='grc' dir='ltr'><strong>μιᾷ</strong></span> <span class='ocrx_word' id='word_1_428' title='bbox 1075 792 1122 818; x_wconf 75' lang='grc' dir='ltr'>καὶ</span> <span class='ocrx_word' id='word_1_429' title='bbox 1133 791 1194 818; x_wconf 78' lang='grc' dir='ltr'>δυσὶ</span> <span class='ocrx_word' id='word_1_430' title='bbox 1205 790 1328 826; x_wconf 81' lang='grc' dir='ltr'><strong>φύσεσιν,</strong></span> <span class='ocrx_word' id='word_1_431' title='bbox 1343 789 1474 822; x_wconf 78' lang='grc' dir='ltr'><strong>ἑκουσίως</strong></span> <span class='ocrx_word' id='word_1_432' title='bbox 1486 799 1516 816; x_wconf 84' lang='grc' dir='ltr'><strong>τε</strong></span> <span class='ocrx_word' id='word_1_433' title='bbox 1531 790 1622 817; x_wconf 80' lang='grc' dir='ltr'>πάντα</span> <span class='ocrx_word' id='word_1_434' title='bbox 1634 788 1748 818; x_wconf 81' lang='grc' dir='ltr'><strong>παθεῖν,</strong></span> <span class='ocrx_word' id='word_1_435' title='bbox 1764 786 1810 813; x_wconf 69' lang='grc' dir='ltr'>καὶ</span> 
     </span>
    </p>
   </div>
   <div class='ocr_carea' id='block_1_63' title="bbox 1012 834 1809 874">
    <p class='ocr_par' dir='ltr' id='par_1_63' title="bbox 1012 834 1809 874">
     <span class='ocr_line' id='line_1_63' title="bbox 1012 834 1809 874; baseline -0.006 -10"><span class='ocrx_word' id='word_1_436' title='bbox 1012 837 1201 874; x_wconf 82' lang='grc' dir='ltr'>σταυρωθῆναι</span> <span class='ocrx_word' id='word_1_437' title='bbox 1214 838 1307 872; x_wconf 84' lang='grc' dir='ltr'>σαρκὶ,</span> <span class='ocrx_word' id='word_1_438' title='bbox 1317 837 1367 872; x_wconf 84' lang='grc' dir='ltr'><strong>τῆς</strong></span> <span class='ocrx_word' id='word_1_439' title='bbox 1382 837 1506 872; x_wconf 84' lang='grc' dir='ltr'>θεότητος</span> <span class='ocrx_word' id='word_1_440' title='bbox 1517 835 1644 866; x_wconf 77' lang='grc' dir='ltr'><strong>ἀπαθοῦς</strong></span> <span class='ocrx_word' id='word_1_441' title='bbox 1665 834 1809 869; x_wconf 71' lang='grc' dir='ltr'>μεινάσης.</span> 
     </span>
    </p>
   </div>
   <div class='ocr_carea' id='block_1_64' title="bbox 1013 879 1812 918">
    <p class='ocr_par' dir='ltr' id='par_1_64' title="bbox 1013 879 1812 918">
     <span class='ocr_line' id='line_1_64' title="bbox 1013 879 1812 918; baseline -0.009 -7"><span class='ocrx_word' id='word_1_442' title='bbox 1013 884 1060 911; x_wconf 75' lang='grc' dir='ltr'>καὶ</span> <span class='ocrx_word' id='word_1_443' title='bbox 1072 883 1199 918; x_wconf 85' lang='grc' dir='ltr'>ταφῆναι,</span> <span class='ocrx_word' id='word_1_444' title='bbox 1211 883 1258 909; x_wconf 75' lang='grc' dir='ltr'>καὶ</span> <span class='ocrx_word' id='word_1_445' title='bbox 1268 883 1416 918; x_wconf 76' lang='grc' dir='ltr'>τριήμερον</span> <span class='ocrx_word' id='word_1_446' title='bbox 1428 881 1591 916; x_wconf 74' lang='grc' dir='ltr'>ἀναστῆναι,</span> <span class='ocrx_word' id='word_1_447' title='bbox 1603 880 1652 906; x_wconf 75' lang='grc' dir='ltr'>καὶ</span> <span class='ocrx_word' id='word_1_448' title='bbox 1668 880 1712 911; x_wconf 73' lang='grc' dir='ltr'>εἰς</span> <span class='ocrx_word' id='word_1_449' title='bbox 1728 879 1812 914; x_wconf 82' lang='grc' dir='ltr'>οὐρα-</span> 
     </span>
    </p>
   </div>
   <div class='ocr_carea' id='block_1_65' title="bbox 1013 927 1813 965">
    <p class='ocr_par' dir='ltr' id='par_1_65' title="bbox 1013 927 1813 965">
     <span class='ocr_line' id='line_1_65' title="bbox 1013 927 1813 965; baseline -0.008 -8"><span class='ocrx_word' id='word_1_450' title='bbox 1013 931 1075 962; x_wconf 86' lang='grc' dir='ltr'>νοὺς</span> <span class='ocrx_word' id='word_1_451' title='bbox 1088 929 1274 965; x_wconf 78' lang='grc' dir='ltr'>ἀναληφθῆναι</span> <span class='ocrx_word' id='word_1_452' title='bbox 1285 948 1292 960; x_wconf 82' lang='grc'><strong>,</strong></span> <span class='ocrx_word' id='word_1_453' title='bbox 1307 930 1354 956; x_wconf 77' lang='grc' dir='ltr'>καὶ</span> <span class='ocrx_word' id='word_1_454' title='bbox 1364 928 1440 964; x_wconf 75' lang='grc' dir='ltr'>ἥξειν</span> <span class='ocrx_word' id='word_1_455' title='bbox 1453 929 1482 955; x_wconf 85' lang='grc' dir='ltr'><strong>ὲν</strong></span> <span class='ocrx_word' id='word_1_456' title='bbox 1493 927 1561 965; x_wconf 2' lang='grc' dir='ltr'>δόξῃ,</span> <span class='ocrx_word' id='word_1_457' title='bbox 1572 927 1710 963; x_wconf 75' lang='grc' dir='ltr'>μέλλον-τα</span> <span class='ocrx_word' id='word_1_458' title='bbox 1722 927 1813 961; x_wconf 82' lang='grc' dir='ltr'>κρίναι</span> 
     </span>
    </p>
   </div>
   <div class='ocr_carea' id='block_1_66' title="bbox 1013 973 1814 1011">
    <p class='ocr_par' dir='ltr' id='par_1_66' title="bbox 1013 973 1814 1011">
     <span class='ocr_line' id='line_1_66' title="bbox 1013 973 1814 1011; baseline -0.006 -8"><span class='ocrx_word' id='word_1_459' title='bbox 1013 975 1118 1009; x_wconf 80' lang='grc' dir='ltr'>ζῶντας</span> <span class='ocrx_word' id='word_1_460' title='bbox 1137 976 1183 1003; x_wconf 77' lang='grc' dir='ltr'>καὶ</span> <span class='ocrx_word' id='word_1_461' title='bbox 1197 975 1321 1011; x_wconf 65' lang='grc' dir='ltr'>νεκρούς</span> <span class='ocrx_word' id='word_1_462' title='bbox 1342 975 1389 1003; x_wconf 82' lang='grc' dir='ltr'>καὶ</span> <span class='ocrx_word' id='word_1_463' title='bbox 1399 975 1447 1010; x_wconf 84' lang='grc' dir='ltr'><strong>τὴν</strong></span> <span class='ocrx_word' id='word_1_464' title='bbox 1464 974 1534 1002; x_wconf 88' lang='grc' dir='ltr'><strong>κατά</strong></span> <span class='ocrx_word' id='word_1_465' title='bbox 1549 975 1641 1010; x_wconf 79' lang='grc' dir='ltr'>σάρκα</span> <span class='ocrx_word' id='word_1_466' title='bbox 1657 973 1758 999; x_wconf 74' lang='grc' dir='ltr'>τοῦτον</span> <span class='ocrx_word' id='word_1_467' title='bbox 1771 981 1814 998; x_wconf 84' lang='grc' dir='ltr'>τε-</span> 
     </span>
    </p>
   </div>
   <div class='ocr_carea' id='block_1_67' title="bbox 1013 1016 1810 1056">
    <p class='ocr_par' dir='ltr' id='par_1_67' title="bbox 1013 1016 1810 1056">
     <span class='ocr_line' id='line_1_67' title="bbox 1013 1016 1810 1056; baseline -0.006 -9"><span class='ocrx_word' id='word_1_468' title='bbox 1013 1021 1114 1048; x_wconf 82' lang='grc' dir='ltr'>κοῦσαν</span> <span class='ocrx_word' id='word_1_469' title='bbox 1130 1020 1210 1054; x_wconf 81' lang='grc' dir='ltr'>ἁγίαν</span> <span class='ocrx_word' id='word_1_470' title='bbox 1227 1019 1361 1056; x_wconf 77' lang='grc' dir='ltr'>παρθένον</span> <span class='ocrx_word' id='word_1_471' title='bbox 1375 1019 1497 1055; x_wconf 86' lang='grc' dir='ltr'>Μαρίαν,</span> <span class='ocrx_word' id='word_1_472' title='bbox 1515 1019 1562 1045; x_wconf 73' lang='grc' dir='ltr'>καὶ</span> <span class='ocrx_word' id='word_1_473' title='bbox 1583 1018 1723 1054; x_wconf 75' lang='grc' dir='ltr'>μείνασαν</span> <span class='ocrx_word' id='word_1_474' title='bbox 1743 1016 1810 1052; x_wconf 75' lang='grc' dir='ltr'><strong>μετά</strong></span> 
     </span>
    </p>
   </div>
   <div class='ocr_carea' id='block_1_68' title="bbox 1013 1063 1814 1103">
    <p class='ocr_par' dir='ltr' id='par_1_68' title="bbox 1013 1063 1814 1103">
     <span class='ocr_line' id='line_1_68' title="bbox 1013 1063 1814 1103; baseline -0.007 -9"><span class='ocrx_word' id='word_1_475' title='bbox 1013 1067 1092 1094; x_wconf 86' lang='grc' dir='ltr'>τόκον</span> <span class='ocrx_word' id='word_1_476' title='bbox 1114 1066 1257 1103; x_wconf 81' lang='grc' dir='ltr'>παρθένον,</span> <span class='ocrx_word' id='word_1_477' title='bbox 1283 1065 1398 1101; x_wconf 79' lang='grc' dir='ltr'>κυρίως.</span> <span class='ocrx_word' id='word_1_478' title='bbox 1414 1065 1461 1092; x_wconf 81' lang='grc' dir='ltr'>καὶ</span> <span class='ocrx_word' id='word_1_479' title='bbox 1477 1064 1584 1100; x_wconf 83' lang='grc' dir='ltr'>ἀληθῶς</span> <span class='ocrx_word' id='word_1_480' title='bbox 1602 1063 1744 1090; x_wconf 63' lang='grc' dir='ltr'>Θεοπόκον</span> <span class='ocrx_word' id='word_1_481' title='bbox 1770 1063 1814 1089; x_wconf 73' lang='grc' dir='ltr'>καὶ</span> 
     </span>
    </p>
   </div>
   <div class='ocr_carea' id='block_1_69' title="bbox 1014 1112 1816 1150">
    <p class='ocr_par' dir='ltr' id='par_1_69' title="bbox 1014 1112 1816 1150">
     <span class='ocr_line' id='line_1_69' title="bbox 1014 1112 1816 1150; baseline -0.007 -6"><span class='ocrx_word' id='word_1_482' title='bbox 1014 1116 1134 1144; x_wconf 84' lang='grc' dir='ltr'><strong>πιστεύω</strong></span> <span class='ocrx_word' id='word_1_483' title='bbox 1155 1117 1202 1144; x_wconf 80' lang='grc' dir='ltr'>καὶ</span> <span class='ocrx_word' id='word_1_484' title='bbox 1222 1115 1309 1150; x_wconf 77' lang='grc' dir='ltr'>λέγω,</span> <span class='ocrx_word' id='word_1_485' title='bbox 1336 1115 1385 1142; x_wconf 75' lang='grc' dir='ltr'>καὶ</span> <span class='ocrx_word' id='word_1_486' title='bbox 1399 1115 1436 1146; x_wconf 86' lang='grc' dir='ltr'>ὡς</span> <span class='ocrx_word' id='word_1_487' title='bbox 1453 1113 1524 1141; x_wconf 82' lang='grc' dir='ltr'><strong>κατά</strong></span> <span class='ocrx_word' id='word_1_488' title='bbox 1547 1114 1680 1149; x_wconf 76' lang='grc' dir='ltr'>ἀλήθειαν</span> <span class='ocrx_word' id='word_1_489' title='bbox 1709 1112 1816 1148; x_wconf 75' lang='grc' dir='ltr'>μητέρα</span> 
     </span>
    </p>
   </div>
   <div class='ocr_carea' id='block_1_70' title="bbox 1014 1158 1816 1199">
    <p class='ocr_par' dir='ltr' id='par_1_70' title="bbox 1014 1158 1816 1199">
     <span class='ocr_line' id='line_1_70' title="bbox 1014 1158 1816 1199; baseline -0.007 -9"><span class='ocrx_word' id='word_1_490' title='bbox 1014 1163 1081 1191; x_wconf 86' lang='grc' dir='ltr'>Θεοῦ</span> <span class='ocrx_word' id='word_1_491' title='bbox 1095 1162 1354 1199; x_wconf 74' lang='grc' dir='ltr'>ὲνανθρωπήσαντος</span> <span class='ocrx_word' id='word_1_492' title='bbox 1369 1161 1417 1188; x_wconf 83' lang='grc' dir='ltr'>καὶ</span> <span class='ocrx_word' id='word_1_493' title='bbox 1429 1160 1473 1187; x_wconf 64' lang='lat' dir='ltr'><strong>ea</strong></span> <span class='ocrx_word' id='word_1_494' title='bbox 1490 1159 1569 1189; x_wconf 85' lang='grc' dir='ltr'>τοῦτο</span> <span class='ocrx_word' id='word_1_495' title='bbox 1590 1159 1694 1194; x_wconf 79' lang='grc' dir='ltr'>κυρίαν</span> <span class='ocrx_word' id='word_1_496' title='bbox 1711 1158 1763 1185; x_wconf 69' lang='grc' dir='ltr'>καὶ</span> <span class='ocrx_word' id='word_1_497' title='bbox 1776 1158 1816 1184; x_wconf 67' lang='lat'><strong>6.&quot;—</strong></span> 
     </span>
    </p>
   </div>
   <div class='ocr_carea' id='block_1_71' title="bbox 1015 1202 1815 1243">
    <p class='ocr_par' dir='ltr' id='par_1_71' title="bbox 1015 1202 1815 1243">
     <span class='ocr_line' id='line_1_71' title="bbox 1015 1202 1815 1243; baseline -0.011 -7"><span class='ocrx_word' id='word_1_498' title='bbox 1015 1216 1128 1235; x_wconf 79' lang='grc' dir='ltr'>σποινιν</span> <span class='ocrx_word' id='word_1_499' title='bbox 1145 1209 1173 1235; x_wconf 86' lang='grc' dir='ltr'><strong>ὲν</strong></span> <span class='ocrx_word' id='word_1_500' title='bbox 1195 1207 1286 1243; x_wconf 80' lang='grc' dir='ltr'>χάριτι</span> <span class='ocrx_word' id='word_1_501' title='bbox 1308 1204 1494 1240; x_wconf 83' lang='grc' dir='ltr'>γεγενημένην</span> <span class='ocrx_word' id='word_1_502' title='bbox 1514 1204 1606 1238; x_wconf 79' lang='grc' dir='ltr'>πάσης</span> <span class='ocrx_word' id='word_1_503' title='bbox 1625 1203 1679 1238; x_wconf 83' lang='grc' dir='ltr'><strong>τῆς</strong></span> <span class='ocrx_word' id='word_1_504' title='bbox 1700 1202 1815 1232; x_wconf 76' lang='grc' dir='ltr'>κτίσεως</span> 
     </span>
    </p>
   </div>
   <div class='ocr_carea' id='block_1_72' title="bbox 1014 1248 1816 1289">
    <p class='ocr_par' dir='ltr' id='par_1_72' title="bbox 1014 1248 1816 1289">
     <span class='ocr_line' id='line_1_72' title="bbox 1014 1248 1816 1289; baseline -0.01 -9"><span class='ocrx_word' id='word_1_505' title='bbox 1014 1252 1160 1289; x_wconf 87' lang='grc' dir='ltr'>προσκυνῶ</span> <span class='ocrx_word' id='word_1_506' title='bbox 1177 1252 1224 1279; x_wconf 73' lang='grc' dir='ltr'>καὶ</span> <span class='ocrx_word' id='word_1_507' title='bbox 1236 1251 1319 1287; x_wconf 81' lang='grc' dir='ltr'>τιμῶ.</span> <span class='ocrx_word' id='word_1_508' title='bbox 1335 1251 1391 1278; x_wconf 82' lang='lat' dir='ltr'><strong>Kal.</strong></span> <span class='ocrx_word' id='word_1_509' title='bbox 1407 1250 1452 1276; x_wconf 80' lang='grc' dir='ltr'>τὸν</span> <span class='ocrx_word' id='word_1_510' title='bbox 1468 1248 1545 1285; x_wconf 83' lang='grc' dir='ltr'><strong>παρά</strong></span> <span class='ocrx_word' id='word_1_511' title='bbox 1565 1249 1751 1284; x_wconf 76' lang='grc' dir='ltr'>Χριπιανοῖς</span> <span class='ocrx_word' id='word_1_512' title='bbox 1769 1256 1816 1282; x_wconf 79' lang='grc' dir='ltr'>μυ-</span> 
     </span>
    </p>
   </div>
   <div class='ocr_carea' id='block_1_73' title="bbox 1016 1292 1817 1335">
    <p class='ocr_par' dir='ltr' id='par_1_73' title="bbox 1016 1292 1817 1335">
     <span class='ocr_line' id='line_1_73' title="bbox 1016 1292 1817 1335; baseline -0.011 -8"><span class='ocrx_word' id='word_1_513' title='bbox 1016 1299 1115 1331; x_wconf 84' lang='grc' dir='ltr'>στικῶς</span> <span class='ocrx_word' id='word_1_514' title='bbox 1136 1297 1361 1335; x_wconf 80' lang='grc' dir='ltr'>ίερουργούμενον</span> <span class='ocrx_word' id='word_1_515' title='bbox 1383 1296 1464 1332; x_wconf 82' lang='grc' dir='ltr'>ἄρτον</span> <span class='ocrx_word' id='word_1_516' title='bbox 1484 1295 1533 1322; x_wconf 79' lang='grc' dir='ltr'>καὶ</span> <span class='ocrx_word' id='word_1_517' title='bbox 1554 1294 1600 1321; x_wconf 78' lang='grc' dir='ltr'>τὸν</span> <span class='ocrx_word' id='word_1_518' title='bbox 1625 1292 1714 1326; x_wconf 79' lang='grc' dir='ltr'>οἶνον,</span> <span class='ocrx_word' id='word_1_519' title='bbox 1731 1293 1771 1325; x_wconf 88' lang='grc' dir='ltr'>ὡς</span> <span class='ocrx_word' id='word_1_520' title='bbox 1790 1294 1817 1319; x_wconf 66' lang='grc' dir='ltr'><strong>ἐν</strong></span> 
     </span>
    </p>
   </div>
   <div class='ocr_carea' id='block_1_74' title="bbox 1015 1340 1817 1379">
    <p class='ocr_par' dir='ltr' id='par_1_74' title="bbox 1015 1340 1817 1379">
     <span class='ocr_line' id='line_1_74' title="bbox 1015 1340 1817 1379; baseline -0.01 -6"><span class='ocrx_word' id='word_1_521' title='bbox 1015 1347 1075 1378; x_wconf 76' lang='grc' dir='ltr'>ταῖς</span> <span class='ocrx_word' id='word_1_522' title='bbox 1091 1346 1178 1378; x_wconf 84' lang='grc' dir='ltr'>θείαις</span> <span class='ocrx_word' id='word_1_523' title='bbox 1194 1345 1316 1376; x_wconf 83' lang='grc' dir='ltr'>τελεταῖς</span> <span class='ocrx_word' id='word_1_524' title='bbox 1332 1342 1584 1379; x_wconf 73' lang='grc' dir='ltr'>μεταλαμσάνουσι,</span> <span class='ocrx_word' id='word_1_525' title='bbox 1602 1340 1755 1375; x_wconf 81' lang='grc' dir='ltr'>πείθομαι,</span> <span class='ocrx_word' id='word_1_526' title='bbox 1773 1340 1817 1366; x_wconf 77' lang='grc' dir='ltr'>καὶ</span> 
     </span>
    </p>
   </div>
   <div class='ocr_carea' id='block_1_75' title="bbox 1015 1385 1818 1428">
    <p class='ocr_par' dir='ltr' id='par_1_75' title="bbox 1015 1385 1818 1428">
     <span class='ocr_line' id='line_1_75' title="bbox 1015 1385 1818 1428; baseline -0.007 -8"><span class='ocrx_word' id='word_1_527' title='bbox 1015 1392 1153 1428; x_wconf 72' lang='grc' dir='ltr'>ὁμολογῶ,</span> <span class='ocrx_word' id='word_1_528' title='bbox 1161 1392 1208 1420; x_wconf 79' lang='grc' dir='ltr'>καὶ</span> <span class='ocrx_word' id='word_1_529' title='bbox 1220 1390 1351 1422; x_wconf 77' lang='grc' dir='ltr'>πιστεύω,</span> <span class='ocrx_word' id='word_1_530' title='bbox 1360 1389 1440 1424; x_wconf 82' lang='grc' dir='ltr'>σῶμα</span> <span class='ocrx_word' id='word_1_531' title='bbox 1453 1388 1501 1416; x_wconf 69' lang='grc' dir='ltr'>καὶ</span> <span class='ocrx_word' id='word_1_532' title='bbox 1516 1385 1586 1423; x_wconf 76' lang='grc' dir='ltr'>αἷμα</span> <span class='ocrx_word' id='word_1_533' title='bbox 1598 1387 1675 1414; x_wconf 80' lang='grc' dir='ltr'><strong>κατά</strong></span> <span class='ocrx_word' id='word_1_534' title='bbox 1688 1386 1818 1422; x_wconf 61' lang='grc' dir='ltr'>ἀλήθεια</span> 
     </span>
    </p>
   </div>
   <div class='ocr_carea' id='block_1_76' title="bbox 1017 1433 1817 1474">
    <p class='ocr_par' dir='ltr' id='par_1_76' title="bbox 1017 1433 1817 1474">
     <span class='ocr_line' id='line_1_76' title="bbox 1017 1433 1817 1474; baseline -0.01 -8"><span class='ocrx_word' id='word_1_535' title='bbox 1017 1437 1085 1466; x_wconf 73' lang='grc' dir='ltr'>εἶναι</span> <span class='ocrx_word' id='word_1_536' title='bbox 1100 1439 1148 1466; x_wconf 82' lang='grc' dir='ltr'><strong>τοῦ</strong></span> <span class='ocrx_word' id='word_1_537' title='bbox 1165 1438 1268 1474; x_wconf 85' lang='grc' dir='ltr'>Κυρίου</span> <span class='ocrx_word' id='word_1_538' title='bbox 1288 1435 1375 1472; x_wconf 87' lang='grc' dir='ltr'><strong>Ἰησοῦ</strong></span> <span class='ocrx_word' id='word_1_539' title='bbox 1391 1435 1522 1471; x_wconf 77' lang='grc' dir='ltr'>Χριστοῦ,</span> <span class='ocrx_word' id='word_1_540' title='bbox 1538 1433 1773 1470; x_wconf 74' lang='grc' dir='ltr'>μεταϐαλλόμενα</span> <span class='ocrx_word' id='word_1_541' title='bbox 1787 1434 1817 1468; x_wconf 80' lang='grc' dir='ltr'><strong>τῇ</strong></span> 
     </span>
    </p>
   </div>
   <div class='ocr_carea' id='block_1_77' title="bbox 1018 1479 1818 1519">
    <p class='ocr_par' dir='ltr' id='par_1_77' title="bbox 1018 1479 1818 1519">
     <span class='ocr_line' id='line_1_77' title="bbox 1018 1479 1818 1519; baseline -0.01 -7"><span class='ocrx_word' id='word_1_542' title='bbox 1018 1485 1121 1512; x_wconf 78' lang='grc' dir='ltr'>ἐκείνου</span> <span class='ocrx_word' id='word_1_543' title='bbox 1139 1484 1215 1519; x_wconf 86' lang='grc' dir='ltr'><strong>θεῖκῇ</strong></span> <span class='ocrx_word' id='word_1_544' title='bbox 1231 1482 1345 1518; x_wconf 76' lang='grc' dir='ltr'>δυνάμει</span> <span class='ocrx_word' id='word_1_545' title='bbox 1367 1480 1467 1516; x_wconf 81' lang='grc' dir='ltr'>νοερῶς</span> <span class='ocrx_word' id='word_1_546' title='bbox 1483 1489 1513 1508; x_wconf 87' lang='grc' dir='ltr'><strong>τε</strong></span> <span class='ocrx_word' id='word_1_547' title='bbox 1534 1480 1582 1507; x_wconf 77' lang='grc' dir='ltr'>καὶ</span> <span class='ocrx_word' id='word_1_548' title='bbox 1602 1479 1734 1515; x_wconf 79' lang='grc' dir='ltr'>ἀοράτως</span> <span class='ocrx_word' id='word_1_549' title='bbox 1751 1479 1818 1514; x_wconf 75' lang='grc' dir='ltr'>ὑπὲρ</span> 
     </span>
    </p>
   </div>
   <div class='ocr_carea' id='block_1_78' title="bbox 1018 1524 1820 1565">
    <p class='ocr_par' dir='ltr' id='par_1_78' title="bbox 1018 1524 1820 1565">
     <span class='ocr_line' id='line_1_78' title="bbox 1018 1524 1820 1565; baseline -0.009 -8"><span class='ocrx_word' id='word_1_550' title='bbox 1018 1531 1108 1557; x_wconf 79' lang='grc' dir='ltr'>πᾶσαν</span> <span class='ocrx_word' id='word_1_551' title='bbox 1129 1529 1246 1565; x_wconf 86' lang='grc' dir='ltr'>φυσικὴν</span> <span class='ocrx_word' id='word_1_552' title='bbox 1267 1528 1382 1561; x_wconf 78' lang='grc' dir='ltr'>ἔννοιαν,</span> <span class='ocrx_word' id='word_1_553' title='bbox 1408 1527 1445 1559; x_wconf 89' lang='grc' dir='ltr'>ὼς</span> <span class='ocrx_word' id='word_1_554' title='bbox 1465 1524 1519 1553; x_wconf 75' lang='grc' dir='ltr'>οἶδε</span> <span class='ocrx_word' id='word_1_555' title='bbox 1544 1525 1625 1562; x_wconf 78' lang='grc' dir='ltr'>μόνος</span> <span class='ocrx_word' id='word_1_556' title='bbox 1648 1525 1757 1556; x_wconf 82' lang='grc' dir='ltr'>αὐτός·</span> <span class='ocrx_word' id='word_1_557' title='bbox 1774 1524 1820 1551; x_wconf 81' lang='grc' dir='ltr'>καὶ</span> 
     </span>
    </p>
   </div>
   <div class='ocr_carea' id='block_1_79' title="bbox 1017 1571 1819 1611">
    <p class='ocr_par' dir='ltr' id='par_1_79' title="bbox 1017 1571 1819 1611">
     <span class='ocr_line' id='line_1_79' title="bbox 1017 1571 1819 1611; baseline -0.01 -7"><span class='ocrx_word' id='word_1_558' title='bbox 1017 1577 1090 1604; x_wconf 73' lang='grc' dir='ltr'>οὕτω</span> <span class='ocrx_word' id='word_1_559' title='bbox 1117 1575 1195 1610; x_wconf 86' lang='grc' dir='ltr'>κάγὼ</span> <span class='ocrx_word' id='word_1_560' title='bbox 1218 1574 1423 1611; x_wconf 77' lang='grc' dir='ltr'>μεταλήψεσθαι</span> <span class='ocrx_word' id='word_1_561' title='bbox 1448 1572 1551 1599; x_wconf 80' lang='grc' dir='ltr'>τούτων</span> <span class='ocrx_word' id='word_1_562' title='bbox 1578 1571 1760 1606; x_wconf 75' lang='grc' dir='ltr'>συντίθεμαι,</span> <span class='ocrx_word' id='word_1_563' title='bbox 1784 1571 1819 1602; x_wconf 75' lang='grc' dir='ltr'>ὡς</span> 
     </span>
    </p>
   </div>
   <div class='ocr_carea' id='block_1_80' title="bbox 1018 1614 1819 1657">
    <p class='ocr_par' dir='ltr' id='par_1_80' title="bbox 1018 1614 1819 1657">
     <span class='ocr_line' id='line_1_80' title="bbox 1018 1614 1819 1657; baseline -0.011 -8"><span class='ocrx_word' id='word_1_564' title='bbox 1018 1621 1088 1649; x_wconf 85' lang='grc' dir='ltr'>κατὰ</span> <span class='ocrx_word' id='word_1_565' title='bbox 1100 1621 1228 1657; x_wconf 85' lang='grc' dir='ltr'>ἀλήθειαν</span> <span class='ocrx_word' id='word_1_566' title='bbox 1244 1620 1328 1651; x_wconf 72' lang='grc' dir='ltr'>ὅντως</span> <span class='ocrx_word' id='word_1_567' title='bbox 1349 1618 1449 1654; x_wconf 84' lang='grc' dir='ltr'>σαρκός</span> <span class='ocrx_word' id='word_1_568' title='bbox 1464 1625 1493 1644; x_wconf 71' lang='grc' dir='ltr'><strong>τι</strong></span> <span class='ocrx_word' id='word_1_569' title='bbox 1519 1616 1562 1643; x_wconf 63' lang='grc' dir='ltr'>καὶ</span> <span class='ocrx_word' id='word_1_570' title='bbox 1576 1616 1700 1651; x_wconf 82' lang='grc' dir='ltr'>αἵματος</span> <span class='ocrx_word' id='word_1_571' title='bbox 1725 1614 1819 1646; x_wconf 65' lang='grc' dir='ltr'>αὒτοῦ,</span> 
     </span>
    </p>
   </div>
   <div class='ocr_carea' id='block_1_81' title="bbox 1018 1661 1873 1702">
    <p class='ocr_par' dir='ltr' id='par_1_81' title="bbox 1018 1661 1873 1702">
     <span class='ocr_line' id='line_1_81' title="bbox 1018 1661 1873 1702; baseline -0.011 -7"><span class='ocrx_word' id='word_1_572' title='bbox 1018 1669 1067 1695; x_wconf 76' lang='lat' dir='ltr'><strong>xal.</strong></span> <span class='ocrx_word' id='word_1_573' title='bbox 1087 1669 1127 1700; x_wconf 87' lang='grc' dir='ltr'><strong>είς</strong></span> <span class='ocrx_word' id='word_1_574' title='bbox 1144 1666 1283 1702; x_wconf 80' lang='grc' dir='ltr'>ἀγιασμδν</span> <span class='ocrx_word' id='word_1_575' title='bbox 1299 1665 1389 1700; x_wconf 69' lang='grc' dir='ltr'>ψυχῆς</span> <span class='ocrx_word' id='word_1_576' title='bbox 1406 1673 1437 1691; x_wconf 84' lang='grc' dir='ltr'><strong>τε</strong></span> <span class='ocrx_word' id='word_1_577' title='bbox 1457 1663 1505 1690; x_wconf 75' lang='grc' dir='ltr'>καὶ</span> <span class='ocrx_word' id='word_1_578' title='bbox 1521 1664 1662 1698; x_wconf 74' lang='grc' dir='ltr'>σώματος,</span> <span class='ocrx_word' id='word_1_579' title='bbox 1682 1662 1734 1688; x_wconf 76' lang='grc' dir='ltr'>καὶ</span> <span class='ocrx_word' id='word_1_580' title='bbox 1750 1661 1820 1695; x_wconf 64' lang='grc' dir='ltr'>ζωὴν</span> 
     </span>
    </p>
   </div>
   <div class='ocr_carea' id='block_1_82' title="bbox 1019 1707 1821 1746">
    <p class='ocr_par' dir='ltr' id='par_1_82' title="bbox 1019 1707 1821 1746">
     <span class='ocr_line' id='line_1_82' title="bbox 1019 1707 1821 1746; baseline -0.01 -7"><span class='ocrx_word' id='word_1_581' title='bbox 1019 1712 1137 1744; x_wconf 85' lang='grc' dir='ltr'>αἰώνιον,</span> <span class='ocrx_word' id='word_1_582' title='bbox 1160 1711 1208 1741; x_wconf 72' lang='grc' dir='ltr'>καὶ</span> <span class='ocrx_word' id='word_1_583' title='bbox 1231 1710 1368 1746; x_wconf 83' lang='grc' dir='ltr'>βασιλείαν</span> <span class='ocrx_word' id='word_1_584' title='bbox 1388 1708 1509 1745; x_wconf 80' lang='grc' dir='ltr'>οὐρανῶν</span> <span class='ocrx_word' id='word_1_585' title='bbox 1529 1707 1721 1743; x_wconf 76' lang='grc' dir='ltr'>κληρονομίαν</span> <span class='ocrx_word' id='word_1_586' title='bbox 1742 1714 1821 1741; x_wconf 75' lang='grc' dir='ltr'>μετα-</span> 
     </span>
    </p>
   </div>
   <div class='ocr_carea' id='block_1_83' title="bbox 1019 1748 1873 1793">
    <p class='ocr_par' dir='ltr' id='par_1_83' title="bbox 1019 1748 1873 1793">
     <span class='ocr_line' id='line_1_83' title="bbox 1019 1748 1873 1793; baseline -0.012 -8"><span class='ocrx_word' id='word_1_587' title='bbox 1019 1757 1243 1793; x_wconf 77' lang='grc' dir='ltr'>λαμϐανομένων,</span> <span class='ocrx_word' id='word_1_588' title='bbox 1264 1756 1321 1787; x_wconf 88' lang='grc' dir='ltr'>τοῖς</span> <span class='ocrx_word' id='word_1_589' title='bbox 1341 1755 1430 1785; x_wconf 74' lang='grc' dir='ltr'>αὐτῶν</span> <span class='ocrx_word' id='word_1_590' title='bbox 1455 1754 1484 1780; x_wconf 80' lang='grc' dir='ltr'>ὲν</span> <span class='ocrx_word' id='word_1_591' title='bbox 1507 1752 1599 1779; x_wconf 82' lang='grc' dir='ltr'>πίστει</span> <span class='ocrx_word' id='word_1_592' title='bbox 1625 1751 1725 1787; x_wconf 67' lang='grc' dir='ltr'>τελείᾳ</span> <span class='ocrx_word' id='word_1_593' title='bbox 1742 1751 1820 1786; x_wconf 75' lang='grc' dir='ltr'>μετέ-</span> <span class='ocrx_word' id='word_1_594' title='bbox 1872 1748 1873 1765; x_wconf 48' lang='grc' dir='ltr'><strong>ἶ</strong></span> 
     </span>
    </p>
   </div>
   <div class='ocr_carea' id='block_1_84' title="bbox 1020 1797 1819 1843">
    <p class='ocr_par' dir='ltr' id='par_1_84' title="bbox 1020 1797 1819 1843">
     <span class='ocr_line' id='line_1_84' title="bbox 1020 1797 1819 1843; baseline -0.011 -12"><span class='ocrx_word' id='word_1_595' title='bbox 1020 1812 1106 1843; x_wconf 82' lang='grc' dir='ltr'>χουσι.</span> <span class='ocrx_word' id='word_1_596' title='bbox 1121 1803 1178 1830; x_wconf 79' lang='lat' dir='ltr'><strong>Kal.</strong></span> <span class='ocrx_word' id='word_1_597' title='bbox 1192 1803 1224 1829; x_wconf 81' lang='grc' dir='ltr'>τὸ</span> <span class='ocrx_word' id='word_1_598' title='bbox 1238 1802 1316 1836; x_wconf 73' lang='grc' dir='ltr'>ἅγιον</span> <span class='ocrx_word' id='word_1_599' title='bbox 1341 1800 1389 1828; x_wconf 85' lang='grc' dir='ltr'><strong>τοῦ</strong></span> <span class='ocrx_word' id='word_1_600' title='bbox 1413 1798 1532 1836; x_wconf 75' lang='grc' dir='ltr'>Χριστοῦ</span> <span class='ocrx_word' id='word_1_601' title='bbox 1559 1797 1726 1833; x_wconf 79' lang='grc' dir='ltr'>βάπτισμα,</span> <span class='ocrx_word' id='word_1_602' title='bbox 1755 1797 1819 1831; x_wconf 70' lang='grc' dir='ltr'>μετὰ</span> 
     </span>
    </p>
   </div>
   <div class='ocr_carea' id='block_1_85' title="bbox 1020 1844 1820 1886">
    <p class='ocr_par' dir='ltr' id='par_1_85' title="bbox 1020 1844 1820 1886">
     <span class='ocr_line' id='line_1_85' title="bbox 1020 1844 1820 1886; baseline -0.011 -8"><span class='ocrx_word' id='word_1_603' title='bbox 1020 1850 1144 1886; x_wconf 81' lang='grc' dir='ltr'>καθαρᾶς</span> <span class='ocrx_word' id='word_1_604' title='bbox 1160 1849 1207 1876; x_wconf 79' lang='grc' dir='ltr'>καὶ</span> <span class='ocrx_word' id='word_1_605' title='bbox 1219 1848 1313 1875; x_wconf 80' lang='grc' dir='ltr'>ἀδόλου</span> <span class='ocrx_word' id='word_1_606' title='bbox 1329 1847 1417 1883; x_wconf 80' lang='grc' dir='ltr'>ψυχῆς</span> <span class='ocrx_word' id='word_1_607' title='bbox 1439 1845 1487 1873; x_wconf 85' lang='grc' dir='ltr'>καὶ</span> <span class='ocrx_word' id='word_1_608' title='bbox 1502 1845 1630 1882; x_wconf 82' lang='grc' dir='ltr'>καρδίας,</span> <span class='ocrx_word' id='word_1_609' title='bbox 1650 1844 1775 1875; x_wconf 76' lang='grc' dir='ltr'>πίστεως</span> <span class='ocrx_word' id='word_1_610' title='bbox 1785 1844 1820 1869; x_wconf 73' lang='grc' dir='ltr'><strong>εἰ·</strong></span> 
     </span>
    </p>
   </div>
   <div class='ocr_carea' id='block_1_86' title="bbox 1019 1889 1819 1932">
    <p class='ocr_par' dir='ltr' id='par_1_86' title="bbox 1019 1889 1819 1932">
     <span class='ocr_line' id='line_1_86' title="bbox 1019 1889 1819 1932; baseline -0.011 -9"><span class='ocrx_word' id='word_1_611' title='bbox 1019 1895 1157 1932; x_wconf 80' lang='grc' dir='ltr'>λικρινοῦς</span> <span class='ocrx_word' id='word_1_612' title='bbox 1171 1893 1293 1929; x_wconf 79' lang='grc' dir='ltr'>ἐπιζητῶ</span> <span class='ocrx_word' id='word_1_613' title='bbox 1311 1893 1451 1928; x_wconf 73' lang='grc' dir='ltr'>δέξασθαι,</span> <span class='ocrx_word' id='word_1_614' title='bbox 1472 1889 1740 1926; x_wconf 72' lang='grc' dir='ltr'>πληροφορούμιενος</span> <span class='ocrx_word' id='word_1_615' title='bbox 1759 1889 1819 1923; x_wconf 75' lang='grc' dir='ltr'>ἀλη-</span> 
     </span>
    </p>
   </div>
   <div class='ocr_carea' id='block_1_87' title="bbox 1021 1934 1819 1977">
    <p class='ocr_par' dir='ltr' id='par_1_87' title="bbox 1021 1934 1819 1977">
     <span class='ocr_line' id='line_1_87' title="bbox 1021 1934 1819 1977; baseline -0.011 -8"><span class='ocrx_word' id='word_1_616' title='bbox 1021 1941 1075 1974; x_wconf 83' lang='grc' dir='ltr'><strong>θῶς</strong></span> <span class='ocrx_word' id='word_1_617' title='bbox 1098 1941 1231 1977; x_wconf 81' lang='grc' dir='ltr'>κάθαρσιν</span> <span class='ocrx_word' id='word_1_618' title='bbox 1255 1939 1321 1967; x_wconf 75' lang='grc' dir='ltr'>αὐτὸ</span> <span class='ocrx_word' id='word_1_619' title='bbox 1347 1938 1445 1974; x_wconf 87' lang='grc' dir='ltr'>νοητὴν</span> <span class='ocrx_word' id='word_1_620' title='bbox 1472 1934 1552 1968; x_wconf 75' lang='grc' dir='ltr'>εἶναι,</span> <span class='ocrx_word' id='word_1_621' title='bbox 1567 1936 1617 1962; x_wconf 77' lang='grc' dir='ltr'>καὶ</span> <span class='ocrx_word' id='word_1_622' title='bbox 1638 1935 1819 1970; x_wconf 68' lang='grc' dir='ltr'>ἀναγεννηπν</span> 
     </span>
    </p>
   </div>
   <div class='ocr_carea' id='block_1_88' title="bbox 1020 1986 1363 2025">
    <p class='ocr_par' dir='ltr' id='par_1_88' title="bbox 1020 1986 1363 2025">
     <span class='ocr_line' id='line_1_88' title="bbox 1020 1986 1363 2025; baseline -0.009 -10"><span class='ocrx_word' id='word_1_623' title='bbox 1020 1988 1108 2025; x_wconf 72' lang='grc' dir='ltr'>ψυχῆς</span> <span class='ocrx_word' id='word_1_624' title='bbox 1124 1996 1153 2014; x_wconf 87' lang='grc' dir='ltr'>τε</span> <span class='ocrx_word' id='word_1_625' title='bbox 1168 1988 1215 2014; x_wconf 75' lang='grc' dir='ltr'>καὶ</span> <span class='ocrx_word' id='word_1_626' title='bbox 1227 1986 1363 2022; x_wconf 87' lang='grc' dir='ltr'>σώματος.</span> 
     </span>
    </p>
   </div>
   <div class='ocr_carea' id='block_1_89' title="bbox 1056 2027 1816 2068">
    <p class='ocr_par' dir='ltr' id='par_1_89' title="bbox 1056 2027 1816 2068">
     <span class='ocr_line' id='line_1_89' title="bbox 1056 2027 1816 2068; baseline -0.012 -7"><span class='ocrx_word' id='word_1_627' title='bbox 1056 2034 1112 2061; x_wconf 83' lang='lat' dir='ltr'><strong>Kal.</strong></span> <span class='ocrx_word' id='word_1_628' title='bbox 1126 2033 1173 2060; x_wconf 77' lang='grc' dir='ltr'><strong>τὸν</strong></span> <span class='ocrx_word' id='word_1_629' title='bbox 1187 2032 1334 2068; x_wconf 77' lang='grc' dir='ltr'>σεΰάσμιον</span> <span class='ocrx_word' id='word_1_630' title='bbox 1349 2031 1377 2057; x_wconf 83' lang='grc' dir='ltr'><strong>δὲ</strong></span> <span class='ocrx_word' id='word_1_631' title='bbox 1390 2030 1508 2066; x_wconf 70' lang='grc' dir='ltr'>σταυρὸν</span> <span class='ocrx_word' id='word_1_632' title='bbox 1527 2028 1574 2055; x_wconf 90' lang='grc' dir='ltr'><strong>τοῦ</strong></span> <span class='ocrx_word' id='word_1_633' title='bbox 1590 2027 1679 2054; x_wconf 72' lang='grc' dir='ltr'>αὐτοῦ</span> <span class='ocrx_word' id='word_1_634' title='bbox 1695 2027 1816 2062; x_wconf 64' lang='grc' dir='ltr'>ἀληθινρ</span> 
     </span>
    </p>
   </div>
   <div class='ocr_carea' id='block_1_90' title="bbox 1022 2073 1817 2116">
    <p class='ocr_par' dir='ltr' id='par_1_90' title="bbox 1022 2073 1817 2116">
     <span class='ocr_line' id='line_1_90' title="bbox 1022 2073 1817 2116; baseline -0.013 -8"><span class='ocrx_word' id='word_1_635' title='bbox 1022 2079 1140 2116; x_wconf 80' lang='grc' dir='ltr'>Χριστοῦ</span> <span class='ocrx_word' id='word_1_636' title='bbox 1156 2079 1204 2106; x_wconf 81' lang='grc' dir='ltr'><strong>καὶ</strong></span> <span class='ocrx_word' id='word_1_637' title='bbox 1215 2077 1283 2108; x_wconf 82' lang='grc' dir='ltr'>Θεοῦ</span> <span class='ocrx_word' id='word_1_638' title='bbox 1298 2076 1378 2113; x_wconf 83' lang='grc' dir='ltr'>ἡμῶν</span> <span class='ocrx_word' id='word_1_639' title='bbox 1393 2076 1432 2108; x_wconf 86' lang='grc' dir='ltr'>ὡς</span> <span class='ocrx_word' id='word_1_640' title='bbox 1447 2077 1499 2102; x_wconf 76' lang='grc' dir='ltr'>οὐκ</span> <span class='ocrx_word' id='word_1_641' title='bbox 1515 2074 1555 2101; x_wconf 71' lang='grc' dir='ltr'>ἔτι</span> <span class='ocrx_word' id='word_1_642' title='bbox 1568 2073 1677 2109; x_wconf 78' lang='grc' dir='ltr'>φθορᾶς</span> <span class='ocrx_word' id='word_1_643' title='bbox 1692 2073 1742 2100; x_wconf 71' lang='grc' dir='ltr'>καὶ</span> <span class='ocrx_word' id='word_1_644' title='bbox 1757 2073 1817 2108; x_wconf 68' lang='grc' dir='ltr'>ἀρᾶς</span> 
     </span>
    </p>
   </div>
   <div class='ocr_carea' id='block_1_91' title="bbox 1022 2119 1816 2161">
    <p class='ocr_par' dir='ltr' id='par_1_91' title="bbox 1022 2119 1816 2161">
     <span class='ocr_line' id='line_1_91' title="bbox 1022 2119 1816 2161; baseline -0.01 -9"><span class='ocrx_word' id='word_1_645' title='bbox 1022 2125 1146 2161; x_wconf 78' lang='grc' dir='ltr'>ὕργανον,</span> <span class='ocrx_word' id='word_1_646' title='bbox 1164 2123 1221 2150; x_wconf 82' lang='grc' dir='ltr'>ἀλλ’</span> <span class='ocrx_word' id='word_1_647' title='bbox 1238 2121 1397 2158; x_wconf 72' lang='grc' dir='ltr'>ἐλευθερίας</span> <span class='ocrx_word' id='word_1_648' title='bbox 1412 2121 1460 2148; x_wconf 80' lang='grc' dir='ltr'>καὶ</span> <span class='ocrx_word' id='word_1_649' title='bbox 1476 2119 1550 2156; x_wconf 84' lang='grc' dir='ltr'>ζωῆς</span> <span class='ocrx_word' id='word_1_650' title='bbox 1571 2119 1701 2151; x_wconf 80' lang='grc' dir='ltr'>αἰωνίου,</span> <span class='ocrx_word' id='word_1_651' title='bbox 1714 2119 1763 2146; x_wconf 70' lang='grc' dir='ltr'>καὶ</span> <span class='ocrx_word' id='word_1_652' title='bbox 1775 2127 1816 2152; x_wconf 70' lang='grc' dir='ltr'><strong>ση-</strong></span> 
     </span>
    </p>
   </div>
   <div class='ocr_carea' id='block_1_92' title="bbox 182 2165 1170 2211">
    <p class='ocr_par' dir='ltr' id='par_1_92' title="bbox 182 2171 1165 2211">
     <span class='ocr_line' id='line_1_92' title="bbox 182 2171 1165 2211; baseline -0.005 -9"><span class='ocrx_word' id='word_1_653' title='bbox 182 2179 330 2210; x_wconf 77' lang='lat' dir='ltr'><strong>perpetuae,</strong></span> <span class='ocrx_word' id='word_1_654' title='bbox 343 2175 506 2211; x_wconf 79' lang='lat' dir='ltr'><strong>signumque</strong></span> <span class='ocrx_word' id='word_1_655' title='bbox 524 2173 647 2201; x_wconf 65' lang='lat' dir='ltr'><strong>victoria:</strong></span> <span class='ocrx_word' id='word_1_656' title='bbox 667 2172 798 2200; x_wconf 83' lang='lat' dir='ltr'><strong>adversus</strong></span> <span class='ocrx_word' id='word_1_657' title='bbox 814 2175 929 2199; x_wconf 89' lang='lat' dir='ltr'><strong>mortem</strong></span> <span class='ocrx_word' id='word_1_658' title='bbox 943 2174 971 2199; x_wconf 83' lang='lat' dir='ltr'><strong>et</strong></span> <span class='ocrx_word' id='word_1_659' title='bbox 986 2177 1009 2207; x_wconf 78' lang='grc' dir='ltr'><strong>ι)</strong></span> <span class='ocrx_word' id='word_1_660' title='bbox 1025 2173 1099 2207; x_wconf 87' lang='grc' dir='ltr'>μεῖον</span> <span class='ocrx_word' id='word_1_661' title='bbox 1114 2171 1165 2206; x_wconf 85' lang='grc' dir='ltr'><strong>τῆς</strong></span> 
     </span>
    </p>
   </div>
   <div class='ocr_carea' id='block_1_93' title="bbox 1056 2165 1816 2211">
    <p class='ocr_par' dir='ltr' id='par_1_93' title="bbox 1058 2165 1816 2206">
     <span class='ocr_line' id='line_1_93' title="bbox 1058 2165 1816 2206; baseline -0.008 -8"><span class='ocrx_word' id='word_1_662' title='bbox 1058 2173 1099 2198; x_wconf 91' lang='grc' dir='ltr'><strong>ῖον</strong></span> <span class='ocrx_word' id='word_1_663' title='bbox 1114 2171 1165 2206; x_wconf 87' lang='grc' dir='ltr'><strong>τῆς</strong></span> <span class='ocrx_word' id='word_1_664' title='bbox 1181 2169 1252 2197; x_wconf 83' lang='grc' dir='ltr'><strong>κατά</strong></span> <span class='ocrx_word' id='word_1_665' title='bbox 1264 2168 1312 2195; x_wconf 90' lang='grc' dir='ltr'><strong>τοῦ</strong></span> <span class='ocrx_word' id='word_1_666' title='bbox 1327 2168 1444 2195; x_wconf 78' lang='grc' dir='ltr'>θανάτου</span> <span class='ocrx_word' id='word_1_667' title='bbox 1462 2167 1510 2194; x_wconf 79' lang='grc' dir='ltr'>καὶ</span> <span class='ocrx_word' id='word_1_668' title='bbox 1525 2166 1573 2193; x_wconf 87' lang='grc' dir='ltr'><strong>τοῦ</strong></span> <span class='ocrx_word' id='word_1_669' title='bbox 1585 2165 1719 2194; x_wconf 66' lang='grc' dir='ltr'>διαϐόλου</span> <span class='ocrx_word' id='word_1_670' title='bbox 1734 2166 1816 2199; x_wconf 66' lang='grc' dir='ltr'>νίκης·</span> 
     </span>
    </p>
   </div>
   <div class='ocr_carea' id='block_1_94' title="bbox 183 2217 972 2256">
    <p class='ocr_par' dir='ltr' id='par_1_94' title="bbox 183 2217 972 2256">
     <span class='ocr_line' id='line_1_94' title="bbox 183 2217 972 2256; baseline -0.005 -8"><span class='ocrx_word' id='word_1_671' title='bbox 183 2221 322 2249; x_wconf 85' lang='lat' dir='ltr'><strong>diabolum</strong></span> <span class='ocrx_word' id='word_1_672' title='bbox 337 2225 438 2256; x_wconf 60' lang='lat' dir='ltr'><strong>partae;</strong></span> <span class='ocrx_word' id='word_1_673' title='bbox 455 2225 536 2256; x_wconf 88' lang='lat' dir='ltr'><strong>atque</strong></span> <span class='ocrx_word' id='word_1_674' title='bbox 550 2219 640 2247; x_wconf 89' lang='lat' dir='ltr'><strong>adhuc</strong></span> <span class='ocrx_word' id='word_1_675' title='bbox 653 2218 824 2247; x_wconf 83' lang='lat' dir='ltr'><strong>venerandas</strong></span> <span class='ocrx_word' id='word_1_676' title='bbox 840 2217 972 2252; x_wconf 79' lang='lat' dir='ltr'><strong>imagines</strong></span> 
     </span>
    </p>
   </div>
   <div class='ocr_carea' id='block_1_95' title="bbox 183 2263 972 2302">
    <p class='ocr_par' dir='ltr' id='par_1_95' title="bbox 183 2263 972 2302">
     <span class='ocr_line' id='line_1_95' title="bbox 183 2263 972 2302; baseline -0.006 -8"><span class='ocrx_word' id='word_1_677' title='bbox 183 2271 243 2294; x_wconf 85' lang='lat' dir='ltr'><strong>tum</strong></span> <span class='ocrx_word' id='word_1_678' title='bbox 262 2267 413 2302; x_wconf 67' lang='lat' dir='ltr'><strong>praesentiae</strong></span> <span class='ocrx_word' id='word_1_679' title='bbox 434 2266 481 2293; x_wconf 87' lang='lat' dir='ltr'><strong>Dei</strong></span> <span class='ocrx_word' id='word_1_680' title='bbox 504 2265 584 2294; x_wconf 84' lang='lat' dir='ltr'><strong>Verbi</strong></span> <span class='ocrx_word' id='word_1_681' title='bbox 604 2264 755 2293; x_wconf 85' lang='lat' dir='ltr'><strong>secundum</strong></span> <span class='ocrx_word' id='word_1_682' title='bbox 776 2271 885 2292; x_wconf 86' lang='lat' dir='ltr'><strong>carnem</strong></span> <span class='ocrx_word' id='word_1_683' title='bbox 901 2263 972 2290; x_wconf 86' lang='lat' dir='ltr'><strong>inter</strong></span> 
     </span>
    </p>
   </div>
   <div class='ocr_carea' id='block_1_96' title="bbox 184 2309 973 2346">
    <p class='ocr_par' dir='ltr' id='par_1_96' title="bbox 184 2309 973 2346">
     <span class='ocr_line' id='line_1_96' title="bbox 184 2309 973 2346; baseline -0.005 -7"><span class='ocrx_word' id='word_1_684' title='bbox 184 2312 320 2344; x_wconf 82' lang='lat' dir='ltr'><strong>homines,</strong></span> <span class='ocrx_word' id='word_1_685' title='bbox 345 2316 402 2339; x_wconf 92' lang='lat' dir='ltr'><strong>tum</strong></span> <span class='ocrx_word' id='word_1_686' title='bbox 426 2311 579 2346; x_wconf 55' lang='lat' dir='ltr'><strong>purissima</strong></span> <span class='ocrx_word' id='word_1_687' title='bbox 601 2311 714 2346; x_wconf 84' lang='lat' dir='ltr'><strong>virginis</strong></span> <span class='ocrx_word' id='word_1_688' title='bbox 729 2309 775 2338; x_wconf 91' lang='lat' dir='ltr'><strong>Dei</strong></span> <span class='ocrx_word' id='word_1_689' title='bbox 801 2309 896 2337; x_wconf 83' lang='lat' dir='ltr'><strong>Matris</strong></span> <span class='ocrx_word' id='word_1_690' title='bbox 913 2316 973 2345; x_wconf 61' lang='lat' dir='ltr'><strong>quae</strong></span> 
     </span>
    </p>
   </div>
   <div class='ocr_carea' id='block_1_97' title="bbox 185 2355 971 2393">
    <p class='ocr_par' dir='ltr' id='par_1_97' title="bbox 185 2355 971 2393">
     <span class='ocr_line' id='line_1_97' title="bbox 185 2355 971 2393; baseline -0.004 -8"><span class='ocrx_word' id='word_1_691' title='bbox 185 2356 358 2385; x_wconf 69' lang='lat' dir='ltr'><strong>ineﬁ‘ahiliter</strong></span> <span class='ocrx_word' id='word_1_692' title='bbox 373 2365 434 2385; x_wconf 90' lang='lat' dir='ltr'><strong>eum</strong></span> <span class='ocrx_word' id='word_1_693' title='bbox 449 2358 553 2393; x_wconf 78' lang='lat' dir='ltr'><strong>genuit,</strong></span> <span class='ocrx_word' id='word_1_694' title='bbox 565 2362 621 2385; x_wconf 94' lang='lat' dir='ltr'><strong>tum</strong></span> <span class='ocrx_word' id='word_1_695' title='bbox 632 2357 787 2385; x_wconf 86' lang='lat' dir='ltr'><strong>divinorum</strong></span> <span class='ocrx_word' id='word_1_696' title='bbox 802 2355 971 2390; x_wconf 78' lang='lat' dir='ltr'><strong>angelorum,</strong></span> 
     </span>
    </p>
   </div>
   <div class='ocr_carea' id='block_1_98' title="bbox 185 2400 972 2437">
    <p class='ocr_par' dir='ltr' id='par_1_98' title="bbox 185 2400 972 2437">
     <span class='ocr_line' id='line_1_98' title="bbox 185 2400 972 2437; baseline -0.005 -7"><span class='ocrx_word' id='word_1_697' title='bbox 185 2406 244 2430; x_wconf 88' lang='lat' dir='ltr'><strong>tum</strong></span> <span class='ocrx_word' id='word_1_698' title='bbox 260 2402 377 2437; x_wconf 88' lang='lat' dir='ltr'><strong>denique</strong></span> <span class='ocrx_word' id='word_1_699' title='bbox 391 2406 549 2430; x_wconf 83' lang='lat' dir='ltr'><strong>sanctorum</strong></span> <span class='ocrx_word' id='word_1_700' title='bbox 565 2402 687 2429; x_wconf 89' lang='lat' dir='ltr'><strong>omnium</strong></span> <span class='ocrx_word' id='word_1_701' title='bbox 697 2423 704 2435; x_wconf 85' lang='lat'><strong>,</strong></span> <span class='ocrx_word' id='word_1_702' title='bbox 722 2401 840 2437; x_wconf 88' lang='lat' dir='ltr'><strong>recipio,</strong></span> <span class='ocrx_word' id='word_1_703' title='bbox 857 2400 972 2433; x_wconf 92' lang='lat' dir='ltr'><strong>honoro,</strong></span> 
     </span>
    </p>
   </div>
   <div class='ocr_carea' id='block_1_99' title="bbox 186 2446 974 2483">
    <p class='ocr_par' dir='ltr' id='par_1_99' title="bbox 186 2446 974 2483">
     <span class='ocr_line' id='line_1_99' title="bbox 186 2446 974 2483; baseline -0.003 -9"><span class='ocrx_word' id='word_1_704' title='bbox 186 2447 337 2483; x_wconf 85' lang='lat' dir='ltr'><strong>amplector</strong></span> <span class='ocrx_word' id='word_1_705' title='bbox 354 2447 434 2474; x_wconf 80' lang='lat' dir='ltr'><strong>&#39;velut</strong></span> <span class='ocrx_word' id='word_1_706' title='bbox 456 2447 579 2482; x_wconf 88' lang='lat' dir='ltr'><strong>symbola</strong></span> <span class='ocrx_word' id='word_1_707' title='bbox 597 2451 625 2474; x_wconf 88' lang='lat' dir='ltr'><strong>et</strong></span> <span class='ocrx_word' id='word_1_708' title='bbox 646 2446 747 2474; x_wconf 89' lang='lat' dir='ltr'><strong>indicia</strong></span> <span class='ocrx_word' id='word_1_709' title='bbox 768 2450 974 2481; x_wconf 84' lang='lat' dir='ltr'><strong>protolyporum</strong></span> 
     </span>
    </p>
   </div>
   <div class='ocr_carea' id='block_1_100' title="bbox 185 2492 973 2528">
    <p class='ocr_par' dir='ltr' id='par_1_100' title="bbox 185 2492 973 2528">
     <span class='ocr_line' id='line_1_100' title="bbox 185 2492 973 2528; baseline -0.003 -7"><span class='ocrx_word' id='word_1_710' title='bbox 185 2501 236 2521; x_wconf 73' lang='lat' dir='ltr'><strong>seu</strong></span> <span class='ocrx_word' id='word_1_711' title='bbox 260 2493 476 2528; x_wconf 79' lang='lat' dir='ltr'><strong>exemplarium:</strong></span> <span class='ocrx_word' id='word_1_712' title='bbox 494 2493 568 2527; x_wconf 80' lang='lat' dir='ltr'><strong>ipsos</strong></span> <span class='ocrx_word' id='word_1_713' title='bbox 594 2496 685 2520; x_wconf 78' lang='lat' dir='ltr'><strong>autem</strong></span> <span class='ocrx_word' id='word_1_714' title='bbox 718 2500 812 2520; x_wconf 80' lang='lat' dir='ltr'><strong>sacros</strong></span> <span class='ocrx_word' id='word_1_715' title='bbox 844 2492 973 2527; x_wconf 78' lang='lat' dir='ltr'><strong>angelos,</strong></span> 
     </span>
    </p>
   </div>
   <div class='ocr_carea' id='block_1_101' title="bbox 187 2537 974 2574">
    <p class='ocr_par' dir='ltr' id='par_1_101' title="bbox 187 2537 974 2574">
     <span class='ocr_line' id='line_1_101' title="bbox 187 2537 974 2574; baseline -0.004 -8"><span class='ocrx_word' id='word_1_716' title='bbox 187 2546 339 2574; x_wconf 86' lang='lat' dir='ltr'><strong>omnesque</strong></span> <span class='ocrx_word' id='word_1_717' title='bbox 354 2542 473 2569; x_wconf 86' lang='lat' dir='ltr'><strong>sanctos,</strong></span> <span class='ocrx_word' id='word_1_718' title='bbox 485 2546 540 2564; x_wconf 91' lang='lat' dir='ltr'><strong>non</strong></span> <span class='ocrx_word' id='word_1_719' title='bbox 553 2538 641 2566; x_wconf 91' lang='lat' dir='ltr'><strong>solum</strong></span> <span class='ocrx_word' id='word_1_720' title='bbox 657 2537 785 2572; x_wconf 89' lang='lat' dir='ltr'><strong>antiquos</strong></span> <span class='ocrx_word' id='word_1_721' title='bbox 805 2540 896 2572; x_wconf 85' lang='lat' dir='ltr'><strong>patres</strong></span> <span class='ocrx_word' id='word_1_722' title='bbox 912 2545 974 2564; x_wconf 92' lang='lat' dir='ltr'><strong>cum</strong></span> 
     </span>
    </p>
   </div>
   <div class='ocr_carea' id='block_1_102' title="bbox 187 2582 974 2621">
    <p class='ocr_par' dir='ltr' id='par_1_102' title="bbox 187 2582 974 2621">
     <span class='ocr_line' id='line_1_102' title="bbox 187 2582 974 2621; baseline -0.003 -9"><span class='ocrx_word' id='word_1_723' title='bbox 187 2585 337 2621; x_wconf 86' lang='lat' dir='ltr'><strong>prophetis,</strong></span> <span class='ocrx_word' id='word_1_724' title='bbox 353 2584 400 2612; x_wconf 90' lang='lat' dir='ltr'><strong>sed</strong></span> <span class='ocrx_word' id='word_1_725' title='bbox 415 2588 442 2611; x_wconf 87' lang='lat' dir='ltr'><strong>et</strong></span> <span class='ocrx_word' id='word_1_726' title='bbox 454 2584 592 2619; x_wconf 86' lang='lat' dir='ltr'><strong>apostolos</strong></span> <span class='ocrx_word' id='word_1_727' title='bbox 602 2603 609 2616; x_wconf 95' lang='lat'><strong>,</strong></span> <span class='ocrx_word' id='word_1_728' title='bbox 626 2587 761 2619; x_wconf 87' lang='lat' dir='ltr'><strong>martyres</strong></span> <span class='ocrx_word' id='word_1_729' title='bbox 771 2603 778 2616; x_wconf 90' lang='lat'><strong>,</strong></span> <span class='ocrx_word' id='word_1_730' title='bbox 790 2582 974 2616; x_wconf 81' lang='lat' dir='ltr'><strong>confessores,</strong></span> 
     </span>
    </p>
   </div>
   <div class='ocr_carea' id='block_1_103' title="bbox 188 2629 975 2663">
    <p class='ocr_par' dir='ltr' id='par_1_103' title="bbox 188 2629 975 2663">
     <span class='ocr_line' id='line_1_103' title="bbox 188 2629 975 2663; baseline -0.003 -6"><span class='ocrx_word' id='word_1_731' title='bbox 188 2630 330 2662; x_wconf 82' lang='lat' dir='ltr'><strong>doctores,</strong></span> <span class='ocrx_word' id='word_1_732' title='bbox 356 2633 483 2662; x_wconf 88' lang='lat' dir='ltr'><strong>sanctos,</strong></span> <span class='ocrx_word' id='word_1_733' title='bbox 508 2629 572 2656; x_wconf 85' lang='lat' dir='ltr'><strong>item</strong></span> <span class='ocrx_word' id='word_1_734' title='bbox 593 2636 688 2656; x_wconf 88' lang='lat' dir='ltr'><strong>omnes</strong></span> <span class='ocrx_word' id='word_1_735' title='bbox 712 2629 824 2656; x_wconf 85' lang='lat' dir='ltr'><strong>omnino</strong></span> <span class='ocrx_word' id='word_1_736' title='bbox 848 2629 896 2663; x_wconf 92' lang='lat' dir='ltr'><strong>qui</strong></span> <span class='ocrx_word' id='word_1_737' title='bbox 918 2629 975 2663; x_wconf 81' lang='lat' dir='ltr'><strong>jam</strong></span> 
     </span>
    </p>
   </div>
   <div class='ocr_carea' id='block_1_104' title="bbox 189 2675 975 2712">
    <p class='ocr_par' dir='ltr' id='par_1_104' title="bbox 189 2675 975 2712">
     <span class='ocr_line' id='line_1_104' title="bbox 189 2675 975 2712; baseline 0 -10"><span class='ocrx_word' id='word_1_738' title='bbox 189 2681 250 2704; x_wconf 84' lang='lat' dir='ltr'><strong>orto</strong></span> <span class='ocrx_word' id='word_1_739' title='bbox 271 2676 383 2704; x_wconf 89' lang='lat' dir='ltr'><strong>Christo</strong></span> <span class='ocrx_word' id='word_1_740' title='bbox 401 2676 579 2712; x_wconf 85' lang='lat' dir='ltr'><strong>placuerunt,</strong></span> <span class='ocrx_word' id='word_1_741' title='bbox 597 2679 726 2710; x_wconf 86' lang='lat' dir='ltr'><strong>tanquam</strong></span> <span class='ocrx_word' id='word_1_742' title='bbox 743 2675 815 2703; x_wconf 88' lang='lat' dir='ltr'><strong>illius</strong></span> <span class='ocrx_word' id='word_1_743' title='bbox 832 2683 926 2703; x_wconf 87' lang='lat' dir='ltr'><strong>servos</strong></span> <span class='ocrx_word' id='word_1_744' title='bbox 943 2682 975 2702; x_wconf 91' lang='lat' dir='ltr'><strong>ac</strong></span> 
     </span>
    </p>
   </div>
   <div class='ocr_carea' id='block_1_105' title="bbox 192 2721 976 2758">
    <p class='ocr_par' dir='ltr' id='par_1_105' title="bbox 192 2721 976 2758">
     <span class='ocr_line' id='line_1_105' title="bbox 192 2721 976 2758; baseline 0 -10"><span class='ocrx_word' id='word_1_745' title='bbox 192 2721 285 2748; x_wconf 84' lang='lat' dir='ltr'><strong>ﬁdeles</strong></span> <span class='ocrx_word' id='word_1_746' title='bbox 300 2721 418 2749; x_wconf 78' lang='lat' dir='ltr'><strong>famulos</strong></span> <span class='ocrx_word' id='word_1_747' title='bbox 433 2722 548 2753; x_wconf 85' lang='lat' dir='ltr'><strong>honoro,</strong></span> <span class='ocrx_word' id='word_1_748' title='bbox 570 2729 697 2754; x_wconf 82' lang='lat' dir='ltr'><strong>veneror,</strong></span> <span class='ocrx_word' id='word_1_749' title='bbox 719 2727 830 2758; x_wconf 89' lang='lat' dir='ltr'><strong>propter</strong></span> <span class='ocrx_word' id='word_1_750' title='bbox 843 2723 976 2749; x_wconf 84' lang='lat' dir='ltr'><strong>honorem</strong></span> 
     </span>
    </p>
   </div>
   <div class='ocr_carea' id='block_1_106' title="bbox 192 2768 976 2802">
    <p class='ocr_par' dir='ltr' id='par_1_106' title="bbox 192 2768 976 2802">
     <span class='ocr_line' id='line_1_106' title="bbox 192 2768 976 2802; baseline 0.001 -8"><span class='ocrx_word' id='word_1_751' title='bbox 192 2768 231 2794; x_wconf 91' lang='lat' dir='ltr'><strong>illi</strong></span> <span class='ocrx_word' id='word_1_752' title='bbox 246 2768 378 2797; x_wconf 90' lang='lat' dir='ltr'><strong>debitum.</strong></span> <span class='ocrx_word' id='word_1_753' title='bbox 395 2769 428 2796; x_wconf 87' lang='lat' dir='ltr'><strong>Et</strong></span> <span class='ocrx_word' id='word_1_754' title='bbox 449 2770 486 2797; x_wconf 84' lang='lat' dir='ltr'><strong>ita</strong></span> <span class='ocrx_word' id='word_1_755' title='bbox 509 2777 543 2797; x_wconf 77' lang='lat' dir='ltr'><strong>ex</strong></span> <span class='ocrx_word' id='word_1_756' title='bbox 562 2773 620 2797; x_wconf 88' lang='lat' dir='ltr'><strong>toto</strong></span> <span class='ocrx_word' id='word_1_757' title='bbox 639 2770 731 2797; x_wconf 92' lang='lat' dir='ltr'><strong>animo</strong></span> <span class='ocrx_word' id='word_1_758' title='bbox 745 2774 772 2797; x_wconf 87' lang='lat' dir='ltr'><strong>et.</strong></span> <span class='ocrx_word' id='word_1_759' title='bbox 785 2769 882 2802; x_wconf 84' lang='lat' dir='ltr'><strong>corde,</strong></span> <span class='ocrx_word' id='word_1_760' title='bbox 896 2776 976 2796; x_wconf 89' lang='lat' dir='ltr'><strong>vero-</strong></span> 
     </span>
    </p>
   </div>
   <div class='ocr_carea' id='block_1_107' title="bbox 193 2813 975 2850">
    <p class='ocr_par' dir='ltr' id='par_1_107' title="bbox 193 2813 975 2850">
     <span class='ocr_line' id='line_1_107' title="bbox 193 2813 975 2850; baseline 0.001 -10"><span class='ocrx_word' id='word_1_761' title='bbox 193 2820 245 2848; x_wconf 81' lang='lat' dir='ltr'><strong>que</strong></span> <span class='ocrx_word' id='word_1_762' title='bbox 260 2815 400 2850; x_wconf 85' lang='lat' dir='ltr'><strong>proposito</strong></span> <span class='ocrx_word' id='word_1_763' title='bbox 415 2815 493 2844; x_wconf 79' lang='lat' dir='ltr'><strong>venio</strong></span> <span class='ocrx_word' id='word_1_764' title='bbox 509 2815 541 2843; x_wconf 87' lang='lat' dir='ltr'><strong>ad</strong></span> <span class='ocrx_word' id='word_1_765' title='bbox 555 2815 632 2844; x_wconf 78' lang='lat' dir='ltr'><strong>ﬁdem</strong></span> <span class='ocrx_word' id='word_1_766' title='bbox 649 2816 878 2844; x_wconf 74' lang='lat' dir='ltr'><strong>Christianorum.</strong></span> <span class='ocrx_word' id='word_1_767' title='bbox 897 2813 975 2848; x_wconf 82' lang='lat' dir='ltr'><strong>Quod</strong></span> 
     </span>
    </p>
   </div>
   <div class='ocr_carea' id='block_1_108' title="bbox 1023 2211 1818 2250">
    <p class='ocr_par' dir='ltr' id='par_1_108' title="bbox 1023 2211 1818 2250">
     <span class='ocr_line' id='line_1_108' title="bbox 1023 2211 1818 2250; baseline -0.009 -7"><span class='ocrx_word' id='word_1_768' title='bbox 1023 2216 1062 2243; x_wconf 74' lang='grc' dir='ltr'>ἔτι</span> <span class='ocrx_word' id='word_1_769' title='bbox 1073 2216 1102 2243; x_wconf 85' lang='grc' dir='ltr'><strong>δὲ</strong></span> <span class='ocrx_word' id='word_1_770' title='bbox 1116 2217 1165 2243; x_wconf 75' lang='grc' dir='ltr'><strong>καὶ</strong></span> <span class='ocrx_word' id='word_1_771' title='bbox 1178 2215 1228 2248; x_wconf 76' lang='grc' dir='ltr'><strong>τὰς</strong></span> <span class='ocrx_word' id='word_1_772' title='bbox 1245 2214 1411 2250; x_wconf 78' lang='grc' dir='ltr'>σεὸασμίους</span> <span class='ocrx_word' id='word_1_773' title='bbox 1421 2213 1527 2245; x_wconf 83' lang='grc' dir='ltr'>εἰκόνας</span> <span class='ocrx_word' id='word_1_774' title='bbox 1540 2212 1592 2247; x_wconf 80' lang='grc' dir='ltr'><strong>τῆς</strong></span> <span class='ocrx_word' id='word_1_775' title='bbox 1601 2221 1633 2238; x_wconf 85' lang='grc' dir='ltr'><strong>τε</strong></span> <span class='ocrx_word' id='word_1_776' title='bbox 1649 2211 1726 2238; x_wconf 80' lang='grc' dir='ltr'><strong>κατά</strong></span> <span class='ocrx_word' id='word_1_777' title='bbox 1738 2212 1818 2246; x_wconf 68' lang='grc' dir='ltr'>σάρκα</span> 
     </span>
    </p>
   </div>
   <div class='ocr_carea' id='block_1_109' title="bbox 1023 2258 1818 2298">
    <p class='ocr_par' dir='ltr' id='par_1_109' title="bbox 1023 2258 1818 2298">
     <span class='ocr_line' id='line_1_109' title="bbox 1023 2258 1818 2298; baseline -0.006 -9"><span class='ocrx_word' id='word_1_778' title='bbox 1023 2262 1090 2298; x_wconf 79' lang='grc' dir='ltr'>πρὸς</span> <span class='ocrx_word' id='word_1_779' title='bbox 1103 2261 1261 2298; x_wconf 84' lang='grc' dir='ltr'>ἀνθρώπους</span> <span class='ocrx_word' id='word_1_780' title='bbox 1278 2260 1438 2294; x_wconf 75' lang='grc' dir='ltr'>ἐπιφανείας</span> <span class='ocrx_word' id='word_1_781' title='bbox 1450 2259 1498 2286; x_wconf 82' lang='grc' dir='ltr'><strong>τοῦ</strong></span> <span class='ocrx_word' id='word_1_782' title='bbox 1512 2259 1580 2285; x_wconf 81' lang='grc' dir='ltr'>Θεοῦ</span> <span class='ocrx_word' id='word_1_783' title='bbox 1594 2259 1701 2292; x_wconf 78' lang='grc' dir='ltr'>Λόγου,</span> <span class='ocrx_word' id='word_1_784' title='bbox 1716 2259 1763 2285; x_wconf 76' lang='grc' dir='ltr'><strong>καὶ</strong></span> <span class='ocrx_word' id='word_1_785' title='bbox 1777 2258 1818 2291; x_wconf 69' lang='grc' dir='ltr'><strong>τῆς</strong></span> 
     </span>
    </p>
   </div>
   <div class='ocr_carea' id='block_1_110' title="bbox 1024 2304 1818 2345">
    <p class='ocr_par' dir='ltr' id='par_1_110' title="bbox 1024 2304 1818 2345">
     <span class='ocr_line' id='line_1_110' title="bbox 1024 2304 1818 2345; baseline -0.01 -8"><span class='ocrx_word' id='word_1_786' title='bbox 1024 2309 1169 2345; x_wconf 81' lang='grc' dir='ltr'>ἀφράστως</span> <span class='ocrx_word' id='word_1_787' title='bbox 1181 2309 1261 2335; x_wconf 79' lang='grc' dir='ltr'>αὑτὸν</span> <span class='ocrx_word' id='word_1_788' title='bbox 1273 2306 1407 2342; x_wconf 80' lang='grc' dir='ltr'>τεκούσης</span> <span class='ocrx_word' id='word_1_789' title='bbox 1427 2305 1513 2340; x_wconf 80' lang='grc' dir='ltr'>ἁγνῆς</span> <span class='ocrx_word' id='word_1_790' title='bbox 1534 2304 1674 2340; x_wconf 80' lang='grc' dir='ltr'>παρθένου</span> <span class='ocrx_word' id='word_1_791' title='bbox 1697 2305 1747 2332; x_wconf 77' lang='grc' dir='ltr'><strong>καὶ</strong></span> <span class='ocrx_word' id='word_1_792' title='bbox 1761 2304 1818 2330; x_wconf 77' lang='grc' dir='ltr'>Θεο-</span> 
     </span>
    </p>
   </div>
   <div class='ocr_carea' id='block_1_111' title="bbox 1026 2350 1819 2391">
    <p class='ocr_par' dir='ltr' id='par_1_111' title="bbox 1026 2350 1819 2391">
     <span class='ocr_line' id='line_1_111' title="bbox 1026 2350 1819 2391; baseline -0.009 -10"><span class='ocrx_word' id='word_1_793' title='bbox 1026 2355 1151 2391; x_wconf 85' lang='grc' dir='ltr'>μήτορος,</span> <span class='ocrx_word' id='word_1_794' title='bbox 1163 2355 1210 2380; x_wconf 67' lang='grc' dir='ltr'>καὶ</span> <span class='ocrx_word' id='word_1_795' title='bbox 1228 2353 1283 2380; x_wconf 84' lang='grc' dir='ltr'><strong>τῶν</strong></span> <span class='ocrx_word' id='word_1_796' title='bbox 1299 2352 1424 2379; x_wconf 82' lang='grc' dir='ltr'>θεοειδῶν</span> <span class='ocrx_word' id='word_1_797' title='bbox 1441 2351 1576 2385; x_wconf 79' lang='grc' dir='ltr'>ἀγγέλων,</span> <span class='ocrx_word' id='word_1_798' title='bbox 1595 2351 1646 2377; x_wconf 72' lang='grc' dir='ltr'><strong>καὶ</strong></span> <span class='ocrx_word' id='word_1_799' title='bbox 1669 2351 1731 2376; x_wconf 80' lang='grc' dir='ltr'><strong>τῶν</strong></span> <span class='ocrx_word' id='word_1_800' title='bbox 1745 2350 1819 2383; x_wconf 59' lang='grc' dir='ltr'>ἁγίων</span> 
     </span>
    </p>
   </div>
   <div class='ocr_carea' id='block_1_112' title="bbox 1025 2396 1818 2434">
    <p class='ocr_par' dir='ltr' id='par_1_112' title="bbox 1025 2396 1818 2434">
     <span class='ocr_line' id='line_1_112' title="bbox 1025 2396 1818 2434; baseline -0.008 -7"><span class='ocrx_word' id='word_1_801' title='bbox 1025 2401 1161 2432; x_wconf 82' lang='grc' dir='ltr'>ἁπάντων,</span> <span class='ocrx_word' id='word_1_802' title='bbox 1178 2400 1216 2431; x_wconf 85' lang='grc' dir='ltr'>ὡς</span> <span class='ocrx_word' id='word_1_803' title='bbox 1233 2398 1354 2434; x_wconf 79' lang='grc' dir='ltr'>σύμὸολα</span> <span class='ocrx_word' id='word_1_804' title='bbox 1368 2398 1422 2424; x_wconf 83' lang='grc' dir='ltr'>τῶν</span> <span class='ocrx_word' id='word_1_805' title='bbox 1439 2396 1630 2433; x_wconf 78' lang='grc' dir='ltr'>πρωτοτύπων</span> <span class='ocrx_word' id='word_1_806' title='bbox 1648 2397 1701 2422; x_wconf 72' lang='grc' dir='ltr'>καὶ</span> <span class='ocrx_word' id='word_1_807' title='bbox 1716 2396 1818 2431; x_wconf 65' lang='grc' dir='ltr'>δέχομαι</span> 
     </span>
    </p>
   </div>
   <div class='ocr_carea' id='block_1_113' title="bbox 1025 2441 1819 2480">
    <p class='ocr_par' dir='ltr' id='par_1_113' title="bbox 1025 2441 1819 2480">
     <span class='ocr_line' id='line_1_113' title="bbox 1025 2441 1819 2480; baseline -0.006 -8"><span class='ocrx_word' id='word_1_808' title='bbox 1025 2446 1072 2473; x_wconf 77' lang='grc' dir='ltr'>καὶ</span> <span class='ocrx_word' id='word_1_809' title='bbox 1086 2445 1158 2480; x_wconf 85' lang='grc' dir='ltr'>τιμῶ</span> <span class='ocrx_word' id='word_1_810' title='bbox 1174 2444 1222 2472; x_wconf 77' lang='grc' dir='ltr'>καὶ</span> <span class='ocrx_word' id='word_1_811' title='bbox 1234 2443 1402 2479; x_wconf 80' lang='grc' dir='ltr'>ἀσπάζομαι·</span> <span class='ocrx_word' id='word_1_812' title='bbox 1426 2442 1473 2469; x_wconf 72' lang='grc' dir='ltr'>καὶ</span> <span class='ocrx_word' id='word_1_813' title='bbox 1490 2442 1589 2473; x_wconf 67' lang='grc' dir='ltr'>αὐτοὺς</span> <span class='ocrx_word' id='word_1_814' title='bbox 1608 2441 1639 2468; x_wconf 81' lang='grc' dir='ltr'><strong>δὲ</strong></span> <span class='ocrx_word' id='word_1_815' title='bbox 1653 2442 1724 2473; x_wconf 75' lang='grc' dir='ltr'>τοὺς</span> <span class='ocrx_word' id='word_1_816' title='bbox 1740 2441 1819 2476; x_wconf 44' lang='lat' dir='ltr'><strong>lepos;</strong></span> 
     </span>
    </p>
   </div>
   <div class='ocr_carea' id='block_1_114' title="bbox 1024 2487 1817 2525">
    <p class='ocr_par' dir='ltr' id='par_1_114' title="bbox 1024 2487 1817 2525">
     <span class='ocr_line' id='line_1_114' title="bbox 1024 2487 1817 2525; baseline -0.005 -8"><span class='ocrx_word' id='word_1_817' title='bbox 1024 2491 1156 2525; x_wconf 77' lang='grc' dir='ltr'>ἀγγέλους</span> <span class='ocrx_word' id='word_1_818' title='bbox 1172 2489 1220 2516; x_wconf 74' lang='grc' dir='ltr'>καὶ</span> <span class='ocrx_word' id='word_1_819' title='bbox 1230 2490 1294 2520; x_wconf 82' lang='grc' dir='ltr'>τοὺς</span> <span class='ocrx_word' id='word_1_820' title='bbox 1310 2489 1405 2523; x_wconf 86' lang='grc' dir='ltr'>ἁγίους</span> <span class='ocrx_word' id='word_1_821' title='bbox 1419 2488 1554 2519; x_wconf 80' lang='grc' dir='ltr'>ἅπαντας,</span> <span class='ocrx_word' id='word_1_822' title='bbox 1567 2487 1596 2514; x_wconf 79' lang='grc' dir='ltr'>οὺ</span> <span class='ocrx_word' id='word_1_823' title='bbox 1613 2487 1699 2522; x_wconf 81' lang='grc' dir='ltr'>μόνον</span> <span class='ocrx_word' id='word_1_824' title='bbox 1719 2488 1817 2523; x_wconf 69' lang='grc' dir='ltr'>προπά-</span> 
     </span>
    </p>
   </div>
   <div class='ocr_carea' id='block_1_115' title="bbox 1024 2533 1818 2573">
    <p class='ocr_par' dir='ltr' id='par_1_115' title="bbox 1024 2533 1818 2573">
     <span class='ocr_line' id='line_1_115' title="bbox 1024 2533 1818 2573; baseline -0.005 -9"><span class='ocrx_word' id='word_1_825' title='bbox 1024 2545 1106 2573; x_wconf 88' lang='grc' dir='ltr'>τορας</span> <span class='ocrx_word' id='word_1_826' title='bbox 1121 2537 1168 2563; x_wconf 73' lang='grc' dir='ltr'>καὶ</span> <span class='ocrx_word' id='word_1_827' title='bbox 1184 2536 1339 2571; x_wconf 84' lang='grc' dir='ltr'>προφήτας,</span> <span class='ocrx_word' id='word_1_828' title='bbox 1357 2534 1425 2560; x_wconf 88' lang='grc' dir='ltr'><strong>ἀλλά</strong></span> <span class='ocrx_word' id='word_1_829' title='bbox 1438 2534 1487 2561; x_wconf 73' lang='grc' dir='ltr'>καὶ</span> <span class='ocrx_word' id='word_1_830' title='bbox 1504 2533 1679 2565; x_wconf 80' lang='grc' dir='ltr'>ἀποστόλους</span> <span class='ocrx_word' id='word_1_831' title='bbox 1695 2535 1744 2560; x_wconf 80' lang='grc' dir='ltr'>καὶ</span> <span class='ocrx_word' id='word_1_832' title='bbox 1758 2535 1818 2569; x_wconf 65' lang='grc' dir='ltr'>μάρ-</span> 
     </span>
    </p>
   </div>
   <div class='ocr_carea' id='block_1_116' title="bbox 1025 2579 1817 2619">
    <p class='ocr_par' dir='ltr' id='par_1_116' title="bbox 1025 2579 1817 2619">
     <span class='ocr_line' id='line_1_116' title="bbox 1025 2579 1817 2619; baseline -0.005 -9"><span class='ocrx_word' id='word_1_833' title='bbox 1025 2591 1108 2619; x_wconf 83' lang='grc' dir='ltr'>τυρας</span> <span class='ocrx_word' id='word_1_834' title='bbox 1134 2583 1181 2609; x_wconf 80' lang='grc' dir='ltr'>καὶ</span> <span class='ocrx_word' id='word_1_835' title='bbox 1203 2581 1372 2617; x_wconf 57' lang='grc' dir='ltr'>ὁμολοητάς</span> <span class='ocrx_word' id='word_1_836' title='bbox 1392 2581 1441 2608; x_wconf 71' lang='grc' dir='ltr'>καὶ</span> <span class='ocrx_word' id='word_1_837' title='bbox 1462 2579 1641 2612; x_wconf 80' lang='grc' dir='ltr'>διδασκάλους</span> <span class='ocrx_word' id='word_1_838' title='bbox 1663 2581 1715 2607; x_wconf 81' lang='grc' dir='ltr'><strong>καὶ</strong></span> <span class='ocrx_word' id='word_1_839' title='bbox 1738 2581 1817 2611; x_wconf 62' lang='grc' dir='ltr'>ὁσίους</span> 
     </span>
    </p>
   </div>
   <div class='ocr_carea' id='block_1_117' title="bbox 1026 2625 1817 2662">
    <p class='ocr_par' dir='ltr' id='par_1_117' title="bbox 1026 2625 1817 2662">
     <span class='ocr_line' id='line_1_117' title="bbox 1026 2625 1817 2662; baseline -0.005 -6"><span class='ocrx_word' id='word_1_840' title='bbox 1026 2629 1073 2656; x_wconf 73' lang='grc' dir='ltr'><strong>καὶ</strong></span> <span class='ocrx_word' id='word_1_841' title='bbox 1089 2629 1194 2660; x_wconf 84' lang='grc' dir='ltr'>πάντας</span> <span class='ocrx_word' id='word_1_842' title='bbox 1207 2627 1301 2659; x_wconf 76' lang='grc' dir='ltr'>ἁπλῶς</span> <span class='ocrx_word' id='word_1_843' title='bbox 1316 2627 1380 2658; x_wconf 83' lang='grc' dir='ltr'>τοὺς</span> <span class='ocrx_word' id='word_1_844' title='bbox 1398 2626 1437 2662; x_wconf 82' lang='grc' dir='ltr'><strong>τῷ</strong></span> <span class='ocrx_word' id='word_1_845' title='bbox 1453 2626 1505 2662; x_wconf 76' lang='grc' dir='ltr'><strong>ῆδη</strong></span> <span class='ocrx_word' id='word_1_846' title='bbox 1528 2625 1633 2652; x_wconf 73' lang='grc' dir='ltr'>ἐλθόν-τι</span> <span class='ocrx_word' id='word_1_847' title='bbox 1649 2626 1762 2662; x_wconf 75' lang='grc' dir='ltr'>Χριστῷ</span> <span class='ocrx_word' id='word_1_848' title='bbox 1779 2626 1817 2651; x_wconf 63' lang='lat' dir='ltr'><strong>si—</strong></span> 
     </span>
    </p>
   </div>
   <div class='ocr_carea' id='block_1_118' title="bbox 1026 2671 1816 2710">
    <p class='ocr_par' dir='ltr' id='par_1_118' title="bbox 1026 2671 1816 2710">
     <span class='ocr_line' id='line_1_118' title="bbox 1026 2671 1816 2710; baseline -0.004 -10"><span class='ocrx_word' id='word_1_849' title='bbox 1026 2673 1242 2710; x_wconf 80' lang='grc' dir='ltr'>αρεστήσαντας,</span> <span class='ocrx_word' id='word_1_850' title='bbox 1255 2673 1292 2705; x_wconf 84' lang='grc' dir='ltr'>ὼς</span> <span class='ocrx_word' id='word_1_851' title='bbox 1303 2672 1413 2704; x_wconf 82' lang='grc' dir='ltr'>δούλους</span> <span class='ocrx_word' id='word_1_852' title='bbox 1425 2672 1533 2698; x_wconf 76' lang='grc' dir='ltr'>ἐκείνου</span> <span class='ocrx_word' id='word_1_853' title='bbox 1550 2672 1598 2698; x_wconf 74' lang='grc' dir='ltr'>καὶ</span> <span class='ocrx_word' id='word_1_854' title='bbox 1613 2673 1731 2704; x_wconf 73' lang='grc' dir='ltr'>πιστοὺς</span> <span class='ocrx_word' id='word_1_855' title='bbox 1746 2671 1816 2705; x_wconf 69' lang='grc' dir='ltr'>θερά-</span> 
     </span>
    </p>
   </div>
   <div class='ocr_carea' id='block_1_119' title="bbox 1026 2716 1814 2754">
    <p class='ocr_par' dir='ltr' id='par_1_119' title="bbox 1026 2716 1814 2754">
     <span class='ocr_line' id='line_1_119' title="bbox 1026 2716 1814 2754; baseline -0.008 -8"><span class='ocrx_word' id='word_1_856' title='bbox 1026 2728 1126 2751; x_wconf 89' lang='grc' dir='ltr'>ποντας</span> <span class='ocrx_word' id='word_1_857' title='bbox 1143 2719 1216 2754; x_wconf 88' lang='grc' dir='ltr'>τιμῶ</span> <span class='ocrx_word' id='word_1_858' title='bbox 1233 2719 1279 2745; x_wconf 76' lang='grc' dir='ltr'>καὶ</span> <span class='ocrx_word' id='word_1_859' title='bbox 1295 2718 1427 2753; x_wconf 76' lang='grc' dir='ltr'>σέὃομαι,</span> <span class='ocrx_word' id='word_1_860' title='bbox 1441 2716 1487 2743; x_wconf 82' lang='grc' dir='ltr'>διὰ</span> <span class='ocrx_word' id='word_1_861' title='bbox 1506 2717 1558 2752; x_wconf 79' lang='grc' dir='ltr'><strong>τὴν</strong></span> <span class='ocrx_word' id='word_1_862' title='bbox 1577 2717 1647 2752; x_wconf 76' lang='grc' dir='ltr'>πρὸς</span> <span class='ocrx_word' id='word_1_863' title='bbox 1664 2719 1768 2744; x_wconf 75' lang='grc' dir='ltr'>ἐκεῖνον</span> <span class='ocrx_word' id='word_1_864' title='bbox 1780 2724 1814 2741; x_wconf 79' lang='grc' dir='ltr'>τι-</span> 
     </span>
    </p>
   </div>
   <div class='ocr_carea' id='block_1_120' title="bbox 1028 2763 1815 2802">
    <p class='ocr_par' dir='ltr' id='par_1_120' title="bbox 1028 2763 1815 2802">
     <span class='ocr_line' id='line_1_120' title="bbox 1028 2763 1815 2802; baseline -0.005 -9"><span class='ocrx_word' id='word_1_865' title='bbox 1028 2767 1092 2802; x_wconf 85' lang='grc' dir='ltr'><strong>μήν.</strong></span> <span class='ocrx_word' id='word_1_866' title='bbox 1116 2766 1172 2794; x_wconf 86' lang='grc' dir='ltr'><strong>Καὶ</strong></span> <span class='ocrx_word' id='word_1_867' title='bbox 1197 2765 1285 2796; x_wconf 76' lang='grc' dir='ltr'>οὓτως</span> <span class='ocrx_word' id='word_1_868' title='bbox 1306 2764 1337 2797; x_wconf 71' lang='grc' dir='ltr'><strong>ἐξ</strong></span> <span class='ocrx_word' id='word_1_869' title='bbox 1358 2763 1424 2798; x_wconf 79' lang='grc' dir='ltr'>ὅλης</span> <span class='ocrx_word' id='word_1_870' title='bbox 1447 2763 1538 2798; x_wconf 77' lang='grc' dir='ltr'>ψυχῆς</span> <span class='ocrx_word' id='word_1_871' title='bbox 1560 2763 1610 2790; x_wconf 69' lang='grc' dir='ltr'>καὶ</span> <span class='ocrx_word' id='word_1_872' title='bbox 1637 2764 1751 2799; x_wconf 58' lang='lat' dir='ltr'><strong>ualebis;</strong></span> <span class='ocrx_word' id='word_1_873' title='bbox 1775 2763 1815 2789; x_wconf 61' lang='lat' dir='ltr'><strong>x11</strong></span> 
     </span>
    </p>
   </div>
   <div class='ocr_carea' id='block_1_121' title="bbox 1028 2808 1812 2849">
    <p class='ocr_par' dir='ltr' id='par_1_121' title="bbox 1028 2808 1812 2849">
     <span class='ocr_line' id='line_1_121' title="bbox 1028 2808 1812 2849; baseline -0.006 -10"><span class='ocrx_word' id='word_1_874' title='bbox 1028 2812 1214 2849; x_wconf 66' lang='grc' dir='ltr'>προαιρέσεως</span> <span class='ocrx_word' id='word_1_875' title='bbox 1234 2810 1360 2847; x_wconf 81' lang='grc' dir='ltr'>ἀληθοῦς.</span> <span class='ocrx_word' id='word_1_876' title='bbox 1385 2809 1574 2846; x_wconf 72' lang='grc' dir='ltr'>προσέρχομαι</span> <span class='ocrx_word' id='word_1_877' title='bbox 1598 2811 1632 2846; x_wconf 81' lang='grc' dir='ltr'>τῇ</span> <span class='ocrx_word' id='word_1_878' title='bbox 1658 2811 1745 2837; x_wconf 72' lang='grc' dir='ltr'>πίστει</span> <span class='ocrx_word' id='word_1_879' title='bbox 1768 2808 1812 2836; x_wconf 65' lang='grc' dir='ltr'><strong>τῶν</strong></span> 
     </span>
    </p>
   </div>
  </div>
