1873 3095
54 98 118 127 μοι

606 98 896 127 RECOG‘NITIONES.
913 114 946 118 —
961 99 1143 128 APPENDIX.

1627 103 1696 132 1462

51 156 236 194 Χριστιανῶν.
254 156 285 184 Εἰ
300 156 329 184 δὲ
347 155 406 192 μεθ’
423 156 593 192 ὑποκρίσεως
609 156 656 182 καὶ
667 155 743 182 δόλου
764 155 830 183 ταῦτ

921 156 926 183 i
943 164 990 192 per
1004 157 1206 185 simulationem
1221 163 1248 186 et
1264 158 1356 186 dolum
1374 159 1426 187 ista
1441 159 1520 192 dico,
1534 168 1588 188 non
1603 169 1695 190 autem

51 213 132 241 φημι,
146 204 197 231 καὶ
211 203 260 230 οὑκ
270 204 304 230 ὲκ
321 203 438 234 πίστεως
455 201 587 237 ὁλοψύχου
610 201 657 228 καὶ
674 202 788 237 καρδίας
802 202 848 228 τὸν

49 252 99 287 ἠδη
113 250 230 277 ἐλθόντα
245 249 364 285 Χριστὸν
379 248 541 284 ἀγαπώσης,
556 248 622 275 ἀλλὰ
639 248 683 276 διά
698 257 759 275 τινα
776 248 846 284 βίαν,

49 298 65 334 ἢ
79 298 218 333 ἀνάγκην,
232 297 248 332 ἦ
267 296 358 331 φόὸον,
377 296 394 332 ἢ
411 297 554 332 ἐπήρειαν,
569 296 585 331 ἢ
598 295 705 327 πενίαν,
719 296 738 331 ἢ
757 295 846 331 χρέος,

48 344 65 380 ἢ
83 343 214 378 ἔγκλημα
233 343 293 370 κατ’
313 341 380 377 ἐμοῦ
404 341 576 377 κινούμενον,
594 341 611 376 ἢ
634 341 678 368 διὰ
700 340 782 376 τιμὴν
802 349 848 367 κο-

49 389 162 425 σμικὴν,
176 389 194 425 ἢ
213 389 371 425 εὐεργεσίας
383 387 470 420 τινὰς,
483 388 649 423 ἢχρήματα,
664 386 681 422 ἢ
699 387 847 422 πράγματα

48 436 124 471 παρά
149 444 225 467 τινος
249 434 463 470 ὑπισχνούμενοι,
485 433 502 469 ἢ
523 433 591 465 ὅλως
618 432 662 459 διὰ
687 431 847 467 οἱανδήποτε

47 479 196 514 ὠφέλειαν,
217 479 235 515 ἢ
258 478 427 515 προστασίαν
449 478 642 514 ἀνθρωπίνην,
667 477 684 511 ἢ
701 476 735 503 δι’
752 476 810 512 ἔριν
829 476 846 512 ἢ

48 523 219 559 φιλονεικίαν
249 524 318 560 πρός
342 532 417 556 τινας
441 523 591 559 γενομένην
614 523 670 550 τῶν
692 523 846 559 ὁμοπίστων

47 570 125 605 ἐμοῦ,
142 570 160 606 ἢ
173 570 213 602 ὠς
230 569 389 605 βουλόμενος
405 568 530 596 ἐντεῦθεν
543 567 698 604 ἀμύνασθαι
713 569 846 604 Χριστιαη

47 618 107 649 νοὺς
123 617 162 649 ὡς
181 616 304 652 ζηλωτὴς
320 616 400 652 δῆθεν
415 616 462 643 τοῦ
475 616 570 651 νόμου,
585 615 602 650 ἢ
616 615 663 642 καὶ
680 615 745 650 παρ’
756 615 845 641 αὐτῶν

47 663 197 699 ἀδικηθεὶς,
212 663 276 698 ἄρτι
292 663 341 698 μὲν
358 662 560 698 σχηματίζομαι
578 661 700 696 γίνεσθαι
718 662 846 696 Χριστια-

47 708 99 740 νὸς,
113 708 231 744 ὕστερον
254 707 282 735 δὲ
305 707 411 743 θελήσω
436 707 606 743 ἀρνήσασθαι
619 727 626 738 ,
645 707 692 732 καὶ
712 706 780 742 πρὸς
796 706 845 742 τὴν

54 748 219 789 Ἱουδαῖκὴν.
230 752 400 788 ὑποστρέψαι
416 752 497 779 πάλιν
514 751 664 788 θρησκείαν
675 771 682 784 ,
704 751 720 786 ἢ
741 751 845 787 εὑρεθῶ

48 798 196 825 συνεσθίων
211 799 269 830 τοῖς
292 798 440 829 Ἰουδαίοις,
460 798 476 834 ἢ
500 796 730 832 συνεορτάζων,ῆ
748 805 844 832 συννη-

47 844 159 876 στεύων,
176 845 193 880 ἢ
208 844 359 880 συνομιλῶν
370 845 464 876 αὐτοῖς
475 844 573 880 λάθρα,
587 845 635 871 ml.
652 844 697 870 τδν
713 844 844 879 Χριστια-
861 836 881 864 Β

46 890 139 925 νισμδν
157 891 326 923 διαὸάλλων,
348 891 363 926 ἢ
387 891 456 926 πρὸς
478 890 528 922 τὰς
549 889 710 925 συναγωγὰς
732 889 845 922 καὶτὰς

47 936 202 972 προσευχὰς
217 936 308 963 αὐτῶν
320 936 417 968 ἀπιὼν,
435 937 482 963 καὶ
501 936 622 963 ἀνανεῶν
632 936 668 970 ,ἢ
685 935 844 971 περιποιού-

49 990 124 1016 μενος
134 982 250 1014 ταύτας,
265 983 312 1009 καὶ
330 983 390 1018 οὐχὶ
409 982 508 1018 μᾶλλον
523 981 648 1016 φανερῶς
664 981 768 1016 ἐλέγχω
782 981 843 1008 τού¹

47 1036 117 1059 τους,
132 1027 185 1060 τὰς
208 1028 311 1054 τούτων
334 1028 464 1064 πράξεις,
482 1028 530 1054 καὶ
552 1027 641 1054 ἀθετῶ
661 1026 711 1062 τὴν
725 1026 841 1062 ματαίαν

46 1074 134 1101 πίστιν
145 1074 246 1102 αὐτῶν·
256 1073 303 1100 νῦν
309 1073 359 1110 μὲν
364 1073 465 1101 ἔλθοιεν
472 1073 515 1100 ἐπ’
526 1074 577 1109 ἐμὲ
588 1074 673 1099 πᾶσαι
685 1073 711 1099 αἱ
723 1072 840 1108 κατᾶραι

46 1120 79 1152 ἃς
90 1122 119 1147 ὲν
132 1121 174 1156 τῷ
186 1120 390 1156 Δευτερονομίῳ
402 1120 505 1155 Μωσῆς
524 1119 637 1155 ἔγραψε,
650 1118 696 1146 καὶ
708 1119 723 1145 ό
737 1118 837 1154 τρόμος

45 1166 90 1193 τοῦ
106 1167 187 1198 Κάῖν,
203 1168 250 1194 καὶ
266 1169 281 1202 ὴ
298 1167 387 1200 λέπρα
400 1165 448 1192 τοῦ
465 1165 557 1200 Γιεζῆ,
571 1165 639 1200 πρὸς
656 1164 695 1200 τῷ
711 1164 759 1191 καὶ
777 1165 837 1196 ταῖς

48 1213 148 1244 ποιναῖς
172 1211 228 1239 τῶν
252 1211 396 1238 πολιτικῶν
417 1211 507 1246 νόμιον
536 1209 605 1237 εῐναί
631 1218 665 1245 με
690 1209 837 1236 ὑπεύθυνον

46 1257 251 1294 ἀπαραιτήτως,
275 1257 346 1284 κατὰ
362 1257 389 1284 δὲ
408 1257 455 1284 τὸν
473 1256 606 1292 μέλλοντα
628 1255 713 1282 αἰῶνα
730 1255 773 1290 εἴη
792 1263 840 1290 μοι

46 1304 165 1340 ἀνάθεμα
175 1305 224 1332 καὶ
234 1303 386 1338 κατάθεμα,
403 1304 450 1330 καὶ
461 1304 478 1338 ἡ
489 1303 561 1338 ψυχή
578 1311 628 1338 μου
644 1301 755 1337 ταχθείη
769 1301 836 1337 μετὰ

46 1349 90 1376 τοῦ
103 1351 212 1378 Σατανᾶ
227 1351 274 1377 ml.
286 1350 340 1376 τῶν
352 1350 497 1385 δαιμόνων.

900 210 934 230 ex
960 203 1012 231 ﬁde
1034 203 1120 231 totius
1136 204 1220 231 animi
1236 208 1314 235 teste,
1334 209 1361 232 et
1382 205 1465 233 corde
1483 206 1624 235 Christum
1646 209 1694 244 qui

897 247 955 282 jam
981 247 1091 275 advenis
1117 248 1264 284 diligente;
1287 258 1380 278 verum
1408 256 1520 286 propler
1546 253 1694 287 quamdam

899 293 965 326 vim,
981 294 1185 326 necessitatem,
1198 299 1310 326 metum.
1327 296 1455 323 damnum
1467 317 1474 329 ,
1492 302 1692 333 paupertatem,

899 337 1033 372 debitum,
1047 341 1252 368 accusationem
1265 341 1397 370 adversus
1413 350 1456 370 me
1478 348 1591 375 motam.
1605 353 1693 372 διερει-

899 384 983 412 larem
999 386 1171 421 dignitatem,
1187 387 1318 414 beuelicia
1334 388 1457 423 quaedam
1468 409 1475 420 ,
1491 389 1632 424 pecunias,
1649 399 1694 419 res

898 438 913 458 a
929 439 1068 467 quoquam
1090 432 1260 467 promissas;
1285 437 1331 460 aut
1353 434 1433 468 plane
1455 435 1602 469 cujuslibet
1619 437 1695 464 utili-

898 477 964 505 tatis
977 485 1053 514 ergo,
1070 478 1113 506 vel
1135 478 1248 506 humani
1269 480 1399 514 praesidii,
1415 481 1457 508 vel
1473 481 1579 509 dissidii
1597 490 1692 515 causa,

897 525 941 552 vel
956 525 1141 553 contentionis
1157 534 1219 553 cum
1237 527 1376 555 nonnullis
1401 526 1463 555 ﬁdei
1487 536 1554 556 mea:
1574 529 1694 558 homini-

897 569 959 602 bus,
973 574 1020 598 aut
1033 571 1113 606 quasi
1125 571 1220 599 volens
1232 572 1297 599 hinc
1312 573 1443 601 ultionem
1458 581 1557 609 capere
1568 575 1602 603 de
1612 575 1694 603 Chri-

897 616 1013 648 stianis,
1035 622 1166 653 tanquam
1190 618 1317 646 videlicet
1356 619 1425 655 legis
1449 621 1612 653 aemulator,
1635 623 1693 650 sive

896 666 923 690 et
945 662 978 689 ab
1000 662 1068 697 ipsis
1095 662 1223 697 injuriam
1245 670 1361 698 passus,
1384 672 1458 692 nunc
1482 665 1592 700 quidem
1619 667 1693 703 ﬁngo

896 707 1069 735 Christianus
1095 708 1165 740 ﬁeri,
1189 709 1304 743 posthac
1327 714 1417 737 autem
1441 718 1541 745 negare
1566 713 1690 746 voluero,

895 753 1051 787 iterumque
1064 752 1098 780 ad
1111 752 1255 781 Iudaicam
1278 755 1438 790 religionem
1456 757 1567 789 reverti,
1584 758 1624 785 vel
1649 759 1692 786 in-

896 801 996 825 ventus
1019 797 1098 825 luero
1121 806 1176 825 una
1203 806 1265 826 cum
1289 798 1393 827 Judmis
1417 801 1595 835 manducare,
1621 803 1690 831 festa

895 850 1035 878 peragere,
1052 844 1188 878 jrjunaro.
1208 845 1279 872 clam
1301 853 1364 872 cum
1387 846 1444 873 illis
1458 847 1589 882 colloqui.
1607 848 1688 875 Chri-

895 890 1070 925 stianamque
1083 890 1164 917 ﬁdem
1179 890 1330 924 infamare,
1349 895 1397 919 aut
1412 892 1445 919 ad
1460 901 1553 920 eorum
1569 902 1689 930 synago-

895 941 944 969 gas
959 938 990 962 et
1003 935 1170 970 proseuchas
1189 935 1328 970 proﬁcisci
1342 956 1349 969 ,
1371 944 1453 964 casve
1469 937 1624 966 instaurare
1638 947 1688 967 seu

893 981 995 1008 tutari:
1011 984 1044 1008 etv
1059 989 1114 1008 non
1131 981 1223 1016 potius
1237 981 1382 1015 przcdiclos
1403 982 1512 1011 Judzcos
1535 992 1687 1021 eorumque

893 1029 972 1052 actus
996 1024 1087 1060 palam
1102 1025 1286 1060 reprehendo,
1299 1034 1457 1063 vanamque
1469 1029 1579 1057 illorum
1604 1031 1685 1058 ﬁdem

893 1071 1019 1106 improbo
1036 1079 1042 1096 ε
1057 1079 1132 1098 nunc
1147 1072 1258 1106 quidem
1282 1073 1394 1100 veniant
1420 1081 1503 1109 super
1524 1082 1568 1102 me
1589 1083 1685 1104 omnes

892 1116 958 1144 dira:
972 1125 1041 1152 quas
1068 1118 1096 1145 in
1123 1118 1333 1146 lleuterouomio
1359 1119 1449 1148 Moses
1474 1121 1602 1157 scripsit,
1619 1122 1684 1150 item

890 1167 994 1191 tremor
1008 1163 1106 1197 Caini,
1127 1168 1154 1192 et
1177 1165 1254 1200 lepra
1279 1164 1381 1196 Giezis,
1404 1167 1570 1203 insuperque
1594 1169 1684 1203 poenis

890 1218 960 1245 quas
975 1213 1047 1246 leges
1067 1211 1161 1240 civiles
1179 1211 1341 1244 decernunts.
1360 1213 1412 1240 sim
1433 1214 1537 1249 absque
1559 1215 1614 1242 ulla
1635 1224 1684 1251 spe

891 1257 976 1285 veniae
990 1258 1144 1291 obnoxius;
1160 1258 1187 1285 in
1205 1258 1301 1286 futuro
1324 1263 1415 1286 autem
1439 1261 1541 1288 smculo
1561 1261 1597 1289 sit
1616 1262 1683 1290 mihi

890 1303 1036 1330 anathema
1050 1307 1077 1331 et
1097 1304 1269 1333 catathema.
1285 1305 1430 1340 animaque
1451 1313 1511 1333 mea
1534 1307 1685 1335 collocetur

891 1356 952 1376 cum
970 1348 1072 1376 Satana
1086 1353 1113 1377 et
1128 1349 1308 1378 dzemonibus.

540 1429 586 1457 Ill.
605 1429 647 1456 Ad
664 1429 710 1457 lib.
727 1437 764 1462 IV,
781 1437 839 1463 cap.
853 1428 888 1455 27
903 1428 945 1463 (ei;
958 1427 1048 1456 eodem
1064 1428 1175 1462 codice).

52 1509 149 1546 "Dmog
160 1509 219 1544 χρὴ
241 1508 461 1546 ᾀναᾷεματίζειν
474 1507 625 1546 ἐγγράφως
643 1507 700 1546 τὴν
716 1507 832 1546 αἵρεσις

921 1515 943 1546 ιο
958 1506 1034 1533 modo
1045 1506 1166 1546 Izreresim
1177 1507 1372 1546 alianrscriptis
1387 1512 1507 1546 oporteat
1524 1509 1682 1546 quat/tema-

76 1543 189 1576 αὐτῶν,
215 1544 286 1577 τοὺς
303 1545 362 1571 ἀπὸ
386 1544 558 1578 Mar/xulem
584 1543 772 1578 προσιόντας
795 1543 832 1575 τῇ

77 1579 144 1613 ἀνίᾳ
158 1580 213 1606 τοῦ
235 1580 309 1606 Θεοῦ
325 1577 470 1613 καθολικῆ
489 1579 538 1605 καὶ
554 1577 742 1611 ἀποστολικιῖ
768 1577 833 1604 Ἐκ-

78 1616 203 1648 κλησίςι.

81 1670 286 1707 Ἀναθεματίζω
307 1671 434 1698 Μάνεντα
458 1670 505 1696 τὸν
537 1670 584 1696 καὶ
609 1669 760 1703 Μανιχαίον
786 1668 833 1694 καὶ

45 1715 204 1753 Κούϐρικον,
221 1717 250 1749 ὃς
267 1716 415 1752 ἐτόλμησεν
431 1715 526 1742 ἑαυτὸν
542 1713 719 1749 Παρὰκλητον
734 1711 833 1747 ὀνομὰ-

46 1760 107 1794 ζειν,
123 1763 171 1789 καὶ
195 1761 355 1789 ’Δπόστολον
369 1761 456 1796 Ἰησοῦ
474 1759 602 1796 Χριστοῦ.
627 1757 832 1792 Ἀναθεματίζω

45 1806 196 1839 Σκυθιανὺν,
214 1808 262 1834 καὶ
277 1807 438 1843 Τερέόινθον
454 1806 500 1833 τὸν
516 1806 563 1833 καὶ
580 1804 683 1831 Κουδᾱν
694 1803 833 1838 (Ἠ),τοῠς

43 1851 178 1885 Μὰνεντος
203 1852 392 1884 διδασκάλους.
423 1850 629 1887 Ἀναθεματίζω
651 1848 785 1884 Ζαράδην,
802 1847 832 1873 ὃν

44 1898 58 1923 ὸ
72 1899 165 1935 Μάνης
182 1900 242 1926 θεὸν
258 1899 333 1934 ἔλεγε
350 1899 404 1935 πρὸ
426 1897 509 1924 αὑτοῦ
527 1896 644 1932 φανέντα
660 1895 724 1930 παρ’
742 1894 833 1925 Ἰνδοῖς

44 1945 88 1970 καὶ
104 1945 232 1981 Πέρσαις,
250 1946 297 1972 καὶ
315 1945 409 1972 Ἥλιον
425 1943 557 1971 ἀπεκάλει
568 1951 574 1958 ·
586 1943 634 1969 σὺν
651 1940 724 1976 αὐτῷ
739 1940 767 1966 δὲ
784 1940 832 1966 καὶ

43 1989 90 2022 τὰς
106 1991 268 2027 Ζαραδείους
284 1991 488 2026 ὀνομαζομένας
513 1989 606 2024 εὐχάς.
631 1985 832 2022 Ἀναθεματίζω

43 2036 143 2068 πάντας
159 2037 208 2068 οὓς
226 2037 241 2063 ὁ
257 2036 352 2071 Μάνης
369 2034 504 2062 ἀνέπλασε
527 2033 621 2064 θεούς·
639 2033 698 2068 ἦτοι
713 2031 759 2058 τὸν
784 2038 830 2056 τε-

42 2083 238 2118 τραπρόσωπον
255 2082 360 2117 πατέρα
375 2081 423 2108 τοῦ
441 2079 583 2116 μεγέθους,
599 2079 647 2105 καὶ
661 2078 706 2104 τὸν
723 2077 832 2112 λεγόμε-

43 2135 85 2153 νον
100 2128 208 2163 πρῶτον
231 2128 385 2163 ἄνθρωπον,
409 2126 456 2153 ml.
470 2126 517 2152 τὸν
533 2123 758 2159 Στεφανηφόρον,
784 2123 832 2149 καὶ

41 2173 85 2199 τὸν
100 2173 297 2209 ὀνομαζόμενον
313 2172 451 2208 Παρθένον
466 2170 514 2198 τοῦ
531 2170 629 2205 φωτὸς,
641 2170 687 2196 ml.
702 2169 748 2195 τὸν
764 2176 831 2202 φεγ-

41 2218 204 2255 γοκάστοχον
215 2218 338 2253 (72),καὶ
354 2217 435 2243 πέντε
452 2216 534 2251 νοερὰ
550 2215 651 2250 φέγγη,
663 2215 710 2241 καὶ
725 2213 771 2240 τὸν
781 2221 830 2239 κα-

42 2263 169 2300 λούμενον
176 2266 212 2300 Δη
218 2273 278 2300 μιου
283 2264 358 2300 ργὸν,
368 2264 415 2290 καὶ
429 2263 477 2289 τὸν
485 2262 532 2289 ὑπ’
541 2261 625 2289 αὑτοῦ
642 2260 829 2296 προϐληθέντα

41 2308 140 2337 δίκαιον
157 2311 254 2346 κριτὴν
265 2330 273 2343 ,
291 2310 339 2336 καὶ
360 2309 407 2335 τὸν
429 2307 573 2344 ὠμοφόρον
595 2307 642 2334 τὸν
660 2305 828 2341 βαστάζοντα

41 2354 88 2390 τὴν
110 2356 170 2392 γῆν,
194 2356 242 2382 ml.
264 2355 310 2382 τὸν
334 2353 511 2390 Πρεσϐύτην,
535 2353 583 2380 ml.
605 2352 709 2383 πάντας
734 2350 827 2381 ἁπλῶς

41 2399 86 2433 οὓς
107 2403 121 2428 ὁ
144 2403 241 2438 Μάνης
266 2401 377 2429 πλάττει
398 2400 476 2431 θεοὺς
499 2400 546 2426 ml.
573 2399 680 2430 Δὶῶνας
703 2398 751 2424 ml.
771 2397 826 2423 τῶν

22 2449 27 2494 Ι
42 2447 148 2476 Δίώνων
163 2449 278 2481 Λίῶνας,
296 2449 343 2475 καὶ
358 2448 408 2475 ὅσα
424 2446 499 2481 αὐτῷ
523 2443 736 2494 ὲπραγμσιτεύθη
752 2443 828 2494 ,περὶ

22 2490 172 2528 ίγιγάντων
194 2496 241 2523 καὶ
267 2494 462 2531 ἐκτρωμάτων.
494 2491 698 2527 Ἀναθεματιζω
724 2490 828 2522 πάντας

41 2542 100 2573 τοὺς
116 2543 239 2574 εἰπόντας
255 2542 275 2577 ἦ
289 2542 416 2575 λέγοντας
424 2540 441 2575 ἢ
451 2539 580 2572 λέξοντας
592 2537 638 2564 δύο
648 2537 736 2572 ἀρχὰς
745 2537 826 2570 ἀγεν-

41 2586 133 2621 νήτους
149 2586 383 2617 ἀντικαθεστώσας
399 2585 539 2620 ἀλλήλαις,
558 2583 608 2618 τὴν
635 2583 686 2618 μὲν
708 2581 826 2617 ἀγαθὴν,

41 2632 87 2667 τὴν
93 2633 120 2661 δὲ
128 2643 194 2670 πονη
199 2636 256 2670 ράν.
275 2631 475 2668 ’Λναθεματίζω
483 2630 645 2665 Μαρκίωνα,
654 2629 700 2655 καὶ
708 2627 827 2655 Οὐαλεν-

40 2679 118 2712 τίνον,
131 2681 178 2708 καὶ
193 2679 359 2714 Βασιλείδην,
377 2678 424 2705 καὶ
440 2677 529 2704 πάντα
545 2675 688 2710 ἄνθρωπον
704 2674 751 2701 τὸν
766 2674 826 2701 τολ-

75 2803 128 2839 lli)
147 2803 273 2833 Κουδᾶν.
291 2803 354 2840 ch.
372 2803 481 2831 Βονδᾶν,
497 2803 598 2831 Ου’[Ει.

923 1542 1007 1568 Iizare
1022 1550 1065 1568 eos
1086 1542 1132 1576 qui
1153 1550 1166 1568 e
1182 1540 1341 1569 Manio/uvis
1362 1540 1491 1570 accedunt
1505 1544 1540 1570 od
1557 1550 1679 1572 sanctam

921 1576 970 1603 Dei
984 1576 1142 1603 catholicam
1155 1581 1180 1603 et
1192 1578 1365 1610 apostolicam
1384 1577 1540 1606 Ecclesium.

919 1665 939 1693 Ι.
960 1665 1140 1694 Anathemate
1163 1666 1232 1694 ferio
1257 1667 1408 1699 Manetem,
1427 1676 1474 1696 seu
1500 1668 1679 1698 Maniclzmum

883 1714 910 1738 et
925 1711 1086 1744 Cubricum,
1103 1712 1193 1747 quise
1205 1720 1290 1740 ausus
1304 1717 1346 1740 cst
1362 1713 1535 1742 Paraeletum
1552 1720 1579 1743 et
1603 1715 1678 1750 Apo-

883 1756 985 1783 stolum
999 1757 1064 1784 Jesu
1080 1756 1184 1784 Christi
1211 1757 1360 1792 appellare.
1386 1757 1596 1788 Auathematizo
1610 1761 1679 1798 Scy-

883 1802 1007 1830 thianum
1030 1811 1062 1831 ac
1084 1803 1280 1831 Terebinthum
1309 1805 1356 1839 qui
1374 1808 1402 1832 et
1429 1804 1532 1839 Budas,
1559 1807 1678 1836 Manetis

883 1853 1074 1883 przeceptores.
1094 1848 1304 1877 Anathematizo
1320 1849 1452 1878 Zaradem
1463 1871 1470 1883 ,
1485 1859 1566 1887 quem
1582 1853 1678 1882 Manes

887 1895 968 1923 deum
984 1895 1052 1923 dixit
1067 1899 1130 1923 ante
1143 1903 1173 1923 se
1190 1897 1353 1932 apparuisse
1369 1897 1441 1932 apud
1458 1898 1539 1926 Indos
1562 1903 1590 1926 et
1610 1899 1675 1928 Per-

883 1948 938 1973 sas,
951 1949 1088 1977 quemque
1099 1941 1191 1970 Solem
1205 1942 1311 1970 vocavit
1328 1950 1335 1969 :
1353 1951 1416 1970 cum
1428 1943 1474 1971 illo
1487 1949 1578 1973 autem
1591 1946 1674 1974 etiam

882 1987 1086 2014 anathematizo
1109 1995 1206 2023 preces
1227 1987 1365 2016 Zaradeas
1386 1989 1485 2017 dictas.
1506 1990 1676 2019 Anathema--

882 2033 937 2061 tizo
949 2038 1065 2062 cunctos
1079 2041 1093 2061 a
1106 2033 1185 2062 Mane
1200 2034 1351 2063 fabricatos
1361 2035 1428 2064 deos
1443 2046 1452 2064 :
1467 2036 1595 2065 videlicet
1605 2046 1670 2073 qua-

882 2079 1042 2107 driformem
1063 2084 1167 2115 patrem
1184 2081 1394 2116 magnitudinis,
1410 2086 1438 2109 et
1459 2089 1521 2110 eum
1547 2083 1594 2117 qui
1617 2083 1671 2118 pri-

882 2133 943 2153 mus
959 2125 1041 2153 homo
1060 2125 1172 2157 dicitur,
1196 2130 1223 2154 et
1244 2126 1459 2162 Coronigerum,
1483 2135 1516 2155 ac
1536 2136 1599 2156 eum
1624 2130 1670 2164 qui

883 2170 1043 2197 nominatur
1063 2170 1147 2206 Virgo
1174 2171 1256 2204 lucis,
1274 2175 1330 2199 tum
1357 2172 1460 2199 lumine
1486 2172 1621 2205 adlatum,
1645 2179 1670 2204 cl

845 2204 867 2232 D
880 2217 1001 2251 quinque
1021 2204 1209 2252 intelliéentiis
1230 2218 1361 2253 praeditos
1389 2218 1562 2253 splendores,
1587 2204 1664 2247 voca-

879 2267 994 2297 tumque
1008 2262 1151 2297 Opiﬁcem,
1167 2268 1195 2291 et
1209 2264 1244 2291 ab
1257 2264 1309 2291 hoc
1327 2264 1463 2299 prolatum
1476 2265 1582 2300 justum
1596 2266 1660 2301 judi-

879 2316 950 2342 cem,
976 2316 1084 2337 necnon
1097 2309 1220 2344 baiulum
1231 2311 1278 2345 qui
1303 2314 1394 2345 portat
1409 2315 1524 2343 terram.
1540 2311 1604 2339 item
1621 2311 1657 2340 Sc

878 2363 961 2387 nem,
996 2359 1168 2390 cunctosque
1194 2363 1309 2390 prorsus
1335 2364 1406 2391 quos
1433 2357 1527 2385 Manes
1556 2358 1670 2392 conﬁgit

878 2399 956 2432 deos,
972 2399 1087 2432 Eones.
1102 2408 1134 2427 ac
1153 2400 1271 2428 [Eonum
1296 2401 1409 2433 Eones,
1439 2409 1610 2437 quaacunque
1621 2403 1674 2430 dem

878 2453 953 2473 mum
970 2446 1004 2473 ab
1017 2453 1051 2473 eo
1063 2445 1205 2473 elaborata
1216 2453 1281 2473 sum
1292 2447 1325 2474 de
1340 2447 1496 2482 gigantibus
1517 2451 1545 2475 ct
1566 2448 1670 2475 aborti-

877 2491 930 2519 vis.
947 2491 1156 2519 Analbematizo
1173 2499 1269 2519 omnes
1293 2493 1341 2526 qui
1366 2492 1496 2519 dixerunt
1513 2496 1560 2519 aut
1571 2493 1674 2520 dicunt

877 2541 925 2564 aut
936 2536 1037 2564 dicturi
1050 2539 1115 2564 sunt
1130 2536 1185 2564 duo
1196 2537 1329 2572 principia
1339 2537 1469 2573 ingenita,
1484 2538 1537 2566 sibi
1550 2538 1666 2566 invicem

876 2582 1017 2619 opposita:
1031 2582 1146 2610 alterum
1162 2582 1276 2613 bonum.
1289 2583 1404 2610 alterum
1418 2584 1529 2611 malum.
1545 2584 1667 2612 Anathe-

877 2628 978 2656 matizo
994 2627 1161 2656 Marcionem
1175 2635 1239 2655 cum
1251 2627 1397 2656 Valentino
1411 2632 1439 2656 et
1458 2628 1587 2662 Basilide,
1604 2637 1667 2658 om~

878 2682 995 2710 nemque
1008 2673 1147 2702 hominem
1160 2674 1207 2710 qui
1220 2682 1303 2702 ausus
1321 2674 1382 2708 fuit,
1399 2674 1480 2702 audet
1493 2675 1536 2703 vel
1546 2683 1670 2705 ausarus

915 2803 969 2838 (72)
985 2803 1238 2840 Φεγγοκάστοχρν.
1253 2802 1318 2838 Leg.
1335 2801 1542 2837 φξγγοκὶτοχον.
1561 2801 1601 2831 lla.
