1873 3095
170 91 183 117 1
190 89 244 117 ιοε

569 87 597 115 S.
618 83 812 114 CLEMENTIS
831 84 840 112 l
859 83 945 112 “OM.
965 82 1066 110 PONT.
1085 81 1199 110 OPEliA
1219 82 1332 111 DUBlA.

1738 80 1805 109 μοι

167 149 211 173 est
230 143 419 179 blasphemare
430 143 562 171 adversus
580 141 662 170 Vetus
677 145 726 169 aut
748 140 854 168 Novum
865 139 961 168 Testa-
976 148 998 175 Α
1015 141 1140 176 μήσαντα
1155 139 1172 175 ἢ
1189 139 1331 175 τολμῶντα

1056 148 1140 167 σαντα
1155 139 1172 175 ἢ
1189 139 1331 175 τολμῶντα
1340 139 1357 175 ἢ
1366 139 1536 175 τολμήσοντα
1549 138 1723 175 βλασφημεῖν
1737 139 1806 166 κατὰ

167 197 302 222 mentum,
317 193 345 218 et
360 189 503 224 aspernari
519 196 550 216 ac
566 188 734 216 contumelia
749 187 859 215 afﬁcere
873 188 960 214 Abra-

169 238 294 270 hanium,
322 236 457 269 lsaaouln,
482 235 625 266 Iacobum.
647 233 740 262 Jesum
768 234 853 261 [ilium
875 233 958 266 Nave,

169 283 336 315 Samuelem,
347 281 487 314 Davidem,
503 281 598 312 Elian],
611 285 780 315 ceterosque
790 287 885 307 omnes
897 287 961 314 pro-

167 329 265 364 phetas
281 335 433 362 eorumque
450 327 563 362 scripta.
583 326 621 353 Ad
637 333 786 358 summam,
801 325 961 353 anathema-

168 377 223 404 tizo
237 383 285 404 eos
301 375 350 411 qui
377 375 534 402 obtrectant
561 382 628 402 vero
653 375 776 402 universi
805 373 960 406 Conditori,

166 427 256 454 neque
267 419 434 447 conﬁtentur
448 426 533 445 unum
548 419 730 454 eumdemque
743 427 805 446 esse
818 419 916 446 veteris
928 426 960 446 ac

167 466 230 493 novi
247 463 417 493 Testamenti
433 463 530 496 Deum,
548 472 599 492 nec
614 469 726 492 sanctos
742 464 844 500 Deique
856 465 960 493 amicos

166 520 229 540 esse
243 512 360 540 credunt
371 519 419 539 eos
435 513 483 546 qui
503 511 531 538 in
547 515 664 547 utr0que
684 510 863 539 Testamento
879 512 958 540 eﬁ‘ul-

166 561 273 585 serunt.
289 557 498 585 Anathematizo
510 564 617 584 omnem
632 564 706 590 eum,
721 557 768 592 qui
779 565 835 585 non
845 557 960 585 conﬁte-

166 607 212 630 tur
220 611 305 631 unum
314 604 404 631 solum
412 611 474 632 esse
488 612 583 632 verum
595 603 692 635 Deum,
710 603 812 631 bonum
828 607 854 631 et
865 603 959 630 mundi

110 647 112 652 '
166 648 304 683 opiﬁcem.
321 652 405 683 atque
420 649 646 685 omnipotentem,
664 647 772 676 Domini
791 649 880 677 nostri
893 648 960 676 Iesu

167 693 270 722 Christi
283 693 408 728 Patrem;
424 694 471 729 qui
487 702 549 721 cum
571 694 618 721 illo
629 699 657 722 et
671 702 733 722 cum
748 694 851 730 Spiritu
864 698 960 722 sancto

166 748 199 768 es
215 748 269 768 non
280 741 462 772 exstantibus,
477 745 504 769 et
516 741 592 768 nullo
607 749 721 776 prorsus
733 741 814 769 modo
826 741 960 770 exsisten-

166 787 252 819 tibus,
278 791 346 814 nutu
372 788 522 816 voluntatis
548 788 679 823 produxit
701 788 813 819 caelum,
842 792 955 819 terram.

1011 187 1060 222 τῆς
1077 186 1198 218 Παλαιᾶς
1214 186 1362 221 Διαθήχης,
1372 186 1388 222 ἦ
1398 185 1449 220 τῆς
1458 185 1574 221 Καινῆς,
1586 186 1636 212 καὶ
1645 185 1754 212 ἀθετεῖν
1762 187 1806 212 καὶ

1012 231 1133 268 ὐῦρίζειν
1155 231 1290 267 Ἀϐραὰμ,
1308 231 1355 258 καὶ
1377 230 1480 263 Ἰσαὰκ,
1497 231 1545 258 καὶ
1568 230 1741 262 Ἰακὼ6,καὶ
1763 231 1807 266 ἰη-

1013 278 1076 304 σοῦν
1101 277 1148 305 τὸν
1172 277 1219 304 τοῦ
1236 277 1325 314 Ναυὴ,
1350 277 1397 304 καὶ
1413 277 1550 313 Σαμουὴλ,
1577 277 1626 304 καὶ
1643 277 1740 309 Δαϐιδ,
1763 278 1808 304 καὶ

1021 324 1123 357 Ἱιλὶαν,
1140 324 1187 351 καὶ
1202 324 1265 356 τοὺς
1280 323 1392 355 λοιποὺς
1414 323 1519 355 πάντας
1536 323 1695 358 προφήτας,
1714 324 1762 350 καὶ
1777 325 1809 350 τι

1012 369 1076 401 παρ’
1087 370 1176 396 αὐτῶν
1193 369 1392 405 συγγραφέντα.
1411 368 1467 395 Καὶ
1491 367 1596 400 cia-.1115,
1615 368 1809 403 ἁναθεματίῖω

1010 418 1073 448 τοὺς
1090 416 1315 453 βλασφημοῦντας
1322 416 1368 442 τὸν
1376 414 1502 450 ἀληθινὸν
1509 415 1557 441 τοῦ
1568 414 1674 446 παντὸς
1685 414 1808 450 ποιητὴν,

1012 463 1060 490 καὶ
1077 462 1114 499 μὴ
1130 462 1327 499 ὁμολογοῦντας
1343 461 1392 488 ἕνα
1408 461 1510 489 καὶτὸν
1520 461 1601 488 αὑτὸν
1609 458 1683 488 εἶναι
1695 461 1809 492 παλαιᾶς

1011 511 1058 538 καὶ
1074 509 1169 545 καινῆς
1185 509 1321 545 Διαϐήκης
1337 509 1414 541 Θεὸν,
1430 509 1477 535 καὶ
1492 508 1556 540 τοὺς
1573 509 1602 535 ὲν
1620 507 1744 542 ἑκατέρᾳ
1759 506 1809 533 δια-

1011 555 1180 591 λάμψαντας,
1190 555 1284 589 ἁγίους
1293 553 1362 582 εἶναι
1374 554 1551 585 πιστεύοντας
1560 553 1607 579 καὶ
1624 552 1723 587 φίλους
1732 552 1807 578 Θεοῦ.

1018 599 1222 636 ’Λναοεματίξω
1243 601 1332 627 πάντα
1347 601 1489 636 ἄνθρωπον
1504 601 1550 627 τὸν
1569 599 1607 635 μὴ
1624 597 1808 635 ὁμολογοῦντα

1011 648 1060 675 ἕνα
1077 647 1156 683 μόνον
1172 645 1242 674 εἶναι
1250 646 1316 674 Θεὸν
1324 646 1459 682 ἀληθινὸν,
1472 646 1573 680 ἀγαθόν
1582 654 1612 672 τε
1624 645 1673 672 καὶ
1681 644 1808 680 δημιουρ-

1012 693 1059 727 γὸν
1075 692 1122 719 καὶ
1139 691 1357 728 παντοκράτορα,
1374 691 1421 718 τὸν
1437 691 1545 726 Πατέρα
1552 691 1599 717 τοῦ
1608 689 1719 726 Κυρίου
1733 688 1807 724 ἡμῶν

1019 738 1108 774 Ἰησοῦ
1125 737 1244 775 Χριστοῦ
1255 757 1262 769 ,
1279 737 1324 764 τὸν
1342 738 1390 764 σὺν
1406 737 1480 772 αὺτῷ
1496 737 1543 764 καὶ
1565 735 1604 771 τῷ
1628 735 1704 770 ἁγίῳ
1727 733 1807 760 IIan-

1014 793 1078 821 ματι
1105 786 1138 812 ὲκ
1156 784 1193 820 μὴ
1209 783 1293 811 ὄντων
1309 783 1356 810 καὶ
1374 782 1486 818 μηδαμῆ
1504 782 1638 818 μηδαμῶς
1661 781 1762 812 ὄντων,
1776 781 1809 814 τῇ

166 839 253 864 mare.
268 836 422 868 cunctaque
437 834 471 861 iis
485 838 633 867 contenta;
645 833 748 869 quique
759 834 884 866 materia,
899 842 960 869 qua:
976 824 996 852 Β
1012 831 1083 866 ρθπῇ
1109 830 1156 857 τοῦ
1179 829 1332 866 θελήματος

1055 831 1083 866 τῇ
1109 830 1156 857 τοῦ
1179 829 1332 866 θελήματος
1348 828 1538 866 προαγαγόντα
1561 828 1607 854 τὸν
1624 827 1746 862 οὐρανὸν
1766 826 1806 853 καὶ

166 885 267 913 nempe
282 877 404 905 nondum
429 882 500 910 erat,
529 886 584 906 non
610 879 740 914 indiguit.
757 887 808 906 nec
827 880 958 915 pellibus.

166 922 273 954 nervis,
287 923 461 958 corporibus,
482 923 688 959 sudoribusque
705 925 841 952 malorum
853 926 958 960 princi-

166 975 244 1003 pum,
257 974 328 1002 quos
348 967 443 996 Manes
467 973 639 996 commentus
666 973 719 996 est.
748 970 959 997 Anathematizo

167 1013 291 1041 dicentes
305 1021 407 1049 corpus
423 1021 438 1041 a
453 1014 527 1041 malo
544 1014 680 1050 principio
703 1015 806 1044 editum
822 1014 919 1048 fuisse,
932 1019 960 1043 et

166 1059 239 1086 mala
254 1063 353 1087 natura
369 1068 440 1088 esse.
466 1060 678 1089 Anath‘lmatizo
698 1061 814 1089 deliram
840 1061 958 1090 Manetis

167 1104 301 1137 fabulam.
319 1106 347 1133 in
364 1113 418 1141 qua
433 1106 500 1134 dicit
522 1115 695 1142 nequaquam
717 1108 834 1135 similem
850 1108 930 1135 nobis
944 1115 959 1135 a

166 1149 223 1179 Deo
232 1150 378 1179 formatum
391 1160 453 1180 esse
462 1153 580 1187 primum
594 1153 748 1186 hominem;
759 1154 810 1181 hoc
822 1157 875 1186 est,
886 1154 960 1181 Ada-

166 1204 253 1230 mum,
270 1197 318 1225 sed
332 1205 347 1225 a
356 1198 436 1226 Sacla
450 1199 539 1234 stupri
555 1200 680 1235 principe
694 1205 721 1227 et
729 1199 867 1232 Nebroda,
877 1207 959 1234 quam

167 1243 207 1271 ait
223 1251 286 1271 esse
300 1245 457 1278 materiam,
470 1245 558 1273 factos
574 1245 660 1274 fuisse
673 1246 808 1274 Adamum
824 1251 851 1274 et
863 1245 958 1279 Evam;

167 1289 291 1317 acilium
303 1289 414 1324 quidem
431 1294 555 1318 creatum
582 1298 644 1319 esse
669 1290 757 1318 l'crina
773 1290 872 1322 forma.
888 1290 960 1319 hanc

165 1343 234 1362 vero
249 1336 397 1363 inanimam
409 1345 415 1369 ;
428 1342 511 1372 atque
526 1336 610 1364 Evam
625 1337 736 1372 quidem
747 1345 763 1365 a
781 1337 904 1365 mascula
915 1345 961 1364 vo-

167 1386 230 1409 cata
250 1383 356 1418 virgine
374 1383 460 1410 vitam
477 1383 629 1418 accepisse,
654 1382 789 1410 Adamum
805 1387 896 1410 autem
912 1391 961 1419 per

166 1426 252 1455 Evam
276 1428 383 1456 feritate
413 1429 571 1457 liberatum.
602 1428 813 1457 Anathematilo
840 1437 887 1457 eos
912 1429 958 1464 qui

167 1478 298 1501 asserunt
321 1473 467 1502 Dominum
482 1479 607 1502 nostrum
631 1475 725 1504 Jcsum
741 1475 880 1503 Christum
901 1476 961 1510 opi-
974 1495 995 1523 Ο

167 1520 251 1548 nione
271 1520 476 1548 manifestatum
493 1520 578 1550 fuisse
593 1521 707 1555 mundo,
724 1530 774 1550 nec
798 1522 961 1557 profitentur

168 1566 258 1602 ipsum
272 1575 336 1595 vere
351 1575 461 1596 carnem
476 1568 662 1604 assumpsisse
685 1576 718 1596 ex
738 1573 834 1596 sancta
855 1569 962 1604 virgine

168 1613 254 1641 Maria
270 1621 284 1641 a
306 1613 408 1641 Davide
423 1618 493 1647 orta,
521 1621 631 1641 carnem
656 1614 803 1642 humanam
826 1616 962 1651 nobisque

169 1660 442 1692 consubstantialem,
466 1664 552 1695 atque
570 1660 692 1696 perfecte
711 1661 848 1688 hominem
859 1661 961 1689 factum

168 1713 246 1739 esse;
260 1706 295 1732 ab
308 1713 397 1741 eaque
413 1705 524 1741 Virgine
535 1707 656 1742 genitum
675 1706 762 1735 fuisse
777 1712 840 1743 post
854 1711 962 1743 tempus

169 1760 267 1780 novem
279 1752 427 1784 mensium,
444 1753 509 1780 item
526 1752 560 1779 ad
576 1753 747 1788 trigesimum
770 1761 873 1781 annum
897 1763 961 1782 cum

168 1799 327 1826 hominibus
351 1803 492 1826 versatum
523 1798 618 1832 fuisse,
646 1799 710 1827 dein
735 1799 903 1835 baptizatum
933 1802 962 1829 in

169 1844 288 1872 Jordane
303 1852 317 1871 a
332 1844 510 1872 sanctissimo
523 1852 693 1879 praacursore
702 1849 729 1873 et
743 1845 863 1881 Baptista
879 1846 963 1874 Joan-

169 1898 215 1923 ne,
235 1899 268 1918 ac
280 1890 469 1918 testimonium
483 1891 612 1918 retulisse
631 1899 647 1918 a
659 1892 779 1924 coslesti,
799 1900 864 1920 vero
874 1893 963 1920 bono-

169 1945 223 1973 que
238 1937 329 1969 Patre,
346 1937 419 1972 quod
434 1937 493 1972 ipse
508 1936 569 1972 ejus
593 1942 665 1965 esset
680 1937 778 1971 Filius,
793 1946 876 1966 verus
890 1938 964 1967 Deus

169 1987 251 2018 atque
261 1983 287 2010 ei
296 1983 552 2015 consubstantialis,
565 1991 614 2018 per
625 1984 843 2012 incarnationem
858 1993 892 2013 ex
900 1985 964 2013 Vir-

170 2030 233 2064 gine
251 2028 340 2056 factus
355 2029 449 2062 homo,
464 2036 612 2057 remanens
629 2033 720 2057 tamen
736 2029 820 2058 Deus.

1009 874 1058 912 τὴν
1075 875 1126 910 γῆν
1143 875 1190 901 καὶ
1205 874 1256 910 τὴν
1273 873 1409 902 θάλασσαν
1426 874 1473 903 καὶ
1490 873 1580 900 πάντα
1595 872 1633 900 τὰ
1656 874 1690 900 ὲν
1708 873 1805 903 αὐτοῖς,

1010 921 1057 949 καὶ
1075 921 1112 957 μὴ
1127 920 1256 956 δεηθέντα
1272 920 1338 957 ὕλης
1353 922 1402 957 τῆς
1419 920 1532 957 μηδέπω
1546 919 1642 955 οΰσης,
1663 920 1739 955 μήτε
1752 918 1806 953 δυρ-

1011 967 1066 994 σῶν
1083 967 1131 994 καὶ
1144 966 1248 1003 νεύρων
1264 967 1312 994 καὶ
1332 967 1467 1002 σωμάτων
1484 966 1531 994 καὶ
1548 965 1671 1001 ἱδρώτων
1689 964 1750 991 τῶν
1763 972 1805 990 πο-

1010 1014 1102 1049 νηρῶν
1126 1014 1274 1050 ἀρχόντων,
1296 1011 1342 1042 οὓς
1362 1013 1377 1040 ὁ
1393 1013 1489 1048 Μάνης
1507 1013 1673 1040 ἀνέπλασεν.
1702 1012 1806 1039 Ἀναθε-

1012 1060 1117 1095 ματὶζω
1133 1061 1196 1093 τοὺς
1215 1060 1344 1095 λέγοντας
1365 1061 1406 1087 ὅτι
1422 1060 1452 1087 τὸ
1469 1060 1546 1095 σῶμα
1563 1061 1596 1086 ἐκ
1617 1059 1670 1095 τῆς
1689 1059 1806 1094 πονηρεῖς

1010 1107 1098 1142 ἀρχῆς
1112 1107 1228 1142 ὑπέστη,
1245 1107 1293 1135 καὶ
1311 1107 1352 1134 ὁτι
1369 1106 1448 1142 φύσει
1464 1107 1521 1134 ἔστι
1537 1106 1571 1134 τὰ
1587 1106 1675 1133 κακά.
1704 1105 1806 1132 Ἀναθε-

1012 1153 1118 1188 ματίζω
1137 1154 1184 1180 τὺν
1204 1153 1314 1189 ληρώδη
1328 1154 1466 1186 Μάνεντος
1485 1153 1579 1189 μῦθον,
1597 1154 1628 1180 ὲν
1647 1149 1671 1186 ᾧ
1690 1160 1759 1188 φησι
1775 1151 1808 1187 μὴ

1009 1199 1102 1235 ὅμοιον
1115 1200 1181 1235 ἡμῖν
1197 1199 1396 1227 διαπεπλάσθαι
1411 1199 1463 1227 ὑπὸ
1478 1199 1525 1226 τοῦ
1541 1199 1611 1226 Θεοῦ
1628 1199 1679 1226 τὸν
1703 1198 1806 1234 πρῶτον

1010 1245 1165 1281 ἄνθρωπον,
1179 1246 1302 1273 τουτέστι
1318 1246 1364 1273 τὸν
1387 1245 1483 1281 Ἀδὰμ,
1501 1245 1568 1273 ἀλλὰ
1582 1245 1639 1274 om
1649 1245 1705 1272 τοῦ
1724 1245 1808 1272 Σακλᾶ

1010 1291 1057 1318 τοῦ
1074 1291 1124 1326 τῆς
1135 1291 1264 1327 πορνείας
1275 1291 1414 1327 ἄρχοντος,
1432 1292 1480 1320 καὶ
1492 1291 1542 1327 τῆς
1551 1291 1684 1327 Νεϐρὼδ,
1701 1292 1735 1327 ἦν
1746 1289 1809 1319 εἶναι

1010 1335 1060 1372 τὴν
1080 1335 1146 1375 ὕλην
1164 1337 1240 1372 φησι,
1261 1336 1388 1371 γενέσθαι
1408 1337 1453 1364 τὸν
1480 1336 1565 1372 Ἀδὰμ.
1585 1337 1635 1364 καὶ
1651 1336 1711 1373 τὴν
1725 1336 1806 1364 Εὔαν·

1011 1383 1058 1410 καὶ
1074 1382 1120 1410 τὸν
1133 1383 1183 1418 μὲν
1197 1382 1382 1419 Θηριὰμορφον
1399 1383 1550 1419 κτισθῆναι,
1573 1383 1625 1419 τὴν
1641 1383 1674 1410 δὲ
1693 1384 1807 1418 ἄψυχον·

1011 1430 1058 1456 καὶ
1070 1429 1120 1465 τὴν
1136 1429 1186 1465 μὲν
1201 1428 1273 1456 Εὕαν
1289 1429 1343 1456 ὑπὸ
1354 1429 1404 1465 τῆς
1417 1429 1563 1467 ἀρρενικῆς
1579 1428 1742 1465 λεγομένης
1750 1437 1809 1464 παρ-

1012 1473 1090 1501 Θένου
1108 1474 1271 1510 μεταλαϐεῖν
1281 1473 1365 1510 ζωῆς,
1382 1475 1429 1502 τὸν
1450 1475 1534 1510 Ἀδὰμ
1545 1475 1574 1504 δὲ
1594 1475 1651 1502 ὑπὸ
1666 1475 1724 1510 τῆς
1745 1475 1809 1506 Εὔας

1012 1520 1201 1556 ἀπαλλαγῆναι
1216 1521 1266 1556 τῆς
1281 1520 1440 1557 θηριωδίας.
1464 1521 1673 1556 ’Δναθεματεζω
1689 1521 1758 1553 τοὺς
1774 1520 1810 1547 λι-

1011 1575 1108 1601 γοντας
1136 1566 1184 1595 τὸν
1203 1566 1305 1602 Κύριον
1327 1567 1406 1606 ἡμῶν
1435 1567 1538 1603 Ἰησοῦν
1553 1567 1676 1605 Χριστὸν
1705 1567 1812 1602 δοκήσει

1011 1614 1221 1650 πεφανερῶσθαι
1232 1613 1271 1650 τῷ
1281 1614 1388 1650 κόσμῳ,
1402 1615 1448 1642 καὶ
1460 1614 1497 1651 μὴ
1507 1614 1716 1650 ὁμολογοῦντας
1732 1614 1810 1641 αὐτὸν

1013 1659 1206 1696 σεσαρκῶσθαι
1221 1659 1329 1695 ἀληθῶς
1339 1662 1372 1688 ὲκ
1384 1661 1435 1696 τῆς
1447 1661 1528 1695 ἁγίας
1545 1661 1687 1696 παρθένου
1705 1662 1811 1697 Μαρίας

1011 1706 1061 1741 τῆς
1079 1707 1111 1733 ὲκ
1128 1705 1210 1733 Δαϐὶδ
1230 1707 1430 1742 καταγομένης,
1453 1707 1543 1743 σάρκα
1559 1706 1609 1742 τὴν
1633 1707 1812 1743 ἀνθρωπίνην

1012 1753 1060 1779 καὶ
1078 1753 1144 1788 ἡμῖν
1161 1751 1313 1789 ὁμοούσιον,
1332 1752 1380 1779 καὶ
1391 1752 1501 1784 τελείως
1520 1752 1753 1789 ὲνανθρωπῆσαι,
1771 1754 1812 1780 καὶ

1011 1798 1139 1834 τεχθῆναι
1157 1798 1188 1831 ἐξ
1208 1798 1294 1834 αὐτῆς
1311 1799 1344 1827 δι’
1357 1800 1547 1835 ἑνναμηνιαίου
1566 1799 1679 1835 χρόνον,
1699 1801 1752 1827 καὶ
1771 1801 1812 1828 ἐπὶ

1011 1846 1171 1882 τριακοστὸν
1179 1846 1240 1878 hoc
1252 1845 1406 1882 ἀνθρώποις
1417 1847 1688 1883 συναναστραφῆναι,
1705 1849 1757 1875 καὶ
1770 1848 1812 1884 βι-

1014 1892 1160 1928 πτισθῆναι
1178 1893 1233 1920 ὑπο
1261 1892 1385 1922 Ἰωάννου
1406 1892 1453 1920 τοῦ
1478 1893 1631 1927 ἅγιωτάτου
1653 1894 1810 1930 προδρόμου

1013 1939 1060 1966 καὶ
1071 1938 1224 1966 Βατιτιστοῦ
1237 1940 1267 1966 ὲν
1278 1939 1316 1975 τῷ
1334 1939 1464 1976 Ἰορδάνῃ.
1479 1940 1527 1966 καὶ
1547 1939 1601 1967 ὑπὸ
1617 1939 1668 1967 τοῦ
1686 1940 1811 1976 οὐρανίοι

1013 1984 1060 2012 καὶ
1073 1984 1202 2021 ἀληθινοῦ
1217 1985 1265 2012 καὶ
1281 1985 1385 2020 ἀγαθοῦ
1406 1985 1615 2021 μαρτυρηθῆναι
1640 1986 1766 2023 Πατρδς,
1778 1987 1812 2019 ὼς

1014 2029 1095 2061 αὐτὸς
1109 2029 1152 2066 εἴη
1166 2031 1180 2056 ὸ
1193 2030 1256 2062 Υἱὸς
1268 2030 1349 2057 αὐτοῦ
1362 2032 1376 2058 ὸ
1389 2031 1515 2066 ἀληθινὸς
1529 2031 1595 2063 Θεὸς
1603 2032 1655 2061 καὶ
1668 2033 1812 2068 ὁμοούσιος

959 2074 963 2082 ¹
1013 2074 1098 2110 αὐτῷ,
1110 2075 1247 2111 σαρκώσει
1259 2077 1292 2111 τῇ
1303 2077 1337 2103 ὲκ
1352 2076 1489 2113 Παρθένου
1506 2076 1656 2112 γενόμενος
1669 2077 1811 2114 ἄνθρωπος

206 2160 238 2189 ll.
260 2160 469 2189 Anathematizo
483 2162 578 2197 igitur.
605 2164 636 2190 ut
650 2161 754 2190 dictum
768 2166 820 2194 est,
841 2169 890 2190 eos
911 2162 960 2199 qui
976 2162 1000 2190 D

171 2211 268 2235 contra
282 2208 340 2235 haec
354 2207 486 2240 sentiunt,
509 2211 536 2235 et
550 2207 634 2234 alium
662 2207 774 2243 quidem
789 2208 886 2236 volunt
900 2216 963 2237 esse

172 2259 234 2280 eum
248 2252 295 2288 qui
313 2256 396 2280 natus
411 2253 447 2281 sit
461 2261 495 2281 ex
508 2252 605 2284 Maria,
623 2253 728 2289 quique
738 2254 894 2289 baptizatus
913 2261 963 2282 seu

172 2297 305 2326 intinctus
320 2299 367 2330 sit,
378 2298 444 2330 imo,
457 2302 488 2326 ut
500 2299 552 2334 ipsi
566 2299 696 2333 delirant,
708 2299 851 2328 demersus
862 2300 963 2333 ;alium

172 2352 238 2372 vero
253 2352 315 2372 eum
337 2345 385 2380 qui
397 2353 431 2372 ex
447 2353 519 2380 aqua
535 2345 703 2378 ascenderit,
716 2346 964 2381 testimoniumque

173 2391 320 2426 acceperit,
329 2399 410 2426 quem
424 2395 451 2418 et
461 2391 611 2427 ingenitum
624 2391 719 2420 Iesum
733 2400 764 2419 ac
774 2391 877 2420 Lumen
892 2401 963 2420 nun-

173 2441 286 2471 cupant,
306 2436 354 2471 qui
379 2437 407 2464 in
433 2436 518 2471 ﬁgura
545 2436 664 2464 hominis
689 2438 861 2474 apparuerit;
882 2441 964 2473 atque

173 2483 251 2511 illum
276 2483 388 2519 quidem
412 2482 572 2510 fabulantur
590 2491 652 2511 esse
679 2492 695 2511 a
721 2484 794 2512 malo
814 2485 961 2520 principio,

173 2529 248 2557 hunc
259 2533 349 2556 autem
361 2537 376 2556 a
391 2529 474 2557 bono.
487 2529 694 2558 Anathematizo
705 2538 752 2558 eos
763 2530 810 2565 qui
821 2531 898 2558 aiunt
910 2531 963 2557 Dn-

173 2574 277 2602 minum
288 2579 412 2603 nostrum
426 2574 519 2602 Jcsum
534 2575 674 2603 Christum
689 2576 892 2604 existimatione
904 2577 962 2604 sola

174 2628 287 2655 passum
313 2629 384 2654 esse,
405 2626 432 2650 et
452 2621 536 2649 alium
558 2621 668 2656 quidem
687 2629 748 2650 esse
771 2630 833 2648 eum
860 2622 907 2657 qui
934 2623 962 2650 in

175 2674 268 2698 cruce,
282 2667 366 2694 alium
383 2675 448 2695 vero
461 2667 508 2702 qui
524 2667 620 2702 procul
635 2667 668 2694 ab
684 2675 715 2694 ea
729 2667 829 2699 stabat.
843 2668 963 2695 ridebat-

176 2719 229 2746 que
242 2716 371 2748 tanquam
386 2714 440 2741 alio
456 2721 506 2749 pro
521 2722 550 2742 se
561 2713 738 2749 perpetiente.
755 2714 962 2742 Ana'thematizo

177 2755 269 2792 itaque
283 2758 354 2791 illos,
367 2760 413 2794 qui
423 2768 477 2787 non
493 2759 658 2787 conﬁtentur
672 2759 761 2794 ipsum
770 2768 832 2788 esse
843 2760 963 2788 Verbum

179 2801 261 2830 Deum
285 2811 300 2832 e
324 2808 418 2833 sancta
437 2804 552 2844 Deipara
575 2813 736 2843 semperque
752 2806 856 2843 virgine
877 2806 962 2835 Maria

1017 2120 1085 2156 μετὰ
1098 2121 1146 2150 τοῦ
1167 2122 1256 2157 μεῖναι
1268 2121 1344 2154 Θεός.

1055 2166 1258 2203 ’Λναθεματιζω
1269 2165 1326 2200 οὖν,
1348 2167 1387 2200 ὡς
1403 2168 1528 2204 εἴρηται,
1537 2169 1602 2200 τοὺς
1622 2169 1708 2204 παρὰ
1728 2169 1812 2198 115::

1013 2212 1190 2249 φρονοῦντας,
1204 2214 1251 2240 καὶ
1265 2213 1344 2241 ἄλλον
1360 2214 1410 2250 μὲν
1426 2213 1552 2248 λέγοντας
1571 2212 1645 2242 εἶναι
1661 2215 1712 2242 τὸν
1721 2224 1812 2250 γεννη-

1013 2258 1093 2287 θέντα
1105 2259 1138 2285 ὲκ
1149 2259 1270 2294 Μαρίας,
1291 2259 1338 2286 καὶ
1348 2259 1542 2294 βαπτισθέντα,
1553 2259 1658 2295 μῶλον
1670 2261 1703 2288 δὲ
1714 2261 1754 2294 ὡς
1769 2261 1812 2288 αὖ·

1011 2305 1053 2331 τοὶ
1071 2304 1183 2340 ληροῦσι
1204 2305 1374 2340 βυθισθέντα,
1389 2306 1468 2333 ἄλλον
1481 2306 1509 2333 δὲ
1528 2306 1574 2333 τὸν
1592 2308 1628 2333 ἐκ
1645 2307 1697 2334 τοῦ
1722 2308 1813 2338 ὓδατος

1013 2350 1156 2378 ἀνελθόντα
1164 2352 1210 2378 καὶ
1219 2351 1435 2388 μαρτυρηθέντα,
1444 2352 1473 2379 ὃν
1484 2352 1532 2382 καὶ
1538 2353 1693 2389 ἀγέννητον
1712 2355 1812 2390 Ἰησοῦν

1013 2395 1060 2422 καὶ¹
1075 2395 1180 2430 Φέγγος
1200 2395 1390 2432 ὀνομάζουσιν,
1408 2398 1437 2424 ὲν
1452 2398 1571 2433 σχήματι
1588 2398 1745 2434 ἀνθρώπου
1769 2409 1811 2435 φα-

1013 2441 1104 2474 νέντα,
1114 2442 1221 2469 καὶτὸν
1240 2443 1289 2478 μὲν
1302 2440 1372 2470 εἶναι
1384 2442 1434 2478 τῆς
1445 2443 1533 2478 κακῆς
1547 2444 1649 2479 ἀρχῆς,
1665 2445 1716 2473 τὸν
1727 2446 1757 2474 δὲ
1768 2447 1811 2481 τῆς

1013 2487 1119 2523 ἀγαθῆς
1141 2487 1349 2524 μυθολογοῦσιν.
1376 2488 1579 2524 Ἀναθεματίζω
1594 2489 1662 2522 τοὺς
1685 2490 1810 2526 λέγοντας

1012 2534 1122 2569 δοκήσει
1135 2534 1234 2561 παθεῖν
1243 2534 1288 2561 τὸν
1302 2534 1403 2571 Κύριον
1412 2533 1490 2570 ἡμῶν
1505 2535 1611 2570 Ἰησοῦν
1624 2537 1760 2573 Χριστὸν.
1771 2537 1811 2564 καὶ

1013 2579 1092 2606 ἄλλον
1107 2579 1158 2614 μὲν
1173 2577 1243 2606 εἷναι
1253 2580 1299 2606 τὸν
1310 2580 1339 2606 ὲν
1351 2579 1470 2615 σταυρῷ,
1483 2579 1579 2615 ἕτερον
1589 2580 1620 2607 δὲ
1637 2581 1685 2607 τὸν
1705 2582 1809 2617 πόρψ

1013 2625 1058 2652 θεν
1073 2625 1179 2652 ἑστῶτα
1190 2626 1237 2653 καὶ
1252 2625 1384 2660 γελῶντα,
1400 2625 1438 2657 ὡς
1451 2625 1531 2652 ἄλλου
1545 2626 1604 2653 ἀντ’
1613 2627 1702 2654 αὐτοῦ
1719 2627 1810 2654 7.3969-

1012 2679 1066 2702 τος.
1084 2670 1290 2706 Ἀναθεματίζω
1303 2671 1391 2698 τοίνυν
1405 2672 1469 2702 τοὺς
1488 2671 1526 2707 μὴ
1543 2671 1753 2707 ὁμολογοῦντας
1768 2673 1809 2699 αὐ-

1012 2715 1058 2742 τὸν
1070 2713 1142 2744 εἶναι
1159 2716 1204 2743 τὸν
1221 2718 1253 2743 ἐκ
1268 2717 1317 2752 τῆς
1331 2717 1551 2751 ἁγίαςΘεοτόκου
1571 2718 1620 2744 καὶ
1632 2719 1808 2754 ἀειπαρθένου

1012 2762 1124 2797 Μαρίας
1142 2762 1318 2798 σαρκωθέντα
1334 2763 1400 2790 Θεὸν
1415 2763 1511 2797 Λόγον,
1522 2764 1571 2790 καὶ
1582 2764 1809 2800 γεννηθέντα.καὶ

1014 2809 1074 2834 κατ’
1086 2807 1216 2844 ἀλήθειαν
1229 2807 1425 2845 ’σταυρωθέντα
1447 2809 1542 2844 σαρκὶ,
1567 2810 1616 2837 καὶ
1642 2810 1807 2838 ἀποθανόντι
