1873 3095
28 126 100 154 “65

579 125 865 156 RECOGNITIONES.
882 142 918 147 —
928 127 1108 158 APPENDIX.

1598 135 1667 164 “66

25 183 139 220 ἀληθῶς
159 184 250 221 σαρκὶ,
269 186 317 213 καὶ
338 186 487 222 τριήμερον
508 187 663 214 ἀναστάντα
685 187 723 220 ὡς
746 187 764 213 Θ

927 192 1060 222 amatum,
1076 193 1103 217 οι
1115 189 1248 226 genitum,
1265 198 1373 219 necnon
1394 199 1488 220 revera
1504 201 1587 222 carne
1605 203 1666 223 01⁸11-

31 230 241 267 Ὰναοεματίζω
261 233 324 264 τοὺς
341 232 388 259 τὸν
410 233 528 268 Χριστὸν
542 234 670 268 λέγοντας
692 233 761 261 εἶναι
774 234 820 260 τὸν

22 277 116 311 ἥλιον,
131 278 178 304 καὶ
197 278 361 314 εὐχομένους
375 279 414 314 τῷ
429 279 507 316 ἡλίῳ,
524 280 539 316 ἢ
555 282 588 316 τῇ
604 281 715 317 σελήνῃ,
732 280 747 316 ἥ
763 283 820 313 τοῖς

21 323 151 359 ἄστροις,
170 324 215 350 καὶ
226 324 295 356 ὅλως
318 325 411 356 αὐτοῖς
425 325 462 357 ὡς
477 325 548 357 Θεοῖς
563 326 755 362 προσέχοντας,
773 327 821 353 καὶ

20 371 195 403 φανοτάτους
222 370 298 402 θεοὺς
313 371 529 404 ἀποκαλοῦντας
552 373 598 398 καὶ
619 373 681 404 τοὺς
698 373 734 408 μὴ
751 372 820 408 πρὸς

19 414 160 446 ἀνατολὰς
181 415 260 450 μόνον
274 415 312 450 τῷ
325 415 420 451 ἀληθεί
433 416 493 452 Θεῴ
510 417 683 452 εὐχομένους,
704 417 771 444 ἀλλὰ
785 419 818 453 τῇ

16 460 67 486 τοῦ
86 460 164 496 ἡλίου
179 461 284 496 κινήσει
299 463 585 498 συμπεριφερομένους
596 465 624 490 ὲν
634 465 694 495 ταῖς
710 464 819 500 μυρίαις

17 507 115 533 αὐτῶν
132 509 307 543 προσευχαῖς.
330 509 534 544 Ἀναθεματίζω
545 510 608 542 τοὺς
623 510 669 536 τὸν
685 510 818 545 Ζαράδην,

15 554 66 579 καί¹
77 554 127 580 τὸν
142 554 252 586 Βουδᾶν,
267 556 313 582 καὶ
327 556 373 582 τὸν
386 556 514 591 Χριστὸν,
530 558 577 583 καὶ
593 557 638 583 τὸν
655 557 817 592 Μανιχαῖον,

15 600 66 626 καὶ
76 599 126 626 τὸν
140 599 225 635 ἥλιον,
238 601 286 627 ἕνα
294 601 341 628 καὶ
352 601 397 627 τὸν
411 601 492 628 αὑτὸν
502 599 572 628 εἶναι
587 600 723 636 λέγοντας.
743 602 820 628 Ἀνα-

14 645 165 680 θεματίζω
193 647 256 679 τοὺς
280 646 326 674 τὸν
352 647 548 683 Παράκλητον,
575 647 605 673 ὃν
639 647 820 683 ἐπηγγείλατο

13 691 145 726 πέμπειν
155 693 169 718 ὁ
177 692 288 728 Κύριος,
302 693 460 728 τολμῶντας
472 693 562 727 λέγειν
576 693 621 720 τὸν
632 693 748 720 δείλαιον
762 694 820 721 Μά-

12 746 112 769 νεντα,
135 737 182 764 καὶ
201 738 237 774 μὴ
257 738 454 774 ὁμολογοῦντας
473 739 518 765 τὸν
533 739 658 774 ἀληθινὸν
673 740 819 776 Παράκλη-

11 791 62 809 τον
81 783 116 810 τὸ
136 784 249 819 Πνεῦμα
262 785 312 820 τῆς
325 785 464 820 ἀληθείας,
488 785 502 812 δ
525 787 583 817 τοῖς
597 785 686 820 ἁγίοις
699 786 816 822 Χριστοῦ

13 827 161 864 μαθηταῖς
175 830 221 855 καὶ
233 830 390 862 ἀποστόλοις
403 831 582 865 ἐπεφοίτησεν
598 832 627 857 ὲν
640 832 673 866 τῇ
684 831 734 866 τῆς
747 831 815 858 Πεν-

9 875 161 910 τηκοστῆς
175 875 276 911 ἡμέρᾳ,
297 876 331 903 δι’
342 873 372 904 οὖ
385 877 432 903 καὶ
446 876 497 909 τὰς
509 877 562 903 ὑπὸ
574 876 620 903 τὸν
634 877 747 913 οὐρανὸν
758 878 817 904 δια-

9 921 135 952 λέκτους
148 920 279 956 ἔγνωσαν,
296 921 343 948 καὶ
359 922 472 958 νεκροὺς
486 922 613 958 ήγειραν,
639 923 686 949 καὶ
699 923 733 950 τὰ
749 923 815 952 ἄλλα

8 968 165 1004 παράδοξα
174 969 344 1004 εἰργάσαντο.
365 969 569 1005 ’Δναθεματίζω
576 970 639 1002 τοὺς
651 970 700 1002 τὰς
715 971 817 1007 ἀνθρωο

7 1015 102 1046 πίνας
112 1014 202 1050 ψυχὰς
216 1015 345 1049 λέγοντας
365 1015 523 1051 ὁμοουσίους
542 1014 610 1043 εἶναι
626 1016 665 1052 τῷ
681 1017 749 1052 Θεῷ,
769 1018 816 1045 καὶ

7 1061 67 1087 ὑπὸ
89 1061 142 1095 τῆς
163 1060 229 1096 ὕλης
243 1061 439 1097 καταποθῆναι,
456 1061 503 1088 καὶ
524 1061 686 1094 καθέζεσθαι
702 1062 749 1089 νῦν
768 1063 815 1090 τὸν

6 1106 97 1137 Θεὸν,
113 1105 162 1132 καὶ
173 1106 274 1138 ταύτας
281 1106 417 1139 ἐξαντλεῖν
431 1107 554 1134 κάτωθεν
565 1107 609 1135 διὰ
620 1107 667 1134 τοῦ
682 1108 757 1144 ήλίου
769 1109 815 1136 καὶ.

3 1152 63 1187 τῆς
93 1151 220 1188 σελήνης,
242 1152 260 1180 ἃ
275 1153 322 1179 καὶ
345 1153 424 1180 πλοῖα
445 1154 582 1181 καλοῦσιν.
609 1155 814 1191 Ἀναθεματίζω

3 1197 82 1228 τοὺς
99 1197 152 1233 τὴν
171 1197 380 1234 μετεμψύχωσιν
394 1197 555 1232 δοξάζοντας
567 1199 601 1235 ὴν
617 1199 694 1226 αὐτοὶ
714 1200 813 1227 καλοῦ-

4 1251 53 1270 σιν
77 1243 268 1278 μεταγγισμδν
277 1243 382 1279 ψυχῶν,
395 1245 441 1270 καὶ
456 1245 519 1276 τοὺς
528 1244 578 1277 τὰς
594 1244 709 1281 βοτάνας
720 1246 767 1273 καὶ
777 1246 812 1275 τὰ

3 1287 90 1323 φυτὰ
105 1288 154 1314 καὶ
167 1287 197 1314 τὸ
213 1288 285 1325 ὕδωρ
298 1288 345 1315 καὶ
358 1288 393 1316 τὰ
409 1289 476 1317 ἄλλα
495 1291 594 1324 πάντα,
613 1290 723 1327 ἔμψυχα
742 1289 812 1319 εἶναι

2 1331 270 1367 ὑπολαμϐάνοντας,
283 1334 402 1367 καὶτοὺς
415 1334 500 1361 ταῦτα
515 1335 674 1368 κόπτοντας,
687 1336 748 1372 ήτοι
769 1336 812 1364 λέ-

1 1386 128 1412 γοντας,
143 1378 184 1409 είς
202 1379 293 1405 ἐκεῖνα
312 1379 562 1416 μεταϐληθήσεσθαι
584 1381 746 1416 φάσκοντας,
763 1383 811 1409 καὶ

0 1423 92 1458 ἡμᾶς
102 1422 168 1455 τοὺς
181 1423 360 1458 Χριστιανοὺς
377 1425 441 1457 τοὺς
459 1425 496 1462 μὴ
510 1426 748 1462 παραδεχομένους
761 1427 811 1460 τὰς

0 1467 148 1499 τοιαύτας
164 1467 325 1503 μυθολογίας
340 1469 488 1502 καλοῦντας
508 1470 678 1506 Ἆπλαρίους.
698 1471 808 1498 Ἀναθε-

873 232 995 266 οἰίίιυῐη,
1011 241 1076 262 vere
1091 241 1176 262 carne
1190 239 1341 269 mortuum,
1359 237 1496 272 tertioque
1511 238 1554 266 die
1575 241 1666 268 susci-

873 283 970 313 tatum,
981 285 1076 316 utpote
1094 281 1189 309 Deum.
1200 282 1409 311 Anathematizo
1417 292 1464 312 eos
1473 286 1518 320 qui
1528 286 1665 316 aﬂirmant

871 325 1010 353 Christum
1021 335 1081 355 esse
1089 328 1185 360 solem,
1195 333 1220 356 et
1229 329 1263 356 ad
1271 329 1368 363 solem,
1378 332 1419 359 vel
1430 332 1531 367 lunam,
1539 335 1580 362 vel
1589 339 1665 362 astra

871 379 967 406 preces
995 373 1132 407 deferunt,
1144 376 1318 411 omninoque
1332 377 1386 405 illis
1396 383 1424 405 ut
1436 379 1490 407 diis
1506 382 1662 413 attendunt,

870 423 1024 454 vocantque
1051 420 1117 448 deos
1143 421 1329 451 lucidissimos
1354 424 1442 452 :item
1461 434 1508 454 eos
1535 428 1581 462 qui
1607 436 1662 456 non

870 465 951 494 modo
964 466 998 494 ad
1014 466 1155 495 Orientem
1176 477 1241 496 vero
1257 469 1313 497 Deo
1329 472 1496 506 supplicant,
1513 473 1561 501 sed
1584 474 1662 508 juxta

870 518 974 540 motum
989 514 1057 541 solis
1068 514 1266 543 circumferunt
1279 525 1309 545 se
1320 518 1347 545 iu
1360 519 1417 546 suis
1433 520 1584 548 innumeris
1598 530 1662 549 ora-

870 559 1000 587 tionibus.
1010 560 1220 588 Anathematizo
1231 562 1292 590 illos
1310 564 1357 599 qui
1370 564 1502 593 Zaradem
1514 570 1542 593 et
1556 566 1661 595 Budam

870 610 897 632 et
910 604 1051 633 Christum
1070 610 1096 634 et
1116 606 1296 635 Manichzeum
1318 613 1345 637 et
1365 611 1462 643 solem,
1480 620 1566 639 unum
1582 622 1660 640 eum-

870 650 987 686 demque
1001 659 1061 680 esse
1073 652 1180 681 dicunt.
1191 654 1400 684 Anathematizo
1413 665 1461 684 eos
1470 658 1516 693 qui
1533 657 1660 687 Paracle—

869 700 927 724 tum
951 705 1032 732 quem
1052 697 1183 727 Dominus
1200 700 1349 728 missurum
1365 710 1395 730 se
1408 704 1544 738 promisit,
1557 706 1661 733 audent

869 743 960 771 dicere
975 744 1107 771 miserum
1124 745 1268 777 Manctem,
1283 755 1371 782 neque
1383 751 1549 778 conlltentur
1563 760 1660 780 verum

868 788 1040 817 Paraclctum
1053 790 1185 826 Spiritum
1196 793 1329 823 veritatis.
1337 795 1383 829 qui
1396 796 1423 822 in
1433 802 1544 825 samtos
1554 797 1660 827 Christi

867 832 1018 868 diseipulos
1039 842 1071 861 ac
1091 837 1230 870 apostolos
1245 837 1388 866 descendit
1405 841 1449 868 die
1461 841 1639 872 Pentecostes
1649 865 1657 876 .

868 887 917 914 per
939 887 1019 914 quem
1037 885 1065 908 et
1082 882 1166 909 totius
1180 883 1255 912 orbis
1271 884 1376 920 linguas
1391 891 1473 914 notas
1489 888 1656 922 habuerunt,

867 934 900 954 ac
915 930 1039 954 mortuos
1060 927 1246 961 suscitarunt,
1262 930 1371 966 aliaque
1393 932 1527 960 miracula
1550 935 1658 969 operati

867 975 941 1000 sunt.
961 971 1170 1001 Anathematizo
1188 982 1236 1002 eos
1252 977 1299 1011 qui
1316 976 1451 1005 humanas
1472 980 1578 1009 animas
1601 980 1657 1010 Deo

865 1015 1119 1045 consubstantiales
1141 1018 1251 1051 dicunt,
1273 1024 1300 1047 et
1321 1029 1336 1048 a
1359 1024 1474 1049 materia
1496 1024 1654 1058 absorberi,

865 1069 994 1097 nuncque
1009 1062 1106 1091 sedere
1127 1062 1211 1091 Deum
1234 1072 1267 1092 ac
1287 1073 1334 1093 eas
1351 1067 1461 1095 haurire
1479 1069 1512 1096 ab
1528 1070 1584 1097 imo
1607 1079 1657 1105 per

865 1111 950 1137 solem
961 1115 989 1138 et
1003 1111 1107 1143 lunam.
1123 1120 1184 1147 quae
1198 1114 1280 1140 etiam
1294 1114 1401 1150 navigia
1417 1122 1525 1145 vocant.
1539 1118 1657 1147 Anathe—

864 1156 964 1184 matizo
984 1165 1032 1185 eos
1047 1158 1095 1193 qui
1111 1160 1368 1195 metempsychosim
1392 1161 1550 1198 admittunt,
1571 1173 1655 1200 quam

864 1202 916 1237 ipsi
932 1203 1076 1231 nominant
1094 1205 1248 1232 animarum
1270 1206 1304 1234 de
1320 1214 1385 1234 vase
1402 1208 1430 1235 in
1447 1217 1496 1237 vas
1512 1210 1655 1246 migratio-

863 1256 945 1276 nem:
967 1254 1098 1284 prazterea
1120 1258 1168 1279 eos
1186 1251 1231 1287 qui
1255 1252 1367 1285 herbas,
1395 1254 1521 1289 plantas,
1542 1264 1653 1292 aquam,

862 1300 1015 1331 caateraque
1035 1297 1130 1325 omnia
1150 1301 1249 1332 putant
1269 1305 1331 1326 esse
1361 1300 1498 1333 animata,
1522 1302 1655 1335 aiuntque

862 1349 957 1373 eorum
970 1346 1092 1370 sectores
1113 1348 1160 1370 aut
1175 1343 1337 1372 collectores
1353 1344 1382 1371 in
1403 1345 1448 1372 illa
1470 1349 1655 1376 transmutan-

862 1386 930 1421 dos;
948 1395 999 1416 nos
1014 1392 1104 1415 autem
1118 1389 1303 1421 Christianos.
1319 1391 1367 1426 qui
1393 1391 1552 1427 hujusmodi
1574 1393 1655 1422 fabu-

862 1433 937 1461 losos
952 1441 1094 1462 sermones
1108 1435 1221 1463 minime
1238 1436 1397 1471 recipimus,
1417 1439 1556 1473 appellant
1578 1439 1647 1467 Sim-

862 1478 958 1514 plices.
971 1479 1178 1508 Anathematizo
1192 1489 1239 1510 eos
1258 1485 1314 1509 tum
1330 1483 1376 1518 qui
1391 1483 1548 1512 inticiantur
1562 1487 1654 1515 carnis

1 1513 128 1550 ματίζω
142 1514 205 1545 τοὺς
213 1514 398 1550 ἀρνουμένους
409 1515 457 1551 τὴν
468 1516 521 1543 τῶν
531 1517 640 1553 σαρκῶν
648 1517 740 1544 ἁνάστλ

911 1526 1108 1561 urreclionem;
1131 1530 1189 1554 tum
1206 1528 1254 1563 qui
1276 1528 1505 1558 inhumanitatem
1534 1531 1650 1564 docent,

0 1559 57 1588 καὶ
83 1559 150 1590 τοὺς
163 1559 359 1596 ἀπανθρωπίαν
379 1560 564 1594 διδάσκοντας.
581 1562 629 1589 καὶ
646 1562 683 1598 μὴ
703 1571 808 1598 συγχω-

2 1604 136 1640 ροῦντας
145 1603 264 1631 δίδοσθαι
273 1604 379 1640 πένησι,
388 1605 436 1633 καὶ
442 1606 505 1638 τοὺς
513 1606 544 1634 τὸ
552 1607 724 1639 αὐτεξούσιον
735 1609 810 1635 ἀναι-

0 1649 195 1687 ροῦντας,καὶ
203 1650 239 1686 μὴ
246 1650 360 1688 ἐφ’ήμϊν
365 1649 434 1680 εἶναι
442 1652 607 1687 λέγονταςτὸ
615 1651 683 1682 εἶναι
692 1654 783 1686 καλοῖς
791 1655 808 1690 ἢ

0 1698 126 1728 κακοῖς,
137 1697 183 1723 καὶ
189 1697 252 1729 τοὺς
260 1697 410 1734 βρωμάτων
416 1699 566 1735 ἀπέχεσθαι
581 1700 807 1736 προστάττοντας,

0 1744 18 1771 5
29 1745 47 1770 ὁ
57 1743 133 1775 Θεδς
140 1742 246 1770 ἔκτισεν
253 1745 293 1776 είς
302 1744 461 1781 μετάληψιν.
471 1745 674 1782 Ἀναθεματίζω
681 1747 743 1779 τοὺς
752 1748 809 1780 τοῖς

0 1790 129 1822 οἰκείοις
141 1789 231 1826 οὗροις
244 1791 359 1823 ἑαυτοὺς
375 1791 541 1827 μιαίνοντας,
554 1793 602 1819 καὶ
619 1792 656 1828 μὴ
678 1793 809 1830 ἀνεχομέ-

0 1845 76 1868 νους
90 1835 145 1867 τὰς
165 1836 302 1872 ρυπαρίας
320 1837 410 1864 αὐτῶν
425 1836 504 1864 ὕδατι
523 1837 698 1871 ἀποπλύνειν,
712 1839 755 1866 ἴνα
771 1839 808 1875 μὴ

0 1881 148 1921 μολυνθῇ,
158 1882 234 1916 φασὶ,
250 1882 280 1908 τὺ
291 1881 372 1918 ὕδωρ.
389 1882 590 1919 Ἀναθεματίζω
599 1884 661 1915 τοὺς
670 1883 719 1920 τὴν
733 1884 809 1920 παρὰ

0 1928 97 1964 ρύσιν
112 1927 307 1964 ἀσχημοσύνην
324 1930 576 1966 κατεργαζομένους
586 1950 594 1963 ,
608 1930 638 1958 οὺ
660 1931 740 1967 μόνον
760 1931 808 1959 ἄν-

0 1975 91 2009 ῑρας,
110 1972 178 2000 ἀλλὰ
192 1974 239 2001 καὶ
255 1975 396 2008 γυναῖκας,
414 1975 460 2002 τὸν
473 1976 501 2002 δὲ
519 1977 608 2012 γάμον
621 1977 808 2013 ἀποϐαλλομέ-

0 2027 86 2051 ιους,
101 2019 151 2045 καὶ
163 2018 212 2054 τῆς
226 2020 423 2056 νενομισμένης
435 2021 503 2056 πρὸς
510 2021 560 2054 τὰς
569 2025 702 2058 γυναῖκας
715 2032 808 2050 συνου-

0 2067 73 2097 ria;
95 2065 292 2101 ἀπεχομένους,
307 2066 351 2094 ῖνα
373 2067 410 2102 μὴ
425 2067 650 2104 παιδοποιήσωσι,
668 2069 746 2103 φασὶ,
761 2070 808 2098 καὶ

0 2111 105 2147 ιυχὰς
119 2112 159 2143 είς
169 2112 214 2140 τὸν
230 2112 358 2150 βόρϐορον
372 2113 427 2141 τῶν
440 2114 617 2150 ἀνθρωπίνων
631 2115 726 2151 ψυχῶν
742 2126 808 2144 κατ-

0 2160 165 2195 ιγάγωσιν.

861 1579 911 1598 nec
924 1571 1077 1600 concedunt
1090 1573 1240 1609 quidquam
1258 1574 1319 1602 dari
1333 1567 1517 1611 pauperibus;
1535 1581 1592 1604 tum
1603 1578 1652 1613 qui

860 1617 961 1645 tollunt
971 1618 1086 1645 liberum
1099 1620 1255 1652 arbitrium,
1274 1622 1509 1658 pronuntiantque
1521 1631 1575 1650 non
1589 1631 1652 1653 esse

860 1661 888 1689 in
908 1667 1003 1690 nostra
1019 1668 1155 1699 potestate
1175 1670 1203 1692 ut
1227 1666 1290 1693 boni
1309 1670 1357 1693 aut
1376 1667 1440 1694 mali
1465 1668 1562 1701 simus,
1590 1673 1649 1696 tum

860 1709 906 1744 qui
925 1710 1087 1745 praecipiunt
1109 1710 1247 1739 abstinere
1268 1713 1348 1745 cibis,
1373 1721 1443 1748 quos
1465 1713 1538 1742 Deus
1557 1719 1586 1742 ut
1602 1723 1651 1743 su-

859 1760 968 1783 mantur
981 1757 1094 1785 creavit.
1110 1756 1318 1785 Anathematizo
1333 1766 1381 1786 eos
1394 1760 1439 1794 qui
1457 1767 1486 1787 se
1507 1767 1556 1787 sua
1570 1761 1650 1790 urina

862 1800 1017 1835 sordidant,
1035 1810 1085 1830 nec
1097 1804 1234 1831 sustinent
1245 1811 1316 1839 aqua
1330 1812 1396 1832 suas
1410 1805 1505 1832 sordes
1520 1805 1648 1839 abluere,

859 1854 904 1877 ne.
919 1846 1058 1882 inquiunt,
1077 1855 1147 1884 aqua
1161 1849 1310 1883 polluatur.
1323 1849 1531 1878 Anatbematizo
1542 1858 1590 1878 eos
1600 1851 1649 1886 qui

859 1896 965 1920 naturas
985 1894 1151 1920 contrariam
1175 1894 1373 1930 turpitudinem
1398 1899 1566 1930 perpetrant,
1592 1905 1649 1926 non

859 1939 947 1967 solum
963 1940 1048 1972 viros,
1058 1940 1106 1968 sed
1120 1944 1147 1968 et
1161 1940 1292 1976 feminas;
1309 1942 1419 1977 nuptias
1434 1951 1498 1971 vero
1507 1943 1647 1978 rejiciunt,

858 1989 885 2013 et
905 1986 1023 2021 legitima
1040 1994 1101 2014 cum
1113 1987 1274 2015 mulieribus
1285 1988 1485 2017 consuetudine
1497 1989 1646 2022 abstinent,

858 2041 893 2061 ne
902 2034 1004 2062 liberos
1012 2035 1173 2070 suscipfant,
1182 2035 1319 2070 inquiunt,
1326 2036 1487 2072 animasque
1493 2037 1526 2064 ad
1536 2044 1646 2065 caenum

858 2079 1041 2108 lmmanarum
1054 2081 1210 2109 animarum
1230 2081 1377 2109 deducant.

43 2203 259 2239 Ἀναθεματίζω
272 2205 320 2232 καὶ
333 2206 543 2242 καταθεματίζω
555 2207 659 2240 πάντας
672 2209 735 2240 τοὺς
744 2209 782 2236 Mc

908 2201 934 2229 ll.
955 2202 1135 2231 Anatbemale
1157 2207 1186 2231 et
1208 2203 1388 2232 catathemate
1411 2205 1535 2239 percutio
1549 2212 1647 2234 omnes

5 2250 147 2287 ιχαίους,
164 2251 210 2278 καὶ
233 2250 267 2279 τὰ
289 2251 392 2279 τούτων
414 2253 578 2289 φρονήματα
603 2254 650 2281 καὶ
671 2254 804 2290 δόγματα,

0 2299 55 2324 νὺν
82 2294 182 2326 αὑταῖς
201 2295 301 2331 ψυχαῖς
321 2305 351 2323 τε
366 2297 414 2323 καὶ
428 2297 546 2333 σώμασι,
559 2299 605 2326 καὶ
626 2298 661 2326 τά
684 2300 805 2335 μυσαρὰ,

0 2345 48 2371 ,αὶ
71 2341 230 2378 ἀκάθαρτα,
248 2343 295 2370 καὶ
309 2344 436 2378 γοητείας
449 2344 540 2380 πλήρη
558 2346 705 2381 μυστήρια,
718 2346 806 2372 καὶτὸ

7 2387 181 2423 αλούμενον
203 2388 292 2415 αὐτῶν
316 2388 406 2424 Βῆμα,
427 2390 474 2416 καὶ
497 2390 585 2419 πάντα
610 2391 660 2418 ὅσα
683 2390 805 2418 τελοῦσιν

0 2436 111 2465 ηθέως,
127 2432 146 2460 ἃ
162 2435 222 2465 ταῖς
244 2434 436 2470 Μανιχαῐχαῖς,
455 2435 553 2471 μᾶλλον
571 2436 599 2463 δὲ
617 2439 805 2472 γοητευτικαῖς

5 2479 102 2508 ὡτῶν
129 2479 284 2514 περιέχεται
304 2479 425 2515 βιϐλίοις.
443 2481 645 2517 ’Λναθεματίζω
668 2483 756 2510 πάντα
770 2484 804 2511 τὰ

0 2530 45 2561 ἀγ
51 2533 136 2562 ματα
151 2526 197 2552 καὶ
213 2526 414 2562 συγγράμματα
429 2527 476 2554 τοῦ
487 2527 634 2560 Μάνεντος,
646 2530 692 2556 καὶ
705 2530 736 2556 τὸ
750 2530 803 2555 τῶν

0 2571 206 2602 Επιστολῶν
221 2572 303 2600 αὐτοῦ
319 2572 430 2608 βιϐλίον,
445 2575 492 2601 καὶ
503 2575 593 2607 πάσας
606 2575 655 2607 τὰς
669 2577 803 2611 Μανιχαῖ-

1 2621 51 2650 ὰς
80 2616 208 2652 βίϐλους·
231 2615 287 2645 οἷον
311 2619 342 2646 τὸ
364 2620 521 2656 νεκροποιὸν
543 2620 617 2656 αὐτῷ
633 2621 690 2658 (75)
706 2623 802 2656 Εὐαγ-

0 2666 122 2694 έλιον,
137 2663 207 2698 ὅπερ
229 2663 285 2694 ζῖὶγν
305 2665 432 2693 καλοῦσι’
458 2667 505 2693 καὶ
526 2666 571 2693 τὸν
595 2667 731 2704 Θησαυρὸν
755 2668 802 2694 τοῦ

0 2710 137 2741 ανάτου,
151 2709 180 2735 ὃν
194 2709 302 2744 λέγουσι
315 2711 472 2746 Θησαυρὸν
483 2711 556 2746 ζωῆς
566 2721 572 2728 ·
586 2714 633 2739 καὶ
647 2713 696 2750 τὴν
709 2714 803 2741 καλου-

0 2758 92 2792 ,ἐνην
113 2757 295 2790 Μυστηρίων
312 2757 412 2793 βίϐλον,
427 2759 456 2785 ὲν
500 2758 664 2793 ἀνατρέπειν
683 2760 801 2796 πειρῶν-

27 2845 101 2879 (75)
124 2842 220 2876 Αὐτῷ.
236 2843 300 2880 Leg.
315 2845 412 2874 αὐτῶν.
426 2845 527 2875 ῦοτει.

857 2248 1030 2280 Manichacus,
1047 2257 1196 2285 eorumque
1216 2250 1366 2278 sententias
1387 2254 1414 2277 et
1427 2250 1565 2286 dogmata,
1581 2258 1645 2278 cum

857 2295 925 2331 ipsis
946 2295 1090 2324 animabus
1104 2299 1131 2323 et
1146 2296 1318 2331 corporibus,
1334 2300 1361 2324 et
1380 2296 1574 2328 abominanda,
1591 2298 1646 2324 im-

856 2350 924 2377 pura
948 2341 1203 2377 prmstigiarumque
1226 2342 1305 2377 plena
1320 2342 1459 2378 mysteria,
1475 2346 1502 2369 et
1516 2347 1642 2370 vocatum

856 2388 964 2415 illorum
979 2388 1079 2422 Bema;
1095 2389 1243 2423 omniaque
1257 2396 1317 2424 quae
1336 2388 1418 2424 impie
1433 2393 1647 2425 peragunt,qua>

857 2434 884 2462 iu
900 2434 1088 2466 Manichaicis,
1104 2435 1191 2469 magis
1207 2438 1296 2461 autem
1311 2435 1529 2470 pmstigiatoriis
1548 2444 1643 2464 eorum

855 2481 933 2508 libris
954 2481 1138 2508 continentur.
1153 2479 1362 2508 Anathematizo
1383 2488 1478 2508 omnes
1500 2481 1643 2516 opiniones

855 2534 887 2554 ac
912 2527 996 2554 libros
1020 2526 1145 2558 Manetis,
1161 2531 1243 2561 atque
1259 2525 1442 2560 Epistolarum
1469 2526 1541 2553 illius
1564 2527 1641 2553 volu-

855 2580 928 2604 men,
945 2576 1099 2607 cunctaque
1114 2572 1216 2606 scripta
1231 2571 1399 2599 Manichaica
1417 2582 1424 2600 :
1440 2572 1524 2599 veluti
1544 2573 1642 2598 morti-

854 2619 941 2645 l’erum
962 2626 1057 2646 eorum
1078 2617 1249 2653 Euangelium
1265 2639 1273 2651 ,
1288 2618 1361 2653 quod
1375 2618 1461 2644 vivum
1482 2617 1641 2652 appellunt;

854 2672 885 2691 ac
900 2664 1070 2692 Thesaurum
1088 2664 1195 2696 mortis,
1212 2672 1292 2699 quem
1307 2665 1402 2691 dicunt
1419 2663 1581 2690 Tllesaurum
1602 2664 1641 2690 vi-

854 2715 902 2742 tu’;
918 2716 944 2738 et
959 2711 1058 2738 librum
1076 2711 1155 2738 titulo
1172 2710 1370 2745 Mysteriorum,
1388 2710 1416 2736 in
1432 2717 1485 2744 quo
1506 2709 1591 2743 legem
1608 2717 1641 2737 ao

853 2757 1000 2792 prophetas
1014 2762 1136 2785 evertere
1150 2758 1291 2790 nituntur;
1306 2760 1333 2784 et
1352 2757 1450 2783 librum
1467 2755 1640 2791 Apocryplm-
