1873 3095
29 139 86 167 M69

555 139 842 170 RECOCNITIONES.
849 157 881 162 —-—
891 140 1071 170 APPENDIX.

1570 145 1638 173 H70

27 195 255 231 ἀποστρεφομένοις
272 194 321 230 μὲν
334 194 382 222 τοῦ
401 196 493 232 τιμίου
511 197 627 232 αἵματος
642 198 690 225 καὶ
703 198 796 234 σώμα-

882 201 984 235 ζιιονίι;
1000 201 1034 228 iis
1047 208 1158 236 quoque
1172 201 1219 236 qui
1238 200 1381 229 fastidiunt
1401 201 1509 236 quidem
1524 203 1635 237 pretiosi

26 249 63 272 τος
79 240 122 267 τοῦ
144 240 260 276 Χριστοῦ
280 241 431 274 κοινωνίαν,
448 242 627 277 ἀποδέχεσθαι
646 243 675 269 δὲ
695 243 797 280 ταύτην

27 286 261 322 σχηματζομένοις,
275 287 323 314 καὶ
338 287 444 314 νοοῦσιν
457 288 519 314 ἀντὶ
540 288 642 324 ταύτης
655 288 690 315 τὰ
709 290 798 324 ῥήμα-

24 342 51 359 τιι
63 333 107 368 τῆς
115 332 160 359 τοῦ
172 332 289 368 Χριστοῦ
302 333 484 368 διδασκαλίας,
493 331 542 366 ὧν,
554 335 629 369 φασὶ,
642 335 798 369 μεταδιδοὺς

24 380 69 410 τοῖς
84 378 237 410 ἀποστόλοις
251 378 328 413 ἔλεγε
337 388 344 394 ·
359 379 480 412 Λάϐετε,
498 379 616 415 φάγετε,
634 381 717 408 alere
727 389 733 396 '
750 382 798 409 καὶ

25 424 219 460 μυσαττομένοις
243 425 292 460 μὲν
314 425 345 452 τὺ
360 425 512 460 βάπτισμα,
528 426 751 461 ὑποκρινομένοις
768 427 797 453 δὲ

22 470 88 497 τοῦτο
109 471 170 506 περὶ
193 470 289 498 πολλοῦ
311 471 444 504 τίθεσθαι,
462 472 509 498 καὶ¹
529 471 618 498 νοοῦσι
641 472 699 499 ἀντ’
714 472 796 499 αὑτοῦ

21 516 58 542 τὸν
79 517 192 552 Χριστὸν
213 517 260 544 τὸν
285 517 408 551 λέγοντα,
430 517 522 553 φασὶν,
548 518 589 544 ὅτι
607 518 675 553 Ὲτώ
690 519 747 552 ειμι
763 517 796 545 τὸ

21 562 87 596 ὕδωρ
101 563 132 590 τὸ
148 562 218 593 ζῶν·
236 563 284 590 καὶ
297 565 353 595 τοῖς
365 564 576 600 ὲκτρεπομένοις
590 564 638 600 μὲν
649 564 698 600 τὴν
713 564 796 591 καθο-

21 608 86 644 λικὴν
107 608 277 644 Ἐκκλησίαν,
286 618 312 635 τι
317 610 370 644 μᾷν
382 610 410 636 δὲ
424 610 533 643 λέγουσι
547 609 649 645 ταύτην
663 610 711 636 καὶ
723 610 798 637 νοοῦ-

21 662 54 680 σιν
71 654 124 680 ἀντ’
138 654 222 689 αὐτῆς
244 655 278 681 τά
293 662 322 680 τε
335 655 388 682 ῐδια
411 655 537 691 συνέδρια
553 656 600 683 καὶ
617 657 797 692 συνακτήρια,

19 700 57 725 καὶ
71 699 188 735 Ἰωάννην
197 700 252 736 (76)
261 701 305 727 τὸν
314 701 426 736 ἀδελφὸν
436 701 541 728 Παύλου
548 701 596 728 τοῦ
606 702 656 737 τῆς
666 701 797 738 αἱρέσεως

18 745 95 772 αὐτῶν
107 746 238 783 ἀρχηγοῦ.

52 792 179 828 Ἀνάθεμα
193 793 283 820 τοίνυν
298 794 365 819 πᾶσι
383 795 439 825 τοῖς
450 794 617 830 είρημένοις,
634 794 680 820 καὶ
694 795 750 826 τοῖς
763 794 797 821 τὰ

17 838 84 873 ὃμοια
98 838 224 874 φρονοῦσι
236 847 242 854 ·
257 840 304 866 καὶ
318 839 548 875 ἀποϐαλλομένοις
564 840 612 875 μὲν
622 840 671 871 τὰς
686 839 797 875 Ἐκκλη-

849 247 991 281 sanguinis
1003 250 1031 274 et
1041 246 1166 282 corporis
1179 246 1282 274 Christi
1295 248 1526 282 communionem,
1538 256 1637 284 appro-

848 291 914 319 bare
930 296 1020 319 autem
1033 299 1092 319 eam
1108 291 1278 327 conﬁngunt,
1301 296 1328 320 et
1352 293 1412 320 loco
1438 294 1511 321 illius
1535 295 1636 322 intelli—

848 341 914 373 gunt
930 338 1012 366 verba
1022 337 1124 366 Christi
1135 338 1276 370 doctrinae,
1289 346 1358 374 quae.
1373 339 1510 374 inquiunt,
1524 341 1637 369 tradens

848 385 991 420 apostolis,
1007 385 1076 412 dixit
1093 394 1100 412 :
1116 385 1244 418 Accipite,
1265 385 1431 418 manducata,
1444 385 1522 413 bibite
1537 394 1546 413 :
1559 386 1637 414 simi-

848 430 911 458 liter
925 430 959 458 iis
971 430 1017 465 qui
1033 430 1142 465 quidem
1159 431 1294 466 baptisma
1309 431 1489 463 detestantur,
1508 432 1637 460 simulant

847 479 939 503 tamen
951 476 1017 503 illud
1032 476 1144 511 plurimi
1160 476 1258 509 facere,
1276 480 1358 512 atque
1372 485 1422 512 pro
1436 485 1469 505 eo
1484 478 1637 513 intelligunt

847 521 998 555 Christum,
1012 522 1069 558 qui,
1085 523 1222 558 inquiunt,
1234 523 1318 551 dixit:
1329 523 1385 559 Ego
1401 532 1460 551 sum
1475 533 1545 560 aqua
1559 525 1637 556 viva;

848 571 905 595 tum
924 568 959 596 iis
973 568 1021 603 qui
1039 567 1189 596 Ecclesiam
1202 569 1312 604 quidem
1327 570 1490 597 catholicam
1509 578 1638 598 aversan-

848 617 904 646 tur,
917 621 977 641 cam
989 621 1054 642 vero
1067 614 1095 641 in
1109 615 1198 649 pretio
1213 615 1313 642 habere
1328 615 1414 648 aiunt,
1428 615 1639 651 intelliguntque

847 668 898 695 pro
922 660 968 688 illa
992 668 1144 689 consessus
1159 669 1224 689 suos
1240 664 1322 696 atque
1334 667 1499 694 conventus,
1512 666 1539 690 et
1555 662 1638 690 Joan-

848 714 910 734 nem
921 705 1034 734 fratrem
1049 706 1127 734 Pauli
1141 707 1277 735 haereseos
1294 709 1404 735 illorum
1419 708 1508 736 ducis.

884 795 917 824 V.
938 796 1088 825 Anathema
1113 805 1178 832 ergo
1197 798 1323 826 omnibus
1347 798 1439 830 dictis,
1462 798 1526 826 item
1543 798 1576 825 iis
1590 798 1638 833 qui

849 841 950 869 similia
977 843 1140 877 opinantur;
1157 849 1184 871 et
1197 843 1417 871 Christianorum
1432 852 1501 879 quos
1517 844 1568 879 ipsi
1583 844 1638 872 R0-

17 884 66 916 σίας
79 885 131 911 τῶν
144 885 324 921 Χριστιανῶν,
338 885 385 918 οὓς
400 887 477 913 αὐτοὶ
492 886 604 912 καλοῦσι
627 886 776 921 Ῥωμαίους
785 894 791 901 ’

882 896 943 916 ιηοε
957 893 1064 922 vocant,
1083 889 1220 918 Ecclesias
1236 890 1382 925 rejiciunt;
1399 895 1518 925 suntque
1541 895 1638 918 contu-

16 931 54 957 καὶ
69 931 203 967 ὑδρίζουσι
221 932 271 967 μὲν
284 932 335 968 τὴν
358 932 437 966 ἁγίαν
462 931 591 959 Θεοτόκον
612 932 732 968 Μαρίαν,
747 932 794 959 καὶ

14 977 51 1002 τὸν
62 977 146 1013 τίμιον
161 978 285 1014 σταυρὸν,
296 979 343 1005 καὶ
355 979 404 1010 τὰς
419 978 494 1015 ἱερὰς
509 979 628 1011 εἰκόνας,
639 979 684 1005 καὶ
695 979 724 1005 τὸ
740 987 793 1005 σω-

14 1024 94 1059 τήριον
115 1024 255 1060 βάπτισμα
265 1033 272 1040 ·
287 1025 334 1052 καὶ
348 1024 597 1061 ἀποστρεφομένοις
615 1024 664 1060 μὲν
677 1025 726 1059 τὴν
738 1024 793 1051 τῶν

14 1069 81 1096 Θείων
104 1071 258 1107 μυστηρίων
283 1071 448 1106 μετάληψιν,
475 1071 606 1107 ὀμφαλοϊς
629 1071 658 1097 δὲ
685 1070 792 1106 βρεφῶν

13 1117 179 1153 κεκαυμένοις
200 1119 240 1150 εἰς
260 1117 403 1153 κάθαρσιν,
422 1117 521 1153 μᾶλλον
535 1118 564 1144 δὲ
581 1117 716 1153 μολυσμὸν
738 1117 792 1152 ψυ-

12 1163 67 1198 χῶν,
94 1164 282 1200 κεχρημένοις,
300 1164 392 1191 καὶτὰ
406 1164 460 1192 ἴδια
476 1163 606 1200 βρώματα
620 1163 724 1196 τούτοις
740 1173 791 1190 κα-

10 1210 340 1246 ταμιαίνουσιν.“Ανάθεμα
363 1212 421 1243 τοῖς
441 1211 476 1248 τῇ
499 1210 599 1246 βρώσει
620 1210 674 1236 τῶν
698 1209 791 1245 θνησι-

12 1256 87 1291 μαίων
101 1257 306 1292 μολυνομένοις·
321 1257 368 1283 καὶ
382 1258 438 1288 τοῖς
454 1257 544 1283 πᾶσαν
563 1256 611 1293 μὲν
627 1255 793 1292 ἐκτρεπομέ-

10 1311 58 1335 vat;
68 1304 260 1339 Χριπιανικὴν
274 1303 410 1339 νηστείαν,
429 1303 501 1330 κατὰ
523 1303 552 1331 δὲ
571 1303 617 1329 τὸν
631 1302 726 1338 καιρὸν
742 1302 792 1336 τῆς

9 1349 128 1386 δοκούσης
151 1351 244 1382 αὐτοῖς
259 1350 501 1386 Τεσσαρακοστῆς,
516 1349 598 1385 τυροῦ
623 1358 652 1375 τε
677 1349 723 1376 καὶ
742 1348 793 1382 γά-

9 1394 96 1427 λακτος
116 1397 341 1432 ἐμφορουμένοις.
355 1395 491 1431 Ἀνάθεμα
510 1397 566 1427 τοῖς
586 1393 791 1430 ἀρνουμένοιςῆ

9 1442 133 1469 νοθεύουσι
155 1442 192 1469 τά
216 1443 337 1479 τέσσαρα
362 1443 408 1470 τοῦ
428 1442 547 1478 Χριστοῦ
565 1441 727 1476 Εὑαγγέλια,
745 1440 793 1467 καὶ

9 1487 50 1519 τὰς
70 1487 114 1514 τοῦ
138 1488 216 1523 ἁγίου
239 1481 346 1515 Παύλου
371 1487 418 1514 τοῦ
444 1488 593 1515 ἀποστόλου
614 1487 790 1519 Ἐπιστολάς·

844 935 951 962 meliosi
976 935 1003 962 in
1028 939 1152 963 sanctam
1168 935 1214 963 Dei
1228 937 1388 972 genitricem
1404 936 1527 968 Mariam,
1543 937 1571 964 in
1592 945 1638 964 ve-

843 981 993 1008 nerandam
1017 989 1138 1013 crucem,
1156 989 1248 1009 sacras
1272 982 1415 1018 imagines,
1435 987 1462 1010 et
1485 983 1636 1010 salutarem

843 1026 1031 1062 baptismum;
1055 1027 1174 1063 denique
1198 1028 1380 1063 sumptionem
1405 1029 1515 1063 quidem
1531 1029 1639 1056 divino-

844 1080 903 1099 rum
921 1074 1113 1108 mysteriorum
1139 1075 1267 1107 odcrunt,
1282 1075 1420 1103 umbilicis
1441 1079 1531 1103 autem
1546 1075 1638 1102 infan-

843 1119 910 1146 tium
928 1120 1080 1147 combustis
1102 1125 1218 1147 utuntur
1241 1121 1275 1147 ad
1301 1121 1454 1148 animarum
1468 1121 1637 1157 puriﬁcatio-

843 1173 917 1196 nem.
934 1174 982 1193 seu
1008 1167 1099 1201 potius
1121 1167 1368 1202 inquinamentum,
1388 1172 1469 1203 atque
1484 1175 1549 1195 suos
1561 1167 1640 1196 cibos

843 1211 877 1238 iis
896 1216 1092 1246 conspurcant.
1116 1212 1269 1239 Anathema
1293 1213 1326 1240 iis
1351 1213 1397 1248 qui
1413 1221 1463 1240 esu
1479 1214 1640 1240 morticino.

843 1267 904 1285 rum
931 1267 961 1286 se
985 1259 1130 1294 polluunt;
1155 1259 1258 1294 quique
1281 1267 1362 1287 omne
1378 1260 1487 1294 quidem
1503 1260 1640 1287 Christia-

842 1312 908 1331 num
939 1304 1074 1338 jejunium
1103 1309 1247 1339 respuunt,
1268 1309 1390 1340 tempore
1417 1312 1482 1333 vero
1508 1305 1541 1332 ab
1570 1305 1640 1340 ipsis

843 1350 1006 1377 cxistimatze
1017 1349 1250 1385 Quadragesimae,
1260 1358 1340 1378 caseo
1354 1354 1381 1378 et
1395 1351 1465 1379 lacte
1478 1359 1506 1379 se
1517 1351 1637 1385 explent.

844 1398 997 1425 Anathema
1013 1399 1046 1426 iis
1062 1399 1109 1433 qui
1126 1403 1174 1426 aut
1190 1403 1301 1434 negant,
1319 1403 1366 1426 aut
1380 1402 1561 1433 corrumpunt
1570 1406 1640 1433 qua-

844 1449 907 1472 tuor
928 1445 1030 1473 Christi
1052 1445 1220 1480 Evangelia,
1248 1445 1392 1480 sanctique
1415 1445 1532 1480 apostoli
1558 1444 1638 1473 Pauli

845 1490 999 1525 Epistolas;
1016 1491 1118 1526 quique
1141 1491 1201 1518 loco
1224 1491 1334 1526 quidem
1355 1495 1518 1518 cunctorum
1533 1491 1640 1526 opiﬁcis

9 1533 48 1559 καὶ
61 1534 118 1560 ἀντὶ
135 1535 184 1569 μὲν
198 1534 245 1560 τοῦ
264 1534 430 1570 δημιουργοῦ
444 1534 498 1560 τῶν
513 1534 640 1560 ἁπάντων
654 1532 733 1565 Θεοῦ,
749 1541 792 1559 σε-

885 1537 904 1569 i,
919 1537 1014 1564 colunt
1028 1545 1090 1565 eum
1106 1537 1152 1571 qui
1172 1537 1300 1572 princeps
1314 1537 1397 1572 hujus
1411 1537 1506 1564 mundi
1518 1536 1638 1570 dicitur;

9 1578 120 1613 6ομένοις
134 1580 180 1606 τὺν
195 1579 342 1615 λεγομένον
357 1581 477 1617 ἄρχοντα
498 1579 545 1609 τοῦ
564 1580 666 1614 κόσμου
679 1579 773 1606 τούτου
784 1588 791 1594 ·

882 1591 907 1610 :o
927 1591 992 1610 vcro
1010 1583 1128 1617 apostoli
1152 1582 1241 1614 Pauli,
1259 1582 1373 1610 Paulum
1391 1583 1475 1610 [ilium
1500 1582 1640 1610 Callinicze

9 1625 59 1652 ἀντὶ
79 1626 106 1652 δὲ
127 1626 173 1653 τοῦ
195 1627 346 1653 ἀποστόλου
363 1626 481 1658 Παύλου,
493 1626 539 1653 τὸν
555 1626 606 1660 τῆς
625 1625 793 1661 Καλλινίκης

883 1631 992 1658 norant,
1015 1631 1041 1654 et
1059 1635 1120 1654 cum
1145 1633 1264 1662 quatuor
1285 1628 1344 1662 ejus
1359 1627 1509 1662 discipulos
1525 1628 1553 1654 in
1569 1629 1640 1662 ﬁgu-

9 1671 57 1697 υἱδν
80 1672 183 1699 Παῦλον
200 1673 311 1708 τιμῶσι,
325 1673 372 1700 καὶ
396 1673 460 1704 τοὺς
486 1673 535 1708 μὲν
559 1672 695 1707 τέσσαρας
711 1671 792 1698 αὐτοῦ

882 1681 903 1700 m
913 1677 1033 1708 quatuor
1043 1673 1252 1708 Evangeliorum
1269 1673 1434 1708 suscipiunt,
1450 1677 1508 1700 tum
1524 1678 1639 1702 caeteros

9 1717 119 1752 μαθητὰς
133 1719 173 1750 εἰς
191 1718 276 1746 τύπον
291 1718 345 1745 τῶν
363 1718 538 1753 Εὑαγγελίων
554 1718 719 1753 δεχομένοις,
736 1718 794 1749 τοῖς

9 1762 30 1788 δὲ
41 1764 139 1800 ἑτέροις
151 1765 225 1800 τρισὶ
238 1765 269 1791 τὸ
282 1765 332 1799 τῆς
346 1765 460 1800 Τριάδος
470 1763 682 1800 ὲπιφημίζουσιν
695 1763 790 1799 ὄνομα.

12 1808 137 1846 ’Δνάθεμα
151 1813 208 1843 τοῖς
230 1811 477 1846 συμφθειρομένοις
493 1811 593 1846 ἀδελφῇ
610 1811 658 1836 καὶ
675 1809 793 1845 πενθερᾷ

9 1856 47 1882 καὶ
61 1857 165 1893 νύμφῃα
184 1858 231 1884 καὶ
247 1859 302 1888 τοῖς
316 1857 387 1883 κατά
403 1857 452 1892 τὴν
468 1855 580 1892 πρώτην
595 1855 642 1882 τοῦ
660 1855 793 1883 Ἰαννουα-

9 1902 57 1929 οίου
75 1904 166 1940 μηνὸς,
185 1904 225 1935 εἰς
240 1904 337 1939 ἑορτὴν
350 1903 429 1938 δῆθεν
450 1902 665 1938 ἀθροιζομένοις,
683 1901 752 1938 μετὰ
765 1902 793 1928 δὲ

9 1948 48 1983 τὴν
69 1949 212 1985 ὲσπερινὴν
235 1949 320 1985 μέθην
342 1948 554 1976 ἀποσϐεννύουσι
570 1948 604 1974 τὰ
621 1948 708 1982 φῶτα,
726 1956 792 1983 σαρ-

9 1995 83 2027 ιικῶς
92 2004 121 2021 τε
135 1995 260 2030 ἀλλήλοις
272 1995 502 2030 ὲνασελγαίνουσι,
517 1994 563 2021 καὶ
580 1994 714 2029 μηδεμιᾶς
725 1993 794 2024 ὅλως

9 2041 163 2077 ρειδομένοις
183 2041 290 2076 φύσεως
301 2041 318 2077 ἦ
334 2041 491 2078 συγγενείας
502 2041 518 2076 ἢ
529 2041 648 2075 ἡλικίας,
657 2039 793 2075 ’Λνάθεμα

9 2089 53 2119 ῖοῖς
68 2088 201 2123 μηδέποτε
213 2088 247 2114 δι’
265 2087 346 2122 ὅρκου
362 2087 548 2122 ἀληθεύουσιν,
562 2087 619 2113 ἀλλ’
635 2086 793 2121 ἐξεπίτηδες

9 2134 42 2159 is".
61 2134 235 2169 ψευδομένοις
256 2134 302 2161 καὶ
327 2133 496 2168 ἐπιορκοῦσι,
515 2132 586 2159 κατὰ
599 2133 649 2168 τὴν
669 2131 716 2158 τοῦ
732 2140 793 2168 τρι-

9 2180 150 2216 ιαταρὰτου
178 2180 317 2211 Μάνεντος
343 2179 526 2210 διδασκαλίαν,
555 2178 626 2205 οὕτω
651 2178 790 2212 λέγοντος-

844 1722 901 1745 tres
917 1717 1060 1746 Trinitatis
1075 1718 1186 1745 nomine
1202 1719 1364 1754 insignium.
1377 1719 1528 1746 Auathema
1542 1719 1575 1746 iis
1591 1720 1639 1754 qui

844 1764 1031 1791 concumbunt
1057 1772 1119 1791 cum
1145 1772 1250 1796 SOPUI‘C,
1268 1769 1295 1791 et
1320 1772 1412 1796 SOCI‘U,
1432 1769 1459 1792 Ci.
1483 1773 1571 1797 nuru;
1589 1772 1639 1792 nec

844 1819 899 1838 non
920 1811 953 1838 iis
967 1811 1013 1846 qui
1030 1811 1119 1846 primo
1141 1811 1243 1838 mensis
1269 1810 1394 1838 Januarii
1419 1811 1463 1838 die
1485 1811 1519 1838 ad
1539 1812 1638 1838 festum

844 1857 1014 1892 congregati,
1030 1860 1092 1892 post
1114 1857 1298 1891 vespertinam
1325 1857 1511 1884 temulentiam
1531 1857 1637 1884 exstin-

843 1908 930 1939 guunt
944 1904 1058 1935 lumina,
1073 1907 1100 1930 et
1114 1903 1186 1930 inter
1200 1911 1230 1931 se
1244 1910 1327 1930 carne
1349 1903 1508 1934 lasciviunt,
1524 1911 1574 1930 nec
1590 1903 1637 1931 ulli

844 1949 957 1976 omnino
983 1952 1100 1984 parcunt
1126 1948 1215 1980 sexui,
1232 1948 1441 1983 propinquitati,
1465 1949 1549 1976 aetati.
1565 1948 1638 1975 Ana-

844 1996 936 2023 thema
960 1995 994 2023 iis
1019 1995 1066 2030 qui
1091 2002 1231 2029 nunquam
1246 1995 1274 2021 in
1289 1995 1446 2029 juramento
1460 2002 1524 2022 vera
1540 1994 1637 2030 pracdi-

844 2045 920 2074 cant,
937 2041 985 2069 sed
1000 2041 1034 2069 de
1049 2041 1185 2068 industria
1203 2048 1310 2076 semper
1325 2041 1496 2068 mentiuntur
1513 2048 1546 2067 ac
1562 2041 1637 2075 peje-

843 2092 918 2120 rant,
933 2088 1011 2122 juxta
1032 2087 1185 2115 doctrinam
1202 2087 1319 2115 maxime
1333 2086 1494 2114 exsecrandi
1511 2087 1636 2119 Manetis,

844 2134 891 2169 qui
918 2134 958 2161 sic
983 2133 1129 2168 loquitur:
1150 2131 1209 2159 Non
1237 2140 1298 2160 sum
1326 2132 1534 2164 immisericors,
1565 2132 1639 2160 sicut

844 2179 982 2211 Christus,
1000 2186 1050 2206 nec
1063 2179 1168 2214 negabo
1182 2186 1244 2206 eum
1257 2179 1303 2213 qui
1315 2186 1358 2205 me
1371 2186 1464 2205 coram
1479 2178 1638 2206 hominibus

9 2226 55 2252 )fm
69 2227 126 2262 είμὶ
141 2226 315 2261 ἄσπλαγχνος
329 2225 424 2260 ὥσπερ
439 2226 453 2251 ὁ
467 2225 593 2260 Χριστὸς,
603 2224 664 2250 οὐδὲ
677 2224 793 2259 ἀρνήσο-

882 2225 1003 2261 gaverit;
1020 2226 1144 2260 quinin‘.0
1158 2232 1220 2251 eum
1243 2225 1288 2260 qui
1310 2225 1427 2260 propriae
1444 2226 1541 2253 salutis
1554 2233 1637 2253 causa

9 2281 47 2298 ιαι
71 2273 115 2299 τὸν
131 2272 319 2308 ἀρνησάμνόν
336 2280 369 2309 με
391 2271 543 2306 ἔμπροσθεν
558 2270 611 2296 τῶν
630 2269 791 2305 ἀνθρώπων,

9 2318 63 2345 ιλλά
79 2319 125 2345 καὶ
148 2318 194 2344 τὸν
216 2317 381 2353 ψευδόμενον
398 2317 442 2343 διὰ
454 2317 504 2352 τὴν
524 2317 627 2343 οἰκείαν
644 2316 791 2351 σωτηρίαν,

9 2366 44 2391 ul.
58 2366 103 2392 τὸν
116 2366 160 2393 διὰ
176 2365 258 2400 φόϐον
273 2364 439 2400 ἀρνούμενον
454 2363 503 2399 τὴν
521 2364 589 2390 ἰδίαν
606 2363 707 2395 πίστιν,
724 2363 792 2398 μετὰ

9 2413 83 2447 (api;
102 2411 292 2448 προσδέξομαι.
303 2411 366 2438 Ἐὰν
382 2411 410 2437 δὲ
432 2411 469 2446 μὴ
482 2410 512 2446 ἐξ
526 2410 590 2446 ὅλης
603 2409 692 2445 ψυχῆς
706 2409 792 2436 ταῦτα

9 2458 87 2493 ρρονῶ
102 2459 151 2485 καὶ
174 2458 255 2492 λέγω,
270 2457 325 2492 ἐγὼ
339 2458 352 2484 ὁ
366 2457 449 2488 δεῖνα,
465 2456 532 2483 ἀλλά
548 2456 607 2491 μεθ’
624 2456 793 2492 ὑποκρίσεως

15 2505 111 2540 ποίησα
133 2505 196 2536 τοὺς
217 2504 416 2540 προκειμένους
432 2502 681 2538 ἀναθεματισμοὺς,
696 2502 794 2528 ἀνάθε-

9 2551 36 2577 Li
53 2560 96 2586 μοι
112 2551 155 2586 εἰη
173 2551 220 2578 καὶ
235 2550 388 2585 κατάθεμα,
401 2550 428 2576 ἐν
445 2558 474 2575 τε
489 2548 528 2584 τῷ
544 2548 590 2575 νῦν
605 2548 693 2579 αἰῶνι,
704 2549 751 2575 ml.
765 2549 793 2575 ἐν

9 2597 34 2631 ηῷ
52 2597 183 2632 μέλλοντι,
201 2597 248 2625 καὶ
263 2595 442 2632 κατακριθείη
465 2595 512 2622 καὶ
536 2594 662 2621 ἀπόλοιτο
681 2596 698 2630 ἠ
721 2594 792 2634 ψυχῇ

9 2652 59 2676 ιου,
77 2644 124 2670 καὶ
141 2643 273 2679 διηνεκῶς
289 2641 490 2678 ταρταρωθείη.

31 2690 124 2717 Ταῦτα
136 2689 182 2716 τοῦ
195 2688 413 2725 προσερχομένου
434 2688 558 2722 λέγοντος
575 2688 617 2714 ἐπ’
634 2687 792 2723 ἐκκλησίας,

9 2736 127 2772 τοιοῦμεν
156 2736 235 2763 αὑτὸν
262 2734 435 2771 Χριστιανὸν,
453 2735 500 2760 εἰτ’
520 2733 566 2760 οὖν
589 2734 729 2769 ἡγούμεθα
756 2734 794 2764 ὡς

9 2782 165 2810 ιὸἀπτιστον
180 2781 352 2819 Χριστιανὸν,
366 2777 410 2808 οἷα
427 2780 506 2816 τυχόν
523 2781 581 2807 ἐστι
599 2780 633 2807 τὰ
652 2780 707 2807 τῶν
726 2780 793 2815 Χρι-

847 2273 979 2300 mentitus
995 2272 1086 2303 fuerit,
1102 2279 1220 2307 eumque
1234 2272 1281 2306 qui
1299 2279 1346 2305 per
1359 2271 1484 2299 timorem
1499 2273 1638 2307 negaverit

846 2327 924 2346 suam
940 2318 1029 2350 fideli),
1043 2326 1106 2345 cum
1117 2319 1217 2354 gaudio
1232 2317 1457 2354 recipiam.Qu0d
1474 2318 1495 2345 si
1513 2318 1569 2344 haec
1580 2322 1636 2345 toto

845 2372 878 2392 ex
895 2364 986 2392 animo
1008 2372 1063 2391 non
1087 2365 1174 2391 sentio
1190 2372 1221 2391 ac
1236 2364 1309 2396 dico,
1327 2371 1377 2399 ego
1395 2364 1449 2396 ille,
1467 2372 1560 2390 verum
1574 2371 1636 2390 cum

845 2410 1020 2437 simulatione
1037 2409 1199 2445 praepositos
1222 2410 1467 2436 anathematismos
1493 2409 1552 2440 feci,
1570 2408 1635 2436 mihi

845 2456 881 2484 sit
895 2456 1038 2482 anathema
1054 2459 1081 2482 et
1095 2456 1258 2488 catathema,
1269 2460 1323 2482 tam
1337 2456 1364 2482 in
1378 2456 1429 2482 hoc
1440 2455 1540 2482 saeculo
1554 2462 1635 2489 quam

845 2503 874 2529 in
890 2502 991 2534 futuro,
1010 2502 1155 2536 animaque
1171 2510 1232 2531 mea
1247 2502 1443 2529 condemnetur
1458 2509 1490 2529 ac
1505 2504 1597 2536 pereat
1610 2504 1635 2527 et

847 2548 981 2587 perpetim
993 2549 1020 2575 in
1035 2547 1150 2575 Tartaro
1166 2548 1304 2584 puniatur.

881 2682 927 2710 Vl.
949 2681 1011 2710 llaec
1022 2682 1130 2710 dicente
1153 2689 1185 2710 eo
1209 2681 1255 2717 qui
1271 2681 1379 2709 accedit
1396 2687 1488 2708 coram
1504 2678 1632 2710 ecclesia.

845 2729 964 2756 iacimus
978 2737 1039 2756 eum
1055 2727 1254 2759 Christianum,
1269 2727 1326 2754 sive
1343 2725 1473 2752 habemus
1488 2732 1538 2758 pro
1553 2723 1634 2751 Chri-

844 2775 935 2803 stiano
949 2774 1069 2802 nondum
1083 2774 1229 2810 baptizato,
1244 2772 1338 2808 quales
1353 2771 1408 2798 fere
1423 2774 1487 2799 sunt
1501 2770 1634 2799 Christia-

47 2861 104 2896 (70)
125 2862 177 2889 Καὶ
199 2862 306 2890 'Icu'rr.
321 2859 400 2888 Forte
422 2859 522 2895 aliquid
542 2858 625 2887 deest.
644 2858 709 2886 Yidc
722 2857 784 2886 Pvtr
811 2857 879 2887 Sic.
898 2864 924 2890 p.
940 2855 982 2883 50.
997 2854 1035 2882 ln.
