1873 3095
17 140 81 168 M75
574 134 862 167 RECOGNITIONES.
879 152 915 158 —
928 136 1111 167 APPENDIX.
1579 138 1647 170 ηπ

13 199 57 234 τῆς
69 195 208 232 γενέσεως
225 195 304 224 τοῦτο
323 197 428 232 γέγονε·
446 196 493 224 καὶ
509 196 594 232 ὅμως,
610 196 648 228 ὡς
663 198 752 232 προεῖτ

908 195 1092 229 thematicum,
1107 199 1135 224 et
1147 196 1232 225 dicito
1246 195 1386 226 contraria
1396 207 1403 226 :
1413 197 1482 233 Quia
1499 199 1566 228 illud
1580 201 1647 230 mihi

13 245 73 280 ἔχει,
91 243 140 271 σοῦ
166 243 421 279 καταψευσαμένου,
436 243 518 275 αὐτὸς
532 244 564 270 ὲκ
577 242 681 270 πολλῶν
698 251 748 279 σχη

911 241 1051 278 icontigit
1072 243 1100 270 in
1117 242 1165 270 illo
1186 247 1326 278 tempore;
1351 248 1460 280 tempus
1480 249 1571 274 autem
1595 246 1648 275 hoc

11 300 59 318 των
82 291 112 317 ἐν
134 299 162 317 τι
185 290 274 327 εὑρεῖν
292 291 384 326 σχῆμα
395 309 403 324 ,
420 289 467 317 καὶ
487 289 623 325 δεύτερον,
640 289 688 316 καὶ
700 289 750 325 τρί-

909 294 926 313 n
939 286 1023 314 dicito
1041 288 1055 315 :‘
1064 291 1091 315 et
1112 287 1222 323 require
1235 296 1269 316 ex
1284 289 1387 324 quibus
1400 290 1524 325 partibus
1540 292 1648 327 genesis

10 337 53 364 καὶ
74 337 206 370 πλείονα,
227 337 266 369 ὠς
289 337 354 364 αὐτδ
376 336 545 373 ὲνεργῆσαν,
569 335 631 363 ὅθεν
654 335 689 362 τὰ
712 335 749 370 ἀγ

920 333 971 361 tibi
985 334 1109 362 evenerit
1123 334 1206 368 boni;
1223 338 1251 362 et
1265 339 1399 370 tempora,
1416 339 1446 363 ut
1458 336 1526 370 dixi,
1549 339 1646 367 eadem

9 385 62 420 ὲρεῖ
73 384 257 420 γεγενῆσθαι·
275 383 405 411 ἀδύνατον
428 383 483 419 γὰρ
497 383 527 410 ὲν
542 383 619 420 πάσῃ
634 382 739 417 γενέσει

908 387 915 407 i
928 380 962 408 de
976 380 1057 408 malis
1066 381 1298 416 interrogaveras,
1312 382 1450 410 custodito
1466 393 1472 410 :
1485 391 1603 420 cumque
1619 390 1647 414 tu

10 430 132 466 θρώπων,
153 430 193 467 μὴ
217 431 247 458 ὲν
271 431 348 468 πάσῃ
369 430 429 467 ὥρᾳ
451 430 506 457 τῶν
522 430 655 467 ἀστέρων,
672 431 736 463 τοὺς

910 426 982 454 [leris
1005 426 1040 454 de
1065 427 1248 462 temporibus.
1266 426 1330 456 vide
1345 432 1447 463 quanta
1461 429 1511 458 tibi
1528 430 1649 460 inveniet

7 476 93 508 καλῶς
119 477 240 510 κεῖσθαι,
256 478 321 510 τοὺς
343 476 372 504 δὲ
394 476 505 509 κακῶς·
524 476 623 510 κύκλος
647 476 702 514 γάρ
727 477 746 503 ὲν

909 475 1004 505 emata,
1019 479 1069 508 per
1082 480 1144 508 quae
1158 472 1286 501 ostendat
1300 474 1374 509 quod
1391 474 1440 502 tibi
1462 475 1491 503 in
1510 476 1566 505 illis
1581 478 1648 513 ipsis

8 522 134 559 ίσομερὴς
158 523 301 556 ποικίλος,
325 524 456 560 ἀπείρους
479 523 549 559 ἔχων
567 523 617 556 τὰς
639 523 747 559 προφάσ

910 518 1024 555 poribus
1056 518 1167 547 evenire
1192 519 1339 547 debuerint
1362 520 1458 549 bona:
1478 521 1649 557 impossibile

6 568 69 603 πρὸς
84 568 119 600 ἃς
140 568 259 600 ἕκαστος
274 570 362 596 εἰπεῖν
377 569 433 605 ἔχει
449 569 464 596 ὃ
480 569 551 596 θέλει
562 577 569 585 ·
586 569 617 596 δν
630 568 685 605 γὰρ
700 569 745 605 τρέ

908 573 926 593 n
948 569 991 594 est
1014 565 1156 593 hominum
1178 566 1301 602 genesim
1322 567 1519 601 tractantibus,
1540 576 1596 596 non
1618 569 1647 598 in

5 614 47 640 ἐπὶ
71 614 127 641 τῶν
151 614 238 648 λοξῶν
262 615 374 651 ὀνείρων
396 615 481 642 ἐνίοτε
499 616 575 642 οὐδὲν
593 615 717 651 νοοῦμεν,
730 615 744 642 ὁ

909 613 926 640 Ii
946 619 1028 648 quam
1051 611 1148 639 dicunt
1163 612 1275 647 regione
1289 612 1432 640 stellarum
1448 621 1557 649 semper
1572 614 1648 643 inve-

5 659 104 687 ὗάντων
120 660 151 687 δὲ
169 660 341 697 οἰκειοτάτην
356 661 548 698 προσφέρομεν
561 661 684 688 ἐπίλυσιν
694 670 701 676 ·
713 660 744 688 οὓ

925 659 1059 695 quasdam
1079 659 1149 687 bene
1162 659 1268 695 positas
1281 660 1387 692 stellas,
1402 664 1429 688 et
1440 661 1574 696 quasdam
1590 669 1649 689 ma-

4 706 46 732 καὶ
69 706 101 733 τὸ
128 706 262 743 μάθημα·
280 707 334 744 πρὸ
357 707 405 734 τοῦ
429 715 456 735 τι
481 707 705 743 ἀποτελεσθῆναι,
722 715 743 733 οι

909 706 1031 734 circulus
1045 705 1120 734 enim
1135 708 1178 733 est
1191 705 1334 741 aequaliter
1347 713 1381 735 ex
1396 707 1472 734 omni
1495 711 1574 743 parte
1590 707 1648 735 col-

5 752 84 787 σαφὲς
99 753 169 788 ἡμῖν
182 752 301 789 μηνῦσαι
322 753 433 781 δύναται
442 762 450 769 ·
469 753 539 790 μετὰ
553 754 582 780 δὲ
595 753 645 789 τὴν
660 753 707 780 τοῦ
723 762 744 788 γι

910 760 937 780 Js
950 751 1101 780 secundum
1117 751 1275 785 mathesim,
1291 751 1417 780 diversas
1431 756 1458 780 et
1471 753 1563 781 varias
1576 754 1649 781 acci-

5 798 79 832 μένου
94 798 230 834 ίστορίαν,
243 799 304 826 τάεε
323 799 456 836 πρόδηλος
470 801 486 835 ἠ
503 799 554 835 τῆς
570 799 709 831 ἐκϐάσεως
723 808 741 826 α

907 806 927 826 IS
941 806 1052 831 causas,
1065 806 1100 826 ex
1110 798 1212 834 quibus
1225 799 1400 827 occasionem
1411 799 1522 834 capiant
1534 799 1646 828 dicendi

4 843 122 878 φαίνεται
131 853 139 860 ·
159 844 290 877 πολλάκις
305 846 354 881 μὲν
370 844 416 873 οὖν
430 846 455 872 οί
468 845 647 881 προλέγοντες
659 845 743 872 πταίοε

907 845 921 873 d
935 845 1041 873 volunt.
1061 844 1139 872 Sicut
1153 844 1227 872 enim
1242 844 1300 873 ﬁeri
1313 845 1383 873 solet
1397 845 1444 873 ubi
1457 845 1565 873 somnia
1575 845 1646 873 obli-

4 874 44 916 itat
65 889 137 926 μετὰ
161 891 212 927 τὴν
236 874 348 918 ἐκέασιν
364 890 477 932 ἑαυτοὺς
490 874 655 928 ,μέμῷνταῇ
672 892 743 927 λέγω

925 891 1046 918 viderint
1070 890 1206 924 homines,
1220 894 1248 918 et
1273 890 1344 918 nihil
1369 890 1438 919 certi
1466 890 1643 926 intelligunt;

4 935 38 961 ἂιι
51 936 111 962 τόδε
128 934 165 972 ἦν
179 936 212 964 τδ
224 937 351 973 ποιῆσαν,
367 937 415 964 καὶ
429 937 480 964 οὐκ
496 938 611 974 εἴδομεν.
630 937 667 965 Τὸ
684 938 734 974 μὲν

905 944 911 964 ι
935 937 1035 972 aliquis
1058 937 1214 965 occurrerit
1238 937 1330 964 exitus
1351 944 1456 970 rerum,
1471 940 1539 964 tunc
1560 936 1595 964 ad
1611 944 1644 965 ea

4 981 43 1007 καὶ
66 982 132 1014 τοὺς
157 982 230 1009 πάνυ
255 983 441 1019 ἐπιστήμονας
456 983 574 1016 πταίειν,
589 983 692 1018 γίνεται
706 983 743 1011 διὰ

905 993 907 1008 ξ
924 982 1075 1010 acciderint
1089 986 1185 1018 aptant
1197 983 1281 1010 etiam
1297 983 1398 1011 somnii
1408 983 1498 1010 visum
1512 990 1520 1016 ;
1542 983 1580 1010 ita
1600 986 1644 1010 est

4 1027 35 1063 μὴ
58 1029 174 1062 εἰδέναι,
192 1028 231 1061 ὡς
251 1029 315 1065 χθὲς
336 1029 415 1065 ἔφην,
433 1031 497 1056 ποῖα
520 1030 629 1062 πάντως
648 1030 699 1065 τῆς
719 1039 743 1065 γε

904 1028 1019 1057 rathesis
1035 1037 1043 1057 :
1061 1032 1208 1064 antequam
1224 1028 1328 1064 aliquid
1343 1029 1399 1061 ﬁat.
1413 1029 1480 1056 certi
1496 1028 1565 1056 nihil
1576 1036 1643 1065 pro-

4 1081 65 1106 σεως
80 1074 157 1101 αἴτια
177 1074 232 1112 (78)
247 1075 361 1110 γίνεται,
370 1076 435 1102 ποῖα
449 1075 478 1103 δὲ
490 1076 522 1103 οὐ
537 1076 655 1108 ’πάντως1
670 1077 717 1104 καὶ
730 1086 743 1103 r

904 1074 1007 1108 tiatur;
1026 1077 1123 1110 postea
1137 1082 1203 1103 vero
1221 1082 1304 1110 quam
1321 1075 1425 1110 aliquid
1438 1074 1581 1108 acciderit,
1602 1075 1642 1103 rei

4 1120 105 1153 πάντως
120 1121 236 1157 ποιῆσαι
252 1121 449 1158 ἐπιθυμοῦμεν,
465 1122 497 1149 οὐ
519 1122 628 1154 πάντως
649 1123 677 1150 δὲ
701 1130 743 1150 ποι

914 1123 997 1156 gestae
1008 1120 1142 1156 colligunt
1150 1128 1259 1150 causas.
1269 1120 1393 1157 Denique
1409 1121 1569 1157 frequenter
1578 1129 1642 1149 cum

4 1175 61 1201 μεν·
79 1168 120 1194 an
138 1169 189 1204 ἥδε
205 1169 222 1204 ἡ
237 1168 311 1195 αίτία
326 1169 394 1205 ἡμῖν
415 1170 473 1202 τοῖς
499 1169 649 1205 μυστήριον
667 1178 741 1205 μεμα

903 1165 1008 1198 ΝΕΓῙΠι,
1024 1170 1052 1194 et
1075 1167 1155 1194 aliter
1179 1175 1224 1195 res
1250 1167 1392 1201 acciderit,
1411 1168 1576 1203 semetipsos
1599 1168 1642 1196 inc

4 1212 65 1245 ιόσι,
81 1215 175 1250 σαφής
196 1215 287 1242 ἐστιν·
304 1215 344 1242 ὅτι
364 1214 506 1251 ἐλεύθερον
525 1214 632 1250 ἔχοντες
652 1215 743 1252 λογισρ

901 1216 968 1245 iant,
977 1212 1102 1241 dicentes
1115 1213 1180 1248 quia
1193 1213 1240 1241 illa
1255 1213 1307 1241 fuit
1319 1213 1398 1241 stella
1411 1221 1472 1249 quae
1486 1214 1640 1249 impedivit,

4 1259 78 1286 ἑνίοτε
95 1261 208 1296 ἐπέχειν
229 1261 333 1297 ταύτην
356 1260 574 1298 βουλευσάμενοι,
591 1263 743 1298 νενικήκαμ

902 1271 905 1286 ι
929 1260 1060 1294 occurrit,
1076 1264 1104 1288 et
1117 1269 1174 1289 non
1188 1261 1326 1295 vidimus;
1347 1261 1505 1297 ignorantes
1518 1261 1582 1297 quia
1596 1269 1641 1289 er-

4 1306 20 1331 )!
35 1306 62 1333 δὲ
78 1307 241 1344 ἀστρολόγοι
255 1308 335 1336 τοῦτο
349 1308 414 1335 αὐτὸ
433 1306 465 1335 τὸ
485 1309 644 1345 μυστήριον,
659 1310 724 1346 περὶ
739 1319 743 1326 ι

903 1314 1000 1334 eorum
1017 1314 1074 1334 non
1090 1315 1124 1335 ex
1140 1308 1209 1334 artis
1226 1306 1424 1343 imprudentia,
1440 1307 1488 1335 sed
1508 1314 1542 1334 ex
1556 1307 1640 1335 totius

4 1359 45 1388 3ης
59 1354 250 1390 προαιρέσεως
264 1355 469 1390 ἀποφηνάμενοι
484 1355 513 1388 ἐξ
522 1355 620 1391 ἀρχῆς,
630 1355 743 1382 πταίσαν

900 1361 933 1382 sat
943 1353 1164 1382 inconvenientia
1175 1355 1337 1383 descendit:
1352 1355 1481 1391 ignorant
1493 1354 1565 1383 enim
1577 1362 1639 1390 qua

4 1399 56 1430 τοὺς
72 1399 266 1436 κλιμακτῆρας
281 1401 441 1437 ἐπενόησαν,
458 1402 499 1434 είς
520 1401 673 1438 ἀδηλότητα
696 1408 742 1428 ποι

900 1420 908 1432 ,
921 1408 982 1436 quae
996 1399 1087 1428 facere
1097 1401 1210 1436 quidem
1219 1402 1462 1437 concupiscamus,
1477 1408 1533 1428 non
1546 1405 1639 1429 tamen

4 1453 70 1477 juvat
92 1447 143 1482 τὴν
168 1447 336 1483 προαίρεσιν,
349 1445 388 1480 ὡς
410 1447 474 1483 χθὲς
495 1447 687 1484 ἀπεδείξαμεν.
701 1448 738 1475 Σὺ

901 1446 1035 1482 ilgeamus
1056 1448 1300 1483 concupiscentiis.
1318 1446 1375 1475 Nos
1394 1452 1486 1475 autem
1508 1447 1557 1483 qui
1579 1455 1640 1483 my-

4 1490 41 1516 τοῦ
56 1491 151 1519 λοιποῦ
169 1493 237 1528 πρὸς
252 1492 338 1520 ταῦτα
356 1493 383 1520 εἰ
399 1502 426 1520 τι
449 1493 521 1529 ἔχεις
533 1493 631 1525 εἰπεῖν,
646 1493 720 1528 λέγε.
733 1494 743 1520 1

898 1492 920 1519 ii
933 1492 1017 1527 hujus
1032 1492 1180 1521 didicimus
1194 1493 1342 1525 rationem,
1354 1493 1458 1521 scimus
1471 1496 1498 1520 et
1513 1499 1637 1525 causam;

4 1535 96 1572 ὗμόσας
109 1539 167 1575 (79)
185 1540 352 1576 ἀπεκρίνατο
364 1557 372 1572 ,
391 1539 473 1576 μηδὲν
486 1539 588 1567 τούτων
611 1539 742 1575 ἁληθέστε

896 1546 907 1565 ξι
923 1538 1078 1567 libertatem
1093 1539 1227 1567 habentes
1240 1539 1359 1571 arbitrii,
1376 1539 1513 1566 interdum
1531 1546 1635 1566 concu-

4 1579 63 1610 εἶναι
76 1581 113 1612 ὧν
128 1582 221 1618 εἶπας.

898 1585 985 1612 :entiis
1003 1586 1177 1618 obsistimus,
1202 1585 1341 1613 interdum
1357 1585 1483 1613 cedimus
1501 1594 1508 1612 τ
1525 1588 1552 1612 et
1575 1584 1637 1612 ideo

4 1629 179 1659 humanorum
200 1636 341 1668 gestorum
361 1631 482 1660 incertus
497 1635 540 1660 est
557 1631 665 1664 exitus;
681 1631 747 1667 quia
762 1631 790 1659 in
801 1631 927 1659 libertate
941 1631 1042 1667 pendet
1057 1631 1174 1658 arbitrii.
1203 1630 1272 1658 Nam
1297 1630 1552 1666 concupiscentiam
1574 1631 1637 1666 qui-

4 1673 67 1707 lem,
78 1684 163 1711 quam
178 1681 307 1711 operatur
320 1677 441 1713 maligna
454 1678 554 1710 virtus,
565 1679 655 1713 potest
669 1676 792 1705 indicare
806 1676 1018 1705 mathematicus
1042 1687 1048 1705 :
1073 1676 1122 1704 sed
1147 1677 1171 1704 si
1195 1677 1427 1713 concupiscentia
1452 1676 1535 1712 hujus
1556 1681 1637 1705 actus

4 1722 37 1748 vel
59 1724 153 1752 exitus
176 1724 282 1759 impleri
307 1726 407 1760 possit,
420 1732 472 1752 nec
491 1733 542 1758 ne,
560 1725 624 1760 quia
643 1725 671 1752 in
685 1724 791 1752 arbitrii
804 1724 931 1753 libertate
946 1728 999 1756 est.
1020 1724 1086 1753 sciri
1101 1728 1165 1752 ante
1178 1723 1304 1752 elTectum
1320 1724 1360 1752 rei
1383 1732 1399 1752 a
1426 1724 1504 1753 nullo
1528 1728 1634 1761 potest:

4 1771 22 1794 at
42 1769 95 1796 hoc
120 1773 165 1798 est
187 1770 260 1806 quod
285 1770 444 1806 ignorantes
467 1771 600 1807 astrologi
622 1770 790 1799 invenerunt
823 1771 888 1804 sibi,
921 1775 952 1798 ut
976 1771 1150 1799 climacteras
1171 1771 1307 1804 dicerent,
1328 1770 1371 1799 rei
1394 1770 1502 1799 scilicet
1522 1771 1635 1799 incerta:

4 1814 127 1850 Jerfugia,
142 1816 215 1843 sicut
226 1816 357 1844 hesterno
372 1817 531 1853 plenissime
546 1816 729 1846 ostendimus.
746 1816 787 1844 Ad
804 1817 863 1845 haec
888 1817 913 1845 si
938 1817 1003 1853 quid
1028 1817 1078 1845 tibi
1099 1816 1246 1846 dicendum
1263 1817 1385 1853 videtur,
1400 1817 1495 1846 dicito.
1527 1817 1561 1846 Et
1585 1825 1634 1854 pa-

4 1870 36 1889 .er
52 1872 58 1890 :
77 1863 151 1891 Nihil
165 1864 268 1897 verius,
284 1864 383 1900 inquit,
400 1865 448 1900 ﬁli,
464 1865 517 1901 his
540 1873 602 1902 qua:
623 1868 786 1901 prosecutus
800 1873 841 1894 es.

29 1951 84 1988 ('18)
104 1954 200 1983 Αἵτια.
215 1953 258 1982 Al.
275 1955 360 1982 αἰτία-

875 1953 931 1991 (19)
949 1954 1005 1982 Kal
1019 1954 1106 1989 όμόσ.
1121 1954 1164 1983 Al.
1180 1953 1228 1982 καὶ
1241 1953 1256 1979 δ
1269 1953 1371 1993 πατὴρ.
