4010 6218
1572 383 2384 516 ELENCHUS

537 680 1062 755 AUCTOBUM
1114 678 1227 751 ET
1272 678 1656 751 OPEBUM
1707 677 1931 761 ουλε
1979 676 2065 749 IN
2118 675 2305 749 HOC
2352 673 2616 747 TOMO
2666 674 2712 745 Ι.
2763 673 3445 749 CONTINENTUR

2258 988 2345 995 ...-

1278 1260 1760 1343 8.“(]ΙΑΕΜΕΝ8
1805 1260 1827 1321 l
1870 1258 2249 1322 PONTIFEX
2307 1257 2695 1321 ROMANUS.

291 1396 537 1459 SCRIPTA
565 1412 844 1460 GENUINA.
3581 1393 3695 1454 199

370 1502 633 1579 Epistola
662 1502 685 1563 Ι
705 1507 780 1564 ad
800 1501 1163 1565 Corinthios.
3576 1498 3695 1560 329

367 1610 632 1687 Epistola
660 1609 740 1670 Il.

366 1714 648 1794 Epistolze
677 1721 806 1778 dum
846 1721 920 1777 ad
963 1720 1223 1793 virgines
1256 1715 1517 1797 (Syriace
1547 1726 1602 1776 et
1636 1714 1890 1793 Latine),
1925 1718 2240 1791 interprete
2268 1712 2343 1776 D.
2384 1712 2478 1777 Cl.
2523 1712 2875 1785 Villecourt,

490 1824 557 1889 S.
600 1823 684 1886 R.
718 1824 794 1884 Ε.
832 1826 1120 1885 cardinali

3575 1818 3694 1880 349

292 1929 535 1991 Semen
572 1947 741 1991 DUBIA
2864 1996 2881 2019 _

371 2036 837 2099 Constitutiones
864 2040 1226 2115 apostolicae.
2134 2089 2145 2103 ,
3576 2033 3696 2097 509

368 2145 857 2221 Recognitiones.

3535 2140 3687 2203 1157

1810 2540 2133 2603 LECTORI
2150 2591 2163 2605 .

381 2702 690 2765 Prodeunt
734 2706 1002 2781 feliciter,
1036 2690 1263 2764 erudite
1299 2701 1530 2778 Lector,
1579 2707 1703 2764 liaac
1736 2705 1919 2763 nostri
1974 2702 2296 2764 Clementis
2325 2700 2534 2779 Opera,
2570 2705 2694 2763 sive
2738 2706 3021 2779 genuina,
3073 2708 3199 2765 sive
3248 2708 3359 2781 ipsi
3391 2707 3693 2781 supposita

289 2813 363 2870 ab
436 2813 714 2870 omnibus
770 2811 1139 2886 antiquitatis
1184 2812 1596 2871 ecclesiastica:
1640 2814 1922 2871 studiosis
1967 2814 2114 2871 tanti
2159 2814 2452 2873 facienda.
2511 2809 2647 2871 Hmc
2677 2830 2807 2888 qua:
2837 2820 3029 2887 antea,
3082 2815 3177 2872 hic
3208 2815 3332 2873 illic
3362 2829 3587 2887 sparsa,
3634 2812 3695 2869 in

290 2919 783 2977 bibliothecarum
834 2916 1529 2993 angulis‘delitescebant
1565 2928 1623 2978 et
1664 2937 1811 2995 pene
1854 2921 2157 2992 sigillatim
2187 2921 2416 2994 sepulta
2451 2920 2747 2994 jacebant,
2784 2936 2891 2978 nos
2923 2921 3097 2995 primi
3138 2924 3198 2979 in
3230 2937 3417 2980 unum
3446 2919 3690 2993 collegi-

295 3039 429 3081 mus
472 3032 527 3082 et
577 3039 730 3082 nova
779 3026 909 3082 luce
955 3025 1338 3087 donavimus.
1388 3022 1642 3083 Grandis
1684 3026 1924 3099 quidem
1968 3026 2151 3098 labor,
2204 3026 2307 3084 sed
2355 3027 2473 3101 cui,
2527 3033 2823 3084 annuente
2872 3022 3013 3099 Deo,
3050 3042 3167 3085 non
3226 3028 3481 3101 impares
3516 3026 3697 3084 fuisse

289 3131 676 3191 conﬁdimus.
716 3128 851 3190 Haac
883 3134 1055 3191 nobis
1102 3134 1178 3192 sit
1208 3150 1431 3192 merces
1476 3150 1585 3191 nos
1614 3135 1683 3191 de
1712 3133 1993 3206 religione
2028 3129 2361 3191 Christiana
2390 3135 2541 3191 bene
2588 3132 2829 3191 meritos
2878 3133 3139 3192 fatearis.
3190 3130 3333 3192 Vale
3375 3142 3432 3191 et
3481 3133 3699 3192 nostris

289 3239 600 3296 conatibus
628 3239 787 3297 fave.
