4050 6232
243 318 320 380 es
1142 323 1360 385 PRIMI
1403 280 1778 385 scoLusm
1820 313 2104 379 secum
2146 304 2714 387 SCRIPTORIBUS.
3548 315 3623 382 30

244 450 489 530 quidem
526 460 585 515 et
615 471 650 513 a
680 450 1127 515 successoribus
1168 451 1299 531 ejus
1344 450 1663 530 diligenter
1707 448 1889 512 fuisse
1912 454 1951 503 Α
2053 448 2259 534 Neque
2282 472 2421 517 vero
2456 453 2655 537 prima
2687 454 2970 517 duntaxat
2999 454 3173 536 hujus
3203 452 3426 518 scholae
3454 450 3625 517 initia

238 550 568 623 servatum,
606 541 829 613 nullus,
856 541 1088 621 Opinor,
1110 541 1715 622 negaverit.Atporro
1747 540 1797 601 si
1827 538 1897 602 iis
1981 538 2204 604 indicat
2229 542 2550 625 Eusebius,
2586 563 2786 608 verum
2813 545 2986 606 rtia'm
3020 545 3160 627 quid
3210 543 3271 606 in
3320 561 3391 607 ea
3418 542 3622 606 doceri

240 631 383 692 locis
418 630 481 691 in
514 631 733 712 quibus
766 631 1078 691 docentem
1111 630 1355 694 Paulum
1390 638 1477 694 tot
1499 629 1767 711 tantique
1786 629 1897 691 dis-
1984 631 2340 713 tractarique
2391 632 2634 716 soleret,
2690 633 3025 696 inculenter
3069 641 3191 696 tum
3238 632 3449 713 aperit,
3484 651 3618 695 cum

234 719 418 800 cipuli
451 721 799 795 audierunt,
839 738 1053 782 nomen
1076 718 1298 782 scholae
1322 718 1608 798 deneges,
1637 716 1747 783 tibi
1768 718 1893 795 qui-
1983 738 2111 782 eam
2145 740 2443 785 sacrarum
2501 723 2826 791 litterarum
2885 723 3148 787 scholam
3190 721 3471 803 appellat.
3520 720 3625 785 His

233 808 376 871 dem
415 828 537 871 non
589 810 832 870 omnino
890 806 1398 889 repugnabimus;
1438 806 1615 870 modo
1660 808 1732 869 ad
1766 806 1899 869 illos
1981 808 2278 885 siquidem
2312 810 2503 873 verbis
2546 812 2644 873 ille
2678 812 2846 874 nobis
2893 822 3095 889 aperte
3140 811 3404 874 declarat
3425 829 3625 873 sacras

227 902 497 977 primam
533 898 1004 962 Christianarum
1048 898 1385 960 scholarum
1418 896 1707 977 originem
1725 899 1900 959 redu-
1984 896 2235 973 litteras,
2272 899 2327 959 id
2353 908 2463 976 est,
2492 918 2696 963 sacros
2724 900 2959 963 Veteris
2990 909 3046 962 et
3074 899 3219 963 Novi
3256 899 3622 963 Testamenti

224 992 501 1053 rendam
534 1010 670 1053 esse
697 990 1012 1052 concedas.
1983 984 2169 1079 libros
2197 986 2333 1079 ibia
2354 988 2701 1053 doctoribus
2734 1000 2791 1052 et
2817 989 3115 1070 magistris
3140 988 3319 1052 fuisse
3352 988 3618 1079 explica-

311 1082 519 1144 Primo
559 1091 755 1144 tamen
785 1081 1066 1144 Ecclesia
1095 1080 1339 1155 sagculo,
1374 1080 1635 1142 nondum
1668 1081 1898 1161 elapso,
1982 1075 2217 1139 tos.Nec
2248 1077 2558 1141 obscurius
2592 1080 2765 1161 paulo
2798 1090 2927 1159 post
2959 1080 3138 1142 tradit
3157 1078 3294 1143 huic
3315 1075 3617 1141 sacrarum

229 1172 526 1252 quasdam
561 1171 1028 1235 Christianorum
1087 1170 1343 1241 scholas.
1397 1169 1635 1250 proprie
1686 1170 1895 1232 dictas,
1982 1164 2423 1245 Scripturarum
2453 1170 3137 1250 explicationiadjectam
3161 1168 3490 1230 divinorum
3516 1168 3622 1228 do.

225 1262 356 1339 jam
389 1260 697 1323 institutas
741 1260 1214 1335 fuisse,deducto
1248 1279 1317 1321 ex
1346 1257 1581 1323 Eusebii
1613 1257 1899 1323 Historia
1981 1255 2276 1333 gmatibus
2304 1257 2778 1335 explanationem
2814 1260 3213 1323 'Diuinorttm
3244 1257 3618 1339 inquit,dog-

236 1369 359 1411 non
395 1349 513 1411 levi
548 1350 720 1431 plane
750 1359 1122 1429 argumento,
1153 1348 1358 1427 colligi
1392 1366 1565 1427 posse
1598 1356 1896 1427 putamus.
1981 1354 2219 1405 mutum
2252 1345 2560 1410 thesauros
2579 1352 2881 1428 exposuit.

206 1438 328 1507 ,lbi
360 1438 529 1501 enim
562 1440 640 1501 de
669 1438 971 1521 Pantaeno,
993 1436 1415 1501 Alexandrinas
1451 1437 1669 1501 scholae
1694 1435 1897 1516 praefe-
2059 1431 2181 1506 Qua
2209 1442 2404 1497 autem
2436 1437 2716 1501 methodo
2751 1437 2808 1500 id
2840 1438 3049 1514 ﬁeret,
3084 1435 3170 1499 sic
3219 1437 3344 1516 ipse
3393 1434 3618 1509 ibidem

234 1528 497 1603 cto,hzec
524 1528 852 1608 leguntur‘:
878 1529 987 1591 Per
1019 1529 1173 1590 idem
1200 1525 1780 1607 tempus,(}ommodo
1802 1526 1896 1585 ni-
1982 1522 2192 1583 docet:
2236 1524 2470 1587 Partim
2494 1528 2633 1589 viva
2667 1545 2828 1598 voce,
2866 1525 3054 1607 inquit
3100 1527 3326 1607 partim
3354 1526 3618 1607 scriptis.

237 1617 463 1681 mirum
486 1617 1120 1697 imperante,ﬁdelium
1146 1615 1367 1677 schola:
1384 1621 1653 1696 praerat
1678 1616 1772 1675 vir
1792 1614 1897 1676 do-
1986 1614 2047 1674 ln
2083 1611 2191 1673 hac
2216 1631 2357 1693 ergo
2389 1614 2806 1678 Alexandrina
2828 1617 3111 1679 Ecclesiae
3138 1615 3337 1677 schola
3370 1622 3428 1677 et
3457 1633 3627 1678 sacra

242 1709 463 1768 ctrina
510 1725 689 1768 causa
720 1706 1163 1781 celeberrimus,
1225 1706 1468 1767 nomine
1520 1703 1899 1777 Pantamus;
1983 1701 2319 1783 Scriptura,
2376 1712 2433 1765 et
2492 1705 2690 1766 divina
2750 1706 2882 1767 ﬁdei
2948 1706 3295 1768 Christianae
3350 1704 3625 1783 dogmata

246 1804 476 1878 quippe
513 1799 635 1876 jam
666 1797 812 1860 inde
840 1816 876 1857 α
901 1796 1117 1877 priscis
1167 1795 1535 1875 temporibus
1581 1810 1900 1857 sacrarum
1925 1849 1959 1878 η
1984 1790 2193 1871 partim
2228 1792 2352 1855 viva
2388 1812 2551 1874 voce,
2591 1794 2799 1874 partim
2848 1795 3089 1875 scriptis
3124 1792 3618 1875 explanabantur,

246 1849 1133 1966 zaawwaawa
1156 1849 1895 1957 agisaggiiaggaa-aa;
1925 1849 1959 1899 ε
1982 1849 2075 1943 λῖ
2084 1849 2219 1944 ἀλλ.
2241 1849 2551 1946 magis
2574 1849 2738 1947 iam
2748 1849 2935 1945 1.1.1.:
2945 1849 3234 1963 m2;
3243 1849 3624 1962 sagas-'5...

234 1979 447 2053 fuerat
477 1978 780 2050 instituta,
820 1995 950 2045 qua
986 1975 1221 2055 quidem
1249 1982 1462 2036 nostra
1492 1980 1671 2034 celate
1699 1971 1900 2035 adhuc
1982 1970 2197 2032 factum
2232 1989 2363 2033 esse
2394 1979 2716 2053 assereret,
2752 1974 2948 2036 nullus
2980 1972 3184 2053 procul
3229 1971 3408 2035 dubio
3443 1990 3619 2052 nega-

230 2073 602 2146 pcrsscerat.
679 2064 859 2142 Atqui
948 2066 1318 2126 Commodus
1390 2062 1462 2125 ah
1553 2079 1711 2122 anno
1781 2061 1900 2125 180
1982 2061 2422 2124 veriteamdem
2450 2062 3077 2125 docendimethodum
3108 2063 3164 2126 in
3188 2061 3625 2143 antiquioribus

236 2156 307 2218 ad
422 2174 650 2217 annum
732 2154 841 2217 193
903 2151 1151 2215 Romani
1227 2150 1461 2232 imperii
1541 2150 1706 2210 frena
1767 2168 1896 2210 mo-
1983 2150 2251 2229 eiusdem
2286 2152 2558 2215 Ecclesia
2590 2153 2830 2229 scholis,
2866 2150 3282 2233 quidametin
3318 2150 3450 2213 aliis
3483 2151 3620 2231 plu-

237 2246 596 2309 derabatur.
637 2246 754 2307 Per
784 2243 894 2304 huc
927 2259 1069 2321 ergo
1103 2250 1341 2322 tempus
1370 2240 1686 2303 Pantaenus
1716 2240 1895 2301 scho—
1983 2240 2167 2317 ribus,
2210 2240 2390 2304 fuisse
2440 2241 2829 2305 observatam.
2891 2245 3073 2305 Porro
3132 2250 3329 2304 autem
3383 2249 3521 2302 ante
3565 2248 3623 2301 et

240 2337 310 2397 la:
363 2333 792 2399 Alexandrinae
832 2330 1083 2413 praefuit.
1134 2331 1279 2393 Cum
1342 2329 1540 2410 itaque
1600 2327 1898 2389 Eusebius
1986 2338 2115 2409 post
2143 2331 2396 2409 scriptos
2434 2340 2610 2413 atque
2665 2330 2989 2413 publicatos
3024 2330 3158 2394 novi
3189 2330 3431 2394 {dederis
3462 2330 3623 2392 codi-

240 2425 518 2489 eamdem
545 2423 879 2485 scholama
911 2420 1127 2501 priscis
1168 2421 1531 2501 temporibus
1563 2417 1890 2481 institutam
1981 2438 2102 2498 ces,
2137 2420 2386 2498 apostoli
2432 2438 2757 2499 eorumque
2797 2420 3068 2501 discipuli
3120 2420 3472 2483 Christianis
3524 2440 3623 2483 e3-

248 2518 432 2578 luisse
480 2522 727 2585 asserat,
777 2511 914 2572 inde
965 2510 1225 2590 proiectu
1280 2529 1397 2570 non
1434 2507 1891 2589 improbabilem
1978 2507 2111 2570 dem
2142 2508 2517 2590 explicabant
2566 2510 2699 2572 .‘zu‘ei
2731 2510 3027 2589 dogmata,
3063 2529 3250 2591 eaque
3297 2509 3622 2590 propheta-

259 2604 531 2666 ducimus
556 2603 988 2682 conjecturam,
1014 2600 1135 2680 jam
1179 2618 1211 2659 a
1238 2598 1427 2679 primo
1462 2599 1745 2661 Ecclesiae
1775 2617 1888 2660 εω-
1979 2617 2111 2660 rum
2140 2599 2421 2674 oraculis,
2456 2600 2711 2681 aliisque
2761 2599 2979 2662 veteris
3031 2600 3417 2662 lnstrumenti
3452 2597 3620 2660 testi~

260 2695 395 2757 colo
410 2696 562 2774 jacta
592 2694 774 2754 fuisse
797 2688 1194 2752 scholzeillius
1216 2687 1739 2767 fundamenta,nec
1757 2706 1886 2748 eam
1977 2688 2217 2760 moniis,
2252 2707 2319 2751 ac
2342 2691 2577 2752 tandem
2620 2710 2735 2751 non
2763 2691 2952 2751 solum
2990 2689 3193 2750 divina
3226 2686 3446 2751 Christi
3475 2705 3619 2749 auc-

244 2787 431 2847 aliutn
482 2786 731 2845 fortasse
760 2796 936 2861 quam
988 2781 1249 2842 Marcum
1283 2776 1727 2856 evangelistam,
1764 2778 1888 2857 pri-
1976 2779 2231 2853 toritate,
2265 2780 2559 2861 variisque
2591 2779 2914 2859 miraculis,
2960 2780 3088 2857 ejus
3137 2777 3383 2840 nomine
3414 2776 3618 2848 editis,

244 2894 410 2937 mum
474 2871 848 2937 Alexandria:
903 2867 1245 2950 episcopum
1278 2916 1295 2948 ,
1356 2866 1627 2928 habuisse
1683 2875 1891 2928 aucto-
1975 2868 2423 2937 confirmabant.
2456 2868 2558 2930 sed
2593 2868 2919 2951 saepissime
2952 2868 3083 2931 fuso
3116 2866 3297 2929 etiam
3330 2865 3625 2946 sanguine

238 2984 374 3031 rem
386 3015 401 3029 .
1975 2975 2085 3020 con
2094 2958 2399 3035 signabant
2414 3004 2428 3019 .

322 3156 355 3205 4
385 3149 636 3227 Euseb.,
665 3150 768 3213 lib.
805 3166 842 3211 v
875 3149 1055 3220 Ηίεί..
1091 3166 1223 3230 cap.
1254 3146 1348 3212 10.
