4050 6232
421 227 487 292 31
1554 239 1654 302 ΑΒ
1697 242 1759 307 S.
1803 243 2020 306 CLEM]

2204 247 2272 308 ἶΜ
2319 245 2344 306 Ῑ
2389 247 2641 311 ΡΑΡΑΜ
3724 253 3803 321 32

1078 411 1210 420 ———

1071 429 1370 439 Ἥ.

1253 605 2967 824 S.CLEMENSI

1392 861 2091 1024 PONTIﬁEX
2183 917 2856 1028 ROMANUS

758 1263 1214 1350 NOTITIA
1265 1265 1406 1350 EX
1469 1264 1802 1352 LIBRO
1872 1268 2576 1354 PONTIFICALI
2648 1268 3058 1352 DAMASI
3124 1269 3468 1362 PAP/E.

465 1436 688 1506 (limen,
722 1436 951 1504 Cancil.,
985 1437 1030 1509 l,
1066 1436 1156 1494 83.
1181 1469 1248 1480 -—-
1279 1436 1357 1495 Cl.
1395 1437 1676 1497 variorum
1710 1448 1875 1499 notas
1907 1439 2385 1580 830.11.“?637gifum
2421 1441 2574 1499 Libri
2610 1440 2976 1505 Pontiﬁcalis.
3009 1442 3165 1500 Patr.
3192 1441 3395 1500 Latinae
3421 1451 3458 1501 t.
3493 1441 3745 1515 CXXVII,

484 1788 716 1848 Clemens
743 1792 961 1848 natione
988 1793 1284 1856 Romanus,
1315 1792 1377 1848 de
1406 1792 1628 1864 regione
1659 1791 1819 1849 Crelio
1850 1796 2035 1855 monte,
2089 1804 2160 1845 ea:
2198 1792 2357 1859 patre
2394 1786 2671 1855 Faustino,
2703 1789 2841 1846 sedit
2887 1790 3050 1847 annis
3079 1793 3114 1846 9
3135 1798 3328 1856 [mens.
3362 1805 3419 1858 ιι,
3452 1793 3504 1851 d.
3539 1794 3619 1867 η.
3651 1795 3793 1852 Fuit

411 1875 582 1925 autem
609 1872 936 1944 temporibus
968 1872 1147 1930 Galbae
1176 1879 1225 1930 et
1260 1872 1591 1946 Vespasiani,
1623 1890 1654 1927 a
1690 1872 1964 1928 consulatu
2010 1869 2231 1941 Traqa“
2259 1867 2581 1941 [Trachale
2619 1875 2670 1926 et
2719 1868 2916 1939 Italici,
2949 1886 3118 1942 usque
3145 1874 3217 1928 ad
3255 1870 3608 1938 Vepasianum
3647 1889 3799 1931 nono

407 1956 457 2008 et
493 1952 696 2009 Titum.
721 1952 820 2009 Hie
848 1971 964 2008 cum
1004 1955 1172 2011 multo
1202 1955 1364 2011 libros
1397 1954 1507 2011 zelo
1535 1953 1661 2025 ﬁdei
1699 1959 1747 2010 et
1779 1952 2104 2009 Christiana
2132 1950 2418 2021 religionis
2454 1949 2722 2014 scriberet,
2776 1952 3033 2021 martyrio
3076 1961 3384 2011 coronatur.
3417 1953 3513 2010 Hic
3540 1956 3672 2027 fecit
3709 1967 3790 2013 vn

408 2034 652 2104 regiones
681 2034 854 2091 dividi
883 2034 1108 2092 notariis
1144 2035 1390 2106 ﬁdelibus
1441 2033 1714 2098 Ecclesia.
1753 2033 1847 2108 qui
1876 2037 2024 2104 gesta
2073 2039 2367 2102 martyrum
2404 2030 2624 2086 scllicite
2661 2037 2710 2085 et
2759 2033 2990 2088 curiose.
3030 2034 3386 2106 unusquisque
3409 2052 3506 2105 per
3532 2036 3798 2107 regionem

409 2128 579 2179 suam,
606 2114 1000 2185 perquirerent.
1033 2114 1129 2170 Hic
1145 2116 1275 2188 fecit
1311 2115 1516 2173 duabus
1556 2115 1826 2187 epistolas,
1855 2129 1976 2185 quae
2006 2111 2290 2168 Canonicat
2321 2111 2677 2166 nominantur.
2723 2109 2824 2166 Hic
2859 2127 2931 2168 ea:
2961 2121 3230 2184 pracepto
3265 2115 3332 2170 Β.
3376 2115 3530 2172 Petri
3566 2119 3796 2189 suscepit

417 2193 684 2252 Ecclatsioe
708 2194 1075 2268 pontiﬁcatum
1099 2195 1518 2268 gubernandum,
1551 2196 1694 2254 sicut
1723 2196 1776 2251 ei
1803 2197 1981 2266 fuerat
2021 2209 2053 2246 a
2102 2190 2330 2248 Domino
2363 2189 2487 2246 Iesu
2536 2192 2753 2248 Christo
2804 2191 3062 2249 cathedra
3110 2192 3315 2250 tradita
3360 2195 3445 2251 vel
3490 2198 3792 2254 commissa.

417 2273 605 2330 Tamen
630 2276 689 2331 in
717 2277 962 2347 Epistola
991 2293 1106 2349 quae
1153 2276 1227 2333 ad
1261 2274 1516 2332 Iacobum
1552 2278 1758 2349 scripta
1817 2281 1915 2340 est,
1967 2273 2191 2348 qualiter
2227 2272 2277 2329 ei
2304 2272 2576 2329 commissa
2627 2281 2702 2330 est
2731 2289 2765 2328 a
2794 2270 2855 2327 Β.
2890 2270 3050 2328 Petro
3079 2274 3337 2338 Ecclesia,
3374 2278 3623 2347 reperies.
3662 2277 3787 2333 Ideo

410 2354 573 2411 Linus
597 2360 648 2412 et
676 2355 853 2413 Cletus
873 2361 995 2413 ante
1017 2375 1131 2414 eum
1151 2357 1592 2425 conscribuntur,
1625 2357 1756 2430 quia
1789 2354 1851 2409 ab
1908 2355 2020 2426 ipso
2068 2353 2319 2424 Principe
2373 2353 2750 2425 apostolorum,
2783 2354 2854 2409 ad
2881 2352 3242 2410 ministerium
3277 2355 3601 2412 sacerdotale
3629 2358 3790 2415 exhi-

409 2436 632 2493 bendum
660 2444 779 2492 sunt
805 2439 1035 2511 episcopi
1063 2437 1323 2495 Ordinati.
1357 2439 1457 2495 Hic
1496 2438 1620 2508 fecit
1648 2437 2002 2494 ordinationes
2033 2435 2165 2491 duas
2200 2450 2298 2506 per
2337 2450 2558 2488 mensem
2604 2435 2962 2496 Decembrem.
2993 2434 3328 2507 presbyteros
3358 2435 3555 2497 decem.
3590 2438 3779 2496 diaco-

411 2533 502 2573 nos
525 2515 678 2587 duos,
714 2518 984 2592 episcopos
1027 2534 1128 2590 per
1156 2517 1370 2576 diversa
1409 2520 1523 2575 loca
1551 2518 1868 2594 quindecim.
1905 2515 2048 2572 Obiit
2089 2520 2292 2584 martyr
2329 2528 2474 2570 anno
2537 2513 2762 2587 Trajani
2798 2516 2972 2572 tertio.
3023 2513 3120 2580 Qui
3169 2517 3327 2572 etiam
3367 2517 3596 2588 sepultus
3627 2524 3702 2574 est
3730 2520 3789 2573 in

414 2599 624 2656 Gracia
660 2611 720 2657 lx
745 2599 970 2657 Kalend.
1001 2599 1235 2657 Decemb.
1276 2599 1350 2656 Et
1381 2599 1608 2657 cessavit
1646 2600 1978 2672 episcopatus
2009 2595 2118 2654 dies
2147 2607 2264 2652 x11.

1065 2899 2094 3044 VARIORUM
2199 2896 3172 3045 PROOEMIA

1651 3125 2562 3192 HISTORICOl-LITTERARIA

527 3289 710 3397 AD
805 3287 1554 3395 EPISTOLAS
1638 3285 2133 3393 SANCTI
2223 3285 3011 3398 CLEMENTIS
3105 3288 3145 3395 Ι
3239 3288 3657 3398 PAP/E.

947 3821 1172 3948 EX
1271 3606 2157 3946 EDITIONI;
2211 3812 3180 3942 COTELERII.

1374 4040 1595 4112 (Patres
1624 4041 1922 4115 apostolici,
1954 4039 2404 4104 Amsteleedsmi,
2444 4038 2602 4104 172i,
2637 4037 2865 4108 in-lol.)

1298 4317 1971 4428 VETERUM
2061 4312 2924 4424 TESTIMONIA

1106 4530 1242 4613 DE
1331 4524 1727 4612 SANCTI
1799 4520 2420 4608 CLEMENTIS
2512 4519 3112 4607 EPISTOLIS.

2074 4668 2124 4728 Ι.

1375 4782 1409 4840 S
1474 4780 1763 4838 IRENEUS,
1800 4775 1899 4832 lib.
1932 4785 2016 4839 Ill,
2049 4771 2307 4830 adversus
2336 4773 2599 4844 Hcereses,
2631 4785 2756 4844 cap.
2790 4772 2843 4830 3.

660 4911 1041 4984 Interpretatio
1069 4916 1232 4966 vetus.
1572 4903 1731 4976 Apud
1756 4900 2071 4960 Eusebium
2090 4898 2403 4957 Hist.eccl.l.
2430 4915 2484 4963 ν,
2506 4914 2556 4955 c.
2582 4901 2636 4956 6.
2903 4982 2912 4984 4
2940 4895 3565 4984 Interpretatio__V_alesii.

414 4998 759 5061 Fundantes
790 4978 965 5076 igitur
1017 5001 1074 5055 et
1124 4993 1485 5054 instruentes
1653 4987 2013 5066 Θεμελιώσα-νι

2182 5009 2206 5039 ν
2238 4987 2322 5042 καὶ
2353 4984 2636 5060 οἰκοδομή·
2758 4982 3157 5062 Fundatajam
3182 4991 3239 5044 et
3261 4981 3548 5043 mdiﬁcata
3567 4978 3778 5042 Eccle-

417 5092 571 5155 beati
618 5073 867 5173 apostoli
929 5087 1276 5166 Ecclesiam,
1339 5085 1484 5148 Lino
1570 5104 1755 5146 σαντες
1809 5083 1854 5138 oi
1899 5100 2016 5155 pom

2200 5077 2482 5136 ἀπόστολοι
2539 5079 2635 5146 τὴν
2717 5077 2829 5153 sia,
2855 5073 3758 5157 beatissimiapostoliepiscopa

413 5167 822 5268 episcopetum
859 5178 1342 5244 administranda:
1372 5179 1485 5240 Ec-
1569 5176 1915 5248 Ἐκκλησίαθ,
1952 5175 2012 5230 At

2182 5196 2217 5239 ,ν
2268 5173 2365 5240 τῆς
2410 5173 2633 5228 ἐπισκο-
2719 5177 2811 5231 tus
2869 5168 3131 5231 ofﬁcium
3180 5168 3327 5232 Lino
3388 5167 3781 5230 tradiderunt.

416 5263 634 5343 clasis!
671 5276 1062 5340 tradiderunt.
1115 5273 1302 5354 Hujus
1354 5271 1484 5333 Lini
1568 5278 1674 5340 πῆς
1722 5269 2015 5346 λειτουργία

2183 5273 2445 5347 χείρισαν.
2498 5268 2633 5324 Τού-
2717 5265 2905 5346 Hujus
2925 5265 3054 5328 Lini
3079 5265 3445 5329 mentionem
3469 5263 3606 5325 facit
3630 5265 3782 5325 Pau-

409 5371 627 5435 Paulus
660 5371 719 5431 in
745 5369 840 5432 bis
869 5388 999 5450 quae
1020 5376 1156 5430 sunt
1186 5367 1260 5428 ad
1291 5365 1487 5428 Timo-
1569 5389 1659 5424 του
1680 5373 1772 5423 τοῦ
1789 5366 1943 5422 Λίνου
1969 5371 2007 5419 [1

2194 5362 2384 5425 ivrare
2407 5363 2635 5440 πρὸςΤι-
2717 5360 2810 5421 lus
2867 5358 2927 5420 in
2985 5358 3223 5420 Litteris
3251 5357 3324 5419 ad
3380 5356 3781 5450 Timotheum.

411 5465 611 5528 theum
641 5448 1481 5524 Litterisimeminit.Succedit
1569 5462 1758 5538 μόθεον
1790 5458 2009 5516 Ἐπιστο

2186 5455 2442 5531 ιὲμνηται
2468 5471 2482 5487 ‘
2513 5453 2633 5512 δια·
2717 5452 2866 5516 Huic
2887 5452 3175 5515 successit
3222 5449 3613 5513 Anencletus.
3649 5448 3785 5510 Ροει

406 5565 602 5623 autem
625 5553 1179 5621 eiAnacletus.Post
1199 5573 1333 5618 eum
1367 5565 1483 5616 ter-
1565 5553 1782 5634 δὲχεται
1814 5550 1868 5607 δὲ
1895 5552 2005 5608 αὒτὲ

2186 5547 2465 5627 ἓγκλητος*
2499 5549 2634 5625 μετὰ
2717 5564 2892 5628 quem
2910 5544 3083 5608 tertio
3096 5543 3171 5606 ab
3191 5541 3473 5625 apostolis
3495 5542 3627 5605 loco
3645 5559 3785 5623 pon-

415 5655 494 5718 tio
515 5652 643 5720 loco
666 5651 739 5717 ab
765 5649 1052 5734 apostolis
1073 5648 1481 5732 episcopatum
1564 5655 1744 5707 τοῦτον
1774 5645 1828 5702 δὲ
1859 5647 2014 5724 τρίτῳ

2185 5642 2324 5703 ,ἀπὸ
2355 5650 2458 5701 τῶν
2489 5645 2633 5704 ὰπο-
2718 5639 3001 5705 titicatum
3053 5637 3296 5703 sortitus
3349 5645 3439 5701 est
3466 5636 3784 5713 Clemens;
