4050 6232
459 205 553 289 ss
1533 217 1538 222 ‘
1619 220 1721 286 an
1765 221 1828 284 s.
1871 217 2344 285 CLEMENTEM
2387 219 2410 281 1
2455 216 2706 286 PAPAM
3771 179 3848 284 ss

479 369 613 421 sunt
644 358 958 440 quisquam
1011 357 1260 420 transire
1304 357 1375 418 ad
1422 373 1553 430 nos;
1584 374 1734 436 quos
1765 365 1824 420 et
1852 357 2016 440 ipsos
2045 355 2299 418 mundos
2335 355 2815 436 appellavit.eum
2847 356 2925 416 ait
2960 374 2975 415 :
3013 354 3294 418 Oceanus
3324 353 3850 417 intransmeabilis

476 457 564 512 est
593 439 970 522 hominibus,
996 455 1049 510 et
1081 447 1188 529 qui
1221 454 1391 507 trans
1421 448 1616 526 ipsum
1661 455 1801 507 sunt
1849 439 2089 518 mundi,
2123 451 2230 525 qui
2257 445 2352 506 his
2383 446 2572 507 eidem
2621 445 3027 506 dominatori:
3061 443 3176 506 Dei
3207 443 3711 524 disputationibus
3738 462 3850 524 gu-

481 537 789 601 bernatur.
821 536 1148 617 Paucisque
1181 535 1642 614 interjectis.....
1675 533 1757 597 Ex
1791 535 1884 598 bis
1917 547 2112 596 tamen
2145 552 2276 614 qua
2322 534 2598 597 Clemens
2651 533 2812 596 visus
2843 543 2929 596 est
2964 533 3229 595 indicare
3263 552 3399 596 cum
3432 532 3577 593 dicit
3607 553 3619 593 :
3658 530 3846 595 Ocea-

476 646 592 691 nus
621 632 729 708 qui
755 623 1277 690 intransmcabilis
1308 624 1840 696 esthominibus,et
1871 626 1934 686 hi
1965 624 2176 686 mundi
2203 626 2311 704 qui
2329 632 2460 704 post
2489 625 2698 704 ipsum
2721 631 2862 686 sunt
2888 644 2908 684 :
2932 624 3032 699 qui
3059 632 3188 703 post
3210 622 3400 702 ipsum
3437 631 3572 682 sunt
3607 622 3849 685 mundos

483 715 788 797 pluraliter
813 714 1148 789 nominans,
1189 732 1339 790 quos
1372 725 1427 774 et
1460 713 1669 775 eadem
1718 713 1824 775 Dei
1876 713 2240 794 providentia
2284 713 2380 791 agi
2427 714 2671 793 regique
2721 713 3038 792 signiﬁcat,
3074 711 3303 772 semina
3363 712 3632 792 quadam
3687 711 3850 772 nobis

480 803 824 885 hujusmoili
857 802 1262 881 intelligentia
1291 803 1522 865 videtur
1551 820 1893 882 aspergere,
1928 822 2042 882 quo
2077 809 2317 883 putetur
2369 801 2562 862 omnis
2613 799 2853 881 quidem
2886 800 3237 861 universitas
3292 818 3496 862 eorum
3546 818 3674 879 qua
3720 809 3851 864 sunt

477 903 654 975 atque
709 893 1060 973 subsistunt,
1121 891 1448 955 caelestium
1511 901 1566 950 et
1623 891 2163 972 supercalestium,
2230 901 2603 952 terrenorum
2663 889 3176 968 infernorumque,
3243 910 3394 952 unus
3455 899 3509 951 et
3565 890 3852 970 perfectus

480 983 738 1045 mundus
810 981 1176 1061 generaliter
1245 979 1361 1041 dici
1422 997 1436 1041 :
1500 980 1653 1042 intra
1712 999 1886 1061 quem
1945 980 2033 1042 vel
2092 998 2123 1040 a
2180 999 2298 1059 quo
2358 981 2424 1056 (si
2487 979 2588 1061 qui
2649 978 2730 1040 illi
2793 990 2946 1051 sunt)
3019 979 3258 1060 putandi
3314 986 3460 1040 sunt
3536 979 3848 1040 contineri.

480 1072 665 1152 Epist.
738 1075 793 1152 t,
848 1089 981 1150 cap.
1043 1071 1143 1132 90.

1348 1147 1513 1224 lusu,
1547 1155 1615 1212 in
1644 1149 1982 1224 Ezechiet.,
2019 1167 2149 1230 cap.
2183 1150 2243 1220 8,
2281 1158 2418 1210 tem.
2455 1147 2555 1228 Ill,
2591 1167 2720 1228 pag.
2755 1147 2895 1227 422,
2936 1150 3010 1211 A.

565 1261 707 1326 Φησῖ
735 1257 790 1314 δὲ
819 1262 847 1315 ὁ
883 1258 1111 1332 Κλίμης
1147 1275 1160 1293 ο
1197 1260 1451 1321 ’-ρκεανδς
1510 1258 1768 1335 ἆπέριτος
1808 1259 2126 1334 ἀνθρώποις,

2295 1255 2447 1318 Dicit
2477 1273 2715 1338 quoque
2744 1256 3057 1318 Clemens:
3084 1254 3364 1320 Oceanus
3388 1256 3855 1335 impermeabilis

482 1351 568 1405 καὶ
623 1352 670 1406 οἱ
713 1347 830 1421 μετ’
888 1348 1046 1404 αὐτὸν
1105 1348 1294 1424 κόσμοι
1359 1348 1635 1408 τοσαύταις
1696 1345 1976 1425 διαταγαῖς
2037 1370 2081 1403 τι

2257 1348 2578 1422 ominibus,
2603 1352 2659 1406 et
2688 1347 2800 1424 qui
2826 1352 2953 1424 post
2983 1363 3119 1406 eum
3151 1346 3386 1426 mundi,
3408 1348 3593 1408 tantis
3622 1346 3856 1408 Domini

484 1440 754 1496 Δεσπότου
785 1437 1100 1495 διοικοῦνται
1113 1486 1126 1500 ,

2211 1436 2704 1498 ordinationibus
2728 1436 3169 1510 gubernantur.
3195 1433 3378 1517 Epist.
3416 1436 3473 1506 1,
3509 1453 3636 1516 cap.
3672 1435 3772 1497 ΞΟ.

1001 1537 1172 1615 lusu,
1205 1536 1273 1598 in
1297 1534 1504 1609 Joan.,
1542 1542 1682 1594 tom.
1720 1531 1822 1608 lx,
1859 1543 2009 1612 part.
2042 1549 2107 1607 ιι,
2143 1552 2272 1615 pag.
2310 1533 2439 1608 143,
2474 1530 2618 1594 edit.
2654 1531 2829 1594 Huet.
2863 1531 3100 1613 Colon.,
3132 1533 3306 1595 1685.

567 1636 981 1715 Μεμαρτύρηται
1013 1632 1067 1690 δί
1089 1636 1180 1690 καὶ
1230 1636 1372 1713 παρὰ
1423 1647 1542 1697 τοῖς
1588 1632 1806 1704 ἔθνεσιν,
1850 1629 1930 1687 ὅτι
1988 1632 2123 1690 πολ-

2295 1631 2572 1695 Relatum
2595 1641 2790 1692 autem
2811 1639 2989 1711 atque
3005 1640 3280 1692 testatum
3301 1632 3452 1713 apud
3477 1633 3732 1711 gentiles
3749 1642 3852 1706 est,

484 1723 567 1782 λοί
595 1745 734 1788 τινες
775 1723 1037 1799 λοιμικῶν
1091 1721 1480 1797 ξνσχηψάντων
1528 1721 1850 1796 νοσημάτων
1912 1721 2083 1780 ἑαυτοί

2256 1722 2430 1781 mltos
2452 1739 2585 1782 cum
2612 1719 2960 1799 pestilentes
2985 1719 3177 1781 morbi
3201 1729 3640 1796 grassarentur,
3674 1740 3743 1783 se
3771 1722 3855 1802 ip-

484 1814 677 1893 σιρᾶνια
719 1813 850 1890 ὕπερ
891 1820 983 1869 τοῦ
1026 1819 1204 1869 κοινοῦ
1246 1809 1651 1891 παραδεδώκασι
1683 1829 1700 1847 ο
1754 1811 1844 1866 καὶ
1901 1809 2083 1890 παροιδί

2257 1830 2311 1872 JS
2344 1817 2406 1871 ut
2437 1809 2709 1871 victimas
2745 1827 2850 1888 pro
2883 1811 3070 1890 patria
3117 1810 3437 1872 tradidisse
3473 1830 3487 1871 :
3533 1822 3709 1893 atque
3738 1812 3856 1874 hac

482 1923 644 1983 χεται
695 1902 840 1962 ταῦθ’
885 1900 1052 1968 οὕτως
1099 1921 1228 1979 γεγο
1241 1899 1373 1958 vivat
1438 1901 1532 1958 οὒκ
1581 1897 1792 1977 ἀλόγως
1842 1901 2081 1958 πιστεύοι

2263 1919 2295 1961 a
2319 1899 2588 1961 evenisse
2620 1897 2879 1959 admittit
2908 1917 3024 1960 non
3045 1900 3177 1961 sine
3201 1917 3401 1974 causa,
3437 1902 3706 1963 historiis
3724 1919 3855 1963 cre-

481 2005 607 2057 ταῖς
634 1994 892 2071 ἱστορίαις
946 1994 974 2048 δ
1006 1992 1195 2054 πιστὸς
1249 1988 1502 2066 Κλήμης,
1548 1990 1652 2046 ὑπὸ
1685 1986 1894 2046 Παύλου
1923 2011 2080 2068 parm

2259 2007 2364 2050 ens
2381 1988 2661 2052 Clemens
2688 1986 2790 2048 ille
2812 1986 3139 2063 ﬁdelis,cui
3162 1989 3566 2052 testimonium
3593 1990 3858 2070 perhibet

479 2083 752 2160 ρούμενος,
784 2079 1038 2161 λιτοντος
1063 2096 1079 2113 ⁸
1118 2079 1269 2136 Μετὰ
1303 2078 1638 2158 Κλήμεντος,
1671 2100 1727 2140 τι.
1761 2099 1814 2138 τ.
1851 2077 1905 2140 λ.

2252 2078 2431 2140 ’aulus
2487 2077 2693 2139 dicens
2748 2096 2761 2139 :
2828 2079 2982 2140 Cum
3041 2077 3369 2160 Clemente,
3400 2089 3515 2142 etc.
3550 2078 3734 2161 Epist.
3799 2083 3851 2155 l,

741 2407 934 2482 Ruﬁno
971 2409 1280 2482 interprete.

528 2494 712 2576 Hujus
735 2495 1056 2559 Clementis
1094 2492 1345 2576 epistola
1376 2491 1558 2554 habe-

492 2603 586 2650 tur
614 2589 686 2650 ad
720 2587 1062 2652 Corinthios
1090 2588 1331 2668 scripta,
1341 2585 1556 2668 praci—

487 2700 600 2764 pua
653 2683 828 2763 plane
882 2691 939 2743 et
989 2681 1155 2744 valde
1217 2677 1554 2742 mirabilis:

479 2794 655 2862 quam
682 2775 929 2836 velutex
983 2791 1236 2855 persona
1279 2772 1561 2834 Romana

482 2869 766 2930 Ecclesia
795 2869 1066 2947 dictavit,
1099 2885 1234 2929 cum
1268 2866 1558 2928 dissensio

480 2963 633 3041 apud
695 2961 1034 3024 Corinthios
1089 2959 1297 3021 fuisset
1328 2966 1554 3022 exorta.

484 3056 672 3128 Quam
695 3055 1008 3136 epistolam
1051 3053 1113 3115 in
1140 3053 1412 3134 plurimis
1441 3050 1556 3114 Ec-

484 3146 683 3210 clesiis
716 3146 950 3228 publice
982 3146 1186 3225 legi,et
1209 3155 1473 3206 veterum
1499 3158 1558 3208 et

487 3240 708 3302 nostris
739 3242 911 3303 etiam
979 3238 1348 3320 temporibus
1377 3256 1557 3298 cons-

483 3342 588 3398 tat.
649 3333 866 3396 Verum
923 3335 998 3396 de
1056 3331 1350 3393 seditione
1407 3330 1560 3390 facta

483 3427 639 3509 apud
671 3428 1010 3492 Corinthios
1065 3446 1132 3487 ac
1187 3424 1559 3486 dissensione

483 3520 696 3602 plebis,
731 3520 897 3582 testis
924 3519 1093 3581 valde
1140 3518 1332 3580 ﬁdelis
1364 3513 1553 3595 Hege-

485 3616 693 3696 sippus
724 3613 970 3676 indicat.

749 3798 943 3872 Ruﬁno
973 3800 1283 3872 interprete.

562 3883 841 3950 Clemens
870 3885 932 3948 in
957 3883 1208 3967 epistola
1230 3902 1404 3967 quam
1437 3882 1553 3946 Co-

485 3977 726 4041 rinthiis
747 3978 976 4054 scribit,
1013 3975 1282 4041 meminit
1314 3977 1555 4057 Episto-

487 4075 559 4135 la
611 4071 780 4136 Pauli
829 4072 903 4135 ad
949 4070 1252 4146 Hebraeos,
1287 4080 1346 4134 et
1373 4069 1560 4132 utitur

491 4166 624 4246 ejus
667 4165 1049 4229 testimoniis.
1102 4161 1276 4227 Unde
1306 4168 1555 4235 constat,

493 4259 653 4340 quod
707 4260 1023 4343 Apostolus
1094 4267 1373 4336 tanquam
1433 4257 1558 4321 He-

494 4351 670 4418 ιιι-εἰς
691 4352 1046 4417 mittendam
1074 4353 1264 4434 patrio
1284 4370 1414 4413 eam
1439 4369 1567 4414 ser-

495 4466 672 4512 mone
733 4447 1180 4529 conscripserit,
1215 4455 1275 4508 et
1322 4455 1385 4507 ut
1426 4445 1563 4528 qui-

495 4542 628 4607 dam
660 4541 920 4617 tradunt,
960 4540 1199 4602 .Lucam
1229 4537 1563 4619 evangelis-

496 4654 641 4724 tam,
669 4639 770 4704 alii
793 4649 989 4702 autem
1026 4639 1184 4701 hunc
1213 4637 1408 4720 ipsum
1441 4635 1565 4700 Cle-

496 4745 752 4798 mentem
766 4731 1219 4810 interpretatum
1234 4727 1566 4803 esse.0uod

494 4839 556 4893 et
587 4828 775 4908 magis
805 4843 1007 4889 verum
1038 4833 1149 4906 est,
1183 4824 1321 4905 quia
1345 4833 1402 4886 et
1449 4833 1566 4905 sty-

493 4923 585 4984 lus
616 4922 744 5002 ipse
774 4919 1039 5002 epistola
1068 4919 1397 4982 Clementis
1429 4935 1562 4978 cum

497 5015 606 5076 hac
636 5013 979 5084 concordat.
1033 5022 1092 5075 et
1141 5029 1353 5076 sensus
1379 5011 1562 5072 nimi-

495 5126 624 5170 rum
657 5109 972 5186 utriusque
1005 5106 1320 5188 Scriptura
1373 5105 1564 5186 pluri-

498 5221 653 5264 mam
685 5202 1137 5265 similitudinem
1198 5199 1417 5262 ferunt.
1451 5199 1562 5263 Di-

494 5295 651 5357 citur
681 5305 875 5357 tamen
901 5313 1036 5358 esse
1065 5303 1126 5356 et
1146 5295 1260 5357 alia
1287 5293 1562 5357 Clemen-

489 5387 563 5450 tis
591 5388 861 5470 epistola,
903 5391 1068 5468 cujus
1122 5407 1230 5451 nos
1286 5387 1555 5451 notitiam

490 5500 609 5543 non
639 5481 1002 5564 accepimus.

2217 2185 2346 2248 cap.
2380 2167 2480 2229 55.

2136 2301 2234 2366 ιν.

1643 2406 1952 2476 Eventus,
1973 2406 2263 2473 Hist.eeet.,
2296 2407 2706 2480 lib.m,cap.16.

1723 2495 1919 2553 Τούτου
1979 2492 2045 2563 δὴ
2119 2497 2207 2553 οὖν
2248 2505 2342 2554 τοῦ
2397 2495 2703 2571 Κλήμεντος

1643 2587 2049 2667 ὁμολογουμὲνη
2105 2590 2201 2664 μία
2259 2586 2517 2655 ἐπιστολή
2561 2585 2707 2666 φέρε-

1642 2703 1754 2762 ται,
1791 2680 2002 2760 μεγάλη
2037 2703 2094 2738 τε
2150 2682 2239 2738 καὶ
2295 2681 2580 2757 θαυμασία,
2641 2679 2704 2746 ἢν

1644 2780 1716 2840 ὡς
1773 2777 1878 2833 ἀπὸ
1924 2777 2022 2846 τῆς
2056 2777 2328 2853 Ῥωμαίων
2387 2773 2707 2842 Ἐκκόησίσις

1643 2878 1711 2948 τῇ
1771 2872 2051 2949 Κορινθίων
2114 2870 2494 2944 διετυπώσατο,
2573 2865 2737 2926 σιτειὶω¹

1647 2987 1779 3029 σεως
1833 2963 2082 3033 τηνικάδε
2128 2967 2265 3022 κατὰ
2323 2969 2422 3032 την
2455 2965 2707 3043 Κόρινθον

1645 3059 1960 3137 γενομένης.
1997 3060 2207 3126 Ταύτην
2249 3057 2302 3114 δὲ
2336 3059 2422 3114 καὶ
2466 3057 2522 3112 ἐν
2549 3055 2706 3113 πλείσ-

1644 3174 1794 3212 σταις
1827 3151 2172 3218 Ἐκκλησίαις
2195 3151 2278 3207 ἐπὶ
2310 3160 2399 3209 τοὺ
2429 3149 2606 3206 κοινοῦ
2635 3147 2711 3204 δε-

1642 3245 2069 3322 δημοσιευμίνην
2118 3243 2283 3302 πάλαι
2352 3266 2408 3300 τε
2459 3246 2548 3300 καὶ
2590 3242 2708 3300 καθ’

1642 3342 1786 3414 ἡμᾶς
1817 3340 2003 3403 αὐτοὺς
2034 3338 2299 3416 ἔγνωμεν,
2365 3340 2462 3396 Kal
2512 3336 2592 3394 ὅτι
2648 3358 2708 3415 γε

1640 3433 1775 3489 κατὰ
1818 3434 1908 3488 τὸν
1939 3430 2290 3507 δηλούμενον,
2337 3432 2403 3489 τὰ
2443 3429 2539 3497 τῆς
2600 3437 2708 3486 Ko-

1637 3527 1841 3606 ρινθίων
1895 3527 2146 3593 κεκίνητο
2215 3526 2478 3599 στάσεως,
2559 3521 2708 3588 ἀξιό-

1637 3641 1816 3699 χρεως
1847 3619 2045 3698 μάρτυς
2077 3619 2105 3674 ὁ
2133 3617 2504 3696 Ἠγήσιππος,
2551 3613 2710 3695 Lege

1634 3710 2056 3789 Nlcsrnonuu,
2087 3705 2194 3770 lib.
2225 3723 2310 3783 ιιι,
2345 3724 2473 3788 cap.
2512 3706 2608 3770 16.

1730 3803 1896 3870 Iners,
1926 3801 2084 3872 ibid,
2117 3801 2218 3860 lib.
2252 3813 2338 3869 ιιι,
2370 3816 2497 3873 cap.
2528 3799 2619 3859 38.

1717 3899 1821 3949 Τοῦ
1851 3887 2163 3966 Κλήμεντος
2218 3888 2270 3945 ἐν
2327 3893 2395 3965 τῇ
2424 3885 2709 3963 ἀνωμολο-

1639 3981 1852 4061 γημὶνη
1883 3982 2027 4061 παρὰ
2053 3988 2238 4058 πᾶσιν,
2273 3981 2341 4049 ἣν
2393 3979 2454 4037 ix
2493 3979 2711 4058 προσώ-

1638 4099 1740 4135 που
1793 4077 1891 4145 τῆς
1945 4075 2224 4152 Ῥωμαίων
2254 4073 2599 4143 Ἐκκλησίας

1645 4169 1922 4250 Κορινθίων
1953 4166 2338 4233 διετυπώσατο,
2373 4168 2461 4224 Ἐν
2519 4169 2557 4244 ᾗ
2610 4170 2710 4235 τῆς

1644 4266 1775 4345 πρὸς
1809 4260 2076 4344 Ἐϐραίους
2108 4261 2283 4321 πολλὰ
2321 4263 2565 4336 νοήματα
2599 4282 2710 4318 πα·-

1646 4357 1838 4436 ραθεὶς,
1886 4354 1990 4424 ἤδη
2021 4353 2075 4412 δὶ
2104 4357 2192 4414 καὶ
2216 4353 2480 4420 αὖτολεξεῑ
2523 4354 2710 4432 ῥητοῖς

1646 4471 1781 4507 τισιν
1812 4447 1866 4516 RE
1897 4448 2060 4516 αὐτῆς
2112 4448 2478 4530 χρησάμενος,
2541 4445 2711 4528 σαφὲ-

1648 4564 1813 4600 στατα
1847 4542 2162 4622 παρίστησιν
2183 4540 2266 4598 ὅτι
2298 4541 2378 4618 μὴ
2409 4540 2524 4599 νὶον
2553 4540 2716 4620 ὑπάρ-

1648 4659 1737 4719 χει
1768 4658 1831 4695 το
1873 4639 2217 4718 σύγγραμμα.
2271 4633 2438 4695 ’Ὅθεν
2498 4634 2714 4698 εἰκότως

1650 4730 1843 4809 ἔδοξεν,
1899 4732 2024 4789 αὐτὸ
2053 4743 2171 4795 τοῖς
2227 4729 2442 4794 λοιποῖς
2477 4729 2712 4807 ἐγκατι-

1647 4820 1907 4902 λεχθῆναι
1965 4820 2240 4900 γράμμασι
2289 4820 2382 4878 τοῦ
2445 4818 2715 4877 Ἀποστά-

1649 4915 1766 4997 λου,
1799 4913 2058 4994 Ἑϐραίοις
2109 4915 2210 4994 γὰρ
2238 4912 2323 4971 διὰ
2351 4921 2453 4983 τῆς
2494 4914 2713 4991 πατρίου

1648 5007 1893 5090 γϐώττης
1925 5008 2204 5088 ἐγγράφως
2235 5006 2579 5085 ὡμιληκότος
2620 5013 2714 5063 τοῦ

1650 5102 1879 5175 Παύλου,
1945 5105 1993 5158 οἱ
2035 5101 2132 5179 μὲν
2190 5104 2278 5160 τὸν
2336 5099 2716 5180 εὖαιγγελιστὴν

1648 5203 1879 5271 Δουκᾶν,
1911 5199 1959 5252 οἱ
1988 5194 2043 5251 δὲ
2071 5196 2164 5252 τὸν
2216 5193 2503 5270 Κλήμεντα
2531 5201 2714 5251 τοῦτον

1643 5291 2178 5369 αὒτὸνλὲρμηνεῦσαι
2200 5288 2416 5368 λὶγουσι
2447 5288 2544 5356 τὴν
2575 5307 2711 5364 γρα-

1640 5387 1766 5467 φήν,
1809 5365 1896 5442 ’“ο’
1917 5365 2005 5441 καὶ
2034 5382 2239 5461 μᾶλλον
2272 5365 2366 5450 ειη
2398 5382 2460 5438 ειν
2492 5379 2708 5460 ἀληθὲς,

1639 5487 1718 5556 τῷ
1747 5481 1840 5536 τὸν
1871 5477 2057 5557 ὅμοιον
2085 5483 2183 5549 τῆς
2245 5479 2488 5561 φράσεως
2533 5498 2713 5558 χαρα-

1641 5578 1811 5656 κτῆρα
1840 5574 1938 5641 τὴν
1963 5596 2020 5632 τε
2078 5582 2171 5633 τοῦ
2196 5645 2198 5648 ι
2225 5573 2535 5651 Κλήμεντος
2591 5571 2715 5628 ἐπι-

1519 5657 1524 5660 ’
1634 5668 1860 5751 στολὴν,
1935 5670 2023 5726 και
2067 5671 2174 5741 ’τὴν
2253 5671 2385 5750 πρδς
2447 5668 2717 5750 ἐεριιους

3067 2409 3269 2470 Volusio
3295 2413 3597 2483 interprets.

2870 2491 3059 2574 Hujus
3087 2495 3265 2574 igitur
3291 2495 3611 2558 Clementis
3667 2503 3856 2557 exstat

2793 2587 3042 2666 epistola
3071 2607 3190 2650 uno
3243 2605 3539 2651 consensu
3592 2593 3856 2668 recepta,

2794 2680 3007 2742 eximia
3038 2700 3282 2762 prorsus
3334 2691 3510 2762 atque
3545 2681 3854 2754 mirabilis,

2793 2793 2969 2854 quam
2999 2775 3240 2836 nomine
3262 2774 3543 2836 Ecclesia
3581 2775 3861 2836 Romana

2791 2868 2863 2928 ad
2880 2865 3655 2932 CorinthiorumEcclesiam
3679 2867 3860 2948 scrip-

2792 2961 2890 3036 sit,
2950 2980 3083 3022 cum
3143 2964 3297 3043 apud
3357 2980 3458 3024 eos
3486 2960 3677 3039 gravis
3705 2969 3862 3022 esset

2793 3065 2995 3118 exorta
3025 3056 3340 3119 dissensio.
3371 3055 3536 3118 Hanc
3566 3058 3622 3114 in
3655 3054 3862 3134 pleris-

2793 3167 2909 3230 que
2933 3147 3218 3210 Ecclesiis
3247 3158 3303 3211 et
3357 3159 3562 3209 nostra
3597 3158 3651 3209 et
3685 3165 3862 3228 supe-

2792 3241 2937 3302 riori
3009 3242 3296 3304 memoria
3365 3241 3557 3319 palam
3626 3238 3862 3301 recitari

2795 3335 3175 3397 eonsuevisse
3209 3335 3629 3416 comperimus.
3679 3331 3862 3394 Porro

2797 3429 3121 3510 supradicti
3211 3429 3532 3493 Clementis
3595 3438 3864 3508 tempore

2796 3524 3154 3586 seditionem
3187 3523 3346 3585 inter
3362 3521 3704 3585 Corinthios
3734 3537 3865 3584 esse

2793 3626 3149 3680 commotam
3181 3615 3680 3698 locupletissimus
3704 3613 3867 3676 testis

2794 3719 2884 3774 est
2911 3709 3306 3792 Hegesippus.

3065 3803 3275 3863 Valesio
3302 3806 3603 3877 interprete.

2839 3887 3165 3953 Clementis
3186 3885 3658 3969 illa(epistola)ab
3676 3885 3869 3946 omni-

2794 3981 2907 4044 bus
2932 3993 3195 4064 recepta,
3239 4000 3412 4064 quam
3440 3978 3725 4043 Ecclesia
3745 3979 3868 4041 Ro-

2797 4095 2988 4140 mana
3010 4077 3251 4141 nomine
3303 4075 3377 4138 ad
3421 4072 3868 4138 Corinthiorum

2797 4172 3123 4235 Ecclesiam
3159 4168 3423 4250 scripsit.
3470 4170 3537 4231 In
3582 4185 3701 4249 qua
3733 4184 3869 4228 cum

2796 4265 3012 4327 multas
3035 4263 3254 4326 inserat
3270 4259 3595 4324 sententias
3618 4259 3872 4321 desum-

2799 4366 2928 4439 ptas
2948 4375 3018 4419 ex
3043 4355 3308 4437 Epistola
3326 4355 3399 4416 ad
3423 4352 3726 4431 Hebraeos,
3755 4351 3869 4412 iis-

2795 4450 3056 4532 demque
3075 4447 3377 4510 interdum
3401 4446 3597 4511 verbis
3644 4451 3868 4518 utatur,

2798 4540 2946 4603 satis
3001 4539 3228 4602 indicat
3280 4556 3431 4620 opus
3462 4536 3608 4599 illud
3639 4551 3874 4611 nequa-

2798 4653 2973 4718 quam
3020 4651 3234 4696 receus
3281 4650 3433 4696 esse.
3469 4626 3874 4705 Quamobrem

2800 4748 2933 4791 cum
2950 4723 3468 4807 reliquisApostoli
3490 4722 3730 4804 scriptis
3757 4735 3880 4780 non

2799 4822 2931 4882 sine
2961 4838 3139 4882 causa
3169 4820 3283 4880 hoc
3309 4821 3482 4879 etiam
3505 4813 3876 4877 recensitum

2797 4912 3203 4977 videtur.Cum
3224 4912 3384 4974 enim
3399 4906 3765 4973 adHebraos
3784 4923 3881 4987 pa-

2799 5008 2913 5072 trio
2937 5024 3218 5069 sermone
3247 5003 3586 5085 scripsisset
3628 5000 3875 5074 Paulus,

2798 5099 3122 5162 aliiLucam
3143 5096 3561 5177 evangelistam
3575 5093 3707 5175 ,alii
3719 5094 3884 5154 hunc

2798 5190 2873 5250 de
2936 5207 3050 5271 quo
3122 5187 3420 5267 loquimur
3474 5182 3880 5261 Clementem,

2797 5280 3127 5366 Epistolam
3164 5279 3323 5344 illam
3357 5295 3490 5341 esse
3519 5276 3887 5356 interpreta-

2799 5383 2922 5436 tum
2949 5374 3170 5437 ferunt.
3219 5370 3386 5444 Quod
3409 5369 3655 5451 quidem
3680 5367 3888 5429 verius

2797 5471 2890 5533 vid
2899 5479 3193 5546 etur,cum
3211 5464 3538 5547 prasertim
3551 5461 3892 5524 etClemen-

2802 5565 2903 5648 tis,
2933 5571 2991 5625 et
3022 5561 3122 5626 illa
3174 5566 3248 5622 ad
3310 5555 3593 5620 Hebraos
3622 5552 3892 5638 Epistola

2808 5660 3082 5727 eumdem
3144 5651 3427 5739 habeant,
3449 5647 3693 5735 Istylum,
3774 5665 3896 5713 nec
