4050 6232
211 193 281 262 ιο
1438 186 1813 252 PROCEMIA
1852 185 1862 207 ‘

1896 178 2278 251 'ARIORUM.

208 314 313 376 {ert
339 317 519 378 omnia
545 322 709 378 certo
742 315 956 380 ordine
1000 316 1257 400 agenda,
1290 318 1340 381 si
1368 314 1611 393 Judaais,
1644 324 1807 378 tanto
1828 325 1862 375 Α

1896 324 2119 393 monet,
2177 321 2253 393 μὴ
2310 320 2411 397 γάρ
2461 341 2539 382 τις
2615 321 2762 395 ὑμῶν
2818 316 3074 399 πασχὶτω
3125 317 3198 379 ὡς
3245 313 3523 393 conuiuali

208 404 377 484 magis
401 405 765 469 Christianis.
798 404 1059 488 Tempus
1085 407 1279 489 ipsum
1312 428 1429 490 quo
1461 407 1679 486 scripta
1726 413 1813 468 est

206 494 319 557 haec
353 492 612 576 epistola,
646 513 755 575 ego
782 495 854 557 ad
892 497 1069 559 ﬁnem
1107 497 1385 578 Neronis,
1422 504 1520 559 aut
1549 504 1709 559 certe
1740 493 1812 556 ad

202 601 296 644 eos
318 601 496 646 annos
518 586 615 666 qui
638 584 984 666 Vespasiani
999 586 1317 667 imperium
1341 592 1811 658 antecesserunt,

197 672 463 738 referam.
484 674 637 736 Nam
657 673 1022 738 oblationum
1047 676 1339 757 meminit,
1357 694 1490 755 quae
1515 677 1571 736 in
1597 672 1814 754 templo

196 780 259 823 ex
291 764 416 842 lege
446 762 680 843 tierent,
700 763 859 826 sicut
882 771 942 825 et
970 763 1044 825 ad
1073 763 1355 828 Hebraeos
1383 762 1659 844 scriptor,
1686 768 1818 843 post

194 852 351 931 cujus
420 852 725 930 epistolam
787 853 941 915 hanc
1000 854 1179 916 credo
1242 855 1557 936 scriptam:
1622 870 1813 933 eoque

192 940 311 1002 ﬁeri
340 950 399 1003 ut
416 941 610 1023 aliqua
634 941 776 1004 inde
798 951 1035 1024 sumpta
1055 962 1181 1006 suae
1203 943 1526 1007 intexuerit
1553 941 1815 1024 epistola

193 1028 474 1093 Clemens.
515 1030 737 1093 Mirum
769 1030 957 1093 videri
991 1032 1175 1113 possit
1206 1031 1449 1095 dissidia
1477 1034 1587 1094 ista
1610 1031 1812 1096 Corin-

193 1118 433 1181 thiorum
465 1118 947 1184 Christianorum
966 1122 1037 1184 ad
1062 1120 1176 1183 vim
1197 1139 1408 1204 usque,
1434 1132 1491 1184 et
1519 1130 1581 1183 ut
1614 1121 1810 1201 loqui-

195 1216 296 1279 tur,
320 1207 629 1283 bellum,id
650 1218 763 1290 est,
786 1209 1001 1291 rixam,
1028 1210 1561 1292 progressa,uisiel
1587 1208 1663 1271 de
1683 1208 1816 1270 aliis

192 1296 509 1360 eiHebrzea
524 1307 705 1378 gente
719 1299 1070 1362 Christianis
1080 1299 1303 1362 similia
1320 1317 1447 1364 com
1460 1305 1817 1361 memoraret

193 1385 246 1447 in
274 1384 530 1466 Epistola
556 1386 840 1452 Jacobus.
865 1389 951 1452 Ex
987 1390 1057 1451 iis
1083 1397 1304 1464 autem,
1327 1407 1578 1470 quorum
1600 1386 1672 1449 ad
1700 1387 1813 1449 vim

194 1494 367 1556 usque
391 1494 699 1557 progressa
719 1485 847 1541 erat
869 1478 1052 1540 animi
1077 1477 1446 1561 impotentia,
1473 1476 1756 1559 quosdam
1780 1495 1815 1538 a

194 1564 611 1643 magistratibus
632 1566 693 1628 in
716 1586 1019 1630 carcerem
1041 1568 1235 1651 datos,
1264 1588 1382 1631 non
1407 1577 1495 1630 est
1518 1566 1677 1644 quod
1706 1565 1811 1626 mi-

192 1671 406 1718 remur.
437 1659 649 1736 Neque
683 1656 843 1719 enim
880 1656 954 1721 de
979 1657 1163 1720 nihilo
1193 1668 1305 1732 est,
1340 1657 1496 1740 quod
1546 1654 1810 1721 Ponticis

3457 174 3543 243 50

3496 309 3522 328 η

1897 404 2156 476 κλὲπτης.
2190 408 2224 475 ἢ
2278 408 2589 470 κακοποιός.
2652 405 2756 469 Hm
2809 402 2948 467 Sunt
3000 422 3213 480 causae,
3248 420 3357 464 cur
3413 418 3523 480 ego

1897 495 2051 557 hanc
2080 494 2389 576 epistolam
2425 514 2542 557 non
2570 495 2747 557 modo
2777 494 3098 574 genuinam
3119 490 3397 563 arbitrer,
3421 489 3525 553 sed

1898 593 1958 648 et
1986 584 2144 646 nulla
2176 586 2232 645 in
2265 604 2335 647 ea
2362 603 2571 647 manus
2600 585 2886 648 adulterae
2910 582 3153 663 vestigia
3184 598 3525 659 agnoscam.

1898 673 2162 736 Alteram
2183 672 2699 755 epistolam,cujus
2715 672 3113 753 fragmentum
3130 669 3400 735 additum
3416 677 3525 741 est,

1896 782 2230 845 quanquam
2259 765 2585 829 Clementis
2616 774 2676 827 et
2724 766 2853 846 ipsa
2900 765 2962 827 in
3008 764 3176 827 libris
3224 759 3529 824 nonnullis

1898 872 2114 916 nomen
2148 854 2427 935 pratulit,
2461 874 2579 917 non
2611 873 2743 918 esse
2768 863 2966 917 tamen
3018 853 3075 916 ei
3126 850 3529 930 tribuendam,

1895 942 2071 1004 etiam
2095 951 2324 1005 veteres
2335 942 2681 1023 judicarunt
2699 966 2711 1003 :
2732 962 2987 1025 quorum
3010 938 3343 1004 auctoritati
3364 957 3531 1001 acce-

1895 1030 1980 1091 dit
2012 1032 2373 1094 cliaracteris
2403 1032 2733 1095 diversitas.
2785 1034 2994 1114 Neque
3049 1038 3244 1093 tamen
3294 1026 3522 1099 dubito.

1895 1120 2042 1197 quin
2077 1120 2249 1201 primi
2280 1121 2481 1183 steculi
2506 1121 2583 1183 sit
2611 1140 2781 1203 opus,
2816 1121 3100 1202 scriptum
3132 1125 3272 1181 ante
3302 1116 3525 1178 consti-

1901 1217 2089 1270 tutum
2122 1210 2508 1271 ecclesiarum
2530 1228 2825 1273 consensu
2842 1228 3159 1289 canonem,
3184 1215 3242 1268 et
3263 1205 3417 1267 forte
3434 1206 3523 1268 al-

1898 1298 2082 1360 terius
2114 1298 2364 1378 alicujus
2393 1296 2734 1361 Clementis.
2754 1298 2891 1362 Haac
2920 1318 3050 1380 quae
3075 1297 3223 1359 mihi
3250 1295 3392 1369 visa,
3420 1314 3527 1357 ea-

1898 1387 2033 1449 dem
2050 1386 2319 1449 libertate
2337 1406 2455 1469 qua
2470 1388 2731 1470 colloqui
2746 1397 2941 1452 tecum
2963 1386 3108 1449 mihi
3123 1402 3529 1463 concesseras,

1895 1476 1969 1538 ad
1994 1476 2440 1539 exactissimum
2454 1477 2529 1540 de
2550 1477 2730 1542 rebus
2751 1476 3025 1540 omnibus
3033 1474 3325 1558 judicium
3342 1482 3528 1547 tuum,

1896 1565 1983 1628 vir
2003 1568 2164 1628 omni
2187 1586 2254 1629 ex
2280 1572 2447 1648 parte
2469 1560 3530 1649 incomparabilis,dcfero,etc.Fran-

1836 1631 1869 1681 Β
1894 1656 2104 1719 cofurti
2137 1657 2209 1720 l7
2240 1631 2379 1719 tim
2410 1657 2586 1722 1634.

191 1742 517 1808 Christianis
572 1746 850 1809 scribens
897 1749 1106 1812 Petrus
1132 1747 1158 1790 ’⁷
1190 1748 1209 1769 ⁶
1240 1754 1359 1811 tam
1410 1746 1663 1810 sollicite
1706 1764 1811 1808 eos

764 2032 852 2093 Ex
879 2028 1003 2093 alia
1031 2028 1296 2111 epistola
1324 2030 1611 2112 ejusdem
1642 2032 1956 2115 Bignonii,
1988 2051 2026 2098 a
2055 2036 2116 2099 d.
2152 2036 2229 2100 28
2264 2038 2535 2117 Augusti
2573 2036 2723 2102 1634
2756 2038 2924 2101 data.

257 2161 477 2226 Gratias
508 2162 615 2224 tibi
647 2181 781 2251 ago,
818 2162 1035 2225 eruditi
1067 2170 1124 2225 et
1154 2162 1329 2225 solidi
1361 2164 1446 2225 tui
1471 2164 1710 2243 judicii,
1737 2164 1813 2228 de
1900 2166 2167 2248 ptoribus
2185 2168 2531 2232 Christianis
2558 2178 2762 2251 postea
2782 2158 3070 2245 adhibita,
3097 2168 3336 2249 scriptis
3356 2168 3532 2248 primi

192 2250 488 2341 Clemente,
514 2270 714 2314 causa.
742 2250 916 2315 Solus
937 2252 1117 2315 hodie
1134 2253 1296 2315 horae
1318 2263 1618 2316 momento
1644 2256 1809 2336 ejus-
1898 2259 2264 2320 successoris
2291 2250 2692 2341 apostolorum
2726 2259 3017 2340 Principis
3050 2278 3168 2321 non
3218 2266 3303 2320 sat
3354 2257 3536 2337 digna

196 2340 327 2404 modi
355 2360 451 2403 res
481 2341 769 2403 dirimere
809 2350 1002 2423 potes,
1034 2341 1213 2422 idque
1248 2344 1431 2405 cuivis
1484 2344 1699 2406 saeculo
1756 2353 1812 2406 et
1900 2346 2160 2421 videtur,
2186 2349 2514 2430 praesertim
2540 2358 2625 2414 tot
2647 2350 2843 2413 verbis
2863 2346 3399 2430 exposita.Alioqui
3425 2348 3534 2409 mi-

196 2433 457 2512 scriptori,
486 2432 649 2514 quod
676 2432 731 2493 ei
751 2430 1314 2513 debetur,reddere,
1344 2441 1403 2495 et
1423 2432 1810 2515 fructum,qui
1896 2454 2027 2497 rum
2060 2438 2247 2500 videri
2279 2458 2397 2502 non
2430 2441 2615 2520 possit
2659 2459 2795 2503 eum
2846 2458 2975 2503 esse
3028 2457 3197 2501 usum
3246 2437 3530 2519 opinione

200 2536 257 2579 ex
282 2538 341 2581 eo
368 2520 739 2613 capigposgsit,
763 2520 1102 2613 ostendere.
1130 2520 1493 2613 Rationibus
1514 2524 1627 2585 tuis
1660 2522 1809 2585 nihil
1897 2534 2037 2587 tunc
2072 2528 2352 2607 temporis
2382 2538 2643 2613 recepta,
2678 2538 2743 2593 ut
2792 2528 3063 2593 ethnicos
3100 2526 3172 2590 ad
3222 2526 3529 2590 veritatem

207 2612 431 2700 estquod
455 2609 797 2689 obiiciatur,
819 2609 1152 2700 judiciique
1175 2610 1678 2674 tuiauctoritatem
1718 2613 1806 2675 ir-
1893 2609 2542 2681 doctrinmChristianaé
2558 2609 3532 2700 pleniusadmittendaminvitaret;

204 2698 582 2779 refragabilem
617 2718 747 2762 esse
777 2718 885 2781 par
913 2708 1023 2762 est.
1050 2699 1387 2763 Genuinum
1413 2701 1656 2781 quidem
1681 2720 1806 2765 om-
1892 2707 2195 2785 quomodo
2210 2698 3152 2788 etPaulusususestinscriptione
3166 2706 3531 2786 DeiignotiS.

201 2788 314 2850 nino
334 2796 789 2853 monumentum
817 2790 928 2852 hoc
956 2808 1088 2852 esse
1110 2792 1582 2871 putaveram,sed
1607 2794 1805 2873 suspi-
1892 2796 2163 2873 quamvis
2194 2798 2490 2859 sententia
2520 2798 2755 2860 diversa
2782 2798 2853 2859 ab
2885 2797 3166 2877 opinione
3188 2795 3411 2875 vulgari
3443 2804 3529 2858 at-

197 2876 346 2939 cabar
376 2879 427 2940 ei
458 2878 749 2960 periodos
780 2886 884 2940 aut
910 2896 1084 2941 voces
1111 2878 1338 2960 aliquot
1366 2898 1400 2941 a
1428 2880 1687 2943 librariis
1705 2901 1805 2944 as-
1890 2902 2005 2963 que
2031 2883 2438 2967 inscriptionis
2458 2886 2587 2949 basi
2603 2876 3369 2965 arminsculptznPutabam
3388 2904 3530 2966 ergo

192 2975 345 3030 sutas.
368 2967 451 3030 Tu
476 2986 627 3030 vero
657 2966 1029 3031 dubitatione
1054 2968 1159 3030 illa
1182 2986 1276 3030 me
1302 2968 1485 3043 levas,
1512 2970 1623 3032 nisi
1645 2972 1804 3050 quod
1824 3034 1864 3057 η
1891 2972 2353 3053 descriptionem
2375 2976 2671 3055 pbuenicis
2693 2976 2984 3057 adjectam
3002 2974 3075 3037 ab
3092 2975 3402 3038 aliofuisse
3424 2994 3531 3037 nu-

194 3058 420 3120 narratio
436 3058 514 3119 de
526 3057 812 3139 pbceuice
830 3075 925 3120 me
939 3058 1262 3120 etiamnum
1278 3034 1544 3121 nonnihil
1562 3034 1808 3124 otl‘endit
1824 3034 1865 3085 ο
1890 3062 1980 3123 dte
2002 3064 2054 3143 ej
2064 3034 2129 3125 ιιέ
2142 3034 2857 3141 meri
3096 3034 3393 3145 ἶὲὲίέοἶαέξ
3419 3034 3525 3127 sed

195 3146 378 3227 quippe
397 3167 530 3237 quae
549 3147 856 3227 copiosior
874 3156 964 3210 est
978 3156 1035 3210 et
1052 3156 1672 3231 σοφιστικωτὲρι,ίιυοιη
1697 3160 1809 3233 sty-

1896 3154 1950 3214 in
1983 3153 2233 3217 meliore
2292 3164 2389 3218 tua
2440 3156 2743 3220 sententia
2789 3156 3124 3237 acquiesco,
3158 3171 3271 3217 nec
3330 3172 3528 3217 meum

194 3236 263 3295 lus
286 3236 640 3316 apostolicus
665 3239 946 3318 patiatur.
976 3239 1059 3301 Ea
1079 3237 1297 3319 fabula,
1323 3239 1589 3321 quamvis
1609 3260 1642 3301 a
1664 3241 1809 3303 scri-
1890 3250 1983 3306 est
2016 3252 2205 3306 tecum
2239 3245 2625 3309 contendere.

221 3396 473 3471 (Excerpta
509 3399 629 3457 haec
654 3408 784 3454 sunt
811 3412 842 3455 e
873 3398 1193 3458 testimoniis
1220 3398 1285 3457 de
1306 3397 1588 3471 Bignonio,
1621 3416 1742 3541 quo;
1768 3402 2182 3556 αιιονέωιάῗίοηί
2200 3403 2463 3464 Parisinte
2490 3404 2870 3464 Formiarum
2911 3404 3159 3477 Marcum
3184 3403 3320 3463 anni
3348 3402 3490 3461 1665

1618 3499 1717 3537 sua
1778 3499 1892 3555 pra
2009 3529 2020 3542 .

1618 3499 1741 3541 sunt
1778 3499 2020 3555 prce/tea.

1058 3759 1820 3857 HERMANNUS
1899 3762 2659 3861 CUNRINGIUS

806 3966 1186 4032 JOACHIMO
1226 3968 1503 4033 JOANNI
1546 3971 1880 4052 MADERO,
1930 3971 2109 4036 VIRO
2151 3969 2595 4037 DOCTISSIMO
2641 3975 2704 4035 S.
2750 3969 2816 4036 P.
2863 3974 2935 4034 D.

257 4169 510 4236 Pleclare
526 4173 604 4235 de
619 4169 861 4253 publico
877 4174 1151 4254 mereris,
1182 4172 1525 4235 doctissime
1539 4173 1797 4248 Madere,
1827 4183 1867 4232 ο
1887 4177 2070 4249 nium,
2110 4176 2310 4238 induti
2329 4176 2453 4255 jam
2489 4175 2739 4257 proinde
2768 4174 2943 4239 stolis
2974 4172 3272 4248 candidis.
3298 4182 3355 4237 et
3385 4182 3535 4238 ante

195 4260 293 4321 illas
307 4264 493 4339 horas,
516 4280 678 4339 quas
695 4261 1014 4323 succidere
1039 4261 1146 4323 tibi
1170 4262 1310 4325 licet
1331 4262 1633 4325 ordinario
1667 4282 1804 4323 mu-
1888 4268 2173 4327 thronum
2198 4265 2311 4327 Dei
2326 4267 2639 4328 constituti
2654 4266 2931 4327 serviunt
2951 4262 3049 4325 illi
3070 4263 3171 4325 die
3187 4280 3258 4325 ac
3275 4266 3536 4328 noctein

196 4354 311 4432 neri,
343 4354 396 4415 in
427 4356 483 4415 id
514 4354 907 4433 impendens,
936 4361 999 4415 ut
1021 4354 1363 4417 hominibus
1383 4358 1603 4418 nostris
1634 4355 1804 4418 exhi-
1892 4358 2118 4433 templo
2140 4354 2697 4436 eius,illoquisedet
2716 4355 2782 4416 in
2796 4352 3532 4434 thronohabilanlesuper

197 4439 304 4503 beas
329 4445 526 4525 prima:
555 4443 731 4506 illius
754 4460 952 4504 aureae
974 4444 1345 4524 tempestatis
1370 4464 1499 4525 quae
1524 4454 1807 4525 superant
1891 4444 2022 4505 illos
2044 4444 2112 4517 ιί,
2134 4462 2256 4521 quo
2291 4444 2483 4523 elogio
2510 4451 2797 4523 martyres
2828 4441 3085 4524 Spiritus
3113 4449 3356 4505 sanctus
3387 4461 3529 4524 pro-

200 4545 555 4596 monumenta.
594 4531 727 4595 Etsi
758 4531 917 4593 enim
947 4530 975 4574 9
998 4532 1300 4613 perfectus
1343 4535 1426 4595 sit
1473 4534 1800 4597 divinarum
1888 4541 2125 4594 secutus
2156 4538 2265 4594 est.
2301 4532 2519 4595 Saltem
2544 4532 2645 4594 illa
2668 4530 2835 4595 nefas
2858 4538 2952 4593 est
2976 4536 3529 4607 contemnere,quae

196 4616 621 4698 Scripturarum
656 4629 943 4697 ranon,et
964 4621 1316 4701 jamdudum
1352 4642 1484 4685 cum
1507 4626 1569 4684 S.
1596 4628 1802 4700 Augu-
1890 4621 2123 4702 publica
2153 4622 2454 4684 auditione
2485 4622 2615 4703 ipsa
2637 4629 2804 4684 vetus
2826 4627 2884 4684 et
2914 4626 3119 4683 sancta
3145 4616 3411 4681 Ecclesia
3437 4618 3524 4680 di-

195 4708 395 4784 stiuo,‘0
406 4712 834 4791 didicerimus,
849 4713 995 4772 solis
1018 4711 1148 4774 illis
1163 4711 1335 4775 libris
1346 4712 1804 4775 hunchonorem
1886 4721 2058 4789 gnata
2077 4720 2165 4774 est
2190 4730 2203 4775 :
2227 4721 2285 4773 ut
2308 4712 2619 4795 Polycarpi
2642 4710 2951 4793 epistolam
2982 4710 3050 4773 in
3071 4710 3235 4771 Asiae
3254 4725 3521 4772 conven-

199 4800 887 4881 Iimoremquedeferremt
900 4800 1803 4865 nullumeommscribendoali-
1890 4800 2411 4873 tibus,0lementis
2432 4803 2502 4863 in
2523 4798 2839 4864 nonnullis
2857 4799 3003 4863 locis
3024 4796 3259 4879 publice
3287 4796 3519 4861 lectita-
3582 4830 3583 4833 η

195 4886 311 4956 quid
325 4906 570 4971 messe,
608 4890 956 4969 ﬁrmissime
974 4890 1297 4953 credamus
1326 4907 1339 4953 :
1376 4910 1482 4972 per
1511 4901 1703 4953 tamen
1728 4894 1803 4951 si-
1888 4901 2002 4951 tam
2030 4899 2252 4962 esse,et
2269 4889 2511 4953 Eusebii
2531 4900 2589 4953 et
2610 4893 2670 4955 S.
2696 4889 3039 4971 Hieronymi
3062 4886 3403 4950 testimonio
3419 4906 3522 4949 no-

198 4974 289 5063 loul
310 4986 389 5037 est
404 4978 742 5057 jucundum
763 4988 941 5059 atque
964 4978 1543 5062 utile,apostolorum
1562 4998 1800 5062 quoque
1885 4980 2071 5041 vimus
2086 4979 2160 5041 η.
2179 4978 2344 5041 Hanc
2366 4989 2531 5043 certe
2548 4988 2862 5063 utramque
2884 4976 3207 5061 Epistolam
3230 4975 3518 5055 magnifa-

197 5061 479 5142 discipulos
495 5069 925 5149 auditoresque
942 5061 1280 5145 consulere,
1301 5070 1440 5151 quid
1460 5070 1545 5131 illi
1569 5061 1801 5133 scilicet
1882 5087 2018 5131 cere
2050 5087 2154 5148 par
2184 5076 2294 5137 est.
2330 5069 2421 5131 vel
2451 5068 2586 5132 ideo
2618 5061 2904 5151 quoniam
2933 5065 3008 5130 ad
3040 5074 3376 5149 utramque,
3400 5085 3512 5131 ceu

195 5170 221 5241 ει
242 5156 397 5218 tantis
426 5158 731 5236 magistris
750 5158 1113 5239 acceperint,
1136 5166 1235 5221 aut
1257 5166 1419 5222 certe
1445 5168 1661 5241 quanta
1682 5159 1799 5223 fide
1880 5159 1950 5220 ad
1984 5157 2403 5221 secundarium
2426 5158 2747 5237 quemdam
2769 5159 3019 5220 sincera
3040 5153 3181 5218 ﬁdei
3202 5173 3519 5233 canonem,

198 5239 477 5307 doctrinam
500 5257 813 5328 acceptam
831 5248 1142 5324 servarint,
1172 5248 1276 5328 qui
1308 5268 1423 5309 non
1455 5239 1797 5311 dubitavere
1872 5250 1994 5328 jam
2030 5256 2150 5309 tum
2174 5246 2315 5309 olim
2336 5247 2618 5311 adversus
2649 5247 2912 5310 haereses
2941 5245 3034 5309 sui
3064 5245 3268 5310 saeculi
3300 5265 3517 5329 provo-

198 5332 493 5410 sanguinem
532 5354 715 5402 suum
750 5336 1112 5418 profundere
1140 5337 1202 5400 in
1249 5337 1471 5402 Christi
1528 5338 1793 5401 testimo-
1878 5335 2099 5401 caverit
2118 5337 2532 5401 sanctissimus
2554 5344 2776 5416 martyr
2794 5337 3054 5400 tremens
3079 5335 3153 5401 η.
3181 5335 3246 5398 In
3265 5344 3518 5419 utraque

379 5523 640 5613 Petr_._iv,
667 5524 768 5589 15.
794 5604 821 5613 Δ
848 5524 888 5613 _8_
914 5524 1047 5613 Act.
1094 5538 1242 5613 xvu,
1284 5520 1388 5589 23.
1470 5521 1721 5613 ?Vinc_._
1739 5524 2041 5613 Lirinens.
2115 5520 2181 5613 f0
2206 5520 2393 5611 Epist,
2428 5539 2553 5613 xix.
2592 5522 2667 5590 ad
2696 5521 2862 5589 Hier.
2944 5519 2996 5570 “
3042 5525 3233 5610 Apoc.
3284 5537 3386 5607 vn,
3420 5524 3522 5593 15.

205 5593 243 5640 ²¹
265 5599 381 5669 Lib.
409 5619 470 5669 ut
489 5593 753 5689 Hister-4
783 5604 922 5673 mo.
954 5605 1029 5672 de
1050 5593 1342 5689 scriptor.
1373 5607 1584 5671 mles.
1668 5605 1723 5655 1³
1741 5606 1862 5674 Lib.

1905 5623 1989 5685 ιιι,
2022 5624 2078 5672 c.
2108 5608 2171 5671 3.
