4050 6232
482 228 575 331 5'1‘

1598 264 1698 328 AD
1741 224 2336 325 sf‘dL‘r'JMEifTEM‘
2354 238 2397 323 'I”
2422 236 2692 325 'PAP’AM

3777 244 3855 317 52

485 404 685 467 autem
709 400 811 464 illa
828 388 1479 482 publicandahactenus
1498 409 1651 462 tuam
1674 420 1910 481 operam
1934 403 2122 470 collo—
2142 404 2180 452 A
2209 394 2635 474 perant,plane
2663 388 3519 482 quemadmodum’Epistolam
3552 388 3711 482 illam
3742 388 3865 450 lau-

489 483 657 552 casti,
688 481 943 564 primum
978 481 1310 563 Polycarpi,
1345 500 1501 543 nunc
1533 489 1590 543 et
1620 483 1946 549 Clementis
1992 500 2132 549 san-

489 584 612 636 ctas
642 572 772 633 illas
802 571 1031 633 litteras
1071 571 1278 633 edens.

574 662 936 739 Neque'vero
953 660 1276 740 quidquam
1303 662 1474 723 video
1494 669 1707 745 causae,
1734 668 2133 747 cursuspice-

493 770 626 813 mur
655 749 799 813 alias
833 768 965 812 esse
1016 749 1147 810 illas
1188 759 1416 812 nostras
1456 750 1527 811 ab
1563 751 1633 811 iis
1665 771 1812 829 quas
1867 764 2023 817 tanto
2076 756 2134 816 in

493 842 682 921 pretio
717 838 910 918 prisca
950 837 1217 900 Ecclesia
1265 840 1494 901 habuit.
1528 842 1588 900 In
1642 842 1943 923 Polycarpi
1993 863 2133 905 sane

492 929 740 1012 epistola
771 927 1230 1009 deprehendere
1262 936 1351 990 est
1380 929 1566 1010 ipsam
1604 929 1763 991 illam
1801 933 1875 991 de
1907 932 2022 993 Deo
2076 941 2133 995 et

493 1019 741 1083 Domino
768 1024 969 1079 nostro
992 1018 1129 1079 Jesu
1155 1017 1389 1080 Christo
1409 1037 1610 1080 sanam
1640 1018 1994 1098 doctrinam,
2021 1042 2129 1083 cu-

484 1111 585 1189 jus
608 1108 853 1171 nomine
877 1107 1223 1169 rel‘ellendis
1248 1109 1339 1169 sui
1361 1108 1561 1170 saeculi
1580 1110 2131 1192 hiBPeSlbllS,i‘/.azvu)-

494 1200 659 1266 τάτην
692 1198 852 1259 illam
890 1198 1288 1278 pronuntiavit
1319 1199 1872 1280 commendavitque
1913 1204 1975 1264 S.
2004 1200 2133 1263 Ire-

494 1286 1189 1367 naeuszdeprehendere
1220 1295 1311 1350 est
1355 1289 1551 1350 locum
1600 1290 1894 1367 integrum
1950 1311 2130 1353 unum

492 1379 885 1456 alterumque,
923 1396 1096 1457 quem
1130 1377 1370 1440 adducit
1394 1377 1780 1459 Eusebius“,
1809 1390 1867 1441 et
1899 1390 2028 1459 post
2056 1381 2132 1442 il-

492 1468 616 1527 lum
650 1465 1022 1546 Nicephorus
1044 1467 1342 1539 Callistus,
1365 1477 1423 1529 et
1445 1468 1684 1548 quidem
1716 1470 1795 1531 ita
1825 1480 1886 1530 ut
1910 1469 2133 1550 liquido

496 1555 1019 1636 appareat,fraude
1038 1556 1199 1617 nulla
1221 1556 1476 1617 insertos
1497 1576 1658 1618 esse:
1684 1559 2137 1638 deprehendere

2218 484 2373 545 davit
2402 484 2462 545 S.
2494 483 2755 545 Irenaeus
2779 482 3009 556 43.0w:
3040 483 3321 546 Clemens
3351 480 3787 542 Alexandrinus
3807 490 3865 541 et

2219 574 2507 652 Origenes
2533 574 2589 623 l7
2616 593 2688 635 ex
2725 573 2825 635 illa
2858 573 3122 653 Epistola
3146 572 3473 652 proferunt,
3502 568 3696 630 verbis
3725 570 3867 631 toti—

2220 665 2353 727 dem
2388 664 2445 724 in
2475 676 2675 725 nostra
2702 665 3175 743 reperiuntur,et
3197 660 3436 741 quidem
3462 661 3537 720 ita
3560 666 3621 719 ut
3645 658 3724 718 ibi
3751 678 3861 719 na—

2218 762 2275 814 ta
2306 752 2547 828 dixeris,
2581 772 2698 814 non
2733 763 2924 813 autem
2961 750 3165 812 dolosa
3204 769 3377 810 manu
3404 747 3863 811 iuducta.Euse-

2220 841 2351 904 bius
2371 842 2423 883 ‘3
2453 862 2688 923 quoque
2721 839 3187 923 prodit,dissidio
3218 839 3369 919 apud
3394 837 3733 921 Corinthios
3756 857 3861 898 or-

2219 944 2301 1011 to,
2336 931 2615 1011 scriptam
2649 950 2681 992 a
2713 930 3019 993 Clemente
3050 938 3247 989 nostro
3273 926 3594 1007 Epistolam
3635 930 3707 991 ὼς
3752 930 3862 984 ἀπὸ

2213 1027 2309 1089 τῆς
2345 1013 2615 1095 Ῥωμαῖων
2673 1019 3018 1099 Ἐκκλησίας,
3052 1026 3147 1079 aut
3198 1027 3259 1078 ut
3288 1016 3427 1078 alibi
3478 1016 3757 1095 loquitur,
3796 1018 3859 1074 ἐκ

2214 1112 2497 1189 προσώπου
2526 1117 2624 1180 τῆς
2651 1102 2924 1185 ιῬωμαίων
2958 1101 3306 1180 Ἐκκλησίας,
3343 1124 3598 1183 eamque
3640 1105 3859 1166 dictio-

2218 1200 2309 1260 nis
2330 1200 2671 1261 charactere
2709 1208 2763 1261 et
2794 1197 3104 1260 sententiis
3133 1215 3265 1257 cum
3313 1194 3574 1276 Epistola
3602 1195 3671 1257 ad
3725 1193 3856 1257 He-

2218 1292 2408 1351 brmos
2442 1289 2764 1369 plurimum
2797 1289 3114 1352 convenire
3152 1304 3163 1348 :
3199 1305 3331 1367 quae
3378 1285 3575 1345 omnia
3626 1284 3723 1345 hic
3759 1286 3863 1345 lu-

2217 1378 2622 1439 culentissiuie
2653 1385 2964 1458 apparent.
2989 1375 3233 1448 Qualem
3266 1393 3402 1435 vero
3430 1373 3744 1453 epistolam
3782 1375 3862 1435 il—

2219 1468 2333 1529 lam
2365 1466 2683 1546 Eusebius,
2722 1466 2894 1526 talem
2931 1474 2989 1526 et
3017 1467 3081 1526 S.
3108 1462 3575 1545 Hieronymus19
3602 1482 3731 1524 eam
3757 1483 3867 1523 uo-

2222 1556 2312 1617 bis
2343 1556 2658 1636 descripsit
2690 1573 2702 1617 :
2731 1564 2793 1616 ut
2825 1555 3073 1635 proinde
3105 1561 3307 1613 nostra
3338 1554 3459 1614 ΙηΕο
3482 1553 3555 1613 ab
3586 1553 3682 1615 illa
3727 1572 3865 1632 quae

496 1654 585 1707 est
608 1664 677 1706 ex
699 1645 891 1725 prima
908 1645 1069 1707 Petri
1090 1646 1355 1727 Epistola
1377 1647 1731 1727 deprompta
1751 1648 1905 1709 haud
1928 1668 2132 1729 pauca,
2161 1655 2196 1703 Β
2220 1641 2581 1725 Hieronymo
2620 1644 2691 1705 ad
2725 1662 2959 1705 manum
2995 1641 3281 1724 fuit,nihil
3305 1640 3624 1704 abeat.Sed
3653 1651 3710 1702 et
3731 1661 3867 1722 qum

494 1753 625 1815 quze
644 1734 801 1795 idem
824 1735 1115 1797 Eusebius
1137 1745 1465 1797 notaverat:
1488 1737 1940 1817 deprehendere
1961 1738 2135 1799 deni-

498 1843 612 1903 que
643 1837 735 1886 est
765 1824 907 1885 illud
933 1844 1132 1900 omne,
1160 1825 1315 1906 quod
1341 1826 1608 1900 Photius,
1646 1828 2138 1890 accuratissimus

502 1913 788 1977 librorum
823 1933 1057 1988 censor,
1095 1915 1157 1977 in
1193 1916 1347 1977 lecta
1382 1916 1687 1997 Polycarpi
1722 1917 1969 1997 epistola
2001 1917 2135 1977 ani-

498 2004 1124 2079 madverterat,multis
1143 2007 1442 2067 nimirum
1466 2011 1745 2083 re/ei'tam
1764 2007 2136 2069 admonitio-

498 2093 701 2172 nibus,
765 2097 898 2167 μετὰ
976 2097 1264 2173 σαφηνείας
1332 2098 1417 2151 καὶ
1496 2096 1797 2162 ἁπλότητος
1857 2099 1991 2153 κατὰ
2048 2100 2138 2153 τὸν

504 2184 949 2250 ἑκκὶησιαστικὸν
1005 2189 1104 2250 τῆς
1164 2186 1444 2263 ἑρμηνείας
1500 2187 1688 2265 τύπον,
1740 2185 2022 2265 quodque
2078 2185 2138 2246 in

500 2291 571 2334 ea
603 2271 759 2333 dicat
788 2279 994 2331 auctor
1022 2290 1085 2333 se
1104 2273 1336 2353 Ignatz'i
1358 2274 1637 2351 epistolas
1670 2274 1748 2335 ad
1779 2275 2142 2354 Philippen-

495 2378 588 2423 ses
612 2366 1190 2442 misissemetereque
1211 2362 1285 2423 ab
1312 2364 1444 2423 illis
1465 2363 1706 2425 edoceri
1727 2369 1782 2425 si
1802 2365 1949 2443 quid
1971 2365 2043 2425 de
2072 2382 2139 2426 eo

496 2451 847 2514 inaudt'ant.
880 2450 1130 2527 Horum,
1164 2451 1431 2532 inquam,
1468 2453 1731 2512 omnium
1765 2453 2137 2514 desideratur

500 2541 674 2603 nihil.
709 2540 796 2604 Ad
830 2542 967 2622 hoc,
992 2540 1188 2622 ipsum
1209 2541 1489 2623 Epistolae
1507 2542 1813 2604 exordium
1850 2545 2130 2619 ostendit,

507 2630 785 2711 scriptam
818 2630 1002 2711 illam,
1036 2651 1151 2711 quo
1204 2641 1473 2713 tempore
1504 2650 1622 2697 non
1673 2635 1847 2694 unius
1885 2634 2135 2696 exsertis

503 2721 768 2800 episcopi
798 2720 859 2780 in
894 2739 1074 2783 manu
1097 2721 1379 2784 Ecclesiae
1411 2732 1536 2784 erat
1551 2723 2001 2798 administratio,
2029 2728 2132 2786 sed

501 2810 805 2872 communi
846 2810 1328 2890 presbyterorum
1380 2813 1631 2873 consilio
1686 2820 1743 2873 et
1787 2813 2136 2876 auctoritate

502 2898 705 2962 omnia
724 2908 1115 2977 regerentur:
1148 2901 1303 2981 quod
1326 2920 1441 2962 non
1469 2902 1568 2962 diu
1600 2910 1729 2981 post
1751 2903 2133 2983 l’olycarpum

2221 1734 2375 1796 idem
2408 1732 2870 1816 S.Hieronymus
2887 1731 2942 1775 ’0
2962 1733 3145 1794 semel
3175 1731 3510 1811 iterumque
3534 1750 3601 1792 ex
3631 1733 3871 1811 Epist0«

2220 1825 2275 1885 la
2299 1824 2396 1884 illa
2426 1824 2483 1883 in
2516 1822 2777 1884 medium
2810 1822 3164 1898 aﬂ‘ert,haud
3200 1822 3259 1882 in
3293 1830 3492 1882 nostra
3521 1821 3868 1882 desideran-

2220 1921 2319 1973 tur
2354 1929 2366 1973 :
2404 1912 2650 1991 perinde
2678 1922 2743 1974 ut
2771 1913 2870 1973 hic
2903 1912 3200 1992 reperitur
3227 1910 3400 1971 etiam
3440 1909 3540 1971 illa
3572 1910 3867 1989 phmnicis

2221 2003 2916 2079 commemoratio,quam
2938 2020 3005 2063 ex
3030 2000 3351 2063 Clementis
3377 2000 3624 2078 epistola
3651 1999 3871 2081 produ-

2221 2092 2300 2153 cit
2339 2091 2587 2171 Cyrillus
2639 2091 3216 2172 Hierosolymitanus
3237 2087 3313 2152 ει.
3347 2088 3521 2151 Omni
3575 2108 3642 2150 ex
3697 2098 3872 2169 parte

2222 2198 2455 2261 quoque
2474 2182 2811 2243 nostrahaec
2833 2181 3158 2261 respondet
3181 2181 3265 2242 illi
3287 2180 3669 2259 descriptioni
3689 2197 3871 2259 quam

2221 2269 2463 2331 Photius
2494 2271 2551 2330 in
2576 2270 2945 2333 Bibliotheca
2974 2271 3529 2348 habet,argumenlo
3561 2269 3873 2347 videlicet,

2222 2360 2482 2421 dictione
2514 2369 2576 2422 et
2605 2361 2872 2422 doctrina
2908 2361 2982 2421 de
3006 2361 3216 2420 mundi
3252 2369 3417 2420 trans
3451 2377 3754 2429 occasum,
3795 2359 3875 2418 de

2222 2450 2506 2513 thnice
2538 2458 2597 2512 et
2621 2451 2695 2511 de
2727 2450 2945 2513 Christi
2981 2449 3519 2529 persona.Tautum
3544 2449 3716 2509 deest
3738 2448 3871 2508 for-

2223 2538 2393 2601 tassis
2419 2539 2575 2620 quod
2608 2538 2669 2603 S.
2727 2540 2989 2602 Justinus
3022 2549 3241 2619 martyr
3259 2536 3333 2617 εἳ,
3364 2539 3484 2598 sive
3544 2537 3678 2617 quis
3713 2536 3871 2599 alius

2219 2640 2424 2691 auctor
2439 2631 2921 2709 Responsion.ad
2952 2630 3342 2692 orthodoxex
3378 2628 3747 2709 Epistolailla
3770 2646 3867 2689 re-

2222 2719 2638 2799 fert,quodque
2668 2738 2775 2781 ceu
2807 2719 3099 2781 Clementi
3123 2719 3343 2780 dictum
3377 2718 3573 2779 laudat
3603 2718 3861 2779 Basilius

2220 2809 2289 2869 ad
2313 2808 3052 2888 Amphilochium.Verum
3087 2827 3203 2869 non
3236 2816 3325 2869 est
3355 2806 3507 2887 quod
3542 2816 3867 2887 propterea

2222 2898 2466 2977 sequius
2497 2901 2890 2978 saepicemur,
2916 2916 3049 2959 cum
3070 2905 3322 2975 quatuor
3342 2896 3570 2975 integra
3590 2896 3726 2957 folia
3757 2916 3871 2957 ιιο⁴

506 2990 770 3052 mutavit.
798 2990 914 3052 Sed
939 2998 997 3053 et
1020 2990 1221 3052 videre
1238 3000 1327 3052 est
1350 2990 1623 3053 damnata
1646 2993 1857 3071 placita
1877 2995 2136 3057 Marcio-
2158 3026 2197 3075 ε
2224 2988 2315 3049 bis
2348 2988 2556 3048 deesse
2590 2996 2841 3051 testetur
2865 2988 2916 3050 is
2930 2988 3023 3048 cui
3051 2987 3371 3049 editionem
3400 2986 3647 3066 primam
3677 2985 3836 3047 debe
3855 3021 3870 3031 -

502 3078 597 3141 nis
644 3080 721 3141 de
767 3097 945 3141 carne
995 3088 1053 3142 et
1099 3080 1377 3160 passione
1428 3081 1667 3161 Christi,
1702 3086 2139 3145 resurrectione

504 3170 644 3234 item
678 3182 737 3230 et
762 3169 989 3249 judicio
1024 3176 1422 3245 mortuorum,
1448 3171 1729 3251 illamque
1751 3172 1899 3233 adeo
1925 3173 2140 3234 solem-

499 3277 636 3321 nem
671 3268 728 3319 et
759 3258 862 3319 uni
892 3259 978 3320 illi
1024 3261 1265 3341 martyri
1316 3262 1617 3340 propriam
1653 3262 2135 3343 detestationem,

503 3365 618 3429 qua
647 3347 882 3409 obviam
914 3350 1024 3409 sibi
1056 3347 1261 3411 Romae
1305 3351 1520 3410 factum
1566 3349 1926 3412 Marcionem
1961 3370 2138 3412 exce-

503 3438 665 3517 pisse
691 3435 1103 3518 Polycarpum,
1140 3440 1477 3519 πρωτοτόκου
1526 3438 1749 3499 scilicet
1781 3448 1871 3496 τοῦ
1903 3449 2133 3515 Σατανᾶ,

503 3536 793 3587 memorat
823 3529 1085 3589 Irenmus
1110 3527 1184 3587 1⁵.
1213 3527 1295 3588 Ex
1324 3528 1592 3602 adverso,
1630 3528 1848 3606 quibus
1878 3528 2135 3603 Flacius,

508 3632 771 3691 eumque
784 3615 975 3678 secuti
991 3616 1087 3676 alii
1097 3616 1358 3696 ,dubiam
1372 3616 1627 3679 reddere
1638 3618 1962 3698 Epistolam
1980 3620 2139 3681 illam

509 3712 836 3789 tentavere,
867 3706 1009 3768 talia
1038 3713 1175 3767 sunt
1220 3715 1283 3767 ut
1338 3707 1399 3767 in
1454 3708 1831 3789 commodum
1887 3711 2139 3789 συλλογι-

508 3788 644 3861 σμὸν
671 3784 900 3848 referre
930 3804 1209 3866 nequeas,
1244 3787 1513 3868 quamvis
1545 3789 1799 3850 coneris.
1836 3784 2142 3871 Simplici-

509 3883 602 3938 tas
637 3882 799 3937 certe
830 3875 1107 3937 dictionis
1138 3886 1196 3938 et
1223 3876 1624 3939 inelaboratus
1654 3896 1875 3953 sermo,
1902 3899 2037 3956 qua:
2058 3880 2141 3945 illi

504 3971 1107 4046 causantur,arguunt
1121 3966 1314 4047 potius
1334 3985 1366 4027 a
1380 3967 1729 4047 postolicam
1746 3977 1982 4030 aetatem
2001 3971 2146 4033 scri-

508 4055 987 4136 ptionemque,ut
1007 4075 1141 4132 quea
1165 4056 1269 4118 uni
1291 4057 1377 4118 illi
1400 4058 1732 4137 tempestati
1760 4067 1817 4120 et
1839 4060 1982 4119 solis
2003 4078 2142 4140 apo-

503 4145 693 4221 stolis,
730 4163 1057 4226 eorumque
1088 4146 1398 4227 discipulis
1427 4147 1749 4209 familiaria
1779 4149 2017 4210 fuerint.

586 4236 696 4296 Par
724 4235 874 4297 ratio
908 4243 997 4297 est
1026 4234 1409 4299 Clementiae:
1440 4236 1602 4297 illius
1625 4237 1901 4317 Epistolae
1924 4242 1995 4301 ad
2023 4241 2141 4301 Co—

503 4324 969 4407 rinthios,quam
995 4343 1063 4388 ex
1087 4327 1489 4388 vetustissimo
1514 4326 1916 4390 Alexandrino
1941 4329 2144 4391 codice
2172 4386 2211 4435 ο

506 4414 680 4476 nobis
696 4433 813 4476 non
836 4414 986 4476 adeo
1011 4415 1244 4495 pridem
1264 4416 1552 4478 Patricius
1576 4417 1784 4479 Junius
1804 4417 1890 4478 vir
1914 4420 2143 4491 clariss,

506 4505 1055 4586 cOmmnuicavit,et
1080 4513 1138 4566 tu
1164 4506 1341 4567 hodie
1366 4525 1437 4567 ex
1454 4505 1817 4567 Londinensi
1840 4508 2145 4588 eXprimis.

503 4593 693 4656 Etiam
719 4594 816 4656 hic
845 4594 1005 4655 enim
1032 4596 1296 4657 invenire
1321 4602 1431 4675 est,
1461 4614 1591 4674 qua:
1621 4615 1753 4656 cum
1778 4596 1851 4658 de
1885 4597 2003 4671 illa,
2027 4606 2149 4658 tum

2228 3096 2378 3156 mus,
2406 3077 2693 3139 Patricius
2713 3075 2927 3138 Junius
2962 3097 2975 3139 :
3012 3087 3071 3137 et
3100 3076 3351 3140 Basilius
3383 3075 3526 3150 (sive
3555 3075 3705 3136 alius
3729 3076 3875 3136 libri

2223 3168 2381 3229 illius
2404 3166 2679 3247 scriptor)
2727 3166 2828 3226 illa
2860 3185 2964 3227 sua
2996 3186 3063 3228 ex
3116 3168 3227 3229 hac
3276 3165 3535 3246 Epistola
3567 3167 3717 3227 forte
3748 3185 3878 3227 non

2226 3257 2603 3337 prompserit.
2638 3254 2793 3317 Nihil
2825 3273 2967 3316 sane.
3016 3274 3084 3317 ex
3141 3256 3304 3317 omni
3350 3254 3697 3334 antiquitate
3728 3273 3877 3334 pro-

2224 3346 2464 3409 duxeris
2486 3345 2559 3407 de
2592 3345 2912 3408 Clementis
2938 3346 3035 3405 illa
3066 3362 3346 3425 germana
3382 3345 3665 3425 Epistola,
3702 3345 3871 3425 quod

2224 3436 2433 3497 merito
2456 3454 2630 3515 quem
2665 3434 2875 3496 fecerit
2897 3435 2972 3497 de
3002 3444 3205 3497 nostra
3226 3434 3521 3495 dubitare.

2302 3523 2432 3587 Jam
2468 3543 2612 3586 vero
2636 3543 2766 3586 cum
2803 3542 2946 3586 cura
2980 3533 3236 3586 nostram
3271 3524 3421 3585 hanc
3451 3523 3669 3602 legenti
3716 3524 3874 3586 nihil

2224 3615 2483 3676 occurrit
2502 3614 2681 3676 fucati
2704 3622 2803 3675 aut
2834 3612 3069 3674 subdoli
3110 3634 3124 3688 ;
3157 3621 3213 3674 et
3244 3622 3443 3675 tamen
3470 3613 3667 3674 omnia
3697 3614 3868 3676 refe--

2226 3712 2362 3765 runt
2392 3704 2565 3784 plane
2590 3704 2911 3783 apostolica
2932 3703 3570 3782 tempora,charactere
3602 3702 3875 3765 scriben-

2226 3794 2308 3867 di,
2346 3802 2402 3855 et
2423 3793 2692 3855 doctrina
2722 3793 2869 3873 ipsa.
2928 3791 3095 3864 Quod
3146 3794 3313 3853 ﬁrmo
3352 3800 3440 3853 est
3491 3801 3875 3870 argumento,

2228 3884 2432 3945 saltem
2459 3901 2528 3944 ex
2556 3883 2655 3943 illo
2685 3902 2804 3944 {evo
2837 3883 2908 3943 ad
2938 3901 3046 3944 nos
3092 3881 3412 3962 Epistolam
3448 3881 3606 3943 illam
3670 3901 3886 3961 perve-

2230 3971 2528 4051 nisse,etsi
2556 3972 2631 4034 de
2678 3982 2913 4034 auctore
2947 3971 3097 4033 forte
3128 3990 3243 4032 non
3291 3978 3608 4032 constaret.
3665 3970 3887 4034 Sermo

2225 4080 2368 4123 sane
2404 4062 2450 4122 is
2481 4072 2590 4134 est,
2625 4062 2859 4141 qualem
2885 4080 3151 4122 summus
3175 4060 3416 4123 criticus
3442 4060 3690 4121 Photius
3715 4062 3850 4138 judi

2227 4151 2404 4231 cavit,
2489 4151 2685 4215 ἁπλοῦς
2777 4154 2909 4209 κατὰ
2982 4152 3081 4217 τὴν
3139 4154 3323 4230 φράσιν
3395 4152 3482 4205 καὶ
3533 4151 3728 4228 σαφὴς,
3788 4154 3887 4207 καὶ

2228 4242 2383 4319 ἐγγὺς
2446 4249 2536 4298 τοῦ
2567 4241 3006 4307 ἐκκλησιαστικοῦ
3042 4246 3381 4319 χχρακτὲλρος
3411 4257 3430 4315 ;
3483 4247 3642 4298 ex”?!
3674 4248 3882 4299 amem

2232 4331 2483 4411 primum
2511 4330 2654 4392 illud
2688 4330 2967 4391 Ecclesiae
2987 4345 3173 4389 (avum
3201 4330 3416 4389 frustra
3440 4328 3684 4388 formam
3709 4327 3880 4388 illam

2233 4420 2534 4481 scribendi
2574 4420 2905 4500 quaesieris.
2942 4420 3039 4482 Sic
3073 4419 3227 4498 quod
3290 4418 3538 4497 epistola
3590 4419 3887 4479 Romanae

2233 4509 2535 4581 Ecclesia),
2566 4528 2685 4569 non
2717 4527 2854 4569 vero
2888 4508 3149 4588 episcopi
3186 4517 3242 4567 et
3268 4507 3743 4586 presbyterorum
3775 4517 3887 4565 aut

2235 4600 2499 4681 episcopi
2534 4601 2714 4661 solius
2761 4599 3001 4660 nomine
3033 4608 3263 4659 exarata
3327 4610 3434 4673 est,
3499 4598 3669 4658 alteri
3720 4598 3892 4658 mtati

507 4705 578 4748 ex
613 4686 715 4747 illa
744 4694 976 4749 veteres
1019 4705 1227 4749 omnes
1286 4686 1697 4767 prodiderunt.
1753 4688 2151 4751 Observanius
2237 4709 2408 4770 quam
2439 4689 2545 4750 soli
2579 4689 2918 4767 apostolicae
2944 4708 3057 4749 non
3092 4689 3389 4749 convenit:
3429 4688 3703 4768 paulatim
3740 4706 3890 4747 cre-

504 4794 649 4839 sane
674 4782 735 4839 et
758 4778 941 4833 στάσιν
973 4779 1066 4834 οὒκ
1098 4779 1287 4855 ὀλίγην
1318 4776 1590 4840 Corinthi
1624 4785 1813 4839 ortam
1851 4778 2008 4839 inter
2037 4778 2143 4838 fra-

505 4874 650 4947 tres,
688 4884 1069 4947 progressum
1104 4865 1388 4926 nimirum
1429 4867 1500 4927 ad
1534 4866 1647 4926 vim
1683 4866 2149 4944 et'bellum,sive

503 4953 739 5019 duella:
767 4954 1116 5017 etBomanaa
1136 4953 1564 5029 Ecclesizemon
1596 4964 1789 5015 autem
1818 4958 1993 5016 unius
2018 4956 2146 5018 Cle-

505 5044 725 5105 mentis
748 5047 989 5107 nomine
1014 5052 1282 5106 exaratas
1304 5042 1529 5105 litteras
1559 5064 1574 5120 ;
1603 5063 1819 5127 easque
1840 5045 1911 5105 ad
1938 5063 2140 5125 pacem

505 5140 567 5193 et
587 5132 966 5197 concordiam
991 5133 1326 5199 Corinthios
1348 5134 1675 5210 ﬂectentes,
1712 5144 2139 5197 memorantes-

503 5239 620 5303 que
639 5240 844 5285 eorum
865 5224 1041 5289 ﬁdem
1054 5275 1069 5302 ,
1090 5242 1264 5308 quam
1277 5231 1557 5286 recenter
1572 5223 1647 5286 ab
1663 5224 1943 5305 apostolis
1961 5243 2138 5287 acce-

571 5426 625 5470 “
655 5427 785 5492 Lib.
816 5445 882 5491 ιιι
911 5431 1093 5505 Hist,
1122 5450 1176 5497 c.
1211 5431 1310 5505 36;
1346 5431 1385 5492 l.
1417 5447 1499 5507 IV,
1534 5448 1586 5492 c.
1622 5429 1715 5493 14.

493 5509 859 5656 Πωχῶν.
946 5508 999 5553 ¹⁸
1028 5510 1156 5577 Lib.
1201 5529 1263 5576 ut
1294 5511 1454 5574 Hist.
1489 5529 1548 5604 ο..
1596 5508 1669 5569 η
1723 5518 1783 5571 et
1839 5506 1936 5599 32.

525 5586 548 5632 ¹
732 5592 793 5657 h.
818 5593 917 5655 18.
999 5588 1067 5635 ²²
1080 5592 1268 5674 Resp.
1301 5593 1380 5657 74
1409 5591 1615 5674 Banl.,
1658 5608 1714 5655 c.
1745 5591 1846 5654 29.

1803 5427 1856 5471 ¹⁵
1890 5431 2025 5492 Loc.
2080 5430 2236 5492 citat.

2233 4788 2435 4841 scente
2466 4780 2815 4840 auctoritate
2861 4780 3114 4858 primum
3163 4778 3396 4857 collegii
3432 4777 3890 4856 presbyteralis,

2230 4870 2370 4930 inde
2406 4869 2577 4930 unius
2602 4872 2885 4948 episcopi,
2920 4878 2975 4928 et.
2999 4868 3219 4927 sensim
3255 4887 3286 4927 a
3321 4867 3623 4928 curatione
3676 4884 3895 4925 sacra-

2232 4975 2360 5018 rum
2399 4975 2597 5018 rerum
2648 4966 2874 5019 remoto
2914 4960 3148 5036 populo.
3189 4955 3454 5036 Sequens
3480 4956 3653 5017 etiam
3690 4973 3893 5015 aevum

2230 5046 2401 5125 longe
2433 5047 2603 5107 aliter
2626 5046 2699 5107 de
2735 5063 2988 5125 persona
3022 5044 3238 5107 Christi
3276 5049 3531 5106 locutum
3569 5054 3655 5104 est
3688 5064 3699 5104 :
3736 5062 3889 5103 cum

2228 5136 2321 5197 hic
2350 5155 2463 5196 non
2498 5136 2621 5197 fere
2653 5140 2763 5196 alia
2786 5134 3258 5216 reperias,quam
3297 5134 3394 5195 illa
3413 5134 3629 5214 quibus
3660 5132 3894 5194 S.Pau-

2226 5227 2316 5287 lus
2346 5233 2431 5287 est
2456 5223 2844 5286 usus.Videre
2870 5224 3047 5287 etiam
3078 5225 3171 5286 hic
3203 5234 3284 5285 est
3312 5225 3370 5285 in
3406 5223 3616 5285 ordine
3646 5223 3891 5283 liierar-

2326 5429 2377 5474 ίθ
2401 5430 2533 5495 Lib.
2579 5447 2667 5511 ιιι,
2728 5449 2779 5491 c.
2849 5430 2943 5494 l3.
3028 5428 3079 5472 ¹τ
3106 5428 3247 5511 Lib.
3298 5446 3355 5491 ιν
3405 5428 3803 5511 δῑνοιηςμιίι).
3848 5445 3901 5491 ιι

2028 5506 2078 5553 ¹⁹
2124 5510 2216 5575 De
2253 5514 2531 5594 scriptor.
2620 5506 2677 5562 20
2737 5512 2802 5574 In
2849 5529 2981 5595 cap.
3034 5527 3113 5585 ιιι
3142 5510 3279 5574 Isai.
3315 5517 3374 5573 et
3401 5528 3532 5591 cap.
3568 5527 3621 5573 ιγ
3658 5508 3905 5592 Ephes.
