4050 6232
208 226 279 290 53
1415 223 1784 289 PROtEMIA

1932 224 2256 290 RIORUM.
3452 226 3531 294 δι

201 364 351 425 chico
378 365 660 425 numerari
693 381 815 425 non
862 364 1009 426 alios
1028 382 1205 446 quam
1236 363 1549 443 episcopos
1578 370 1636 424 et
1665 360 1797 424 dia-
1819 368 1860 419 Α
1887 369 2086 423 mento
2117 362 2535 444 deprehendas
2564 363 2724 444 quod
2754 363 3001 428 Pbotius
3030 362 3271 441 notavit,
3306 379 3523 444 nempe

196 471 372 531 conos,
405 453 658 532 episcopi
692 454 935 515 nomine
964 472 1174 515 omnes
1213 452 1594 534 presbyteros
1620 469 1789 513 com-

1915 453 2139 509 buesvtav
2169 456 2256 509 καὶ
2288 455 2587 529 παραίνεσιν
2620 454 2915 525 κρείττονος
2947 456 3083 531 βίου,
3121 457 3205 511 καὶ
3264 454 3316 510 ἂν
3368 455 3514 535 ἀρχῆ

190 540 553 617 prehendente
587 561 600 601 :
629 560 807 604 secus
837 560 1009 623 quam
1041 541 1195 604 infra
1224 542 1547 623 apostolica
1577 550 1634 602 et
1654 560 1789 622 apo-

1919 564 1933 596 )
1963 543 2213 619 κήρυγμα
2240 552 2465 622 Χριστοῦ
2515 554 2606 604 τοῦ
2657 553 2808 602 Θεοῦ.
2845 542 3068 618 Solam,
3103 542 3405 618 nimirum,
3441 542 3518 603 il-

188 630 384 692 stolicis
413 630 691 693 viciniora
719 640 983 711 tempora
1004 632 1283 695 obtinuit.
1320 633 1466 693 Huic
1498 632 1599 693 uni
1634 631 1788 692 aitati
1872 627 1987 688 lam
2043 630 2293 709 primam
2347 652 2478 694 cum
2539 633 2704 695 omni
2763 632 3115 714 antiquitate
3172 648 3518 713 germanam

184 720 339 780 etiam
365 739 617 799 congrua
647 729 736 783 est
761 720 1186 783 sacrificiorum
1208 721 1531 783 celebratio
1555 721 1615 781 in
1641 719 1787 781 Hie-
1874 736 2129 793 agnosco
2170 741 2184 780 :
2218 722 2463 783 alteram
2500 742 2617 784 non
2669 722 2836 805 item,
2872 724 2984 785 etsi
3044 725 3121 784 sit
3177 730 3426 795 vetusta,
3461 727 3522 783 et

179 809 567 889 rosolymitano
601 811 1023 891 templo,cujus
1056 812 1180 872 haec
1210 810 1475 890 Epistola
1499 809 1783 871 meminit.
1875 806 2049 885 longe
2078 809 2341 871 melioris
2372 824 2552 892 notua,
2580 824 2758 893 atque
2810 821 2945 876 sunt
2998 813 3115 875 illae
3157 832 3289 893 quae
3341 810 3519 890 vulgo

180 898 347 960 liulta
369 898 477 961 alia
509 918 628 961 non
660 899 955 962 simulata:
977 901 1288 963 vetustatis
1313 899 1534 961 indicia
1550 916 1791 977 conges—
1875 896 2032 973 apud
2068 898 2308 961 Latinos
2340 900 2662 965 Clementis
2714 904 2961 966 nomine
2990 903 3513 965 circumferuntur.

182 985 248 1046 sit
273 989 426 1067 Hugo
456 988 715 1061 Grotius,
751 988 839 1050 vir
868 1006 1155 1069 summus,
1180 989 1431 1069 epistola
1451 988 1701 1069 quadam
1717 989 1791 1050 ad
1876 984 1945 1046 Et
1974 1004 2113 1049 vero
2137 990 2372 1051 nonnisi
2394 992 2631 1053 unicam
2664 1011 2699 1054 a
2726 992 3037 1055 Clemente
3057 990 3365 1073 epistolam
3386 1008 3518 1070 pro-

184 1075 571 1159 Hieronymum
605 1078 989 1157 Bignonium,
1014 1097 1146 1159 quas
1178 1079 1238 1140 in
1283 1078 1438 1141 libro
1459 1078 1788 1159 Epistolar.
1876 1072 2089 1137 {eciam
2123 1095 2278 1154 esse,
2309 1080 2542 1159 reliqua
2572 1099 2710 1144 vero
2743 1081 2966 1157 omnia,
3000 1072 3134 1160 quae
3182 1081 3306 1143 sive
3358 1078 3516 1142 Con—

179 1166 249 1227 ad
275 1166 471 1230 Gallos
516 1176 606 1230 est
635 1184 768 1231 CLIV
802 1189 815 1228 :
854 1186 985 1249 quae
1030 1186 1149 1229 non
1193 1187 1431 1249 possum
1478 1186 1595 1228 non
1650 1186 1791 1247 pro-
1874 1164 2243 1229 stitutionum
2300 1168 2782 1249 apostolicarum.
2829 1172 2949 1233 sive
2996 1168 3516 1249 Recognitionum,

178 1251 306 1315 bare
337 1275 353 1317 :
385 1254 485 1317 nisi
510 1255 567 1316 in
595 1275 668 1318 eo
710 1258 991 1319 erraverit
1020 1255 1122 1317 ille
1154 1260 1182 1313 ὸ
1230 1258 1387 1329 πάνυ,
1423 1256 1583 1333 quod
1615 1266 1790 1333 neget
1874 1253 1996 1314 sive
2028 1257 2411 1335 epistolarum
2468 1262 2710 1324 nomine
2739 1262 2999 1337 veniunt,
3038 1261 3277 1324 mentiri
3307 1267 3515 1323 aucto-

174 1343 513 1406 Clementem
532 1345 848 1427 aliquidex
868 1345 1368 1427 Evangeliis,quse
1388 1344 1786 1426 appellamus,
1871 1360 2021 1417 rem,
2060 1345 2147 1407 vel
2176 1346 2319 1409 illud
2351 1368 2534 1411 unum
2579 1367 2685 1430 pro
2709 1351 3046 1414 sufﬁciente
3078 1359 3168 1413 est
3197 1368 3518 1429 argumen-

173 1432 484 1509 adduxisse,
513 1455 649 1497 cum
680 1445 879 1497 tamen
909 1452 985 1499 ex
1033 1434 1097 1499 S.
1148 1437 1323 1498 Lucas
1353 1454 1485 1516 cap.
1518 1452 1577 1497 v1
1604 1434 1790 1497 verba
1874 1438 1955 1507 to,
1989 1434 2144 1513 quod
2180 1438 2243 1497 S.
2276 1436 2541 1501 Irenaeus
2583 1440 2823 1502 nonnisi
2855 1440 3091 1503 unicam
3121 1439 3281 1502 illam
3320 1437 3520 1501 laudet

173 1523 394 1584 Domini
437 1523 626 1585 nostri
680 1524 801 1585 sint
847 1524 1121 1604 repetita.
1156 1523 1307 1587 Satis
1336 1542 1479 1587 vero
1511 1523 1599 1586 vel
1626 1524 1728 1586 illa
1757 1543 1791 1586 a
1871 1521 1933 1583 in
1962 1522 2223 1587 veritatis
2255 1528 2567 1591 cathollcaa
2597 1530 3027 1606 testimonium,
3074 1530 3217 1592 dum
3248 1529 3517 1591 studiose

174 1611 325 1673 nobis
347 1613 518 1675 allata
531 1621 671 1676 sunt
702 1613 868 1695 paria
887 1613 1254 1676 vindicandae
1278 1632 1401 1676 sua:
1422 1612 1688 1691 dignitati
1706 1613 1792 1675 illi
1873 1622 2171 1691 oppugnat
2193 1615 2911 1699 baereses,episcoporum
2937 1619 3342 1682 Romanorum
3367 1637 3517 1681 con-

175 1709 372 1764 nostrae
401 1703 662 1784 epistolae
695 1724 708 1766 :
743 1721 933 1784 eoque
965 1701 1113 1764 nihil
1141 1703 1351 1766 attinet
1381 1703 1545 1784 plura
1569 1702 1629 1764 in
1652 1721 1789 1764 con-
1814 1737 1851 1787 Β
1874 1719 2076 1766 sensu.
2106 1704 2229 1765 Imo
2263 1707 2408 1767 tanti
2438 1715 2527 1770 est
2556 1708 2790 1770 roboris
2820 1708 2923 1771 illa
2952 1709 3161 1771 Irenmi
3202 1727 3517 1771 commen-

175 1790 547 1853 ﬁrmationem
578 1812 740 1855 nunc
772 1790 1204 1873 prodocere.Et
1234 1790 1498 1853 sanetibi
1520 1791 1786 1873 quidem,
1873 1790 2053 1873 datio,
2087 1802 2150 1854 ut
2182 1812 2286 1874 par
2335 1797 2409 1857 sit
2452 1797 2822 1875 reliquorum
2872 1798 3049 1860 etiam
3099 1797 3516 1878 episcoporum

176 1880 244 1940 mi
274 1881 534 1963 Madeve,
559 1882 815 1945 fortasse
839 1881 981 1943 satis
1012 1891 1100 1943 est
1130 1880 1214 1957 id,
1250 1880 1404 1962 quod
1430 1881 1670 1943 nemine
1688 1881 1789 1943 ad-
1872 1880 2282 1945 Romanorum
2318 1885 2449 1965 ejus
2468 1885 2574 1948 aevi
2598 1886 2887 1968 epistolis,
2908 1906 3052 1969 quas
3071 1885 3334 1949 Isidorus
3356 1889 3516 1949 Mer-

174 1981 417 2033 rersante
446 1990 658 2033 omnes
688 1970 955 2051 omnino,
977 1988 1161 2053 penes
1189 1988 1337 2052 quos
1361 1969 1539 2032 hodie
1570 1970 1790 2033 critica)
1873 1978 2037 2032 cator
2067 1972 2272 2046 edidit,
2327 1975 2460 2037 falsi
2499 1976 2958 2041 convencendis.
2986 1976 3156 2051 Quod
3179 1976 3346 2039 ulcus
3377 1985 3513 2039 tan-

175 2076 398 2137 regnum
431 2069 545 2142 est,
576 2059 900 2142 Epistolam
935 2061 1088 2122 hanc
1118 2068 1180 2122 ut
1201 2078 1542 2139 germanam
1567 2058 1788 2121 admit-
1871 2076 2015 2135 gere
2046 2076 2162 2120 non
2195 2068 2285 2123 est
2315 2063 2493 2143 hujus
2516 2064 2790 2125 instituti.

177 2157 295 2209 tant.
326 2148 543 2221 Quidni
568 2152 728 2213 enim
769 2157 889 2211 tuto
915 2149 1184 2230 sequaris
1214 2150 1324 2210 hac
1347 2148 1406 2209 in
1437 2165 1502 2210 re
1524 2146 1781 2225 Grotios,
1882 2166 1887 2171 '
1952 2150 2027 2212 Ut
2072 2150 2314 2213 redeam
2349 2153 2523 2231 igitur
2566 2153 2639 2215 ad
2669 2154 2937 2234 epistolae
2987 2155 3166 2233 hujus
3214 2171 3364 2217 mea
3392 2155 3515 2217 ini-

175 2238 482 2306 Salmasios.
523 2239 798 2312 Calixtos,
848 2238 1165 2313 Horneios,
1213 2237 1479 2311 Vossios,
1516 2237 1781 2317 Rivetos,
1872 2236 2014 2298 tium
2046 2238 2405 2303 laudabilem
2459 2243 2723 2322 profecto
2778 2262 3022 2325 operam
3082 2250 3326 2325 praestas
3355 2242 3512 2307 bono

180 2327 507 2401 Blondellos,
536 2328 846 2404 Seldenos,
876 2328 1166 2402 Petavios,
1193 2326 1505 2398 Patricios,
1520 2325 1787 2407 aliosque
1873 2326 2132 2406 publico,
2166 2329 2257 2392 vir
2275 2330 2649 2407 doctissime,
2677 2351 2859 2397 aurea
2910 2333 3012 2397 illa
3058 2333 3367 2415 primitivm
3392 2335 3511 2397 Ec-

177 2435 419 2480 censores
442 2417 739 2481 librorum
770 2415 1209 2481 exactissimos?
1228 2415 1560 2478 Praesertim
1586 2415 1637 2477 si
1672 2434 1783 2477 ne-
1870 2417 2067 2480 clesisa
2098 2431 2509 2497 monumenta,
2541 2421 2769 2485 rariora
2794 2423 3037 2487 inventu
3079 2424 3249 2486 hisce
3277 2425 3340 2485 in
3391 2424 3514 2487 oris

181 2525 257 2567 mo
281 2508 503 2570 doctior
520 2507 936 2583 dissentiat,ut
962 2506 1060 2568 hic
1081 2504 1549 2585 dissentit,quod
1572 2504 1783 2581 sciam,
1872 2514 1929 2566 et
1961 2506 2166 2586 paucis
2198 2508 2371 2590 lecta,
2409 2511 2631 2575 nostris
2658 2513 2805 2593 typis
2838 2512 3170 2591 publicans.
3215 2514 3347 2576 Non
3370 2531 3514 2594 pos-

186 2613 348 2659 uemo,
1872 2612 1999 2655 sum
2022 2614 2165 2658 sane
2197 2616 2304 2673 ego
2332 2619 2452 2661 non
2483 2599 2590 2663 tibi
2616 2610 2821 2663 auctor
2840 2620 2996 2683 esse,
3028 2602 3089 2665 in
3109 2602 3212 2664 illo
3241 2602 3515 2665 instituto

256 2686 456 2766 Loquor
483 2705 661 2761 vero,
694 2688 774 2748 uti
809 2685 1281 2759 novisti,tantum
1306 2685 1381 2746 de
1402 2684 1665 2765 Epistola
1688 2683 1789 2745 illa
1872 2692 2111 2747 strenue
2141 2688 2451 2767 pergendi.
2485 2689 2795 2769 Ejusmodi
2827 2691 3030 2771 utique
3058 2692 3276 2773 scripta
3306 2692 3511 2756 volve-

189 2775 456 2848 prolixiore
486 2776 566 2837 ad
603 2776 964 2850 Corinthios,
1002 2793 1121 2836 non
1142 2775 1216 2836 de
1238 2774 1419 2838 altera
1450 2773 1586 2854 ista,
1621 2773 1789 2853 cujus
1872 2792 1960 2849 re,
1997 2774 2169 2854 longe
2224 2777 2617 2854 praestabilius
2646 2778 2966 2861 utiliusque
3005 2788 3119 2862 est,
3143 2800 3315 2862 quam
3348 2783 3514 2845 rixo-

181 2864 763 2953 fragmentumitidem
790 2864 1107 2945 publicavit
1129 2864 1411 2927 Patricius
1432 2863 1776 2953 illeiunius.
1802 2903 1841 2952 ρ
1872 2862 1974 2936 sis,
2011 2863 2129 2924 imo
2179 2866 2630 2929 contumeliosis
2674 2867 2895 2931 libellis
2953 2868 3221 2949 legendis
3280 2879 3515 2953 tempus

178 2950 479 3035 Quanquam
498 2963 563 3015 et
585 2955 746 3016 hanc
767 2953 1101 3015 existimem
1126 2972 1260 3016 esse
1276 2953 1440 3016 illam
1466 2952 1672 3015 Photio
1692 2954 1783 3015 Ie-
1814 2950 1839 2952 7
1867 2955 2296 3033 terere,quales
2318 2956 2443 3018 haec
2466 2965 2665 3018 nostra
2684 2966 2823 3020 aetas
2842 2966 3066 3021 mterna
3099 2978 3235 3023 cum
3264 2950 3508 3025 infamia

175 3045 433 3117 ctam,imo
456 3044 631 3106 illam
666 3043 838 3123 cujus
853 3042 1659 3123 Eusebius,Hieronymus,et
1678 3042 1775 3102 alii
1863 3041 1986 3103 edit
2019 3044 2234 3123 passim
2269 3044 2587 3123 plurimos.

176 3133 639 3215 meminerunt,ut
666 3130 958 3194 Clementi
988 3132 1229 3209 quidem
1262 3132 1487 3195 auctori
1524 3130 1775 3211 tributae,
1945 3132 2108 3213 Vale,
2154 3132 2235 3192 mi
2262 3133 2526 3216 Madere,
2554 3141 2616 3199 et
2649 3135 2809 3198 salve
2856 3138 3201 3217 plurimum.
3234 3139 3513 3204 Helmes-

176 3221 251 3284 sed
305 3241 640 3304 perperam.
692 3219 909 3303 Utique
967 3221 1125 3285 enim
1184 3222 1245 3283 in
1291 3222 1405 3284 hoc
1460 3221 1588 3301 ipso
1618 3222 1777 3299 frag-
1864 3220 2003 3283 tadii
2033 3222 2097 3283 in
2129 3221 2313 3284 Acad.
2344 3223 2503 3287 Julia
2531 3225 2712 3305 1654,
2746 3242 2806 3289 v1
2835 3224 2967 3289 Kal.
2998 3227 3317 3293 Decembr.

603 3614 1477 3764 JOACHIMI,
1540 3610 2275 3740 JOANNIS
2373 3612 3037 3746 MADERI

1010 3874 1165 3966 AD
1246 3868 1914 3965 LECTOREM
2008 3868 2701 3971 PRKEFATIO.

236 4095 485 4181 Properat
513 4106 588 4168 ad
625 4106 937 4180 te,Lector
968 4104 1281 4175 benevole,
1305 4103 1431 4167 haec
1453 4104 1779 4167 Clementis
1860 4102 2078 4166 nebula
2110 4122 2303 4185 nuper
2338 4106 2625 4171 voluisset
2654 4106 2981 4186 obducere,
3016 4116 3076 4171 et
3101 4108 3278 4190 hujus
3306 4108 3516 4192 scripti

182 4186 231 4280 11d
251 4192 570 4258 Corinthios
596 4196 860 4278 epistola
879 4198 1181 4263 ἱκανωτάτη
1211 4198 1297 4252 καὶ
1316 4199 1446 4270 θκυμ
1458 4194 1780 4273 ασία,]ι]Χῐ8

1907 4194 2186 4260 νησιότητῖι
2220 4201 2444 4259 temere
2477 4197 2656 4259 nimis
2713 4206 2888 4280 atque
2922 4186 3364 4261 inconsiderate
3397 4186 3506 4261 nve-

182 4270 409 4344 lnnzeum
442 4296 499 4347 et
520 4270 882 4359 Eusebium,
910 4284 1108 4346 multis
1123 4286 1244 4363 jam
1276 4282 1507 4344 saaculis
1538 4270 1778 4344 deside-
1806 4299 2027 4362 Dgare.
2062 4281 2218 4345 Sane
2242 4285 2300 4345 in
2333 4287 2668 4349 verminoso
2703 4270 2856 4350 libro
2887 4306 2993 4351 suo
3026 4307 3203 4370 quem
3235 4289 3504 4370 interim,

188 4370 433 4459 rata.Luci
456 4376 617 4438 illam
652 4393 781 4436 non
810 4380 886 4437 ita
919 4373 1145 4452 pridem
1178 4372 1669 4435 donavitrursum
1698 4374 1782 4433 vir
1865 4370 2004 4431 dum
2039 4371 2112 4433 de
2143 4372 2251 4434 hac
2287 4374 2547 4439 editione
2578 4376 2795 4457 cogito,
2826 4377 2888 4439 in
2920 4379 3126 4459 vulgus
3157 4380 3505 4453 emisit,tam

187 4454 493 4525 clarissimus
556 4461 863 4527 Patricius
909 4461 1141 4533 Junius,
1209 4460 1601 4534 serenissimi,
1664 4461 1777 4522 heu
1864 4460 2145 4522 audacter
2174 4462 2387 4525 famam
2435 4465 2562 4545 ejus
2585 4454 2830 4543 orrodit,
2866 4454 3229 4531 utne'tineis
3263 4467 3504 4549 quidem

188 4549 446 4619 quondam!
482 4553 933 4617 Britanniarum
966 4552 1126 4631 regis
1154 4550 1660 4625 bibliothecarius,
1688 4552 1778 4611 cui
1862 4549 2255 4630 trucibusque
2286 4552 2505 4629 blattis,
2541 4575 2672 4637 quae
2723 4558 3006 4619 damnum
3054 4559 3163 4639 ipsi
3216 4558 3341 4637 jam
3370 4564 3508 4619 ante

188 4645 445 4715 propterea
476 4644 778 4705 maximas
802 4649 963 4703 certe
986 4642 1197 4719 gratias
1219 4639 1781 4711 debemusQuantae
1863 4656 2161 4701 summum
2195 4642 2938 4719 intulerant,mordacitate
2964 4644 3289 4711 cedat.Nec
3311 4653 3509 4708 tamen

186 4739 288 4785 vero
311 4732 454 4808 apud
485 4742 735 4796 veteres
767 4731 941 4793 fuerit
975 4731 1358 4807 auctoritatis,
1396 4740 1477 4792 tot
1510 4729 1614 4791 tibi
1641 4731 1776 4793 illo~
1860 4727 2048 4789 virum
2084 4728 2262 4790 istum
2286 4732 2432 4795 alias
2464 4735 2867 4817 magnum,vel
2898 4736 3050 4798 hanc
3076 4734 3509 4816 epistolam,vel

185 4828 304 4891 mm,
329 4835 464 4897 quos
507 4822 811 4900 deinceps
850 4820 1220 4889 exhibemus.
1254 4828 1583 4899 suggerunt
1607 4820 1775 4881 testi-
1863 4818 1991 4879 loca
2020 4827 2325 4881 auctorum
2356 4840 2389 4883 a
2418 4822 2629 4904 quibus
2678 4824 3014 4887 testimonia
3044 4823 3247 4904 sumit,
3281 4829 3506 4886 attente

185 4906 357 4986 monia;
391 4930 515 4991 quae
544 4931 665 4973 una
698 4930 841 4973 cum
873 4910 1004 4972 aliis
1035 4910 1777 4991 propheticisapostolicis-
1862 4926 2122 4988 unquam
2149 4928 2288 4972 reor
2308 4910 2525 4991 legisse
2560 4922 2617 4974 et
2642 4913 2827 4994 probe
2858 4912 3250 4989 examinasse,
3284 4911 3391 4975 sed
3418 4911 3507 4975 fu—

184 5009 271 5068 que
289 4999 503 5081 scriptis
526 5002 646 5081 legi
670 5001 820 5063 olim
853 5000 915 5061 in
945 5000 1293 5082 quibusdam
1327 4999 1610 5061 Ecclesiis
1634 5000 1778 5062 soli-
1862 5016 1995 5058 cum
2035 5000 2227 5078 potius
2255 5001 2717 5081 simplicioribus
2775 5021 2981 5085 parum
3038 5001 3111 5065 ab
3159 5000 3510 5082 antiquitate

188 5086 461 5157 tam,tidem
485 5093 739 5172 faciunt,
768 5089 1098 5171 itidemque
1126 5090 1201 5152 de
1232 5108 1404 5152 causa
1438 5090 1780 5169 scriptionis
1862 5086 2168 5149 instructis
2196 5088 2393 5151 facere
2425 5091 2704 5158 voluisse.
2741 5095 2816 5157 Ut
2846 5096 3009 5156 enim
3043 5090 3281 5153 silentio
3311 5088 3507 5152 invol-

187 5184 229 5230 et
244 5176 353 5254 styli
371 5198 583 5257 genere
604 5192 663 5244 te
689 5179 1013 5243 certiorem
1038 5179 1450 5243 reddunt.Non
1467 5197 1605 5258 ergo
1629 5188 1777 5259 erat,
1862 5195 1991 5238 vam
2025 5177 2227 5240 frivola
2255 5180 2368 5242 ista
2394 5181 2468 5243 de
2504 5182 2688 5245 minio
2721 5182 3057 5263 rubro,quo
3088 5180 3316 5244 lacuna
3332 5178 3396 5241 in
3415 5196 3513 5242 su-

192 5281 277 5340 quo
296 5271 602 5351 teamplius
636 5288 935 5346 morarer,
964 5269 1442 5352 quandoquidem
1478 5287 1777 5351 nunquam
1867 5267 2102 5347 periore
2132 5267 2393 5331 editione
2425 5289 2634 5351 magna
2674 5271 2979 5352 diligentia
3011 5276 3150 5332 sunt
3178 5276 3420 5344 notatas,
3452 5275 3511 5331 et

191 5352 557 5422 satislaudatus
570 5358 876 5422 Patricius
900 5377 1006 5421 sua
1020 5358 1093 5420 ad
1107 5360 1415 5422 Lectorem
1436 5358 1781 5439 praefatione
1864 5375 1993 5438 quas
2025 5365 2310 5436 prmteres
2336 5358 2412 5421 de
2428 5360 2556 5441 styli
2574 5360 2953 5441 simplicitate
2976 5368 3035 5423 et
3054 5357 3359 5421 incondita
3378 5358 3509 5439 ejus

193 5450 400 5533 ψει-ειη
428 5448 789 5514 testimoniis
819 5465 1001 5530 supra
1032 5447 1321 5523 subnexa,
1352 5447 1414 5509 in
1446 5446 1694 5529 reliquis
1714 5448 1781 5509 ti-
1863 5448 2231 5512 connexione
2262 5450 2512 5532 profert,
2548 5459 2613 5514 ut
2624 5450 2979 5531 jamdudum
3009 5449 3125 5533 ipsi
3154 5446 3362 5512 Photio
3392 5447 3511 5511 ob-

193 5527 236 5591 bi
258 5540 458 5613 poterat
482 5538 837 5604 satisfacere
867 5527 975 5603 z'ni
999 5538 1205 5603 fuisset
1219 5537 1323 5619 qui
1342 5544 1558 5601 tantam
1581 5527 1775 5601 lucem
1862 5545 2093 5605 servata
2118 5555 2135 5573 ο
2171 5527 2431 5621 primum
2462 5527 2876 5624 imprudenter
2901 5527 3052 5606 satis
3072 5539 3508 5605 consarcinsto~
