4050 6232
498 230 577 297 55
1638 228 1739 291 ΑΒ
1781 227 1843 288 S.
1888 223 2140 288 CLEME

2226 223 2359 288 [‘EM
2404 224 2435 287 I’
2472 227 2729 291 ΡΑΡΔΜ
3380 222 3383 223 ⁷
3785 225 3860 289 56

494 383 626 431 rem
658 362 925 447 epistolas
946 364 1049 443 (ita
1080 362 1334 443 namque
1360 362 1494 441 ejus
1526 368 1736 423 sonant
1764 356 2143 433 Germanica)
2166 367 2201 413 Α
2226 357 2531 447 opifex,ut
2552 358 2681 438 ipse
2708 358 3316 442 loquitur,resurgere
3336 377 3435 423 eos
3451 361 3771 440 faciat.qui
3799 364 3863 424 in

500 456 686 519 multa
699 444 978 516 omisisse
1007 452 1247 530 ait,quae
1274 450 1382 513 sub
1404 448 1725 513 Clementis
1752 448 2000 511 Romani
2034 469 2143 510 no-
2230 444 2396 507 bona:
2416 446 2557 524 ﬁdei
2572 449 2957 510 conscientia
2969 449 3067 510 illi
3088 451 3620 513 inservierunt.lta
3640 448 3864 512 D.Pau-

499 546 661 607 mine
704 544 777 605 ab
827 542 959 604 aliis
988 540 1258 604 Patribus
1290 542 1565 613 citentur,
1594 538 1751 601 velut
1801 539 2144 620 Hieronymi
2232 534 2321 594 lus
2336 535 2459 613 jam
2479 544 2616 598 ante
2636 545 2776 600 sata;
2789 536 2975 617 frugis
2996 548 3346 619 argumento
3366 539 3861 603 resurrectionem

498 637 697 698 locum
726 634 787 694 in
819 649 948 711 cap.
991 646 1032 693 tl
1062 629 1134 692 ad
1163 630 1453 708 Ephesios
1486 647 1501 692 :
1545 628 1817 690 Oceanus
1845 636 1902 689 et
1931 630 2147 689 mundi
2230 622 2289 683 in
2321 624 2518 703 priore
2548 644 2653 687 sua
2682 626 2753 689 ad
2778 628 3121 691 Corinthios
3140 627 3861 709 Epistola,cap.xv,evice-

501 730 609 805 qui
641 731 808 785 trans
839 722 1040 802 ipsum
1069 726 1306 793 sunt;et
1326 718 1385 779 in
1408 723 1681 799 quartum
1700 717 1992 795 ejusdem:
2010 720 2145 779 Vin-
2229 720 2341 786 rat,
2372 721 2728 796 utunturque
2756 717 2960 779 eadem
3011 716 3305 799 probandi
3334 718 3564 781 ratione
3586 726 3671 780 tot
3690 719 3861 781 dein-

503 812 707 875 culum
735 810 1063 873 charitatis
1092 809 1204 871 Dei
1241 810 1381 887 quis
1405 813 1594 887 potest
1625 807 1950 869 enarrare?
1978 808 2144 888 quasi

503 918 623 966 non
656 909 997 980 utrumque,
1030 898 1175 959 illud
1210 897 1437 959 scilicet
1469 915 1601 977 pag.
1651 895 1730 958 29
1785 895 1895 957 sub
1938 898 2142 970 ﬁnem,

501 993 615 1055 hoc
648 1009 779 1072 pag.
814 988 894 1050 63
921 988 1081 1050 clare
1099 987 1431 1049 inveniatur
1451 986 1761 1065 scriptum.
1786 988 1889 1045 His
1916 986 2143 1049 subne-

501 1082 627 1157 ctit,
661 1080 839 1143 etiam
868 1074 1300 1139 centuriatores
1330 1075 1625 1154 Magdeb.,
1653 1076 2139 1149 centur.1,lib.2,

504 1188 567 1247 Χ,
602 1169 949 1233 observasse
979 1166 1123 1227 illud
1155 1165 1315 1243 quod
1346 1163 1597 1229 Basilius
1627 1166 1871 1243 Magnus
1899 1186 2026 1246 cap.
2064 1168 2141 1232 “29

504 1259 646 1323 libri
674 1260 759 1322 De
780 1257 1025 1338 Spiritu
1064 1257 1130 1318 S.
1166 1274 1236 1317 ex
1274 1255 1387 1316 hoc
1409 1254 1714 1318 Clemente
1743 1254 1881 1318 citat
1916 1257 1972 1317 in
2018 1258 2142 1320 hinc

503 1348 688 1412 verba
704 1346 989 1427 scriptum
1018 1365 1032 1408 :
1054 1343 1174 1407 Sed
1200 1351 1257 1405 et
1286 1343 1559 1405 Clemens
1582 1342 1930 1407 Romanus:
1961 1371 1987 1401 ι
2039 1346 2143 1409 Ve-

503 1442 619 1517 nit,
630 1436 1018 1517 inquit,Deus
1046 1434 1343 1496 Dominus
1358 1435 1531 1495 Jesus
1560 1434 1837 1497 Christus
1854 1443 1911 1497 et
1939 1435 2144 1516 Spiri-

506 1535 603 1591 tus
632 1535 905 1598 sanctus,
923 1524 1020 1585 sin
1048 1542 1116 1587 ea
1145 1540 1277 1603 qum
1300 1528 1421 1584 tum
1454 1521 1717 1585 exstabat
1737 1523 1995 1587 editione
2026 1546 2144 1588 non

507 1618 771 1700 potuisse
793 1612 1307 1694 repeririJiallem
1331 1631 1466 1674 vero
1498 1614 1841 1675 ostenderet
1860 1615 2114 1697 aliquam

508 1725 639 1789 quas
659 1715 781 1768 tum
812 1703 1319 1783 exstiterit,hujus
1350 1703 1619 1782 epistolae
1652 1703 1995 1769 editionem.
2027 1708 2140 1788 Ipsi

501 1796 933 1859 centuriatores
970 1793 1142 1875 paulo
1167 1801 1302 1855 ante
1332 1793 1544 1855 eodem
1568 1793 1669 1854 illo
1701 1796 1913 1875 capite:
1932 1800 2139 1861 Memi-

500 1882 1331 1967 nerant,inquiuht,epistolw
1348 1884 1676 1962 cujusdam
1697 1887 1823 1965 ejus
1834 1887 1913 1948 ad
1925 1886 2137 1950 Corin-

504 1976 661 2039 thios
685 1973 1285 2051 Irenwus,Eusebius
1301 1974 1358 2031 et
1380 1973 1944 2056 Hieronymus,quae
1966 1977 2144 2040 hodie

500 2083 805 2145 nusquam
824 2064 1202 2127 exstat.Num
1226 2079 1363 2139 ergo
1382 2060 1669 2142 deinceps
1694 2063 1807 2125 sibi
1839 2067 1983 2145 ipsis
2004 2087 2142 2129 con-

503 2152 837 2217 tradicunt?
866 2151 991 2213 Non
1014 2150 1293 2214 sanezsed
1324 2150 1498 2229 longe
1532 2150 1649 2211 illis
1672 2171 1839 2214 mens
1871 2155 1985 2215 alia
2006 2175 2139 2219 ver-

503 2243 597 2307 bis
621 2261 654 2305 a
681 2242 857 2323 paulo
886 2248 1026 2302 ante
1058 2238 1908 2323 productis:Incertum,aiunt,
1936 2252 2140 2309 utrum

505 2352 583 2397 ex
611 2351 683 2395 ea
703 2328 1005 2410 Epistola,
1031 2346 1114 2390 an
1132 2346 1209 2390 ea:
1227 2330 1350 2389 alio
1372 2328 1577 2417 aliquo
1603 2329 1927 2395 Clementis
1946 2337 2142 2417 scrip-

508 2431 590 2499 to,
622 2422 893 2485 Basilius
916 2425 984 2481 in
1014 2419 1172 2481 libro
1198 2418 1283 2479 De
1302 2416 1525 2499 Spiritu
1544 2416 1989 2501 S.cap.29,haec
2000 2443 2138 2487 ver-

499 2516 583 2590 ba
607 2510 929 2593 protulerit
950 2511 1017 2572 in
1045 2510 1505 2571 enumeratione
1536 2512 2022 2575 testimoniorum
2044 2517 2141 2578 do-

508 2612 745 2668 ctorum
760 2606 1026 2663 veterum
1035 2599 1106 2661 de
1124 2598 1448 2671 Trinitate;
1465 2599 1570 2661 sed
1582 2608 1637 2662 et
1652 2601 1922 2664 Clemens
1945 2606 2104 2665 Rom.
2122 2656 2138 2686 ,

504 2693 717 2757 etc.Ex
747 2689 964 2771 quibus
996 2687 1419 2769 paucis,amice
1445 2692 1679 2766 Lector,
1709 2691 1985 2770 judicare
2006 2714 2142 2774 pos-

504 2800 603 2845 ses
630 2797 832 2862 quam,
865 2778 1115 2858 scilicet,
1148 2778 1209 2838 in
1240 2777 1486 2859 reliquis
1517 2781 1700 2841 oratio
1753 2783 1879 2860 ejus
1906 2802 2139 2846 merea-

506 2878 603 2935 tur
630 2870 837 2943 ﬁdem,
872 2868 1144 2944 adeoque
1165 2867 1322 2947 quod
1354 2868 1666 2946 proverbio
1700 2870 1939 2953 dicitur,
1972 2878 2030 2930 ὲκ
2054 2887 2144 2937 τοῦ

2228 822 2368 884 ceps
2406 805 2779 885 sequentium
2829 806 3179 869 saeculorum
3228 811 3452 870 Patres.
3485 811 3627 871 Cum
3664 806 3865 887 primis

2228 892 2324 953 illa
2353 901 2576 956 naturae
2609 894 2958 958 dormientis
2977 904 3034 958 et
3055 898 3387 976 resugentis
3407 898 3680 978 exempla
3705 900 3859 977 Sep-

2229 982 2457 1045 timiani
2477 983 2608 1064 styli
2631 983 2938 1063 diligentia
2962 986 3225 1063 igeniose
3254 986 3576 1049 admodum
3597 995 3770 1066 auget
3800 998 3868 1048 et

2230 1071 2500 1153 illustrat,
2534 1073 2707 1153 plane
2754 1091 2822 1135 ac
2880 1074 2933 1136 si
2985 1076 3145 1137 hunc
3194 1076 3385 1153 ipsum
3421 1075 3743 1140 Clementis
3773 1076 3865 1136 lo-

2226 1177 2361 1223 cum
2394 1162 2469 1224 de
2509 1161 2799 1225 industria
2846 1162 2961 1225 sibi
3010 1164 3369 1246 sumpsisset
3425 1164 3856 1228 exornandam.

2226 1255 2445 1327 Aspice,
2477 1256 2683 1327 inquit.
2730 1257 2807 1313 ad
2829 1256 2951 1328 ipsa
2991 1273 3195 1332 quoque
3221 1259 3457 1330 exempla
3497 1257 3697 1316 divina:
3720 1266 3872 1331 pote-

2225 1340 2399 1398 statis.
2423 1340 2552 1398 Dies
2581 1341 2815 1398 moritur
2842 1344 2905 1399 in
2940 1350 3166 1408 noctem,
3199 1351 3247 1397 et
3302 1344 3534 1405 tenebris
3572 1361 3875 1419 usquequa-

2227 1442 2326 1499 que
2362 1425 2641 1497 sepelitur.
2692 1425 3025 1484 Funestatur
3060 1427 3248 1484 mundi
3285 1427 3479 1493 honor,
3527 1429 3700 1486 omnis
3744 1436 3877 1487 sub-

2226 1510 2425 1567 stantia
2454 1508 2799 1581 denigratur.
2820 1510 3067 1576 Sordent.
3091 1511 3269 1576 silent,
3284 1518 3492 1583 stupent
3518 1518 3728 1570 cuncta:
3750 1514 3873 1570 ubi-

2227 1592 2616 1665 quejustitiam
2645 1600 2740 1649 est.
2796 1592 2880 1649 Ita
2928 1593 3025 1651 tua:
3078 1595 3277 1652 amissa
3342 1596 3575 1667 lugetur.
3616 1601 3666 1653 et
3702 1602 3877 1652 tamen

2124 1665 2140 1745 ζ
2169 1663 2205 1714 Β
2227 1663 2413 1735 rursus
2439 1694 2556 1733 cum
2582 1694 2674 1733 suo
2710 1680 2878 1743 cultu,
2911 1694 3040 1736 eum
3085 1678 3222 1745 dote,
3263 1696 3379 1738 cum
3398 1663 3414 1667 v
3440 1681 3572 1744 sole,
3616 1686 3801 1738 eadem
3828 1689 3879 1739 et

2228 1763 2437 1835 integra
2474 1767 2522 1818 et
2570 1767 2681 1819 tota
2726 1762 2978 1821 universo
3036 1763 3163 1820 orbi
3208 1762 3497 1828 reoiviscit;
3539 1764 3876 1837 interﬁciens

2226 1855 2447 1905 mortem
2474 1863 2657 1917 suam,
2715 1854 2932 1917 noctem,
2986 1848 3290 1908 rescindens
3343 1850 3660 1921 sepulturam
3688 1868 3876 1917 suam,

2226 1932 2492 1995 tenebras;
2525 1931 2689 1989 nares
2726 1933 2929 1990 sibimet
2970 1934 3226 1996 existens,
3264 1934 3431 1991 donec
3480 1941 3529 1989 et
3580 1950 3692 1992 non:
3726 1935 3876 1990 revi-

2222 2017 2406 2082 viscat,
2464 2033 2585 2072 eum
2632 2031 2727 2074 suo
2780 2017 2871 2074 illo
2923 2024 3193 2091 suggestu.
3220 2016 3683 2076 Redaccenduntur
3725 2021 3874 2076 enim

2224 2108 2274 2159 et
2300 2102 2585 2159 stellarum
2626 2100 2796 2172 radii,
2825 2117 2955 2175 quos
3004 2104 3269 2159 matutina
3300 2105 3564 2160 succensio
3587 2106 3873 2162 exstinxe-

2225 2192 2325 2248 rat,
2358 2185 2687 2243 reducuntur
2713 2192 2765 2243 et
2788 2186 3029 2244 siderum
3061 2186 3330 2252 absentiae,
3374 2205 3504 2262 quas
3549 2190 3873 2261 temporalis

2224 2270 2492 2327 distinctio
2539 2278 2835 2338 exemerat;
2878 2271 3254 2327 redornantur
3318 2277 3369 2328 et
3419 2273 3637 2344 specula
3708 2273 3870 2335 lance.

2222 2371 2337 2428 qum
2414 2365 2727 2413 menstruus
2806 2370 3071 2413 numerus
3137 2358 3463 2421 attriverat;
3523 2359 3878 2415 revolvuntur

2224 2442 2414 2499 hiemes
2446 2447 2497 2498 et
2517 2450 2747 2508 (estates,
2783 2457 2949 2499 verna
2977 2447 3028 2498 et
3055 2448 3331 2509 autumno,
3364 2444 3473 2501 suis
3504 2442 3726 2510 viribus,
3750 2459 3881 2501 mo-

2224 2526 2392 2594 ribus,
2423 2526 2711 2598 fructibus.
2741 2527 2811 2585 Et
2845 2528 3015 2597 paulo
3048 2538 3174 2598 post
3211 2526 3281 2585 de
3324 2530 3589 2599 phmnice
3624 2548 3634 2584 :
3670 2529 3731 2585 Si
3762 2546 3881 2601 pa-

2225 2625 2349 2666 rum
2387 2610 2713 2667 universitas
2759 2612 3207 2669 resurrectionem
3236 2612 3457 2685 ﬁgurat;
3497 2613 3547 2670 si
3596 2613 3742 2669 nihil
3772 2615 3883 2669 tale

2226 2692 2469 2749 conditio
2519 2694 2728 2765 signat,
2778 2694 2907 2766 quia
2959 2694 3171 2765 singula
3228 2696 3345 2767 ejus
3397 2709 3503 2751 non
3555 2706 3659 2751 tam
3709 2698 3883 2752 moris

2225 2794 2375 2852 quam
2402 2778 2640 2836 desinere
2677 2778 2964 2846 dicantur;
2996 2795 3091 2836 nec
3144 2781 3493 2845 redanimari,
3533 2782 3627 2838 sed
3684 2782 3882 2853 refor-

2224 2864 2366 2919 mari
2405 2863 2803 2929 existimentur,
2839 2865 3019 2937 accipe
3039 2865 3415 2937 plenissimum
3444 2870 3601 2939 atque
3619 2866 3880 2936 firmissi-

504 2959 798 3041 κρασπέδου
826 2961 889 3015 τὸ
915 2959 1129 3037 ὕφασμα
1163 2959 1531 3035 γινώσκειν,ῐιί
1565 2959 1738 3038 longe
1762 2947 1990 3042 turpius
2009 2972 2142 3028 Sese

2402 2947 2567 3042 hujus
2599 2948 2711 3042 spei
2760 2950 3043 3042 specimen.
3400 2950 3756 3042 animalisAest
3792 2969 3886 3042 res

503 3052 566 3112 in
594 3047 984 3129 sequentibus
1012 3046 1181 3108 daret
1210 3045 1313 3108 ille
1343 3046 1416 3108 ab
1460 3048 1768 3111 affectibus
1816 3066 2145 3118 excaecatus

498 3139 703 3222 judex.
729 3136 875 3202 Cum
910 3135 1138 3216 primis,
1172 3134 1385 3216 inquit,
1423 3137 1567 3199 illud
1599 3140 1672 3202 de
1695 3141 1948 3221 phenice
1970 3164 2140 3206 com-

505 3234 774 3291 mentum
811 3224 1004 3306 prodit
1032 3231 1335 3287 auctorem
1369 3226 1545 3305 hujus
1575 3230 1987 3309 epistoltemon
2008 3253 2146 3297 esse

505 3332 643 3381 eum
672 3316 1005 3397 adjutorem
1031 3316 1093 3378 S.
1130 3314 1323 3397 Pauli,
1349 3315 1421 3377 ad
1445 3315 1859 3397 Philippenses
1890 3338 1969 3397 Iv,
1988 3326 2143 3403 quod

506 3425 637 3487 pag.
661 3406 743 3469 34
762 3412 819 3468 et
839 3407 917 3465 35
938 3409 1028 3465 est
1045 3404 1332 3484 reperire.
1359 3403 1469 3467 Ubi
1499 3405 1777 3467 Clemens
1802 3407 1903 3471 ille
1932 3430 2140 3490 perso~

503 3502 677 3557 natus
706 3494 751 3554 it
780 3492 1088 3573 probatum
1120 3491 1300 3572 (quod
1335 3492 1581 3555 minime
1625 3512 1830 3557 verum
1881 3506 1996 3565 est)
2041 3521 2145 3563 re-

504 3582 942 3646 surrectionem
975 3580 1175 3643 carnis
1199 3580 1464 3657 quotidie
1486 3581 2143 3664 ﬁeri,quemadmodum

505 3690 622 3734 nox
652 3670 853 3751 cubat,
877 3669 1142 3748 exsurgit
1172 3668 1325 3744 dies,
1360 3668 1483 3731 abit
1507 3671 1656 3745 dies,
1695 3692 1806 3735 nox
1840 3676 2060 3755 ingruit
2090 3689 2148 3741 et

504 3760 1111 3843 insequitur,etc.Hic
1132 3760 1424 3842 principio
1456 3781 1572 3824 non
1597 3770 1919 3828 contentus
1941 3787 2142 3831 vocem

504 3854 728 3928 carnis,
758 3870 891 3931 quas
908 3868 1201 3928 nusquam
1226 3851 1286 3911 in
1310 3858 1591 3913 contextu
1619 3865 2149 3935 comparet,causas

506 3959 628 4005 sua)
660 3941 980 4022 probandae
1004 3940 1209 4019 gratia,
1235 3940 1586 4018 inseruisse;
1621 3952 1906 4022 prmterea
1940 3966 2147 4026 magna

504 4028 723 4091 iterum
754 4047 889 4091 cum
917 4028 1284 4109 impudentia
1309 4029 1605 4091 haereseos
1635 4048 1770 4092 eum
1792 4035 1970 4095 audet
1999 4036 2144 4097 insi-

506 4118 758 4199 mulare,
817 4118 988 4199 quasi
1046 4117 1223 4181 aliine
1279 4118 1578 4198 quippiam
1644 4123 1901 4184 senserit
1957 4129 2145 4190 errori

502 4207 805 4290 Hymenaei
834 4216 893 4269 et
922 4207 1158 4288 Phileti,
1210 4224 1465 4288 quorum
1517 4208 1729 4289 dogma
1786 4212 1897 4275 hoc
1947 4214 2141 4293 fuerit,

507 4298 667 4380 quod
698 4298 1200 4360 resurrectionem
1250 4297 1462 4359 eodem
1511 4300 1710 4382 modo,
1750 4305 2142 4383 quemadmo-

504 4388 646 4451 dum
676 4386 776 4448 hic
795 4385 1071 4449 Clemens
1087 4387 1463 4468 explicarint;
1485 4406 1915 4471 nempe,unum
1944 4395 2144 4456 homi-

503 4494 642 4539 nem
672 4476 1219 4557 repirere,alterum
1248 4477 1388 4537 huic
1410 4477 1666 4540 similem
1691 4483 1945 4556 renasci;
1966 4484 2145 4563 idque

501 4567 576 4630 ad
607 4548 788 4629 ﬁnem
818 4548 1012 4647 usque
1036 4566 1241 4629 mundi
1273 4566 1642 4631 duraturum.
1678 4548 1973 4635 Sicutihi'c
2004 4548 2140 4637 Cle-
2168 4548 2209 4598 θ

504 4674 675 4721 mens
699 4656 1192 4737 asserat,quando
1218 4664 1494 4737 parentes
1511 4658 1732 4721 liberos
1752 4661 2144 4741 gignunt,hoc

497 4746 697 4811 vocari
726 4746 1230 4809 resurrectionem
1250 4754 1644 4809 mortuorum.
1675 4748 1983 4814 Pervolvas
2004 4772 2145 4816 vero

500 4844 701 4917 totam,
739 4834 1326 4916 quaeso,epistolam,
1355 4837 1667 4918 Videasque
1698 4856 1837 4901 num
1871 4842 1959 4901 vel
2000 4861 2143 4903 sen-

499 4944 633 4990 sum
663 4926 968 5007 solum,ne
992 4925 1180 4987 dicam
1204 4924 1385 4988 verba
1416 4935 1739 5006 postrema,
1764 4929 1977 4991 exinde
1999 4950 2142 5011 pos-

498 5016 581 5078 sis
612 5014 1456 5096 exsculpere.Argumentatur
1485 5017 1763 5079 Clemens
1791 5018 1904 5079 hoc
1932 5022 2138 5083 modo:

499 5101 566 5166 Si
597 5103 754 5166 diem
781 5113 1138 5185 noctemque
1156 5102 1570 5166 videantabire
1593 5112 1652 5167 et
1671 5106 1952 5182 redire;si
1969 5111 2145 5171 semi-

501 5209 579 5254 na
602 5191 665 5253 in
696 5200 913 5255 terram
940 5197 1103 5272 jacta
1125 5200 1632 5273 computrescere,
1666 5204 1724 5255 et
1755 5195 2145 5261 nihilominus

502 5278 723 5342 deinde
741 5281 972 5344 fructus
984 5281 1224 5345 ferrezsi
1245 5282 1582 5363 phmnicem
1602 5282 1845 5346 credant
1872 5289 2144 5366 sepulcro

503 5387 604 5434 cro
625 5368 740 5432 sibi
756 5379 1054 5436 exstructo
1079 5371 1232 5435 mori
1248 5380 1311 5436 et
1336 5390 1411 5434 ex
1442 5370 1638 5454 seipso
1660 5375 2003 5457 renasci;an
2019 5395 2145 5440 ma-

499 5474 685 5543 gnum
707 5465 767 5525 et
782 5460 1075 5527 mirabile
1091 5462 1176 5527 sit
1192 5461 1639 5547 censendum,si
1652 5478 1860 5528 rerum
1878 5467 2146 5530 omnium

2226 3037 2276 3089 et
2328 3033 2448 3090 vitai
2485 3032 2717 3090 obnoxia
2758 3040 2807 3088 et
2834 3034 3030 3101 morti;
3070 3034 3225 3091 illum
3254 3034 3369 3092 dico
3404 3035 3588 3092 alitem
3639 3034 3883 3096 Orientis

2225 3115 2563 3187 peculiarem,
2613 3115 2676 3172 de
2719 3115 3097 3187 singularitate
3142 3118 3420 3188 famosum.
3462 3118 3526 3175 de
3555 3119 3884 3190 posteritate

2227 3204 2650 3267 monstruosum,
2700 3201 2793 3272 qui
2824 3201 3153 3274 semetipsum
3202 3200 3435 3260 lubenter
3488 3203 3749 3274 funereas
3792 3223 3885 3259 re-

2227 3290 2403 3349 novat,
2434 3286 2608 3342 natali
2658 3286 2762 3356 ﬁde
2803 3284 3054 3343 decedens
3116 3293 3268 3361 atque
3310 3286 3589 3345 succedens
3623 3311 3635 3343 :
3669 3289 3886 3347 iterum

2223 3369 2454 3442 phamix,
2513 3369 2602 3426 ubi
2632 3371 2757 3442 jam
2807 3385 2977 3440 nemo;
3029 3371 3226 3429 iterum
3282 3373 3411 3445 ipse,
3462 3375 3557 3446 qui
3590 3390 3701 3431 non
3722 3375 3883 3446 jam;

2229 3460 2369 3518 alius
2396 3455 2559 3514 idem
2594 3456 2734 3524 Quid
2769 3459 3069 3529 expressius
3104 3465 3260 3531 atque
3307 3460 3579 3531 signatius
3624 3460 3685 3516 in
3739 3461 3889 3517 hanc

2226 3542 2471 3600 causam?
2519 3546 2609 3597 aut
2661 3541 2749 3597 cui
2803 3541 2906 3598 alii
2968 3542 3048 3597 rei
3102 3543 3206 3599 tate
3270 3542 3671 3601 documentum?
3741 3543 3889 3606 Deus

2226 3629 2386 3687 etiam
2418 3622 2717 3697 Scripturis
2755 3626 2873 3683 suis
2904 3649 2916 3682 :
2955 3645 2979 3679 α
3013 3624 3084 3680 Et
3119 3627 3332 3697 ﬂorebit
3372 3629 3533 3695 enim,
3569 3629 3768 3703 inquit,
3797 3649 3890 3689 υεο

2228 3712 2308 3768 tut
2332 3709 2581 3781 phoenix;
2603 3729 2624 3760 ιι
2658 3708 2715 3764 id
2765 3713 2845 3765 est
2898 3710 2962 3765 de
2998 3716 3180 3776 morte,
3214 3712 3277 3768 de
3308 3712 3525 3784 funere;
3566 3715 3645 3768 uti
3689 3718 3892 3773 credas

2228 3797 2289 3851 de
2323 3794 2537 3867 ignibus
2581 3810 2783 3867 quoque
2844 3795 3198 3852 substantiam
3255 3798 3498 3869 corporis
3520 3799 3668 3870 exigi
3690 3817 3882 3871 posse.

2230 3878 2418 3939 Multis
2471 3878 2774 3948 passeribus
2811 3895 2903 3933 nos
2930 3879 3199 3935 antistare
3245 3880 3500 3936 Dominus
3547 3888 3884 3952 pronuntia-

2227 3965 2329 4031 vit;
2356 3964 2406 4020 si
2446 3978 2554 4018 non
2599 3968 2646 4016 et
2670 3960 3166 4035 phasnicibusmihil
3196 3980 3466 4035 magnum.
3502 3964 3604 4022 Sed
3640 3967 3892 4028 homines

2229 4045 2382 4103 semel
2409 4044 2717 4110 interibunt,
2752 4044 2938 4102 avibus
2982 4047 3198 4103 Arabia:
3252 4048 3317 4103 de
3357 4050 3751 4105 resurrectione
3794 4070 3886 4110 se-

2232 4130 2424 4194 curis?
2448 4130 2545 4191 Sic
2566 4150 2737 4210 quam
2763 4131 3202 4210 elegantissime
3226 4132 3625 4197 Tertullianus
3655 4138 3887 4199 saeculo

2230 4229 2361 4300 post
2416 4228 2614 4281 natum
2673 4221 2972 4283 Christum
3020 4222 3214 4295 tertio,
3255 4223 3389 4284 libri
3430 4225 3513 4286 De
3545 4237 3887 4294 resurrect.

2226 4314 2440 4371 carnis
2462 4327 2591 4387 cap.
2623 4308 2693 4368 12
2711 4316 2767 4369 et
2786 4308 2960 4389 13,00
2977 4310 3167 4371 solum
3194 4310 3556 4374 Clementem
3574 4315 3885 4393 ejusmodi

2229 4399 2589 4476 argumentis
2620 4417 2789 4460 usum
2823 4400 3149 4465 existimes.
3205 4400 3348 4462 Nam
3385 4411 3441 4463 et
3476 4404 3882 4483 Epiphanius,

2230 4486 2585 4550 Constantia;
2610 4486 2783 4567 Cypri
2812 4491 3149 4568 episcopus,
3181 4509 3238 4550 1n
3270 4493 3576 4554 Ancorato
3613 4512 3717 4554 suo
3751 4500 3890 4558 sive

2230 4576 2365 4638 ﬁdei
2399 4575 2749 4639 Christianas
2778 4578 3171 4659 expositione,
3203 4589 3258 4640 et
3291 4581 3539 4660 Cyrillus
3584 4582 3889 4647 Hieroso-

2229 4666 2563 4746 lymitanus,
2584 4666 3087 4730 Catecltesixvm.
3129 4680 3251 4729 tum
3271 4671 3628 4732 Dracontius
3663 4673 3717 4733 in
3750 4676 3892 4739 He-

2226 4773 2509 4817 waemero
2548 4756 2608 4815 in
2643 4757 2911 4816 eamdem
2953 4757 3626 4835 scribunlsententiam,
3652 4765 3899 4826 utalios

2228 4844 2493 4906 omittam
2525 4845 2625 4924 qui
2672 4845 2746 4905 de
2798 4847 3069 4923 phoenice
3101 4856 3375 4925 tanquam
3408 4851 3901 4914 resurrectionis

2229 4935 2397 5012 signo
2431 4934 2811 5009 singulariter
2843 4935 3182 5015 loquuntur.
3213 4936 3296 4998 Dc
3317 4956 3386 4997 ea
3410 4956 3666 5017 namque
3691 4940 3752 5001 in
3777 4963 3903 5005 ore

2229 5023 2367 5083 olim
2393 5030 2568 5102 atque
2592 5023 2652 5083 in
2679 5041 2956 5084 sermone
2981 5023 3245 5085 omnium
3274 5032 3401 5086 erat
3429 5024 3900 5093 fabula:Jamad

2229 5130 2406 5174 aures
2434 5111 2764 5175 multorum
2794 5114 3063 5189 pervenit
3094 5114 3469 5176 credentium
3494 5127 3549 5176 et
3593 5136 3711 5180 non
3738 5139 3899 5182 cre-

2227 5201 2718 5281 dentiumjnquit
2743 5200 3105 5281 Epiphanius
3129 5202 3285 5265 dicto
3315 5203 3468 5275 loco;
3490 5205 3647 5266 unde
3673 5215 3729 5267 et
3758 5217 3895 5271 tam

2228 5290 2507 5369 frequens
2540 5291 2671 5369 ejus
2702 5309 2834 5350 cum
2869 5292 3023 5370 apud
3049 5291 3323 5371 gentiles,
3360 5303 3479 5352 tum
3504 5295 3900 5361 Christianos

2230 5379 2471 5460 mentio,
2500 5378 2637 5441 licet
2667 5378 2726 5441 in
2768 5379 3004 5443 illorum
3059 5380 3497 5444 narrationibus
3545 5403 3661 5446 non
3696 5406 3901 5466 parva

2226 5467 2557 5551 reperiatur
2579 5468 3150 5535 varietas.Videatur
3174 5487 3246 5533 ex
3264 5469 3382 5535 illis
3403 5470 3739 5538 Herodotus
3759 5476 3860 5542 lib
3876 5526 3891 5540 .
