4050 6232
493 216 561 282 91
1637 220 1737 283 AD
1779 221 1841 283 s.
1888 218 2359 288 CLEMENTEM
2406 220 2433 283 ι
2476 180 2735 286 mm
3782 226 3857 291 92

484 352 766 436 recitare,
798 354 905 417 sed
937 372 1042 437 pro
1097 354 1339 419 arbitrio
1387 372 1496 418 suo
1542 373 1710 430 nunc
1748 354 2128 429 contrahere,
2153 358 2192 409 Α
2215 350 2375 414 drini
2406 370 2473 415 ex
2501 372 2619 435 quo
2650 352 3018 434 descriptum
3067 362 3158 418 est
3204 355 3532 436 pretiosum
3564 354 3714 420 illud
3742 380 3854 420 κει-

487 460 645 505 nunc
694 443 768 506 de
824 463 929 505 suo
981 444 1272 519 inserere,
1323 443 1440 507 alia
1479 444 1776 525 omittere,
1811 443 1924 506 alia
1952 443 2128 506 variis
2212 441 2433 516 μήλιον,
2470 449 2592 504 tum
2626 460 2696 505 ex
2730 451 2994 505 veterum
3030 445 3269 507 Patrum
3330 446 3715 522 testimoniis,
3752 468 3854 513 nos

487 532 677 596 modis
720 540 969 598 mutare.
1016 569 1088 579 —
1148 533 1209 599 Si
1256 534 1329 596 ad
1386 534 1511 597 haec
1571 534 1777 596 sedulo
1827 534 2121 612 attendas,
2212 529 2481 591 eamdem
2516 530 2760 593 omnino
2792 530 3102 612 epistolam
3162 533 3411 611 habere,
3446 553 3619 617 quam
3655 535 3856 603 habuit

485 640 791 703 agnosces,
816 624 907 703 pie
937 622 1164 693 Lector,
1194 640 1448 698 mecum,
1481 642 1547 686 ex
1574 622 1974 685 Alexandrino
2008 642 2124 684 non

458 708 896 790 -interpolatam
935 712 1135 787 fuisse,
1170 712 1345 774 toties
1391 713 1467 772 ab
1526 712 1795 775 Ecclesia
1850 711 2125 792 primaeva

483 800 838 862 celebratam
864 801 1159 876 laudibus,
1194 801 1314 863 imo
1348 808 1404 863 et
1426 818 1560 863 cum
1588 801 1777 863 sacris
1800 799 2124 882 Scripturis

485 888 945 969 publicelectam
968 891 1226 954 Romani
1249 889 1570 954 Clementis
1599 889 2125 970 Epistolam.»H:ec

484 976 817 1057 Wottonus;
854 980 949 1042 cui
982 986 1177 1042 tamen
1211 978 1519 1060 praeiverat
1545 981 1806 1041 Joannes
1854 982 2124 1043 Potterus

487 1067 575 1129 vir
602 1067 818 1133 clar.in
849 1069 1464 1132 animadversionibus
1494 1068 1567 1130 ad
1592 1067 1954 1132 Clementem
1986 1069 2123 1133 Ale-

481 1157 1001 1239 xandrinum(1t),
1030 1158 1131 1220 ubi
1157 1159 1494 1220 summatim
1526 1158 1796 1240 quidem,
1820 1158 1922 1221 scd
1962 1159 2118 1222 acri—

479 1253 571 1306 ter
602 1248 881 1309 Bernardi
908 1249 1368 1329 conjectationes
1400 1247 1575 1310 elisit.

561 1335 748 1417 Hujus
764 1356 901 1400 vero
917 1338 1109 1400 critici
1132 1337 1301 1417 Angli
1320 1338 1559 1417 vestigia
1582 1355 1786 1419 presso
1819 1339 1967 1419 pede
1991 1356 2117 1419 per-

479 1426 746 1507 sequitur
772 1426 1030 1490 Joannes
1044 1426 1396 1490 Laurentius
1412 1426 1902 1508 Mosbemius(12)
1915 1445 2115 1507 ,quem

478 1534 525 1577 s1
557 1515 781 1590 audias,
818 1517 1141 1581 Clementis
1189 1516 1436 1596 epistola
1489 1519 1511 1579 1
1573 1527 1778 1596 quarta
1832 1515 1923 1578 sui
1954 1525 2118 1597 parte

480 1604 817 1667 mulctanda
842 1606 945 1669 tibi
978 1605 1089 1668 erit
1114 1607 1252 1667 hinc
1287 1613 1344 1666 et
1377 1606 1601 1679 illinc,a
1632 1606 1825 1686 capite
1847 1606 1883 1666 9
1908 1606 1977 1666 ad
2010 1606 2111 1669 55.

2208 626 2431 680 vetusta
2454 617 2744 697 Ecclesia;
2777 639 2953 702 quam
3005 621 3323 688 audierunt
3352 624 3412 685 in
3442 624 3632 687 sacris
3684 628 3852 689 αειί-

2208 706 2318 769 bus
2350 708 2607 789 primaevi
2630 710 2977 792 Christiani,
3005 713 3145 775 dum
3180 713 3375 776 adhuc
3418 715 3550 794 ejus
3584 714 3853 779 lectionis

2207 815 2349 859 usus
2366 799 2612 877 vigeret;
2640 820 2813 883 quam
2840 802 3098 883 denique
3113 801 3381 883 legerunt
3408 802 3722 886 Dionysius
3739 804 3852 870 Co-

2206 886 2483 975 rintbius,
2518 889 2794 953 Clemens
2826 891 3549 975 Alexandrinus,Cyrillus
3577 892 3854 957 Hieroso-

2210 974 2545 1057 lymitanus,
2580 978 3002 1061 Hieronymus,
3037 988 3095 1042 et
3114 982 3335 1044 caeteri.

2290 1066 2509 1129 Verum
2562 1069 2612 1130 si
2653 1070 2829 1131 altius
2860 1068 3053 1132 adhuc
3105 1072 3531 1136 assurrexisset
3560 1073 3647 1136 vir
3676 1074 3848 1151 clar.,

2205 1155 2448 1217 vetustis
2501 1155 2619 1218 illis
2675 1157 2957 1221 Ecclesia
3017 1161 3413 1241 scriptoribus
3474 1163 3851 1227 vetustiorem

2205 1245 2381 1307 etiam
2427 1245 2648 1311 addere
2694 1255 2923 1329 poterat
2952 1248 3369 1331 Polycarpum,
3405 1250 3848 1315 sanctissimum

2203 1335 2624 1415 Smyrnensem
2649 1337 2992 1419 episcopum
3015 1344 3073 1400 et
3097 1341 3547 1422 martyrem,qui
3578 1340 3850 1405 eamdem

2203 1422 2639 1487 Clementinam
2698 1425 3027 1505 Epistolam
3088 1446 3263 1490 manu
3295 1446 3583 1505 versasse,
3616 1430 3764 1512 quin
3793 1440 3854 1494 et

2203 1513 2483 1575 nonnulla
2506 1532 2574 1576 ex
2596 1533 2665 1576 ea
2688 1532 2841 1596 pene
2868 1516 3052 1577 verbo
3087 1524 3257 1578 tenus
3286 1526 3565 1599 excerpta
3595 1519 3653 1581 in
3680 1537 3850 1581 suam

2201 1601 2273 1661 ad
2292 1602 2705 1683 Philippenses
2731 1605 3060 1685 Epistolam
3078 1607 3447 1670 transtulisse
3474 1608 3847 1690 perhibetur.

477 1689 591 1754 Sed
619 1712 735 1754 non
769 1696 963 1775 priora
995 1694 1231 1774 quidem
1289 1692 1495 1755 decem
1539 1685 1751 1775 capita,
1788 1713 1857 1754 eo
1882 1694 2112 1775 judice,
2141 1685 2176 1734 Β
2199 1691 2405 1773 Neque
2447 1694 2695 1757 fortasse
2726 1696 2981 1757 otiosum
3024 1694 3221 1777 fuerit,
3270 1716 3401 1778 quae
3428 1685 3569 1760 viris
3601 1697 3852 1761 eruditis

477 1778 549 1841 ab
576 1781 1036 1861 interpolatione
1065 1792 1200 1843 sunt
1231 1800 1469 1861 prorsus
1490 1783 1774 1843 immunia
1833 1782 2117 1846 Atinania

477 1886 610 1930 esse
631 1889 697 1932 ac
715 1869 904 1933 futilia
929 1871 1238 1934 Moshemii
1259 1881 1607 1950 argumenta
1630 1871 1688 1932 in
1708 1872 1896 1935 oculis
1921 1874 2116 1952 posuit

466 1956 727 2022 Joannes
762 1961 1089 2023 Ludovicus
1120 1960 1266 2041 Frey
1296 1959 1409 2032 (l3)
1436 1978 1449 2023 :
1476 1961 1768 2040 siquidem
1793 1962 2005 2023 invicte
2023 1961 2116 2021 vir

475 2049 742 2110 eruditus
765 2051 979 2112 evincit
997 2070 1127 2112 cum
1158 2069 1223 2112 ex
1251 2050 1594 2131 antiquitate
1611 2052 1832 2113 codicis
1850 2052 2111 2113 Alexan-

713 2147 905 2224 Epist.
941 2147 971 2207 I
1008 2146 1334 2209 Clementis
1368 2145 1447 2206 ad
1478 2143 1846 2208 Corinthios.

553 2239 697 2319 Cap.
743 2238 788 2301 Ῑ.
850 2239 1080 2307 Γυναιξιν
1109 2262 1166 2297 τε
1198 2275 1270 2285 -
1310 2240 1727 2320 παρηγγέλλετε,
1791 2243 2110 2320 στεργούσας

474 2330 813 2395 καθηκόντως
892 2330 1011 2395 τοὺς
1081 2329 1266 2409 ἄνδρας
1327 2332 1525 2386 ἑαυτῶν
1579 2364 1656 2373 -
1711 2331 1846 2387 πάνυ
1902 2353 2110 2413 σωφροσ

468 2440 679 2482 νουσας,

548 2507 692 2588 Cap.
745 2506 815 2570 ν.
852 2511 1044 2587 Πέτρος
1091 2544 1164 2555 -
1196 2509 1333 2566 οὕτω
1372 2511 1678 2587 ματυρήσας
1731 2510 1986 2589 ἐπορεύθη
2041 2512 2111 2576 εἰς

469 2600 558 2655 τὸν
579 2598 919 2679 ὀφειλόμενον
950 2601 1112 2658 τόπον
1138 2604 1235 2669 τῆς
1266 2598 1444 2667 δόξης.

549 2686 691 2767 Cap.
724 2686 851 2752 VII.
886 2692 976 2747 Διὸ
1010 2689 1382 2765 ἀπολείπωμεν
1411 2691 1505 2754 τὰς
1547 2690 1700 2754 κενὰς
1750 2692 1837 2748 καὶ
1884 2691 2107 2764 ματαίας

466 2777 759 2857 φροντίδας,
814 2782 899 2838 καὶ
948 2778 1182 2856 ἔλθωμεν
1231 2780 1315 2837 ἐπὶ
1365 2782 1456 2837 τὸν
1517 2779 1706 2847 εὔκλεῆ
1770 2782 1857 2837 καὶ
1917 2782 2108 2855 σεμνὸν

465 2873 563 2933 τῆς
595 2867 745 2947 ἁγίας
776 2868 1020 2940 κλήσεως
1047 2872 1204 2946 ἡμῶν
1246 2871 1460 2927 κανόνα.

547 2958 689 3037 Cap.
724 2957 821 3023 IX.
870 2962 961 3015 Διὸ
1010 2961 1390 3033 ὑπακούσωμεν
1448 2965 1514 3037 τῇ
1562 2958 1963 3037 μεγαλοπρεπεῖ
2019 2962 2101 3019 καὶ

466 3044 654 3122 ἐνδόξῳ
710 3048 960 3125 βουλήσει
1013 3048 1172 3107 αὐτοῦ
1229 3046 1399 3131 [Θεοῦ]
1460 3084 1533 3094 —

465 3139 870 3217 ματαιοπονίαν,
904 3139 1002 3208 τήν
1033 3159 1091 3195 τε
1118 3138 1246 3219 ἔριν,
1281 3162 1335 3202 κ.
1367 3160 1420 3202 τ,
1451 3136 1502 3201 λ,

544 3228 686 3308 Cap.
752 3225 906 3290 ΧΙΠ.
974 3227 1314 3305 Μεμνημὲνοι
1370 3235 1473 3286 τῶν
1542 3227 1716 3308 λόγων
1780 3235 1872 3285 τοῦ
1921 3230 2104 3306 Κυρίου

464 3317 662 3392 Ἰησοῦ,
686 3320 772 3382 οὒς
806 3316 1061 3386 ἐλάλησεν
1104 3315 1383 3379 διδάσκων,
1445 3351 1508 3362 -
1536 3319 1582 3391 ᾧ
1612 3315 1790 3397 μέτρῳ
1833 3329 2099 3394 μετρεῖτε,

462 3406 517 3463 ὲν
548 3412 688 3481 αὐτῷ
710 3409 1097 3483 μετρηθήσεται
1126 3408 1278 3482 ὑμῖν.

543 3494 685 3575 ϐαρ.
717 3493 867 3557 XXI.
903 3494 1147 3572 ’Ἶδωμεν
1178 3502 1292 3558 πῶς
1324 3495 1478 3574 ἐγγύς
1502 3494 1645 3551 ἐστιν
1681 3492 1729 3578 [ὃ
1765 3496 1984 3577 Κύριος]
2016 3498 2101 3554 καὶ

459 3585 542 3641 ὅτι
574 3584 721 3643 οὖδέν
751 3583 968 3650 λέληθςν
1022 3585 1175 3641 αὐτὸν
1204 3587 1307 3641 τῶν
1354 3585 1572 3642 ἐνναιῶν
1620 3586 1801 3661 ἡμῶν⁹
1850 3583 1966 3643 ουδὲ
1994 3592 2101 3642 τῶν

461 3671 821 3753 διαλογισμῶν
878 3676 952 3730 ὧν
1000 3675 1289 3749 ποιούμεθα
1353 3704 1423 3719 --
1458 3674 1743 3753 ἔρευνητής
1803 3675 1901 3755 γάρ
1959 3674 2100 3733 ἐστιν

462 3762 676 3819 ἐννοιῶν
706 3763 792 3819 καὶ
820 3762 1178 3838 ἐνθυμήσεων,

540 3850 693 3915 Ibid.
758 3853 889 3916 Τοὺς
933 3852 1079 3916 νεοὺς
1148 3851 1513 3929 παιδεύσωμεν
1570 3870 1668 3922 την
1730 3853 1965 3912 παιδείαν
2009 3863 2102 3911 του

460 3939 621 4023 φόϐου
650 3949 741 3999 τοῦ
773 3948 924 3998 Θεοῡ’
979 3943 1072 4005 τὰς
1133 3956 1389 4020 γυναῖκας
1446 3946 1601 4019 ἡμῶν
1660 3945 1741 4001 επὶ
1794 3960 1856 4000 το
1905 3944 2099 4021 ἀγαθὸν

458 4026 882 4109 διορθωσώμεθα*
941 4032 1001 4088 τὸ
1073 4031 1433 4110 ἂξιαγάιτητον
1501 4032 1599 4100 τῆς
1672 4034 1882 4112 ἁγνείας
1966 4034 2096 4099 ἦθος

460 4116 885 4185 ὲνδειΞέσθωσαψ
940 4153 1018 4164 -
1050 4122 1147 4189 τὴν
1179 4122 1394 4200 ἀγάπην
1427 4125 1600 4181 αὐτῶν
1651 4127 1727 4193 μὴ
1759 4124 1894 4179 κατὰ
1924 4144 2093 4200 προσ-

458 4207 675 4289 ϐλίττεις²
720 4208 855 4266 ἀλλὰ
899 4216 1056 4266 πᾶσιν
1086 4224 1203 4274 τοῖς
1235 4209 1584 4291 φοϐουμένοις
1614 4215 1705 4269 τὸν
1737 4213 1866 4269 Θεὸν
1912 4212 2092 4286 ὁσίως,

458 4297 585 4366 ἴσην
615 4321 742 4378 παρε
752 4297 1019 4379 χέτωσαν.

538 4386 617 4449 Ex
650 4388 935 4449 hactenus
965 4387 1160 4448 allatis
1188 4388 1539 4470 collatisque
1591 4389 1739 4452 locis
1790 4390 2099 4453 manifeste
2125 4424 2165 4474 ο

458 4476 735 4558 liquet,ut
754 4475 995 4557 quidem
1020 4476 1377 4553 arbitror,ab
1403 4478 1607 4540 ultima
1628 4498 1819 4560 usque
1839 4480 2089 4559 antiqui-

458 4575 576 4628 tate
609 4564 1198 4647 l'olycarpo,Joannis
1229 4568 1600 4647 evangelista).
1631 4569 2093 4650 discipulo,fuis-

458 4656 775 4737 perlectam
810 4654 1129 4717 Clementis
1188 4653 1435 4719 Romani
1483 4656 1803 4738 Epistolam
1855 4678 1970 4740 qua
2019 4659 2094 4722 de

453 4744 705 4823 agimus,
757 4760 1007 4823 eamque
1066 4762 1187 4823 prae
1241 4745 1433 4808 oculis
1493 4745 1769 4808 habuisse
1820 4759 2091 4812 sanctum

455 4835 876 4913 Smyruensem
928 4833 1273 4913 antistitem,
1309 4833 1449 4894 dum
1508 4853 1675 4898 suam
1708 4837 1996 4901 scriberet
2019 4837 2090 4900 ad

454 4922 870 5004 Philippenses
899 4943 913 4988 :
950 4922 1106 4984 unde
1138 4930 1265 4984 orta
1295 4920 1627 4987 similitudo
1662 4925 1785 5007 illa,
1812 4945 1943 5007 quae
1973 4946 2090 4988 non

450 5012 638 5073 solum
673 5011 951 5073 eumdem
985 5012 1195 5093 stylum
1232 5011 1582 5093 ubique,sed
1615 5014 1826 5077 eadem
1851 5032 2091 5096 quoque

453 5119 607 5182 pene
636 5101 816 5163 verba
837 5101 1063 5163 referre
1111 5101 1265 5163 baud
1298 5100 1483 5164 semel
1516 5101 1767 5168 videtur.
1791 5102 1937 5167 Cum
1976 5105 2090 5168 ita-

450 5208 567 5271 que
614 5189 675 5251 in
707 5188 1130 5272 Polycarpiana
1171 5190 1447 5269 perbrevi
1489 5189 1749 5269 Epistola
1786 5202 1871 5256 tot
1901 5212 2089 5277 appa-

538 5361 585 5444 (t
607 5362 665 5444 1)
695 5358 917 5450 [’otter.
944 5363 1016 5427 ad
1033 5365 1233 5450 Clem.
1270 5365 1439 5430 Alex.
1479 5366 1700 5428 διν-ουν.
1735 5365 1841 5430 lib.
1870 5384 2093 5450 rv,cap.

461 5443 557 5520 i8,
589 5462 650 5524 p.
691 5443 833 5523 610,
868 5452 989 5505 not.
1015 5445 1077 5509 4.
2036 5443 2051 5450 ’

532 5526 583 5601 (1
597 5523 654 5601 2)
687 5522 1037 5591 Instit.hist.
1048 5525 1279 5590 Christ.
1306 5526 1717 5608 major.m.t,
1728 5526 1858 5609 p.24
1873 5527 2093 5594 2-215.

2201 1782 2491 1860 nobisque
2514 1782 2825 1847 observata
2856 1783 2930 1845 de
2982 1782 3403 1867 l‘olycarpiana
3453 1784 3715 1849 lectione
3741 1806 3850 1849 oc-

2198 1880 2466 1945 currunt,
2502 1872 2558 1931 in
2593 1892 2775 1934 unum
2800 1881 3080 1949 congesta
3105 1882 3279 1954 atque
3312 1875 3566 1939 invicem
3599 1895 3842 1957 compa-

2196 1968 2321 2019 rata
2360 1960 2418 2021 in
2467 1961 2725 2023 medium
2761 1962 3052 2042 proferre.
3085 1962 3170 2024 En
3198 1964 3396 2047 itaque
3426 1965 3690 2029 locorum
3724 1967 3849 2029 ali—

2199 2056 2338 2129 quot
2370 2051 2832 2129 parallelismum
2866 2051 3217 2113 institutum.

2523 2144 2722 2225 Epist.
2760 2144 3085 2225 Polycarpi
3115 2146 3197 2207 ad
3230 2146 3503 2229 Philipp.

2274 2235 2416 2317 Cap.
2474 2235 2572 2298 IV.
2629 2237 2927 2314 Διδάξωμεν
2983 2273 3059 2283 -
3108 2240 3200 2305 τὰς
3259 2258 3517 2319 γυναῖκας
3573 2246 3720 2319 ὑμῶν
3751 2278 3835 2292 .-

2192 2327 2505 2404 στεργούσας
2548 2328 2669 2391 τοὺς
2712 2328 2907 2383 ἑαυτῶν
2956 2326 3143 2404 ἄνδρας
3177 2328 3231 2385 ἐν
3274 2331 3421 2408 πάσῃ
3483 2331 3705 2407 ἣληθείᾳ
3753 2332 3845 2392 καὶ

2194 2448 2271 2460 —-
2302 2415 2354 2471 ἐν
2387 2416 2529 2493 πέσῃ
2562 2416 2839 2495 ἐγκρατείᾳ

2276 2505 2416 2586 Cap.
2453 2503 2547 2569 ΙΧ.
2589 2506 2781 2584 Πέτρος
2817 2508 2906 2563 καὶ
2939 2506 3140 2570 Παῦλος
3170 2540 3249 2552 —-
3277 2507 3418 2565 οὗτοι
3453 2510 3728 2575 πὶντες-
3765 2516 3842 2577 εἷς

2194 2597 2285 2651 τὸν
2317 2592 2659 2675 ὀφειλόμενον
2691 2595 2873 2660 αὐτοῖς
2906 2597 3067 2652 τόπον
3102 2597 3200 2654 sibi
3231 2599 3371 2676 παρὰ
3405 2605 3476 2673 τῷ
3508 2601 3700 2677 Κυρίῳ.

2274 2683 2415 2764 Cap.
2468 2682 2596 2747 νιΙ.
2665 2687 2757 2741 Διὸ
2814 2684 3168 2750 ἀπολιπόντες
3220 2688 3319 2754 τὴν
3363 2690 3700 2764 ματαιότητα
3730 2694 3843 2749 τῶν

2190 2774 2405 2833 πολλῶν
2436 2810 2491 2820 -
2548 2774 2632 2832 ἰπὶ
2662 2776 2751 2831 τὸν
2782 2773 2833 2840 ἐξ
2863 2775 3039 2855 ἀρχῆς
3089 2777 3226 2845 ἡμῖν
3273 2774 3625 2855 παραδοθέντα
3674 2778 3841 2861 λόγον

2188 2864 2590 2944 ἕπιστρὲψωμεν
2602 2914 2615 2927 ,

2270 2953 2411 3035 Cap.
2443 2955 2515 3018 Il.
2556 2955 2645 3011 Διό
2674 2952 3070 3029 ἀναζωσάμενοι
3124 2956 3213 3018 τὰς
3249 2956 3470 3032 ὀσφύας,
3520 2954 3836 3017 δουλεύσατε

1591 3047 1947 3113 ἀπολιπόντες
2007 3050 2104 3117 τὴν
2123 3098 2162 3124 ρ
2188 3050 2263 3121 τῷ
2293 3050 2406 3118 Θεῷ
2429 3044 2481 3101 ἐν
2511 3042 2659 3124 φόϐῳ
2687 3044 2774 3100 καὶ
2801 3042 3042 3117 ἀληθεία,
3104 3042 3459 3109 ἀπολιπόντες
3513 3046 3614 3115 τὴν
3671 3050 3839 3118 κενὴν

2188 3133 2590 3211 ματαιολογίαν,
2624 3135 2708 3190 καὶ
2738 3134 2835 3200 τὴν
2866 3135 2969 3189 τῶν
3002 3131 3214 3189 πολλῶν
3244 3131 3477 3201 πλάνην,

2269 3224 2411 3302 Cap.
2441 3221 2513 3283 ΙΙ.
2553 3222 3020 3297 Μνημονεύσαντες
3051 3220 3104 3278 δὲ
3134 3226 3208 3279 ὧν
3236 3224 3392 3280 εἶπεν
3436 3227 3463 3280 ὁ
3510 3226 3697 3304 Κύριος
3747 3225 3839 3285 δι..

2187 3310 2417 3368 δάσκων·
2442 3343 2518 3354 —
2542 3309 2593 3366 ἐν
2651 3309 2698 3385 ᾦ
2744 3308 2921 3389 μέτρῳ
2978 3322 3246 3389 μετρεῖτε,
3314 3310 3839 3391 ἀντιμετρηθήσεται

2186 3403 2333 3461 ὑμῖν.

2266 3491 2409 3571 Cap,
2471 3487 2566 3552 IV.
2620 3489 2845 3551 Γινώσκ.
2880 3522 2952 3535 -
2987 3487 3068 3545 ὅτι
3127 3487 3177 3570 [ὃ
3236 3487 3388 3573 Θεὸς]
3446 3493 3617 3549 πάντα
3674 3494 3836 3569 hyali:

2184 3593 2513 3661 σκοπεϊται,
2576 3581 2663 3637 καὶ
2718 3578 2938 3647 λέληθεν
2995 3578 3149 3637 αὐτὸν
3207 3577 3354 3640 οὐδὲν
3382 3629 3400 3662 ,
3450 3580 3568 3638 οὔτε
3635 3581 3833 3661 λογισ-

2182 3678 2320 3753 ι,ι,ὦν³
2386 3668 2501 3729 οὔτε
2556 3670 2793 3745 ἐννοιῶν,
2852 3669 2969 3727 οὔτε
3031 3691 3080 3726 τι
3133 3675 3240 3727 τῶν
3291 3673 3534 3747 κρυπτῶν
3561 3677 3661 3740 τῆς
3691 3694 3834 3753 καρ-

2181 3760 2315 3826 δίας.

2263 3848 2413 3914 Ibid.
2479 3846 2778 3924 Διδάξωμεν
2838 3881 2907 3893 -
2970 3850 3063 3913 τὰς
3145 3862 3404 3927 γυναῖκας
3481 3852 3630 3926 ὑμῶν
3691 3851 3833 3931 [πο-

2182 3935 2435 4021 ρεύεσθαι]
2493 3937 2545 3993 ἐν
2605 3944 2674 4015 τῇ
2720 3936 2926 4014 δοθείσῃ
2999 3939 3188 4004 αὐταῖς
3249 3938 3421 3995 πίστει
3484 3942 3573 3998 καὶ
3637 3941 3831 4021 ἀγάπῃ

2181 4033 2269 4088 καὶ
2322 4030 2504 4108 ἁγνείᾳ
2532 4060 2612 4074 ---
2641 4029 2729 4084 καὶ
2776 4026 3063 4107 ἂγαπώσας
3124 4028 3328 4091 πάντας
3364 4027 3416 4095 ἐξ
3444 4027 3568 4086 ἵσου
3596 4033 3653 4087 ἓν
3682 4032 3834 4108 πάσῃ

2179 4121 2478 4199 ἔγκρατείᾳ·
2512 4121 2597 4174 καὶ
2630 4119 2693 4173 τὰ
2724 4116 2881 4173 τέκνα
2913 4114 3182 4173 παιδεύειν
3209 4117 3310 4185 τὴν
3339 4116 3578 4176 παιδείαν
3610 4124 3702 4178 τοῦ
3724 4122 3831 4197 96--

2182 4212 2275 4286 βου
2306 4216 2397 4267 τοῦ
2440 4215 2591 4267 Θεοῦ.

2184 4394 2355 4449 reant
2386 4385 2775 4449 Clementinae
2797 4384 3223 4465 vestigia;hanc
3257 4403 3433 4446 unam
3464 4385 3541 4448 ob
3559 4403 3831 4469 causam,

2184 4476 2496 4549 Bernardi,
2528 4474 2737 4540 Clerici
2780 4492 2848 4535 ac
2894 4473 3205 4537 Moshemii
3254 4476 3721 4556 conjectationes
3750 4477 3831 4541 de

2185 4567 2362 4648 hujus
2404 4564 2635 4627 laciniis
2663 4583 2732 4626 ex
2765 4563 3072 4628 Clemente
3101 4565 3506 4628 Alexandrino
3539 4566 3829 4648 desump-

2190 4656 2284 4733 tis,
2317 4656 2561 4717 omnino
2592 4663 2945 4717 evanescant
2973 4662 3227 4736 oportet.

2257 4744 2462 4825 Neque
2488 4744 2586 4807 alii
2621 4743 2882 4825 profecto
2908 4742 3254 4823 desunt,qui
3288 4742 3556 4823 ejusdem
3592 4742 3829 4825 Episto-

2179 4835 2249 4898 lze
2265 4835 2661 4898 sinceritatem
2679 4832 2739 4894 in
2754 4832 2998 4894 dubium
3026 4839 3326 4914 revocent;
3355 4836 3515 4914 quod
3538 4832 3825 4897 nimirum

2178 4923 2461 4985 nonnulla
2493 4922 2756 4986 fabulosa
2785 4939 2908 5002 pra;
2928 4939 2991 4983 se
3014 4920 3185 4998 ferat;
3221 4923 3376 5003 quod
3429 4922 3629 5004 aliqua
3664 4922 3723 4984 in
3757 4942 3831 4985 ea

2175 5013 2589 5076 desiderantur
2608 5030 2641 5074 a
2671 5012 2912 5071 vetustis
2938 5009 3211 5071 Patribus
3240 5009 3512 5090 allegata,
3547 5021 3665 5077 etc.
3696 5012 3823 5075 Sed

2177 5105 2285 5166 hos
2317 5103 2675 5165 morosiores
2705 5100 2879 5162 critic
2893 5117 2961 5161 os
2986 5099 3197 5162 missos
3221 5099 3490 5164 facimus:
3519 5111 3639 5163 tum
3667 5101 3832 5184 quod

2176 5210 2382 5257 eorum
2414 5190 2784 5272 objectiones
2810 5190 2969 5253 fluxo
2996 5188 3146 5251 adeo
3176 5189 3292 5251 talo
3326 5189 3615 5270 nitantur,
3632 5200 3697 5254 ut
3724 5208 3829 5274 pe-

2259 5365 2389 5509 ((413)
2426 5365 2655 5428 Praefat.
2705 5362 2776 5427 ad
2828 5361 3014 5446 Epist.
3067 5360 3173 5428 SS.
3235 5361 3347 5428 PP.
3382 5364 3635 5447 apostol.
3669 5364 3833 5429 circa

2259 5465 2280 5509 ι
2328 5493 2341 5507 .

2182 5464 2317 5511 ιηεα
2328 5493 2341 5507 .
