4050 6232
198 168 288 234 169

1434 170 1805 249 PRQCEMIA
1851 173 2273 277 VAtttoaUM.

3413 188 3530 252 170

187 306 294 366 dam
322 322 493 402 sacrae
518 304 834 403 Scriptum
861 303 1045 405 locis:
1076 306 1516 405 correptionem
1551 323 1784 405 quoque
1810 316 1843 362 Α
1871 308 2023 405 stolo
2054 310 2323 393 fundata,
2344 313 2415 374 ad
2452 332 2628 394 quam
2662 314 2777 375 rite
2808 316 3233 401 instituendam
3266 321 3423 405 idem
3452 323 3522 395 Β,

182 404 261 455 aut
290 393 463 471 potius
493 391 923 455 correctionem
952 392 1279 456 fraternam
1303 413 1335 455 a
1364 393 1656 455 ministris
1677 395 1787 457 Ec-

180 484 340 543 clesiae
369 483 800 562 suscipiendam
827 482 1015 542 docet.
1051 484 1155 545 Ast
1178 501 1376 544 nonne
1410 482 1567 543 idem
1604 483 1783 545 etiam

177 574 320 635 docet
349 572 661 633 concilium
696 570 1116 633 Tridentinum
1153 573 1417 633 sessione
1460 572 1558 645 l4,
1583 590 1713 654 cap.
1752 574 1788 633 5

177 671 224 721 et
246 679 453 720 canone
484 660 521 723 6
545 666 573 722 ?

246 749 667 811 Confessionem
694 757 889 809 autem
919 748 1250 812 faciendam
1277 768 1407 811 esse
1435 748 1794 830 presbyteris

182 858 237 899 ex
266 837 571 898 Clementis
605 838 870 916 epistolas
915 839 1108 917 capite
1138 839 1214 900 57
1247 843 1500 918 constat,
1536 837 1634 898 ubi
1666 839 1748 898 ait
1778 858 1791 899 :

185 927 389 990 Subditi
398 925 1036 1005 estotepresbyter~is.et
1055 929 1490 1005 correptionem
1510 929 1797 1005 suscipite

184 1022 235 1078 in
255 1017 993 1094 paenitentiam/iecimus
1015 1034 1214 1094 genua
1238 1018 1442 1079 cordis
1463 1017 1797 1087 vestri,dis-

185 1107 282 1167 cite
306 1106 533 1183 subjici,
567 1105 934 1182 deponentes
966 1118 1359 1186 arrogantem
1390 1113 1448 1167 et
1476 1106 1792 1184 superbam

182 1194 381 1274 (inquae
411 1202 625 1256 vestrae
644 1195 1043 1273 jactanlinm.
1057 1238 1069 1253 .
1084 1240 1124 1255 ..

245 1282 432 1343 Tradit
456 1300 691 1362 quoque
718 1283 1116 1345 universalem
1146 1300 1278 1343 esse
1303 1293 1679 1363 peccatorum
1706 1300 1798 1344 re-

178 1372 511 1443 missionem,
542 1380 600 1431 et
626 1372 850 1434 nullum
874 1390 1006 1433 esse
1030 1371 1526 1453 peccatum,quod
1557 1380 1684 1451 post
1708 1390 1800 1432 se-

179 1462 303 1521 riam
327 1460 728 1540 pmnitentiam
758 1479 863 1541 per
887 1460 1103 1522 Christi
1132 1460 1412 1523 meritum
1438 1478 1555 1521 non
1587 1461 1793 1522 remit-

180 1559 312 1611 tatur
335 1549 476 1628 (35).

1873 398 2085 489 Paulus
2117 399 2282 463 binas
2305 401 2550 466 dedcrat
2578 401 2871 484 Epistolas
2896 398 3139 470 afﬂante
3166 398 3391 489 Spiritu
3425 413 3520 474 di-

1872 487 2003 547 vino
2024 490 2430 571 scriptas,quaa
2456 492 2666 557 eodem
2695 494 2821 557 fere
2846 504 3117 577 tempore
3146 487 3321 560 fidem
3349 502 3525 565 Chri—

1872 578 1945 637 sti
1970 577 2041 640 ab
2067 581 2353 656 apostolis
2377 583 2586 663 edocta
2619 582 2830 657 fuerat,
2862 605 2978 667 quo
3003 587 3275 667 Ecclesia
3300 592 3523 656 Roma-

1880 684 1951 728 na
1979 687 1993 747 ;
2028 677 2126 759 aut
2157 688 2288 749 quae
2319 672 2524 751 majori
2558 671 2707 733 forte
2732 673 2973 752 gloriari
3000 672 3232 755 poterat
3260 680 3522 759 antiqui-

1880 762 2030 835 tate;
2070 758 2126 817 in
2161 778 2273 839 qua
2301 760 2451 821 adeo
2485 760 2698 823 divites
2746 770 2807 826 et
2859 764 3091 827 nobiles
3142 758 3526 831 versabantur

1878 845 2217 941 Christiani,
2254 856 2319 909 ut
2377 868 2513 941 suas
2565 851 2978 941 eleemosynas
3023 857 3246 918 exteris
3291 878 3525 941 quoque

1878 933 2161 1028 Ecclesiis
2206 939 2678 1028 transmitterem
2709 964 2725 1013 ;
2779 940 3072 1023 Ecclesia,
3108 933 3371 1028 inquam,
3404 933 3522 1015 Cc-

1878 1020 2113 1094 rinthia,
2153 1034 2288 1119 orta‘
2309 1026 2563 1119 quadam
2593 1028 3005 1119 seditione,ad
3035 1020 3369 1094 Ecclesiam
3396 1033 3519 1119 Bo-

1883 1129 2113 1172 manam
2148 1114 2430 1195 confugit,
2467 1126 2524 1177 et
2553 1116 2626 1177 ab
2661 1136 2728 1178 ea
2752 1110 3038 1181 auxilium
3073 1122 3237 1201 petit.

1967 1226 1991 1255 «
2027 1202 2421 1291 Advertamus
2459 1206 2680 1286 pariter
2727 1208 2798 1268 ad
2856 1217 3113 1291 tempus,
3144 1231 3262 1291 quo
3312 1214 3522 1278 seditio

1882 1290 2374 1389 h_a3c_inEcclesia
2398 1294 2705 1385 corinthia
2724 1304 2850 1359 orta
2877 1308 2993 1389 est,
3018 1319 3384 1389 nempe,quo
3406 1303 3521 1367 Ec-

1882 1379 2063 1441 clesia
2098 1383 2357 1443 Romana
2389 1380 2477 1445 sat
2524 1403 2759 1465 gravem
2797 1387 3127 1451 exantlabat
3156 1379 3523 1472 persecutio-

1881 1487 2017 1560 nem
2049 1493 2063 1542 ;
2097 1490 2213 1546 quo
2246 1472 2491 1548 quidem
2520 1474 2713 1536 adhuc
2736 1475 3007 1538 vivebant
3037 1481 3321 1560 apostoli;
3351 1482 3527 1545 disci-

1876 1557 1999 1639 puli
2023 1577 2162 1620 vero
2187 1560 2403 1623 Christi
2434 1571 2491 1624 et
2509 1565 2909 1645 apostolorum
2940 1557 3389 1648 quamplurimi,
3417 1574 3522 1635 viri

249 1639 390 1701 Alibi
431 1641 607 1739 etiam
650 1639 823 1739 docet
856 1637 980 1717 (36)
1012 1640 1105 1740 ad
1132 1639 1621 1718 justifieationem
1676 1660 1789 1701 no-
1815 1629 1852 1679 Β
1875 1629 2070 1740 autem
2104 1651 2424 1740 apostolico
2449 1629 2665 1732 spiritu
2687 1642 2847 1717 ducti
2875 1629 3011 1716 vere
3043 1629 3523 1740 indumerivgqu‘o

182 1737 338 1790 stram
368 1748 432 1789 ac
459 1729 880 1789 remissionem
910 1738 1285 1806 peccatorum
1307 1739 1644 1791 nostrorum
1677 1746 1792 1792 non

190 1818 341 1880 ﬁdem
373 1827 623 1891 tantum,
658 1820 762 1879 sed
800 1828 857 1878 et
886 1818 1236 1879 cbaritatem
1270 1820 1521 1895 requiri.

252 1908 428 1969 Multis
450 1909 697 1987 insuper
719 1916 957 1968 sanctus
987 1907 1265 1970 Clemens
1284 1908 1545 1969 declarat
1569 1926 1796 1988 praece-

182 2003 265 2077 pta
284 1996 376 2061 Dei
399 1998 602 2058 omnia
627 2007 686 2058 et
711 2015 817 2058 nos
845 2015 1018 2076 posse
1051 2014 1315 2070 servare,
1341 2006 1397 2057 et
1427 2017 1461 2058 a
1490 1997 1661 2058 nobis
1684 2017 1793 2059 ne-

181 2089 404 2148 cessario
425 2087 715 2148 servanda
736 2105 890 2147 esse.
915 2085 1065 2147 Cum
1080 2086 1399 2166 diligentia
1422 2094 1476 2149 et
1497 2087 1797 2153 alacrita—

180 2177 324 2253 le,ait
343 2177 464 2257 ipse
490 2179 642 2255 (3‘7),
652 2178 1003 2255 festinemus
1028 2193 1205 2237 omne
1229 2193 1378 2256 opus
1404 2176 1624 2239 bonum
1652 2194 1794 2255 per-

176 2268 394 2345 ﬁcere...
412 2315 446 2329 ..
480 2266 583 2328 Ea:
607 2272 744 2329 totis
770 2266 1002 2328 viribus
1026 2283 1335 2345 operemur
1352 2268 1791 2346 apusjustitim.

282 2355 420 2436 §\'I.
476 2356 565 2417 De
608 2356 980 2417 auctoritate
1028 2354 1315 2417 Ecclesiae
1358 2356 1669 2418 Romanae.

248 2448 323 2508 De
341 2446 610 2525 dogmate
632 2445 877 2523 quidem
902 2444 1391 2523 catholico,quod
1423 2463 1492 2507 ex
1516 2446 1795 2524 praescri-

186 2545 266 2613 pto
291 2536 516 2599 concilii
545 2534 888 2597 Tridentini
921 2534 1098 2595 etiam
1129 2533 1367 2614 publice
1400 2535 1792 2615 proﬁtemur:

186 2634 412 2686 sanctam
439 2627 725 2686 nimirum
741 2624 1094 2685 catholicam
1122 2637 1180 2683 et
1196 2624 1580 2703 apostolicam
1594 2625 1802 2687 Eccle-

183 2712 307 2772 siam
334 2715 652 2774 Romanam
682 2729 811 2772 esse
835 2711 1099 2772 omnium
1126 2712 1526 2773 Ecclesiarum
1552 2721 1798 2774 matrem

184 2812 235 2863 et
282 2802 641 2881 magistram,
681 2802 737 2861 in
795 2801 1043 2881 epistola
1070 2819 1177 2862 sua
1221 2801 1431 2863 nullibi
1467 2802 1797 2880 explicitam

180 2894 508 2954 mentionem
535 2891 682 2953 facit
708 2891 875 2950 divus
904 2890 1202 2953 Clemens.
1226 2888 1445 2951 Verum
1474 2892 1520 2951 si
1556 2891 1798 2971 potissi-

1878 1732 1936 1831 tn
1966 1738 2103 1831 Asia
2132 1739 2316 1831 multo
2344 1742 2549 1831 magis,
2576 1756 2638 1804 ut
2658 1744 2867 1806 saltem
2900 1745 3157 1831 ominari
3184 1732 3525 1831 licet,vige-

1878 1827 1976 1918 bat
2005 1827 2336 1890 Christiana
2371 1830 2602 1912 religio,
2638 1851 2706 1894 ac
2740 1832 2798 1893 in
2850 1833 2980 1914 ipsa
3031 1826 3180 1897 urbe
3230 1826 3519 1918 Romana,

1880 1917 1981 1978 ubi
2012 1918 2382 2012 superstitio
2414 1920 2652 2012 gentilis
2705 1920 2832 1984 fere
2887 1925 3078 1987 omnis
3127 1944 3231 1987 sua
3280 1930 3523 2012 templa,

1884 2025 2021 2067 suos
2054 2007 2313 2069 cultores
2369 2008 2663 2084 habebat;
2699 2030 2817 2087 quo
2875 2012 3169 2076 Ecclesia;
3206 2007 3521 2094 columnae,
3594 2073 3605 2085 .

1885 2096 1999 2156 divi
2029 2115 2243 2175 nempe
2275 2098 2525 2175 apostoli
2543 2102 2749 2179 Petrus
2779 2110 2835 2162 et
2865 2099 3084 2165 Paulus
3108 2103 3231 2183 jam
3264 2096 3524 2183 defuncti

1883 2196 2076 2265 erant,
2102 2205 2216 2264 quo
2268 2194 2464 2247 autem
2512 2178 2747 2251 vivebat
2790 2190 3003 2259 adhuc,
3041 2178 3127 2253 ut-
3152 2212 3221 2255 ex
3267 2180 3525 2261 Eusebio

1882 2265 2189 2358 discimus,
2225 2266 2475 2358 dilectus
2527 2266 2741 2358 Christi
2775 2270 3102 2349 discipulus
3132 2273 3300 2337 divus
3345 2295 3525 2358 apos-

1883 2355 2045 2445 tolus_
2063 2363 2121 2445 et
2153 2356 2510 2434 evangelista
2538 2356 2825 2439 Joannes,
2852 2359 2940 2422 vel
2963 2361 3021 2445 in
3043 2360 3237 2426 insula
3261 2355 3518 2445 Patmos,

1882 2444 1971 2506 vel
2006 2443 2221 2526 Ephesi
2254 2444 2499 2525 degens.
2992 2442 2997 2449 ’

1962 2535 2049 2597 De
2068 2533 2347 2597 Ecclesia
2379 2536 2674 2599 Romana.
2703 2574 2762 2583 —
2794 2561 2816 2595 α
2852 2538 3105 2611 Quinam
3154 2560 3328 2622 porro
3354 2554 3523 2608 erant

1884 2624 2156 2698 Romani,
2213 2625 2283 2715 ad
2344 2644 2495 2715 quos
2549 2625 2811 2689 Ecclesia
2859 2620 3168 2692 Corinthia
3217 2633 3525 2715 confugit?

1887 2716 2093 2777 Nonne
2125 2714 2182 2774 in
2216 2714 2342 2793 ipsa
2372 2712 2636 2777 Ecclesia
2667 2715 2938 2780 Romana
2969 2720 3299 2783 viventibus
3328 2712 3521 2787 adhuc

1883 2803 2170 2884 apostolis
2202 2802 2372 2864 Petro
2407 2811 2466 2865 et
2512 2803 2694 2864 Paulo
2741 2809 3152 2869 contentiones
3183 2822 3327 2872 ortae
3355 2824 3523 2875 erant

1885 2894 2036 2953 inter
2067 2911 2193 2971 eos,
2227 2891 2333 2981 qui
2377 2909 2447 2952 ex
2495 2888 2817 2981 Synagoga,
2854 2904 2912 2956 et
2956 2895 3113 2958 inter
3157 2917 3280 2974 eos,
3321 2902 3422 2981 qui
3454 2922 3524 2964 ex

178 2978 1854 3060 mumscopum,aliaquehujusepistolaaaccidentiaritec
1882 2981 2155 3061 gentibus
2183 2981 2255 3043 ad
2304 2979 2445 3043 Jesu
2495 2978 2708 3043 Christi
2766 2982 2943 3046 (idem
2997 2986 3181 3048 vocati
3233 2978 3420 3065 erant,
3458 3001 3521 3052 ut

177 3071 609 3150 perpendamus,
638 3078 729 3129 sat
755 3069 911 3130 clare
939 3068 1241 3148 praefatum
1265 3067 1479 3148 dogma
1502 3069 1640 3130 inde
1662 3072 1786 3131 col~

176 3160 368 3236 ligitur,
394 3159 770 3239 deduxitque
798 3160 885 3218 vir
907 3157 1273 3219 clarissimus
1297 3155 1467 3218 Pater
1488 3156 1793 3221 Conradus

176 3247 330 3309 Ebert
351 3247 775 3310 Benedictinus
797 3256 1197 3309 sacrosanctae
1222 3247 1534 3327 theologia;
1558 3249 1792 3328 profes-

178 3355 262 3397 sor
278 3337 583 3399 Fuldensis
597 3337 659 3398 in
674 3338 833 3399 hunc
852 3337 973 3398 fere
991 3336 1256 3400 modum.
1279 3335 1363 3398 En
1382 3337 1567 3418 ipsius
1590 3339 1789 3401 verba:

187 3455 208 3485 ι
236 3430 616 3492 Enimvero-si
650 3437 1123 3510 perscrutemur,
1158 3429 1401 3510 quinam
1427 3430 1514 3492 illi
1547 3431 1787 3507 fuerint,

183 3521 268 3596 qui
288 3520 370 3581 vel
390 3520 603 3581 litteris
628 3528 768 3580 ante
786 3519 958 3593 datis,
986 3521 1080 3580 vel
1114 3518 1403 3580 utsaltem
1430 3520 1792 3600 probabilis-

175 3608 357 3670 simum
389 3610 643 3690 videtur,
665 3608 958 3688 legatione
984 3608 1162 3669 missa
1181 3627 1213 3669 a
1233 3607 1499 3670 Romana
1526 3608 1794 3672 Ecclesia

169 3708 275 3776 post
299 3710 449 3762 ortas
479 3698 643 3760 inter
672 3718 739 3760 se
783 3697 1179 3759 contentionis
1238 3696 1442 3759 turbas
1498 3699 1784 3761 auxilium

1877 3070 2133 3152 Epistola
2164 3070 2283 3130 divi
2313 3068 2478 3130 Pauli
2509 3069 2580 3130 ad
2636 3070 2936 3134 Romanos
2982 3083 3071 3135 sat
3114 3077 3273 3138 clare
3320 3079 3515 3145 docet.

1876 3163 2091 3223 Nonne
2115 3160 2237 3239 jam
2270 3157 2409 3219 bina
2439 3160 2564 3220 vice
2592 3177 2828 3237 gravem
2854 3164 3340 3241 persecutionem
3376 3186 3516 3246 per-

1878 3268 2050 3328 pessa
2083 3251 2293 3321 fuerat,
2328 3257 2428 3309 aut
2455 3248 2649 3310 adhuc
2692 3259 2830 3310 tunc
2881 3251 3213 3313 exantlabat
3254 3252 3518 3318 Ecclesia

1876 3337 2348 3400 Christianorum
2399 3338 2714 3401 Romana?
2744 3357 2943 3401 nonne
2973 3340 3136 3403 nulla
3185 3344 3241 3403 ei
3281 3342 3354 3405 ab
3408 3344 3517 3406 im-

1878 3426 2247 3508 peratoribus
2276 3426 2453 3490 totius
2481 3426 2605 3488 fere
2623 3426 2785 3489 orbis
2810 3429 3065 3491 dominis
3082 3432 3263 3506 salus,
3285 3433 3513 3496 nullum

1877 3516 2069 3578 eidem
2128 3534 2162 3577 a
2213 3523 2443 3587 senatu,
2479 3515 2815 3597 populoque
2871 3516 3136 3582 Romano
3184 3522 3516 3584 auxilium?

1879 3624 2076 3669 nonne
2105 3605 2197 3667 vel
2229 3605 2345 3685 ipsi
2377 3603 2700 3666 nobiliores
2754 3607 3035 3670 Ecclesiae
3085 3612 3388 3685 Romana,
3425 3613 3513 3675 vel

1877 3698 1933 3756 in
1967 3695 2238 3758 exsilium
2273 3693 2437 3754 missi
2470 3702 2637 3753 erant
2668 3693 3012 3771 Christiani,
3046 3706 3147 3759 aut
3179 3703 3237 3760 in
3287 3702 3517 3779 angulis

172 3788 457 3865 petierunt,
490 3788 543 3848 si
598 3798 860 3868 tempus,
893 3805 1035 3867 quo,
1061 3786 1139 3866 si,
1169 3786 1240 3847 ad
1276 3805 1422 3867 quos
1453 3787 1788 3866 confugerit
1871 3781 2346 3847 delitescebant‘.’
2375 3780 2449 3842 ad
2483 3781 2634 3843 hanc
2667 3783 2843 3861 igitur
2881 3785 3207 3849 Ecclesiam
3237 3790 3512 3852 celeber-

169 3874 395 3940 Ecclesia
429 3878 905 3950 Corinthiorum,
941 3877 990 3937 si
1023 3894 1113 3955 ea,
1142 3894 1276 3957 quas
1326 3888 1455 3956 post
1501 3878 1783 3959 scriptam
1870 3875 2020 3935 rima
2040 3872 2473 3936 Corinthiorum
2508 3872 2778 3933 Ecclesia
2807 3875 3086 3955 confugit.

172 3966 294 4026 hanc
320 3968 628 4049 epistolam
665 3966 1000 4046 evenerint,
1023 3966 1136 4027 rite
1159 3966 1590 4042 examinemus,
1618 3969 1785 4047 plura

1955 3988 1981 4020 κ
2013 3962 2083 4024 Et
2104 3979 2236 4041 quae
2265 3962 2503 4021 demum
2540 3960 2820 4022 eveniunt
2847 3965 3297 4043 postobtentam
3323 3986 3357 4029 a
3379 3969 3509 4029 divo

170 4071 305 4118 certe
329 4048 669 4134 occurrent,
696 4074 831 4136 quae
861 4055 1321 4118 celeberrimum
1357 4056 1466 4116 hoc
1499 4054 1783 4120 Ecclesia:
1868 4054 2198 4131 Clemente,
2224 4050 2466 4110 nomine
2483 4048 2766 4111 Ecclesiae
2788 4053 3091 4135 Romanae,
3113 4056 3425 4136 epistolam
3452 4060 3507 4117 in

173 4146 436 4209 catholicas
463 4148 687 4224 dogma
717 4164 892 4227 quam
927 4145 1181 4206 maxime
1214 4143 1513 4205 illustrant
1543 4154 1601 4206 et
1633 4166 1781 4209 con-
1809 4142 2131 4230 DEcclesia
2151 4137 2631 4230 Corinthiorum?
2648 4151 2840 4201 cessat
2857 4143 3256 4213 sedilio,redit
3278 4148 3508 4208 sereni-

176 4234 394 4299 ﬁrmant.

1870 4242 1955 4294 tas
1986 4228 2168 4311 pacis,
2200 4237 2261 4288 ut
2301 4246 2370 4288 ex
2427 4226 2653 4288 Irenaeo
2703 4230 3009 4295 discimus.
3063 4234 3325 4313 Epistola
3385 4234 3512 4299 haec

244 4352 262 4376 -
282 4325 535 4389 Ecclesia
548 4323 853 4388 Corinthia
873 4342 907 4385 a
927 4322 1323 4415 celeberrimo
1344 4324 1609 4403 gentium
1634 4325 1786 4407 Apo-
1871 4334 2029 4389 tanto
2052 4318 2330 4399 applausu
2348 4316 2567 4377 ibidem
2582 4319 2999 4398 suscipitur,ut
3022 4342 3195 4402 porro
3217 4343 3321 4404 per
3339 4325 3509 4404 plura

173 4444 414 4529 seditionis
441 4462 507 4502 ac
535 4445 890 4503 dissensionis
919 4443 1077 4501 duces
1122 4452 1169 4498 et
1200 4445 1498 4529 principes
1510 4445 1783 4529 fuerunt,
1865 4455 2111 4529 propter
2130 4451 2400 4529 nostram
2411 4438 2669 4529 salutem
2694 4444 3060 4521 e/fusus,toti
3076 4447 3297 4529 mundo
3309 4449 3475 4525 paeni
3492 4478 3513 4492 -

174 4522 325 4607 debent
369 4542 688 4584 communem
753 4541 903 4600 spem
942 4526 1415 4607 contemplari.....
1472 4524 1656 4607 Melius
1712 4532 1789 4585 est
1865 4519 2078 4592 tentia:
2095 4524 2324 4607 gratias
2344 4519 2559 4583 obtulit
2590 4519 2989 4607 Recur1_'amus
3009 4528 3091 4588 ad
3110 4519 3514 4607 omnes-gene-

178 4606 747 4687 ltmninicouﬁteride
764 4606 1107 4687 lapsibuset
1128 4608 1387 4685 peccatis
1430 4606 1789 4687 (ἐξομολογεῖ-
1874 4603 3511 4687 ναίὶοηέεφίίεςαηιψδψεᾳιιοίιλὶιιθεηεναιὶοηεριρεηε-

176 4690 269 4741 σθιι
312 4690 421 4764 περὶ
464 4681 569 4745 τῶν
621 4681 1093 4765 παριπέωμάτων)
1129 4681 1329 4765 ’ᾳααηι
1362 4681 1662 4750 indurare
1690 4681 1793 4751 cor

1887 4692 2114 4750 ratione
2137 4681 2505 4765 pestilentiae
2533 4681 2729 4745 locum
2756 4681 3050 4747 Dominus
3071 4687 3235 4749 dedit
3249 4681 3510 4747 volenti-

174 4778 321 4835 Mm,
348 4777 503 4840 prout
534 4765 862 4823 induratum
906 4774 981 4823 est
1010 4783 1099 4821 cor
1136 4780 1323 4823 eorum
1350 4768 1445 4840 qui
1478 4775 1672 4824 contra
1706 4769 1796 4840 fa-

178 4846 341 4901 αυιααι
380 4848 478 4905 Dei
524 4846 743 4920 Moysen
769 4846 1083 4903 seditionem
1111 4846 1474 4918 βατιάκια...
1514 4846 1797 4914 Clemens,

180 4925 314 4993 epist.
342 4930 390 4994 1,
419 4944 545 4999 cap.
582 4929 647 4984 51
694 4937 748 4984 et
778 4929 963 4998 capite
999 4926 1090 4995 52,
1123 4927 1200 4986 ait
1233 4944 1248 4984 :
1280 4926 1493 4985 Nullius
1540 4929 1646 4994 rei,
1678 4928 1802 5001 fra-

181 5010 287 5074 tm,
311 5007 513 5081 indigus
534 5016 615 5067 est
644 5008 913 5065 Dominus
939 5009 1201 5076 omnium,
1250 5025 1343 5064 nec
1397 5008 1680 5083 quidquam
1718 5009 1805 5066 de-

182 5084 373 5155 siderat,
400 5096 762 5163 proterquam
821 5094 884 5145 ut
929 5089 979 5144 ei
1027 5087 1123 5159 ﬁat
1176 5089 1456 5160 confessio.
1510 5090 1605 5146 Ait
1664 5091 1799 5145 enim

183 5164 343 5223 electus
367 5166 535 5227 David
567 5188 587 5227 :
622 5190 646 5221 ‹
683 5167 982 5240 Conﬁtebor
1008 5168 1253 5234 Domino,
1302 5175 1353 5226 et
1370 5168 1599 5242 placebit
1631 5171 1679 5225 ei
1702 5186 1799 5228 su-

180 5259 263 5323 per
282 5248 501 5305 citatum
523 5249 803 5317 novellum,
833 5265 1029 5305 cornua
1070 5250 1442 5323 praelucentem
1472 5254 1522 5306 et
1549 5250 1798 5321 ungulas.

193 5322 387 5384 Videant
410 5346 675 5403 pauperes
700 5338 749 5386 et
790 5330 1056 5387 tutentur.
1080 5322 1106 5380 νο
1147 5331 1215 5387 Et
1243 5331 1439 5387 iterum
1473 5346 1486 5387 :
1537 5353 1557 5381 ι
1590 5329 1802 5387 Ῑιππιοια

189 5403 276 5459 Deo
298 5411 619 5481 sacriﬁcium
667 5409 865 5466 laudis.
916 5410 1065 5469 Nam
1112 5411 1435 5484 sacriﬁcium
1477 5410 1587 5468 Deo
1626 5410 1798 5482 spiri-

190 5488 261 5537 tu
282 5491 687 5548 contribulatus.
730 5512 748 5539 ι

242 5564 336 5636 (35)
387 5570 644 5625 Ani-iant
679 5570 1023 5628 intendam
1068 5572 1130 5628 in
1185 5572 1515 5643 sanguinem
1574 5568 1795 5639 Christi,

186 5657 518 5723 meamque
547 5665 712 5723 quam
731 5650 1001 5724 pretiosus
1027 5650 1135 5709 Deo
1166 5651 1238 5707 ait
1264 5652 1384 5723 ejus
1415 5650 1667 5723 sanguis,
1712 5653 1802 5724 qui

478 5734 741 5800 Poma.
787 5737 904 5801 Gn.
948 5737 1001 5801 Ι.

1880 4768 2038 4831 tibus
2058 4764 2348 4844 adipsum
2365 4764 2855 4845 convertimapite
2869 4766 2903 4825 7
2928 4773 2987 4826 et
3010 4767 3203 4845 capite
3223 4767 3512 4829 8.Minis-

1887 4850 1970 4911 tri
1990 4842 2213 4927 divinae
2234 4844 2461 4923 gratia:
2475 4859 2581 4921 per
2596 4842 2902 4925 Spiritum
2938 4842 3211 4909 sanctum
3224 4846 3297 4907 de
3318 4850 3517 4927 paeni-

1889 4929 2078 4992 tentia
2121 4925 2311 4987 locuti
2330 4943 2343 4984 :
2372 4927 2620 5001 ipseque
2638 4930 2906 4985 omnium
2926 4927 3216 4988 Dominus
3236 4925 3521 5005 deposui-

1888 5013 2079 5074 tentia
2106 5005 2337 5068 locutus
2357 5009 2445 5064 est
2462 5019 2591 5082 cum
2612 5005 2987 5081 iuramento.
3004 5029 3025 5061 (ι
3050 5005 3188 5069 Vivo
3215 5012 3376 5070 enim
3394 5023 3520 5082 ego.

1882 5090 2026 5154 dicit
2049 5081 2511 5164 Dominus,nolo
2541 5093 2787 5146 mortem
2809 5088 3267 5165 peccatoris,sed
3293 5095 3360 5149 ut
3376 5081 3524 5149 con-

1884 5175 2175 5235 vertatur.
2208 5189 2234 5219 υ

1971 5249 2095 5325 (36)
2123 5245 2297 5307 Beati
2314 5260 2386 5305 su
2398 5244 2850 5325 mus,dilecti,si
2867 5254 3169 5325 praecepta
3190 5246 3446 5309 Domini
3462 5251 3529 5308 in

1887 5323 2209 5394 charitatis
2236 5323 2569 5406 concordia
2597 5324 2948 5401 fecerimus,
2968 5323 3160 5406 utper
3182 5327 3535 5391 charitutem

1882 5410 2277 5492 remittantur
2311 5403 2484 5465 nobis
2504 5413 2797 5492 peccata,-
2820 5403 3107 5492 scriptum
3148 5409 3374 5490 quippe
3396 5415 3483 5469 est
3517 5426 3532 5467 :

1890 5512 1915 5543 α
1947 5491 2110 5548 Beati
2133 5498 2367 5559 quorum
2386 5485 2761 5561 remissasunt
2776 5485 3093 5561 iniquitates
3121 5485 3175 5545 ei
3194 5485 3416 5561 qm...
3434 5496 3541 5561 ντες.

1891 5571 1955 5626 ta
1976 5554 2782 5645 suntrecoatanClemens,
2810 5554 3148 5645 epistola},
3180 5554 3377 5641 capite
3430 5560 3535 5623 50.

1973 5639 2098 5723 (37)
2122 5637 2419 5715 Clemens,
2457 5637 2710 5716 epistola
2732 5638 2789 5717 l,
2827 5637 3021 5720 capite
3047 5638 3147 5703 34,
