4050 6232
412 296 517 362 171

1529 307 1633 371 ΑΙ)
1678 307 1741 370 S.
1788 307 2265 371 CLEMENTEM
2315 311 2336 372 Ι
2385 310 2638 375 ΡΑΡΑΜ

3634 260 3800 370 ηρ

407 439 623 503 saecula
641 448 803 502 certo
824 448 1094 521 tempore
1109 440 1167 502 in
1196 440 1454 518 publicis
1476 440 1869 503 conventibus
1891 440 2059 505 Chri-
2080 452 2113 497 Α
2138 440 2396 503 Joannes
2427 444 2726 523 apostolus
2757 453 2811 505 et
2845 445 3227 525 evangelista,
3265 445 3519 505 dilectus
3571 445 3790 506 Christi

410 530 735 590 stianorum
763 529 920 590 lecta
942 528 1330 609 fuerit,prout
1354 549 1422 591 ex
1446 530 1725 609 Dionysio
1752 530 2061 593 Corinthio

410 628 649 682 enarrat
678 618 994 695 Eusebius,
1031 626 1089 680 et
1142 638 1247 680 suo
1293 620 1488 681 adhuc
1522 631 1794 699 tempore
1845 620 2057 679 factum

411 727 543 771 esse
559 709 727 770 divus
747 707 1141 788 Hieronymus
1168 716 1451 771 testatur:
1476 708 1822 787 spectabant
1847 724 2060 785 nempe

412 796 705 860 Corinthii
732 799 884 860 hanc
906 797 1218 878 epistolam
1243 806 1523 878 tanquam
1547 798 1932 858 fortissimum
1958 814 2055 855 an~

414 888 664 949 tidotum
698 888 983 949 adversus
1012 886 1238 947 futuras
1262 887 1624 959 seditiones;
1648 886 2057 967 deprehende-

413 977 553 1040 bant
590 977 757 1058 plura
793 977 851 1038 in
886 995 953 1037 ea
986 995 1169 1037 sacra
1202 972 1522 1053 Scriptum
1553 975 1681 1036 loca
1703 978 1813 1037 cla:
1835 977 1925 1035 ius
1954 993 2059 1035 ex—

413 1068 622 1148 posita,
660 1075 719 1128 et
750 1066 1017 1127 moribus
1046 1065 1437 1127 emendandis
1467 1064 1724 1126 feliciter
1754 1064 2017 1125 adhibita
2046 1086 2057 1121 :

411 1157 796 1218 inveniebant
827 1154 1183 1235 apostolicas
1215 1154 1566 1216 traditiones
1597 1173 1630 1215 a
1663 1154 2061 1215 celeberrimo

413 1247 815 1326 apostolorum
833 1244 1126 1323 discipulo
1149 1243 1263 1304 sibi
1288 1243 1679 1323 conscriptas;
1707 1242 1980 1319 legebant
2002 1241 2061 1301 in

412 1336 621 1398 eadem
652 1336 813 1412 leges
844 1332 1317 1413 disciplinaejam
1350 1331 1421 1393 ab
1454 1351 1574 1393 aevo
1607 1330 1929 1410 apostolico
1963 1330 2058 1390 in—

415 1426 717 1488 troductas
737 1443 757 1501 ;
780 1434 958 1503 atque
989 1429 1079 1483 sat
1102 1423 1263 1483 clare
1293 1440 1367 1483 ex
1403 1422 1610 1483 eadem
1646 1420 1925 1481 Romanae
1950 1418 2061 1479 Ec-

414 1513 612 1577 clesia:
641 1531 819 1593 supra
846 1520 1090 1573 caeteras
1133 1510 1493 1589 colligebant
1535 1509 2056 1590 principalitatem.

413 1601 533 1666 Cur
557 1604 716 1665 enim
740 1601 1007 1663 Ecclesia
1026 1599 1333 1662 Corinthia
1353 1600 1423 1660 ad
1449 1601 1775 1663 Romanam
1802 1597 2063 1672 confugit

2146 530 2494 611 discipulus,
2521 532 2620 609 qui
2645 539 2731 604 (ut
2755 534 2957 610 pbrasi
2988 533 3269 597 Ecclesia:
3310 534 3545 614 loquar)
3562 536 3792 610 ﬂuenta

2144 620 2473 699 Evangelii
2490 622 2563 683 de
2588 624 2719 702 ipso
2737 641 2911 683 sacro
2928 622 3229 684 Dominiei
3246 624 3500 703 pectoris
3514 624 3677 684 tante
3691 641 3795 703 po-

2147 709 2426 784 taeit,qui
2457 728 2631 787 porro
2654 718 2904 771 testante
2929 711 3062 769 divo
3091 709 3464 787 Hieronymo
3488 712 3609 790 (38)
3641 720 3791 772 totas

2144 797 2297 857 Asiae
2348 798 2638 870 fundavit,
2670 799 2936 878 rexitque
2983 800 3320 861 Ecclesias:
3360 802 3563 861 Romae
3589 810 3789 861 autem

2137 887 2256 962 jam
2290 887 2567 965 martyrio
2597 888 2838 948 affectos
2870 908 2999 948 esse
3030 888 3197 949 divos
3226 889 3520 967 apostolos
3550 888 3788 949 Petrum

2146 982 2202 1034 et
2223 975 2491 1049 Paulum,
2520 976 2576 1036 id
2604 987 2766 1037 certe
2790 976 3113 1037 Ecclesium
3149 975 3512 1038 Corinthium
3541 979 3793 1039 minime

2145 1062 2381 1125 latebat.
2416 1062 2485 1124 Et
2519 1064 2905 1126 nihilominus
2935 1085 3049 1125 non
3086 1066 3439 1143 legationem
3474 1067 3543 1126 ad
3588 1067 3789 1127 divum

2142 1149 2555 1222 Joannem,sed
2574 1154 2642 1213 ad
2661 1152 2986 1213 Ecclesiam
3011 1156 3338 1213 Romanam
3361 1154 3499 1214 etad
3516 1156 3789 1233 ejusdem

2148 1238 2461 1300 Prtesulem
2489 1242 2788 1303 destinant
2812 1242 3106 1303 Corinthii
3138 1241 3280 1313 Quis
3303 1260 3371 1302 ex
3396 1242 3509 1303 hoc
3532 1262 3648 1303 non
3673 1245 3793 1303 rol-

2147 1328 2305 1406 ligat,
2342 1330 2678 1392 Corinthlos
2707 1332 2900 1391 divum
2937 1331 3300 1392 Clementem
3337 1350 3441 1391 t-eu
3471 1330 3649 1392 totius
3674 1332 3795 1392 Ec-

2147 1419 2340 1478 clesiw
2373 1430 2566 1499 caput,
2590 1430 2647 1479 et
2677 1421 2942 1481 omnium
2977 1420 3450 1482 Christianorum
3480 1434 3708 1500 patrem
3735 1430 3800 1481 et

2145 1506 2446 1567 doctorem
2473 1507 2651 1569 fuisse
2676 1519 2983 1569 veneratos
3000 1508 3030 1567 ἱ)
3048 1518 3106 1569 et
3127 1528 3226 1589 per
3254 1510 3403 1569 hanc
3427 1508 3616 1589 ipsam
3642 1511 3702 1571 in
3726 1529 3800 1572 re

2146 1598 2327 1657 ardua
2352 1597 2685 1657 cessionem
2707 1618 2773 1658 ac
2798 1596 3343 1678 obedientiam,ubi
3365 1598 3532 1659 zelus
3556 1598 3800 1660 invidiae

413 1692 740 1755 Ecclesiam
766 1712 781 1772 ;
811 1690 923 1751 nisi
946 1690 1005 1750 in
1027 1690 1138 1750 hac
1161 1690 1293 1769 ipsa
1318 1689 1592 1767 superius
1616 1686 1919 1763 quoddam
1944 1704 2058 1746 ma-
2089 1686 2260 1764 "jam
2328 1697 2625 1747 exarserat
2676 1696 2835 1760 ante,
2884 1688 3067 1749 fuisse
3118 1688 3444 1765 confessos,
3470 1689 3627 1768 quod
3680 1691 3799 1769 ipsi

413 1779 1306 1861 gisterium,auteminentiorem
1322 1778 1634 1858 quamdam
1650 1777 2057 1837 auctoritatem

411 1870 753 1950 agnovisset
776 1867 1029 1931 ?Nonne
1055 1869 1306 1929 aderant
1335 1868 1677 1948 complures
1712 1867 1885 1943 longe
1919 1865 2056 1927 vici-

414 1960 617 2021 niores
644 1958 929 2021 Ecclesiae
960 1958 1182 2037 pariter
1233 1956 1306 2017 ab
1354 1955 1639 2036 apostolis
1670 1955 1949 2033 fundatae,
1983 1954 2055 2013 ad

414 2068 560 2130 quas
581 2049 903 2126 confugere
928 2047 1105 2123 longe
1126 2045 1357 2107 facilius
1378 2046 1681 2125 potuisset,
1707 2044 1755 2103 si
1780 2043 2057 2120 agnovis-

415 2148 504 2201 set
524 2141 580 2201 in
606 2139 691 2199 eis
714 2137 1004 2213 aequalem
1029 2135 1272 2196 omnino
1296 2153 1429 2194 cum
1461 2135 1730 2193 Romana
1757 2132 2067 2194 auctorita-

418 2228 586 2290 tem?
615 2226 827 2289 Nonne
858 2225 957 2286 illo
992 2234 1279 2303 tempore,
1319 2241 1437 2299 quo
1468 2220 1732 2284 Ecclesua
1766 2219 2067 2282 Corinthia

416 2321 488 2383 ad
521 2322 850 2384 Romanam
884 2315 1171 2397 confugit,
1197 2314 1269 2375 ad
1291 2314 1527 2393 imperii
1558 2316 1787 2374 clavum
1821 2312 2063 2374 sedebat

414 2412 810 2483 Domitianus,
846 2426 1211 2490 persequens
1244 2406 1564 2467 crudeliter
1586 2405 1976 2477 Christianos,
2001 2406 2058 2464 iu

415 2504 563 2564 urbe
594 2500 857 2563 Romana
876 2497 1246 2579 potissimum
1281 2494 1594 2556 dominans
1616 2504 1672 2555 et
1692 2492 2059 2555 Christianos

412 2591 637 2654 ibidem
662 2591 1059 2665 exagitans,ut
1081 2604 1150 2647 ex
1173 2583 1428 2645 Eusebio
1450 2583 1766 2645 discimus?
1786 2582 1902 2644 Cur
1922 2601 2055 2642 cum

2142 1775 2276 1835 divo
2301 1775 2593 1837 Clementi
2615 1779 2674 1837 in
2708 1777 2881 1838 beato
2915 1777 3088 1838 Petro
3110 1779 3427 1857 pascendi,
3449 1788 3509 1839 et
3534 1782 3802 1857 regendi

2146 1866 2322 1944 (quod
2349 1866 2673 1941 sqiritualia
2696 1868 2929 1944 attinet)
2967 1875 3021 1927 et
3051 1866 3432 1944 gubernandi
3469 1869 3797 1929 universa-

2144 1958 2258 2015 tem
2282 1954 2618 2017 Ecclesium
2651 1956 2832 2033 plena
2862 1963 3122 2034 potestas
3150 1958 3231 2016 sit
3265 1959 3495 2017 tradito
3526 1960 3549 2015 L’
3580 1982 3606 2013 ι
3644 1954 3801 2017 Hac-

2150 2051 2323 2105 tenus
2354 2044 2717 2105 clarissimus
2756 2046 3071 2106 Fuldensis
3101 2046 3430 2124 theologus.

2721 2133 3136 2198 ARTICULUS
3181 2134 3229 2198 ll

2565 2238 3036 2286 OBSERVATIONES
3076 2241 3347 2286 MORALES
3360 2274 3369 2283 .

2147 2311 2177 2391 ς
2210 2310 2250 2371 Ι.
2296 2312 2375 2373 De
2407 2313 2788 2387 humilitate,
2826 2322 2883 2383 et
2930 2314 3250 2387 charitate,
3287 2316 3552 2393 vitioque
3602 2316 3799 2375 eidem

2576 2409 2868 2482 opposito,
2944 2402 3353 2465 aemula/ioue.

2227 2491 2959 2572 Humilitas.E.rumplum
2976 2493 3406 2554 humilitatisin
3421 2503 3633 2554 sancta
3648 2494 3775 2555 Per

2141 2579 2965 2652 sonaSulvatoris.—Quoad
3001 2582 3284 2642 moralem
3312 2583 3498 2642 sancti
3518 2581 3800 2644 Clemen-

414 2688 575 2743 tanto
611 2679 878 2761 pericqu
911 2677 1051 2737 illuc
1082 2676 1305 2748 legatos
1337 2682 1435 2734 aut
1484 2676 1691 2734 saltem
1747 2671 2057 2752 epistolam
2144 2671 2220 2731 tis
2249 2671 2608 2761 doctrinam,
2644 2691 2715 2730 en
2747 2670 3087 2761 pulchriora
3114 2671 3263 2761 loca,
3299 2690 3429 2751 qum
3460 2689 3529 2731 ex
3559 2671 3799 2761 duabus

414 2759 731 2852 mittit,nisi
755 2766 1081 2829 Ecclesiam
1106 2764 1459 2838 Romanam,
1486 2764 1850 2843 reliquarum
1877 2762 2059 2839 magi-
2142 2760 2409 2852 epistolis
2424 2768 2703 2852 excerpta
2718 2778 2846 2852 eam
2864 2759 3798 2838 respiciunt.Loquiturprimode

404 2847 828 2923 stram'fuisset
857 2865 1136 2916 venerata
1161 2859 1189 2915 ‘t
1218 2854 1433 2915 Nonne
1466 2854 1577 2914 hoc
1608 2854 1737 2931 ipso
1790 2860 2056 2929 tempore
2145 2848 2482 2910 humilitate
2512 2847 2869 2927 Christiana,
2902 2849 3151 2928 ejusque
3179 2851 3401 2928 praxim
3429 2859 3670 2910 sanctus
3694 2850 3799 2909 hic

406 2949 699 3012 ﬂorebant
751 2945 895 3007 varii
955 2944 1148 3005 adhuc
1208 2941 1523 3022 apostolici
1578 2940 1709 3013 viri,
1747 2949 1804 3000 et
1855 2941 2116 3022 plures"
2147 2939 2405 3019 pontifex
2438 2938 2713 2998 fidelibus
2745 2938 3425 3015 commendat;exhil)et
3449 2940 3796 3018 exemplum

726 3005 1130 3117 apostolorum
1154 3005 1426 3110 discipuli
1448 3030 1479 3089 ‘3
1497 3030 1567 3091 ad
1595 3005 1740 3110 quos
1769 3005 1941 3107 longe
1966 3028 2055 3091 fa-
2077 3005 2117 3054 C
2143 3005 2605 3108 ipsiusmetJesu
2630 3029 2708 3089 Ch
2723 3026 2954 3117 risti,de
2976 3046 3093 3107 quo
3122 3005 3245 3088 liazc
3270 3028 3446 3089 habet
3468 3026 3598 3107 (39)
3619 3005 3801 3091 {Sce-

408 3129 580 3192 cilius
604 3126 890 3209 potuisset
914 3120 1249 3185 accedere?
1280 3138 1385 3181 cur
1407 3118 1480 3180 ab
1511 3119 1676 3179 hisce
1710 3136 1825 3179 non
1862 3117 2058 3197 potius
2137 3128 2345 3197 ptrum
2375 3118 2703 3191 maiestatis
2725 3116 3152 3196 Dei,[)omiuus
3183 3125 3387 3177 uoster
3411 3119 3589 3179 Jesus
3620 3118 3802 3180 Chri-

408 3207 692 3282 auxilium
723 3214 918 3297 petit?
950 3212 1063 3273 nisi
1085 3211 1174 3272 vel
1208 3210 1265 3271 hi
1292 3209 1404 3289 ipsi
1436 3228 1469 3269 a
1500 3208 1773 3297 Romana,
1793 3207 2058 3268 Ecclesia
2138 3216 2411 3283 stus,uon
2436 3210 2597 3268 venit
2623 3208 2683 3267 in
2705 3208 3011 3297 iactantia
3046 3212 3441 3297 arrogantia,
3464 3223 3655 3284 neque
3681 3226 3797 3269 su-

411 3296 732 3389 quamdam
764 3302 1221 3384 dependentiam
1247 3299 1499 3359 fuissent
1530 3296 1821 3389 professi;
1860 3314 2057 3389 no_nne
2134 3298 2530 3389 permensum
2552 3304 2763 3376 potens
2785 3298 2890 3367 sit;
2912 3296 3013 3389 seti
3034 3299 3097 3389 iu
3117 3296 3795 3389 humilitate,quemad-

411 3383 512 3458 ille
538 3399 683 3477 ipse.
710 3396 767 3455 in
787 3383 961 3473 quem
989 3390 1338 3450 fundaverat
1368 3405 1470 3448 sua
1487 3405 1538 3443 m
1568 3385 1889 3446 Ecclesiam
1918 3383 2053 3445 Sal-
2141 3388 2381 3446 modum
2408 3387 2677 3477 Spiritus
2696 3393 2944 3477 structus
2969 3386 3040 3477 de
3059 3388 3189 3465 ipso
3205 3386 3443 3477 loeutus
3463 3393 3569 3448 est.
3599 3387 3795 3449 Dein-

412 3472 580 3547 vator
598 3472 992 3545 noster’Jesus
1017 3479 1306 3556 Christus,
1332 3477 1521 3552 quoad
1548 3492 1863 3554 personam
1891 3491 2055 3533 suam
2146 3492 2285 3554 ceps
2310 3482 2438 3554 post
2458 3475 2711 3536 adducta
2743 3473 2843 3534 illa
2876 3475 3184 3554 prophetae
3205 3472 3370 3536 Isaia:
3393 3475 3541 3545 loca,
3573 3477 3629 3535 in
3653 3477 3793 3554 qui-

408 3576 531 3655 jam
564 3572 877 3634 defunctus
910 3578 1035 3628 erat
1085 3585 1217 3626 cum
1278 3566 1407 3655 divo
1460 3564 1637 3655 Paulo
1692 3562 2061 3655 z_elosi_ssimo
2150 3564 2257 3623 bus
2302 3564 2376 3625 de
2408 3564 2719 3655 tormentis
2774 3572 2831 3655 et
2870 3562 3655 3655 adjectiouibusSalvatoris
3703 3575 3799 3625 est

415 3650 678 3743 gentium
710 3658 1077 3738 apostoloiet
1109 3654 1499 3715 nihilominus
1528 3652 1600 3743 ab
1625 3653 1831 3713 eadem
1861 3650 2066 3712 Eccle-
2149 3670 2370 3733 sermo,
2407 3654 2484 3713 ita
2544 3653 2871 3726 concludit,
2916 3653 2987 3714 ad
3054 3651 3394 3714 Corinthios
3449 3671 3793 3715 sermonem

414 3742 520 3831 Sia,
552 3751 611 3812 in
644 3768 757 3830 qua
790 3746 1020 3807 crudeli
1053 3743 1474 3824 persecutione
1521 3742 1692 3803 vitam
1747 3750 2067 3822 posuerant
2152 3753 2503 3804 convertens
2531 3765 2544 3803 :
2576 3744 2867 3812 Ceruitis,
2894 3743 3021 3806 viri
3046 3744 3237 3814 chori,
3270 3744 3433 3824 quod
3480 3746 3799 3822 exemplar

415 3840 591 3901 ambo
613 3835 1228 3919 apostoli,subsidium
1245 3843 1302 3893 et
1320 3832 1769 3893 instructionem
1799 3840 2065 3911 tempore

419 3927 727 3991 seditionis
754 3936 810 3987 et
841 3922 1243 3987 contentionis
1277 3922 1429 3983 inter
1476 3921 1640 3999 ipsos
1694 3919 2065 3983 Christianos

422 4024 642 4080 exorta:
669 4017 812 4097 petit
844 4014 1109 4076 Ecclesia
1140 4011 1447 4077 Corinthia
1474 4016 1486 4069 ι
1520 4019 1577 4071 et
1607 4029 1712 4070 cur
1744 4010 1912 4081 illud,
1951 4009 2065 4070 nisi

421 4108 483 4168 in
513 4108 638 4187 ipsa
661 4104 930 4169 Ecclesia
952 4103 1215 4165 Romana
1240 4109 1590 4182 potestatem
1616 4099 1733 4160 divi
1767 4099 1927 4162 Petri
1955 4099 2060 4161 ad-

424 4196 538 4257 huc
561 4203 681 4256 tum
705 4194 904 4273 vigere
934 4190 1237 4254 novisset?
1261 4200 1319 4253 et
1338 4191 1603 4269 demum,
1630 4191 1809 4261 unde,
1837 4207 2065 4265 quaeso,

2144 3832 2316 3894 nobis
2346 3833 2549 3895 datum
2567 3834 2642 3894 sit
2667 3832 2691 3892 Υ
2713 3851 2855 3894 nam
2869 3834 2925 3894 si
2958 3834 3251 3895 Dominus
3280 3833 3431 3895 adeo
3471 3832 3797 3896 humiliter

2144 3941 2207 3983 se
2225 3925 2430 4001 gessit,
2452 3923 2599 4003 quid
2625 3923 2917 4001 faciemus
2936 3940 3063 3994 nos,
3090 3924 3200 4003 qui
3217 3924 3554 4005 subjugum
3574 3926 3796 4003 gratia:

2144 4011 2280 4090 ejus
2298 4029 2415 4091 per
2433 4013 2627 4091 ipsum
2649 4014 2929 4074 venimus
2951 4015 2977 4071 't

2231 4102 2371 4163 Atia
2385 4100 2661 4181 exempla
2690 4101 3059 4164 humilitatis
3086 4103 3151 4162 in
3169 4103 3553 4181 patriarchis
3573 4112 3631 4166 et
3645 4122 3759 4185 pro
3776 4137 3797 4149 -

2148 4190 2365 4267 phetis.
2396 4189 2623 4251 —Post
2656 4191 2917 4252 divinum
2951 4191 3063 4252 hoc
3099 4190 3467 4265 humilitatis,
3497 4191 3795 4271 abjectio-

424 4295 624 4346 tantus
656 4284 793 4344 huic
824 4283 1092 4361 epistolze
1134 4281 1477 4350 Clementis,
1512 4288 1613 4341 aut
1664 4280 2065 4341 Romanorum
2095 4315 2134 4364 ι)
2155 4279 2363 4355 nisque
2386 4280 2709 4360 exemplar,
2731 4290 2968 4341 sanctus
2993 4280 3268 4343 Pontifex
3295 4280 3466 4341 nobis
3492 4282 3567 4342 ob
3590 4284 3801 4345 oculos

425 4374 693 4448 effectus,
713 4382 775 4434 ut
796 4372 857 4431 in
878 4370 1145 4434 Ecclesia
1168 4370 1475 4431 Corinthia
1497 4368 1910 4430 contentiones
1931 4384 2067 4430 ces-

426 4461 899 4538 sent,seditionis
924 4460 1075 4538 ignis
1107 4461 1532 4537 exstinguatur,
1562 4477 1666 4537 pax
1696 4458 1901 4518 redeat
1922 4462 2072 4518 ?cur

428 4555 544 4616 divi
558 4550 884 4615 Clementis
901 4549 1149 4630 epistola
1166 4558 1322 4609 tanta
1340 4550 1715 4610 veneratione
1728 4546 2067 4625 suscipitur,

427 4649 489 4704 ut
513 4642 861 4725 quantocius
884 4638 1079 4701 cuncti
1103 4637 1297 4698 eidem
1324 4637 1600 4698 obediant
1625 4642 1652 4699 ’ἱ
1674 4654 1782 4697 cur
1811 4644 1964 4695 tanta
1992 4642 2072 4695 ei-

430 4732 565 4793 dem
596 4729 879 4794 tribuitur
899 4727 1322 4806 reverentia,ut
1348 4734 1479 4807 post
1501 4728 1668 4806 plura
1698 4725 1913 4786 szecula
1940 4742 2067 4785 eam

427 4820 489 4882 in
517 4820 905 4882 conventibus
932 4815 1186 4895 publicis
1209 4815 1547 4896 legant,nisi
1567 4816 1765 4875 divum
1794 4814 2071 4875 Clemen-

426 4917 542 4971 tem
572 4929 679 4971 ceu
704 4908 891 4970 sancti
917 4910 1075 4969 Petri
1100 4906 1504 4984 apostolorum
1538 4904 1820 4982 Principis
1841 4922 2074 4964 succes-

428 5017 624 5061 sorem
657 4998 906 5059 fuissent
952 4994 1237 5063 venerati,
1279 4994 1389 5054 nisi
1425 5012 1545 5074 pra:
1593 4994 1840 5073 reliquis
1890 4993 2065 5053 etiam

423 5087 808 5148 sanctissimis
826 5086 963 5146 viris
990 5084 1275 5163 majorem
1305 5084 1623 5163 quamdam
1654 5082 2062 5142 auctoritatem

427 5176 621 5236 eidem
657 5174 1001 5235 tribuissent
1028 5179 1054 5235 ?
1087 5173 1208 5233 Hoc
1241 5173 1374 5252 ipso
1406 5190 1550 5233 sane
1578 5183 1865 5251 tempore,
1906 5179 1966 5231 ut
1996 5189 2065 5231 ex

428 5264 680 5325 Eusebio
742 5263 1048 5338 discimus,
1106 5263 1323 5324 vivebat
1387 5262 1581 5324 adhuc
1631 5262 1777 5341 Eplu
1800 5264 1847 5320 si
1901 5262 2067 5321 divus

509 5425 565 5474 εδ
593 5426 741 5486 Gen.
776 5441 941 5490 xvm.
977 5423 1077 5486 27.
1166 5422 1379 5485 29.lob.
1415 5440 1532 5496 xw,
1567 5423 1629 5483 4.

513 5559 635 5640 (36)
672 5555 1126 5640 l_J_e_lliei-onym.
1158 5561 1241 5619 De
1268 5566 1451 5640 scrip.
1483 5556 1752 5620 ecclesiu
1775 5556 2069 5633 Catalogo.

517 5638 639 5718 (39)
675 5635 859 5715 Epist.
900 5641 948 5699 l.
990 5653 1119 5715 cap.
1160 5643 1252 5701 iti.

2154 4369 2319 4448 ponit
2345 4368 2665 4448 perfectam
2714 4371 3104 4431 humilitatem
3150 4378 3488 4430 sanctorum
3541 4374 3807 4450 prephe-

2157 4474 2345 4519 tarum
2375 4458 2541 4531 Elite,
2566 4457 2759 4519 Elisaai
2786 4468 2842 4519 et
2872 4458 3222 4520 Ezechielis.
3248 4457 3507 4520 Abrahae
3548 4459 3800 4520 humili-

2154 4556 2337 4607 tatem
2363 4548 2741 4609 commendat
2768 4547 2888 4628 (40)
2913 4548 2971 4608 in
3003 4548 3130 4609 istis
3154 4548 3421 4628 ejusdem
3452 4550 3805 4627 patriarchae

2156 4636 2352 4696 verbis
2378 4657 2390 4699 :
2416 4638 2547 4716 Ego
2564 4647 2759 4699 autem
2778 4655 2909 4698 sum
2928 4645 3089 4699 terra
3112 4644 3167 4699 et
3190 4639 3351 4700 cinis
3366 4636 3424 4687 98
3447 4655 3462 4712 ;
3488 4638 3803 4701 humilita-

2156 4734 2271 4787 tem
2297 4724 2408 4787 Joh
2444 4728 2503 4788 iu
2542 4728 2851 4789 verissima
2884 4729 3013 4803 hac,
3047 4746 3223 4809 quam
3286 4728 3489 4808 tradit,
3511 4729 3801 4794 veritate:

2155 4815 2342 4878 Nemo
2368 4818 2631 4879 mundus
2674 4836 2711 4878 a
2755 4818 2957 4897 sorde,
2992 4828 3049 4879 et
3086 4818 3360 4897 siuuius
3390 4818 3521 4880 diei
3561 4820 3640 4880 sit
3674 4821 3811 4882 vita

2156 4897 2830 4974 ejus”;humilitatem
2881 4897 3096 4977 Moysis
3146 4896 3205 4958 in
3255 4899 3589 4973 aversione,
3624 4918 3805 4980 quam

2160 4986 2281 5051 Deo
2342 4996 2582 5049 testatus
2644 4996 2759 5061 est,
2816 5006 2851 5048 a
2899 4986 3193 5049 sumendo
3252 4989 3545 5068 regimine
3600 4991 3809 5069 pOpuli

2149 5077 2453 5138 lsraelitici
2481 5080 2573 5134 50:
2612 5074 3014 5139 humilitatem
3055 5077 3315 5156 Davidis,
3351 5096 3484 5158 qua:
3545 5080 3811 5139 maxime

2151 5167 2209 5226 in
2267 5168 2493 5245 psalmo
2540 5185 2569 5227 ι,
2612 5167 2938 5247 reperitur,
2973 5167 3071 5227 ubi
3129 5184 3299 5227 verus
3350 5167 3447 5227 hic
3500 5167 3809 5246 pmnitens

2152 5257 2549 5318 humilitatem
2583 5258 2777 5319 cordis
2809 5257 2898 5316 sui
2932 5255 3272 5317 manifestat
3295 5257 3439 5335 (41).

1724 5423 1787 5473 50
1815 5420 1976 5483 Exod
2037 5437 2124 5495 Ill,
2166 5424 2253 5483 11.

2244 5558 2374 5629 (40)
2407 5554 2582 5625 nam,
2618 5574 2749 5635 cap.
2791 5555 2878 5616 ι-ῑ.

2246 5638 2369 5715 {4t}
2406 5635 2513 5717 Ep.
2558 5646 2607 5713 t,
2634 5656 2765 5714 cap.
2806 5636 2899 5697 18.
