  <div class='ocr_page' id='page_1' title='image "/cluster/home/n/w/nwhite01/storage/ocr_20150623/1/hvd.32044054121090/106.png"; bbox 0 0 3998 6202; ppageno 0'>
   <div class='ocr_carea' id='block_1_1' title="bbox 274 150 493 185">
    <p class='ocr_par' dir='ltr' id='par_1_1' title="bbox 274 156 493 185">
     <span class='ocr_line' id='line_1_1' title="bbox 274 156 493 185; baseline 0 -6"><span class='ocrx_word' id='word_1_1' title='bbox 274 156 287 185; x_wconf 66' lang='grc' dir='ltr'><strong>ί</strong></span> <span class='ocrx_word' id='word_1_2' title='bbox 490 176 493 179; x_wconf 98' lang='grc'>.</span> 
     </span>
    </p>
   </div>
   <div class='ocr_carea' id='block_1_2' title="bbox 296 186 359 225">
    <p class='ocr_par' dir='ltr' id='par_1_2' title="bbox 296 186 359 225">
     <span class='ocr_line' id='line_1_2' title="bbox 296 186 359 225; baseline 0 0"><span class='ocrx_word' id='word_1_3' title='bbox 296 186 359 225; x_wconf 30' lang='lat' dir='ltr'><strong>“ne</strong></span> 
     </span>
    </p>
   </div>
   <div class='ocr_carea' id='block_1_3' title="bbox 214 226 441 299">
    <p class='ocr_par' dir='ltr' id='par_1_3' title="bbox 214 226 441 299">
     <span class='ocr_line' id='line_1_3' title="bbox 214 226 441 299; baseline 0.004 -1"><span class='ocrx_word' id='word_1_4' title='bbox 214 226 441 299; x_wconf 52' lang='lat'><strong>185&quot;-</strong></span> 
     </span>
    </p>
   </div>
   <div class='ocr_carea' id='block_1_4' title="bbox 207 366 1883 450">
    <p class='ocr_par' dir='ltr' id='par_1_4' title="bbox 207 366 1883 450">
     <span class='ocr_line' id='line_1_4' title="bbox 207 366 1883 450; baseline 0.003 -26"><span class='ocrx_word' id='word_1_5' title='bbox 207 366 710 441; x_wconf 84' lang='lat' dir='ltr'><strong>videtur,scribens</strong></span> <span class='ocrx_word' id='word_1_6' title='bbox 746 386 760 431; x_wconf 87' lang='lat'><strong>:</strong></span> <span class='ocrx_word' id='word_1_7' title='bbox 794 369 875 434; x_wconf 87' lang='lat' dir='ltr'><strong>Et</strong></span> <span class='ocrx_word' id='word_1_8' title='bbox 902 366 1303 441; x_wconf 82' lang='lat' dir='ltr'><strong>Clemens,vir</strong></span> <span class='ocrx_word' id='word_1_9' title='bbox 1332 368 1827 450; x_wconf 82' lang='lat' dir='ltr'><strong>apostolicus,qui</strong></span> <span class='ocrx_word' id='word_1_10' title='bbox 1848 381 1883 428; x_wconf 83' lang='grc' dir='ltr'><strong>Α</strong></span> 
     </span>
    </p>
   </div>
   <div class='ocr_carea' id='block_1_5' title="bbox 192 456 1821 537">
    <p class='ocr_par' dir='ltr' id='par_1_5' title="bbox 192 456 1821 537">
     <span class='ocr_line' id='line_1_5' title="bbox 192 456 1821 537; baseline 0.002 -18"><span class='ocrx_word' id='word_1_11' title='bbox 192 462 311 537; x_wconf 84' lang='lat' dir='ltr'><strong>post</strong></span> <span class='ocrx_word' id='word_1_12' title='bbox 339 456 579 519; x_wconf 84' lang='lat' dir='ltr'><strong>Petrum</strong></span> <span class='ocrx_word' id='word_1_13' title='bbox 602 456 941 522; x_wconf 85' lang='lat' dir='ltr'><strong>Romanam</strong></span> <span class='ocrx_word' id='word_1_14' title='bbox 968 458 1295 522; x_wconf 79' lang='lat' dir='ltr'><strong>Ecclesium</strong></span> <span class='ocrx_word' id='word_1_15' title='bbox 1318 459 1724 533; x_wconf 72' lang='lat' dir='ltr'><strong>rexit,scribit</strong></span> <span class='ocrx_word' id='word_1_16' title='bbox 1743 460 1821 523; x_wconf 79' lang='lat' dir='ltr'><strong>ed</strong></span> 
     </span>
    </p>
   </div>
   <div class='ocr_carea' id='block_1_6' title="bbox 197 544 656 627">
    <p class='ocr_par' dir='ltr' id='par_1_6' title="bbox 197 544 656 627">
     <span class='ocr_line' id='line_1_6' title="bbox 197 544 656 627; baseline 0.007 -20"><span class='ocrx_word' id='word_1_17' title='bbox 197 544 521 609; x_wconf 78' lang='lat' dir='ltr'><strong>Corinthios</strong></span> <span class='ocrx_word' id='word_1_18' title='bbox 540 545 628 627; x_wconf 93' lang='lat'><strong>(9)</strong></span> <span class='ocrx_word' id='word_1_19' title='bbox 642 595 656 610; x_wconf 94' lang='lat'><strong>.</strong></span> 
     </span>
    </p>
   </div>
   <div class='ocr_carea' id='block_1_7' title="bbox 260 632 1819 702">
    <p class='ocr_par' dir='ltr' id='par_1_7' title="bbox 260 632 1819 702">
     <span class='ocr_line' id='line_1_7' title="bbox 260 632 1819 702; baseline 0.004 -7"><span class='ocrx_word' id='word_1_20' title='bbox 260 632 315 697; x_wconf 83' lang='lat'><strong>2.</strong></span> <span class='ocrx_word' id='word_1_21' title='bbox 346 634 710 698; x_wconf 75' lang='lat' dir='ltr'><strong>Clementem</strong></span> <span class='ocrx_word' id='word_1_22' title='bbox 732 642 1001 698; x_wconf 86' lang='lat' dir='ltr'><strong>nostrum</strong></span> <span class='ocrx_word' id='word_1_23' title='bbox 1025 636 1173 699; x_wconf 92' lang='lat' dir='ltr'><strong>Lino</strong></span> <span class='ocrx_word' id='word_1_24' title='bbox 1195 636 1437 699; x_wconf 89' lang='lat' dir='ltr'><strong>demum</strong></span> <span class='ocrx_word' id='word_1_25' title='bbox 1459 637 1819 702; x_wconf 83' lang='lat' dir='ltr'><strong>successisse</strong></span> 
     </span>
    </p>
   </div>
   <div class='ocr_carea' id='block_1_8' title="bbox 191 722 1815 809">
    <p class='ocr_par' dir='ltr' id='par_1_8' title="bbox 191 722 1815 809">
     <span class='ocr_line' id='line_1_8' title="bbox 191 722 1815 809; baseline 0.004 -24"><span class='ocrx_word' id='word_1_26' title='bbox 191 732 420 786; x_wconf 75' lang='lat' dir='ltr'><strong>censent</strong></span> <span class='ocrx_word' id='word_1_27' title='bbox 447 725 813 805; x_wconf 76' lang='lat' dir='ltr'><strong>Augustinus</strong></span> <span class='ocrx_word' id='word_1_28' title='bbox 841 722 1251 806; x_wconf 89' lang='lat' dir='ltr'><strong>(10),Optatus</strong></span> <span class='ocrx_word' id='word_1_29' title='bbox 1273 725 1641 789; x_wconf 80' lang='lat' dir='ltr'><strong>Milevitauus</strong></span> <span class='ocrx_word' id='word_1_30' title='bbox 1664 728 1815 809; x_wconf 89' lang='lat'><strong>(11),</strong></span> 
     </span>
    </p>
   </div>
   <div class='ocr_carea' id='block_1_9' title="bbox 197 812 1825 896">
    <p class='ocr_par' dir='ltr' id='par_1_9' title="bbox 197 812 1825 896">
     <span class='ocr_line' id='line_1_9' title="bbox 197 812 1825 896; baseline 0.001 -21"><span class='ocrx_word' id='word_1_31' title='bbox 197 812 670 878; x_wconf 82' lang='lat' dir='ltr'><strong>Constitutiones</strong></span> <span class='ocrx_word' id='word_1_32' title='bbox 690 813 1097 895; x_wconf 87' lang='lat' dir='ltr'><strong>apostolorum</strong></span> <span class='ocrx_word' id='word_1_33' title='bbox 1129 822 1173 890; x_wconf 78' lang='lat' dir='ltr'><strong>(t</strong></span> <span class='ocrx_word' id='word_1_34' title='bbox 1188 814 1249 896; x_wconf 85' lang='lat'><strong>2)</strong></span> <span class='ocrx_word' id='word_1_35' title='bbox 1277 823 1335 875; x_wconf 87' lang='lat' dir='ltr'><strong>et</strong></span> <span class='ocrx_word' id='word_1_36' title='bbox 1356 815 1666 894; x_wconf 88' lang='lat' dir='ltr'><strong>Catalogus</strong></span> <span class='ocrx_word' id='word_1_37' title='bbox 1697 818 1825 880; x_wconf 89' lang='lat' dir='ltr'><strong>Ro--</strong></span> 
     </span>
    </p>
   </div>
   <div class='ocr_carea' id='block_1_10' title="bbox 199 903 1827 987">
    <p class='ocr_par' dir='ltr' id='par_1_10' title="bbox 199 903 1827 987">
     <span class='ocr_line' id='line_1_10' title="bbox 199 903 1827 987; baseline 0.002 -23"><span class='ocrx_word' id='word_1_38' title='bbox 199 920 493 966; x_wconf 88' lang='lat' dir='ltr'><strong>manorum</strong></span> <span class='ocrx_word' id='word_1_39' title='bbox 544 904 922 985; x_wconf 91' lang='lat' dir='ltr'><strong>pontiﬁcum,</strong></span> <span class='ocrx_word' id='word_1_40' title='bbox 953 923 986 967; x_wconf 89' lang='lat' dir='ltr'><strong>a</strong></span> <span class='ocrx_word' id='word_1_41' title='bbox 1017 903 1400 970; x_wconf 82' lang='lat' dir='ltr'><strong>Bollandistis</strong></span> <span class='ocrx_word' id='word_1_42' title='bbox 1430 904 1491 966; x_wconf 90' lang='lat' dir='ltr'><strong>in</strong></span> <span class='ocrx_word' id='word_1_43' title='bbox 1526 905 1827 987; x_wconf 65' lang='lat' dir='ltr'><strong>Propylaao</strong></span> 
     </span>
    </p>
   </div>
   <div class='ocr_carea' id='block_1_11' title="bbox 198 992 932 1072">
    <p class='ocr_par' dir='ltr' id='par_1_11' title="bbox 198 992 932 1072">
     <span class='ocr_line' id='line_1_11' title="bbox 198 992 932 1072; baseline 0.004 -19"><span class='ocrx_word' id='word_1_44' title='bbox 198 992 405 1053; x_wconf 83' lang='lat' dir='ltr'><strong>mensis</strong></span> <span class='ocrx_word' id='word_1_45' title='bbox 432 992 569 1055; x_wconf 72' lang='lat' dir='ltr'><strong>Maii</strong></span> <span class='ocrx_word' id='word_1_46' title='bbox 602 992 932 1072; x_wconf 82' lang='lat' dir='ltr'><strong>evulgatus.</strong></span> 
     </span>
    </p>
   </div>
   <div class='ocr_carea' id='block_1_12' title="bbox 262 1081 1826 1163">
    <p class='ocr_par' dir='ltr' id='par_1_12' title="bbox 262 1081 1826 1163">
     <span class='ocr_line' id='line_1_12' title="bbox 262 1081 1826 1163; baseline 0.001 -19"><span class='ocrx_word' id='word_1_47' title='bbox 262 1082 318 1145; x_wconf 91' lang='lat'><strong>3.</strong></span> <span class='ocrx_word' id='word_1_48' title='bbox 347 1081 616 1163; x_wconf 86' lang='lat' dir='ltr'><strong>Denique</strong></span> <span class='ocrx_word' id='word_1_49' title='bbox 648 1100 769 1144; x_wconf 91' lang='lat' dir='ltr'><strong>non</strong></span> <span class='ocrx_word' id='word_1_50' title='bbox 792 1083 1003 1144; x_wconf 88' lang='lat' dir='ltr'><strong>Linum</strong></span> <span class='ocrx_word' id='word_1_51' title='bbox 1034 1082 1365 1157; x_wconf 89' lang='lat' dir='ltr'><strong>solum,sed</strong></span> <span class='ocrx_word' id='word_1_52' title='bbox 1394 1090 1453 1145; x_wconf 90' lang='lat' dir='ltr'><strong>et</strong></span> <span class='ocrx_word' id='word_1_53' title='bbox 1473 1083 1701 1146; x_wconf 90' lang='lat' dir='ltr'><strong>Cletum</strong></span> <span class='ocrx_word' id='word_1_54' title='bbox 1720 1102 1826 1147; x_wconf 91' lang='lat' dir='ltr'><strong>seu</strong></span> 
     </span>
    </p>
   </div>
   <div class='ocr_carea' id='block_1_13' title="bbox 193 1171 1825 1237">
    <p class='ocr_par' dir='ltr' id='par_1_13' title="bbox 193 1171 1825 1237">
     <span class='ocr_line' id='line_1_13' title="bbox 193 1171 1825 1237; baseline 0.002 -4"><span class='ocrx_word' id='word_1_55' title='bbox 193 1172 679 1234; x_wconf 75' lang='lat' dir='ltr'><strong>Anacletumante</strong></span> <span class='ocrx_word' id='word_1_56' title='bbox 703 1171 1075 1235; x_wconf 88' lang='lat' dir='ltr'><strong>Clementem</strong></span> <span class='ocrx_word' id='word_1_57' title='bbox 1109 1181 1376 1236; x_wconf 88' lang='lat' dir='ltr'><strong>nostrum</strong></span> <span class='ocrx_word' id='word_1_58' title='bbox 1410 1174 1693 1237; x_wconf 68' lang='lat' dir='ltr'><strong>Romana:</strong></span> <span class='ocrx_word' id='word_1_59' title='bbox 1710 1173 1825 1236; x_wconf 86' lang='lat' dir='ltr'><strong>Ec-</strong></span> 
     </span>
    </p>
   </div>
   <div class='ocr_carea' id='block_1_14' title="bbox 190 1259 1824 1343">
    <p class='ocr_par' dir='ltr' id='par_1_14' title="bbox 190 1259 1824 1343">
     <span class='ocr_line' id='line_1_14' title="bbox 190 1259 1824 1343; baseline 0.002 -20"><span class='ocrx_word' id='word_1_60' title='bbox 190 1259 373 1323; x_wconf 64' lang='lat' dir='ltr'><strong>clesiae</strong></span> <span class='ocrx_word' id='word_1_61' title='bbox 416 1260 823 1339; x_wconf 88' lang='lat' dir='ltr'><strong>gubernacula</strong></span> <span class='ocrx_word' id='word_1_62' title='bbox 873 1263 1166 1336; x_wconf 86' lang='lat' dir='ltr'><strong>tenuisse,</strong></span> <span class='ocrx_word' id='word_1_63' title='bbox 1200 1265 1460 1326; x_wconf 70' lang='lat' dir='ltr'><strong>lrenaaus</strong></span> <span class='ocrx_word' id='word_1_64' title='bbox 1514 1264 1643 1343; x_wconf 89' lang='lat'><strong>(13)</strong></span> <span class='ocrx_word' id='word_1_65' title='bbox 1674 1283 1824 1326; x_wconf 86' lang='lat' dir='ltr'><strong>con-</strong></span> 
     </span>
    </p>
   </div>
   <div class='ocr_carea' id='block_1_15' title="bbox 190 1351 1823 1431">
    <p class='ocr_par' dir='ltr' id='par_1_15' title="bbox 190 1351 1823 1431">
     <span class='ocr_line' id='line_1_15' title="bbox 190 1351 1823 1431; baseline 0.002 -21"><span class='ocrx_word' id='word_1_66' title='bbox 190 1351 365 1411; x_wconf 87' lang='lat' dir='ltr'><strong>tendit</strong></span> <span class='ocrx_word' id='word_1_67' title='bbox 396 1371 412 1414; x_wconf 90' lang='lat'>:</span> <span class='ocrx_word' id='word_1_68' title='bbox 446 1353 877 1427; x_wconf 77' lang='grc' dir='ltr'>Θεμελιώσαντες</span> <span class='ocrx_word' id='word_1_69' title='bbox 911 1354 1001 1410; x_wconf 74' lang='grc' dir='ltr'>οὖν</span> <span class='ocrx_word' id='word_1_70' title='bbox 1032 1356 1119 1411; x_wconf 74' lang='grc' dir='ltr'>καὶ</span> <span class='ocrx_word' id='word_1_71' title='bbox 1149 1352 1595 1429; x_wconf 76' lang='grc' dir='ltr'>οἰκοδομήσαντες</span> <span class='ocrx_word' id='word_1_72' title='bbox 1638 1357 1685 1412; x_wconf 76' lang='grc' dir='ltr'>οἱ</span> <span class='ocrx_word' id='word_1_73' title='bbox 1711 1380 1823 1431; x_wconf 78' lang='grc' dir='ltr'><strong>μα-</strong></span> 
     </span>
    </p>
   </div>
   <div class='ocr_carea' id='block_1_16' title="bbox 191 1440 1823 1523">
    <p class='ocr_par' dir='ltr' id='par_1_16' title="bbox 191 1440 1823 1523">
     <span class='ocr_line' id='line_1_16' title="bbox 191 1440 1823 1523; baseline 0.003 -26"><span class='ocrx_word' id='word_1_74' title='bbox 191 1441 345 1520; x_wconf 61' lang='grc' dir='ltr'>κάριοι</span> <span class='ocrx_word' id='word_1_75' title='bbox 376 1440 693 1500; x_wconf 78' lang='grc' dir='ltr'>Ἀπόστολοι</span> <span class='ocrx_word' id='word_1_76' title='bbox 728 1444 825 1509; x_wconf 77' lang='grc' dir='ltr'><strong>τὴν</strong></span> <span class='ocrx_word' id='word_1_77' title='bbox 874 1442 1218 1523; x_wconf 69' lang='grc' dir='ltr'>Ἐκκλησίαν,</span> <span class='ocrx_word' id='word_1_78' title='bbox 1250 1444 1389 1516; x_wconf 78' lang='grc' dir='ltr'>Λίνῳ</span> <span class='ocrx_word' id='word_1_79' title='bbox 1417 1445 1514 1511; x_wconf 74' lang='grc' dir='ltr'><strong>τὴν</strong></span> <span class='ocrx_word' id='word_1_80' title='bbox 1543 1445 1640 1513; x_wconf 75' lang='grc' dir='ltr'><strong>τῆς</strong></span> <span class='ocrx_word' id='word_1_81' title='bbox 1674 1445 1823 1502; x_wconf 81' lang='grc' dir='ltr'>ἐπισ-</span> 
     </span>
    </p>
   </div>
   <div class='ocr_carea' id='block_1_17' title="bbox 189 1531 1823 1613">
    <p class='ocr_par' dir='ltr' id='par_1_17' title="bbox 189 1531 1823 1613">
     <span class='ocr_line' id='line_1_17' title="bbox 189 1531 1823 1613; baseline 0.002 -26"><span class='ocrx_word' id='word_1_82' title='bbox 189 1537 347 1598; x_wconf 78' lang='grc' dir='ltr'>κοπῆς</span> <span class='ocrx_word' id='word_1_83' title='bbox 376 1531 704 1610; x_wconf 74' lang='grc' dir='ltr'>λειτουργίαν</span> <span class='ocrx_word' id='word_1_84' title='bbox 733 1532 1287 1613; x_wconf 74' lang='grc' dir='ltr'>ἐνεχείρισαν.Τούτου</span> <span class='ocrx_word' id='word_1_85' title='bbox 1318 1555 1411 1589; x_wconf 80' lang='grc' dir='ltr'><strong>του</strong></span> <span class='ocrx_word' id='word_1_86' title='bbox 1431 1534 1586 1591; x_wconf 82' lang='grc' dir='ltr'>Λίνου</span> <span class='ocrx_word' id='word_1_87' title='bbox 1617 1534 1823 1599; x_wconf 76' lang='grc' dir='ltr'>Παῦλος</span> 
     </span>
    </p>
   </div>
   <div class='ocr_carea' id='block_1_18' title="bbox 194 1618 1824 1704">
    <p class='ocr_par' dir='ltr' id='par_1_18' title="bbox 194 1618 1824 1704">
     <span class='ocr_line' id='line_1_18' title="bbox 194 1618 1824 1704; baseline 0.003 -30"><span class='ocrx_word' id='word_1_88' title='bbox 194 1618 241 1674; x_wconf 65' lang='grc' dir='ltr'>ἐν</span> <span class='ocrx_word' id='word_1_89' title='bbox 265 1633 381 1685; x_wconf 72' lang='grc' dir='ltr'>ταῖς</span> <span class='ocrx_word' id='word_1_90' title='bbox 410 1623 542 1699; x_wconf 75' lang='grc' dir='ltr'>πρὸς</span> <span class='ocrx_word' id='word_1_91' title='bbox 560 1621 813 1696; x_wconf 79' lang='grc' dir='ltr'>Τιμόθεον</span> <span class='ocrx_word' id='word_1_92' title='bbox 836 1621 1185 1684; x_wconf 74' lang='grc' dir='ltr'><strong>Ἐπιστολαῖς</strong></span> <span class='ocrx_word' id='word_1_93' title='bbox 1211 1623 1503 1699; x_wconf 76' lang='grc' dir='ltr'><strong>μέμνηται·</strong></span> <span class='ocrx_word' id='word_1_94' title='bbox 1521 1620 1824 1704; x_wconf 75' lang='grc' dir='ltr'>διαδέχεεαι</span> 
     </span>
    </p>
   </div>
   <div class='ocr_carea' id='block_1_19' title="bbox 1412 206 2277 301">
    <p class='ocr_par' dir='ltr' id='par_1_19' title="bbox 1412 206 2277 301">
     <span class='ocr_line' id='line_1_19' title="bbox 1412 206 2277 301; baseline -0.001 -2"><span class='ocrx_word' id='word_1_95' title='bbox 1412 206 1797 301; x_wconf 59' lang='lat' dir='ltr'><strong>Paetums</strong></span> <span class='ocrx_word' id='word_1_96' title='bbox 1838 224 2277 301; x_wconf 23' lang='lat' dir='ltr'><strong>‘VARIORUM.</strong></span> 
     </span>
    </p>
   </div>
   <div class='ocr_carea' id='block_1_20' title="bbox 3445 221 3557 289">
    <p class='ocr_par' dir='ltr' id='par_1_20' title="bbox 3445 221 3557 289">
     <span class='ocr_line' id='line_1_20' title="bbox 3445 221 3557 289; baseline 0 0"><span class='ocrx_word' id='word_1_97' title='bbox 3445 221 3557 289; x_wconf 78' lang='lat'><strong>186</strong></span> 
     </span>
    </p>
   </div>
   <div class='ocr_carea' id='block_1_21' title="bbox 2071 360 3553 453">
    <p class='ocr_par' dir='ltr' id='par_1_21' title="bbox 2071 360 3553 453">
     <span class='ocr_line' id='line_1_21' title="bbox 2071 360 3553 453; baseline 0.001 -23"><span class='ocrx_word' id='word_1_98' title='bbox 2071 372 2615 453; x_wconf 81' lang='lat' dir='ltr'><strong>comprehenderis,</strong></span> <span class='ocrx_word' id='word_1_99' title='bbox 2649 387 2772 433; x_wconf 87' lang='lat' dir='ltr'><strong>non</strong></span> <span class='ocrx_word' id='word_1_100' title='bbox 2801 368 2923 433; x_wconf 82' lang='lat' dir='ltr'><strong>sibi</strong></span> <span class='ocrx_word' id='word_1_101' title='bbox 2942 383 3196 431; x_wconf 77' lang='lat' dir='ltr'><strong>consone</strong></span> <span class='ocrx_word' id='word_1_102' title='bbox 3227 360 3553 453; x_wconf 68' lang='lat' dir='ltr'><strong>responde-</strong></span> 
     </span>
    </p>
   </div>
   <div class='ocr_carea' id='block_1_22' title="bbox 2064 452 3555 543">
    <p class='ocr_par' dir='ltr' id='par_1_22' title="bbox 2064 452 3555 543">
     <span class='ocr_line' id='line_1_22' title="bbox 2064 452 3555 543; baseline -0.006 -22"><span class='ocrx_word' id='word_1_103' title='bbox 2064 461 2212 525; x_wconf 86' lang='lat' dir='ltr'><strong>bunt</strong></span> <span class='ocrx_word' id='word_1_104' title='bbox 2240 465 2388 525; x_wconf 88' lang='lat' dir='ltr'><strong>anni</strong></span> <span class='ocrx_word' id='word_1_105' title='bbox 2412 452 2773 543; x_wconf 73' lang='lat' dir='ltr'><strong>pontiﬁcum</strong></span> <span class='ocrx_word' id='word_1_106' title='bbox 2802 458 3216 522; x_wconf 83' lang='lat' dir='ltr'><strong>Romanorum</strong></span> <span class='ocrx_word' id='word_1_107' title='bbox 3244 453 3427 517; x_wconf 86' lang='lat' dir='ltr'><strong>annis</strong></span> <span class='ocrx_word' id='word_1_108' title='bbox 3441 452 3555 514; x_wconf 88' lang='lat' dir='ltr'><strong>im-</strong></span> 
     </span>
    </p>
   </div>
   <div class='ocr_carea' id='block_1_23' title="bbox 2063 557 2440 632">
    <p class='ocr_par' dir='ltr' id='par_1_23' title="bbox 2063 557 2440 632">
     <span class='ocr_line' id='line_1_23' title="bbox 2063 557 2440 632; baseline 0 -21"><span class='ocrx_word' id='word_1_109' title='bbox 2063 557 2440 632; x_wconf 80' lang='lat' dir='ltr'><strong>peratorum.</strong></span> 
     </span>
    </p>
   </div>
   <div class='ocr_carea' id='block_1_24' title="bbox 1986 629 3553 721">
    <p class='ocr_par' dir='ltr' id='par_1_24' title="bbox 1986 629 3553 721">
     <span class='ocr_line' id='line_1_24' title="bbox 1986 629 3553 721; baseline -0.01 -16"><span class='ocrx_word' id='word_1_110' title='bbox 1986 638 2043 720; x_wconf 85' lang='grc' dir='ltr'><strong>γ)</strong></span> <span class='ocrx_word' id='word_1_111' title='bbox 2064 629 2239 702; x_wconf 26' lang='lat' dir='ltr'><strong>&#39;Beda</strong></span> <span class='ocrx_word' id='word_1_112' title='bbox 2290 638 2673 721; x_wconf 82' lang='lat' dir='ltr'><strong>venerabilis,</strong></span> <span class='ocrx_word' id='word_1_113' title='bbox 2722 636 3029 717; x_wconf 89' lang='lat' dir='ltr'><strong>Rabanus,</strong></span> <span class='ocrx_word' id='word_1_114' title='bbox 3090 632 3311 713; x_wconf 81' lang='lat' dir='ltr'><strong>Haymo</strong></span> <span class='ocrx_word' id='word_1_115' title='bbox 3343 629 3553 721; x_wconf 79' lang='lat' dir='ltr'><strong>etalii.</strong></span> 
     </span>
    </p>
   </div>
   <div class='ocr_carea' id='block_1_25' title="bbox 2063 718 3557 808">
    <p class='ocr_par' dir='ltr' id='par_1_25' title="bbox 2063 718 3557 808">
     <span class='ocr_line' id='line_1_25' title="bbox 2063 718 3557 808; baseline -0.009 -15"><span class='ocrx_word' id='word_1_116' title='bbox 2063 728 2185 793; x_wconf 85' lang='lat' dir='ltr'><strong>Cfr.</strong></span> <span class='ocrx_word' id='word_1_117' title='bbox 2218 729 2475 794; x_wconf 90' lang='lat' dir='ltr'><strong>Coteler.</strong></span> <span class='ocrx_word' id='word_1_118' title='bbox 2523 729 2622 792; x_wconf 88' lang='lat' dir='ltr'><strong>ed.</strong></span> <span class='ocrx_word' id='word_1_119' title='bbox 2659 718 2807 792; x_wconf 75' lang='grc' dir='ltr'><strong>ῬΡ.</strong></span> <span class='ocrx_word' id='word_1_120' title='bbox 2845 731 3066 808; x_wconf 89' lang='lat' dir='ltr'><strong>apost.,</strong></span> <span class='ocrx_word' id='word_1_121' title='bbox 3101 731 3142 787; x_wconf 87' lang='lat' dir='ltr'><strong>t.</strong></span> <span class='ocrx_word' id='word_1_122' title='bbox 3177 724 3223 803; x_wconf 90' lang='grc' dir='ltr'><strong>Ι,</strong></span> <span class='ocrx_word' id='word_1_123' title='bbox 3263 740 3319 801; x_wconf 89' lang='lat' dir='ltr'><strong>p.</strong></span> <span class='ocrx_word' id='word_1_124' title='bbox 3348 718 3464 785; x_wconf 74' lang='grc'><strong>492</strong></span> <span class='ocrx_word' id='word_1_125' title='bbox 3497 726 3557 781; x_wconf 89' lang='lat' dir='ltr'><strong>et</strong></span> 
     </span>
    </p>
   </div>
   <div class='ocr_carea' id='block_1_26' title="bbox 1952 898 3554 989">
    <p class='ocr_par' dir='ltr' id='par_1_26' title="bbox 1952 898 3554 989">
     <span class='ocr_line' id='line_1_26' title="bbox 1952 898 3554 989; baseline -0.005 -18"><span class='ocrx_word' id='word_1_126' title='bbox 1952 905 1956 909; x_wconf 77' lang='grc'><em>’</em></span> <span class='ocrx_word' id='word_1_127' title='bbox 1985 898 2358 989; x_wconf 67' lang='lat' dir='ltr'><strong>Conjecturaa</strong></span> <span class='ocrx_word' id='word_1_128' title='bbox 2385 910 2523 973; x_wconf 90' lang='lat' dir='ltr'><strong>huic</strong></span> <span class='ocrx_word' id='word_1_129' title='bbox 2552 907 2844 971; x_wconf 87' lang='lat' dir='ltr'><strong>Eusebius</strong></span> <span class='ocrx_word' id='word_1_130' title='bbox 2888 906 3101 979; x_wconf 87' lang='lat' dir='ltr'><strong>obstat,</strong></span> <span class='ocrx_word' id='word_1_131' title='bbox 3135 902 3383 974; x_wconf 87' lang='lat' dir='ltr'><strong>docens,</strong></span> <span class='ocrx_word' id='word_1_132' title='bbox 3415 898 3554 964; x_wconf 88' lang='lat' dir='ltr'><strong>Cle-</strong></span> 
     </span>
    </p>
   </div>
   <div class='ocr_carea' id='block_1_27' title="bbox 1910 989 3555 1075">
    <p class='ocr_par' dir='ltr' id='par_1_27' title="bbox 1910 989 3555 1075">
     <span class='ocr_line' id='line_1_27' title="bbox 1910 989 3555 1075; baseline -0.005 -17"><span class='ocrx_word' id='word_1_133' title='bbox 1910 1005 2170 1060; x_wconf 87' lang='lat' dir='ltr'><strong>mentem</strong></span> <span class='ocrx_word' id='word_1_134' title='bbox 2203 1018 2357 1061; x_wconf 88' lang='lat' dir='ltr'><strong>anno</strong></span> <span class='ocrx_word' id='word_1_135' title='bbox 2384 999 2626 1061; x_wconf 90' lang='lat' dir='ltr'><strong>demum</strong></span> <span class='ocrx_word' id='word_1_136' title='bbox 2657 998 2735 1061; x_wconf 80' lang='lat'>92</span> <span class='ocrx_word' id='word_1_137' title='bbox 2768 996 2973 1059; x_wconf 86' lang='lat' dir='ltr'><strong>sedem</strong></span> <span class='ocrx_word' id='word_1_138' title='bbox 3030 989 3427 1075; x_wconf 85' lang='lat' dir='ltr'><strong>episcopalem</strong></span> <span class='ocrx_word' id='word_1_139' title='bbox 3455 1007 3555 1051; x_wconf 87' lang='lat' dir='ltr'><strong>as-</strong></span> 
     </span>
    </p>
   </div>
   <div class='ocr_carea' id='block_1_28' title="bbox 1909 1077 3554 1168">
    <p class='ocr_par' dir='ltr' id='par_1_28' title="bbox 1909 1077 3554 1168">
     <span class='ocr_line' id='line_1_28' title="bbox 1909 1077 3554 1168; baseline -0.005 -22"><span class='ocrx_word' id='word_1_140' title='bbox 1909 1085 2208 1168; x_wconf 89' lang='lat' dir='ltr'><strong>cendisse,</strong></span> <span class='ocrx_word' id='word_1_141' title='bbox 2242 1090 2322 1149; x_wconf 67' lang='grc'><strong>24</strong></span> <span class='ocrx_word' id='word_1_142' title='bbox 2353 1088 2525 1150; x_wconf 89' lang='lat' dir='ltr'><strong>annis</strong></span> <span class='ocrx_word' id='word_1_143' title='bbox 2558 1106 2593 1149; x_wconf 89' lang='lat' dir='ltr'><strong>a</strong></span> <span class='ocrx_word' id='word_1_144' title='bbox 2622 1097 2815 1148; x_wconf 91' lang='lat' dir='ltr'><strong>morte</strong></span> <span class='ocrx_word' id='word_1_145' title='bbox 2839 1087 2901 1148; x_wconf 91' lang='lat' dir='ltr'><strong>S.</strong></span> <span class='ocrx_word' id='word_1_146' title='bbox 2938 1083 3097 1147; x_wconf 89' lang='lat' dir='ltr'><strong>Petri</strong></span> <span class='ocrx_word' id='word_1_147' title='bbox 3130 1077 3554 1163; x_wconf 65' lang='lat' dir='ltr'><strong>praeterlapsis,</strong></span> 
     </span>
    </p>
   </div>
   <div class='ocr_carea' id='block_1_29' title="bbox 1909 1167 3555 1258">
    <p class='ocr_par' dir='ltr' id='par_1_29' title="bbox 1909 1167 3555 1258">
     <span class='ocr_line' id='line_1_29' title="bbox 1909 1167 3555 1258; baseline -0.005 -23"><span class='ocrx_word' id='word_1_148' title='bbox 1909 1192 2159 1255; x_wconf 88' lang='lat' dir='ltr'><strong>quorum</strong></span> <span class='ocrx_word' id='word_1_149' title='bbox 2186 1176 2262 1238; x_wconf 68' lang='lat'><strong>12</strong></span> <span class='ocrx_word' id='word_1_150' title='bbox 2292 1177 2523 1258; x_wconf 91' lang='lat' dir='ltr'><strong>Lino,et</strong></span> <span class='ocrx_word' id='word_1_151' title='bbox 2575 1177 2793 1258; x_wconf 88' lang='lat' dir='ltr'><strong>pariter</strong></span> <span class='ocrx_word' id='word_1_152' title='bbox 2828 1176 2897 1239; x_wconf 81' lang='lat'><strong>12</strong></span> <span class='ocrx_word' id='word_1_153' title='bbox 2929 1170 3217 1238; x_wconf 77' lang='lat' dir='ltr'><strong>Anacleto</strong></span> <span class='ocrx_word' id='word_1_154' title='bbox 3244 1167 3555 1246; x_wconf 82' lang='lat' dir='ltr'><strong>assignan-</strong></span> 
     </span>
    </p>
   </div>
   <div class='ocr_carea' id='block_1_30' title="bbox 1912 1257 3556 1354">
    <p class='ocr_par' dir='ltr' id='par_1_30' title="bbox 1912 1257 3556 1354">
     <span class='ocr_line' id='line_1_30' title="bbox 1912 1257 3556 1354; baseline -0.004 -31"><span class='ocrx_word' id='word_1_155' title='bbox 1912 1270 2026 1354; x_wconf 85' lang='lat' dir='ltr'><strong>tur.</strong></span> <span class='ocrx_word' id='word_1_156' title='bbox 2063 1262 2177 1327; x_wconf 91' lang='lat' dir='ltr'><strong>Sed</strong></span> <span class='ocrx_word' id='word_1_157' title='bbox 2210 1266 2298 1327; x_wconf 84' lang='lat' dir='ltr'><strong>vix</strong></span> <span class='ocrx_word' id='word_1_158' title='bbox 2344 1257 2608 1345; x_wconf 73' lang='lat' dir='ltr'><strong>credam,</strong></span> <span class='ocrx_word' id='word_1_159' title='bbox 2661 1263 2985 1328; x_wconf 88' lang='lat' dir='ltr'><strong>Eusebium</strong></span> <span class='ocrx_word' id='word_1_160' title='bbox 3036 1257 3556 1354; x_wconf 16' lang='lat' dir='ltr'><strong>id,»_d_ocumentis</strong></span> 
     </span>
    </p>
   </div>
   <div class='ocr_carea' id='block_1_31' title="bbox 1908 1347 3557 1436">
    <p class='ocr_par' dir='ltr' id='par_1_31' title="bbox 1908 1347 3557 1436">
     <span class='ocr_line' id='line_1_31' title="bbox 1908 1347 3557 1436; baseline -0.006 -22"><span class='ocrx_word' id='word_1_161' title='bbox 1908 1353 2145 1429; x_wconf 81' lang='lat' dir='ltr'><strong>fultum,</strong></span> <span class='ocrx_word' id='word_1_162' title='bbox 2173 1357 2507 1436; x_wconf 84' lang='lat' dir='ltr'><strong>scripsisse.</strong></span> <span class='ocrx_word' id='word_1_163' title='bbox 2552 1355 2829 1419; x_wconf 83' lang='lat' dir='ltr'><strong>Fortasse</strong></span> <span class='ocrx_word' id='word_1_164' title='bbox 2880 1371 2985 1434; x_wconf 86' lang='lat' dir='ltr'><strong>per</strong></span> <span class='ocrx_word' id='word_1_165' title='bbox 3034 1349 3408 1414; x_wconf 85' lang='lat' dir='ltr'><strong>traditionem</strong></span> <span class='ocrx_word' id='word_1_166' title='bbox 3440 1347 3557 1436; x_wconf 68' lang='lat' dir='ltr'><strong>ipsi</strong></span> 
     </span>
    </p>
   </div>
   <div class='ocr_carea' id='block_1_32' title="bbox 1909 1434 3557 1518">
    <p class='ocr_par' dir='ltr' id='par_1_32' title="bbox 1909 1434 3557 1518">
     <span class='ocr_line' id='line_1_32' title="bbox 1909 1434 3557 1518; baseline -0.004 -15"><span class='ocrx_word' id='word_1_167' title='bbox 1909 1442 2273 1518; x_wconf 91' lang='lat' dir='ltr'><strong>innotuerat,</strong></span> <span class='ocrx_word' id='word_1_168' title='bbox 2298 1434 2517 1507; x_wconf 75' lang='lat' dir='ltr'><strong>Linum</strong></span> <span class='ocrx_word' id='word_1_169' title='bbox 2571 1454 2628 1507; x_wconf 88' lang='lat' dir='ltr'><strong>et</strong></span> <span class='ocrx_word' id='word_1_170' title='bbox 2677 1444 3067 1507; x_wconf 88' lang='lat' dir='ltr'><strong>Anencletum</strong></span> <span class='ocrx_word' id='word_1_171' title='bbox 3114 1442 3190 1500; x_wconf 83' lang='lat'><strong>12</strong></span> <span class='ocrx_word' id='word_1_172' title='bbox 3224 1454 3408 1498; x_wconf 85' lang='lat' dir='ltr'><strong>annos</strong></span> <span class='ocrx_word' id='word_1_173' title='bbox 3439 1434 3557 1498; x_wconf 90' lang='lat' dir='ltr'><strong>Ro-</strong></span> 
     </span>
    </p>
   </div>
   <div class='ocr_carea' id='block_1_33' title="bbox 1909 1526 3555 1607">
    <p class='ocr_par' dir='ltr' id='par_1_33' title="bbox 1909 1526 3555 1607">
     <span class='ocr_line' id='line_1_33' title="bbox 1909 1526 3555 1607; baseline -0.004 -14"><span class='ocrx_word' id='word_1_174' title='bbox 1909 1550 2145 1594; x_wconf 90' lang='lat' dir='ltr'><strong>manam</strong></span> <span class='ocrx_word' id='word_1_175' title='bbox 2172 1536 2399 1597; x_wconf 83' lang='lat' dir='ltr'><strong>rexisse</strong></span> <span class='ocrx_word' id='word_1_176' title='bbox 2420 1533 2741 1598; x_wconf 88' lang='lat' dir='ltr'><strong>Eclesiam.</strong></span> <span class='ocrx_word' id='word_1_177' title='bbox 2778 1533 2922 1597; x_wconf 88' lang='lat' dir='ltr'><strong>Cum</strong></span> <span class='ocrx_word' id='word_1_178' title='bbox 2956 1540 3150 1593; x_wconf 87' lang='lat' dir='ltr'><strong>autem</strong></span> <span class='ocrx_word' id='word_1_179' title='bbox 3182 1529 3373 1607; x_wconf 90' lang='lat' dir='ltr'><strong>ipsum</strong></span> <span class='ocrx_word' id='word_1_180' title='bbox 3407 1526 3555 1589; x_wconf 87' lang='lat' dir='ltr'><strong>late-</strong></span> 
     </span>
    </p>
   </div>
   <div class='ocr_carea' id='block_1_34' title="bbox 1908 1615 3556 1704">
    <p class='ocr_par' dir='ltr' id='par_1_34' title="bbox 1908 1615 3556 1704">
     <span class='ocr_line' id='line_1_34' title="bbox 1908 1615 3556 1704; baseline -0.005 -20"><span class='ocrx_word' id='word_1_181' title='bbox 1908 1631 2022 1695; x_wconf 89' lang='lat' dir='ltr'><strong>ret,</strong></span> <span class='ocrx_word' id='word_1_182' title='bbox 2057 1622 2190 1686; x_wconf 91' lang='lat' dir='ltr'><strong>illos</strong></span> <span class='ocrx_word' id='word_1_183' title='bbox 2225 1625 2599 1704; x_wconf 88' lang='lat' dir='ltr'><strong>conjunctos,</strong></span> <span class='ocrx_word' id='word_1_184' title='bbox 2630 1640 2754 1686; x_wconf 88' lang='lat' dir='ltr'><strong>una</strong></span> <span class='ocrx_word' id='word_1_185' title='bbox 2784 1642 2919 1686; x_wconf 86' lang='lat' dir='ltr'><strong>cum</strong></span> <span class='ocrx_word' id='word_1_186' title='bbox 2953 1622 3195 1685; x_wconf 78' lang='lat' dir='ltr'><strong>vivente</strong></span> <span class='ocrx_word' id='word_1_187' title='bbox 3229 1616 3429 1704; x_wconf 83' lang='lat' dir='ltr'><strong>adhuc</strong></span> <span class='ocrx_word' id='word_1_188' title='bbox 3448 1615 3556 1677; x_wconf 85' lang='lat' dir='ltr'><strong>Pe-</strong></span> 
     </span>
    </p>
   </div>
   <div class='ocr_carea' id='block_1_35' title="bbox 192 1703 1824 1793">
    <p class='ocr_par' dir='ltr' id='par_1_35' title="bbox 192 1703 1824 1789">
     <span class='ocr_line' id='line_1_35' title="bbox 192 1703 1824 1789; baseline 0.004 -25"><span class='ocrx_word' id='word_1_189' title='bbox 192 1706 239 1764; x_wconf 73' lang='grc' dir='ltr'><strong>δὲ</strong></span> <span class='ocrx_word' id='word_1_190' title='bbox 291 1710 442 1765; x_wconf 67' lang='grc' dir='ltr'>ανῖπον</span> <span class='ocrx_word' id='word_1_191' title='bbox 487 1709 871 1788; x_wconf 66' lang='grc' dir='ltr'><strong>Ἀνέγκλτιτος⁸</strong></span> <span class='ocrx_word' id='word_1_192' title='bbox 931 1712 1068 1786; x_wconf 82' lang='grc' dir='ltr'><strong>μετὰ</strong></span> <span class='ocrx_word' id='word_1_193' title='bbox 1123 1719 1308 1769; x_wconf 81' lang='grc' dir='ltr'>τοῦτον</span> <span class='ocrx_word' id='word_1_194' title='bbox 1350 1709 1405 1767; x_wconf 75' lang='grc' dir='ltr'><strong>δὲ</strong></span> <span class='ocrx_word' id='word_1_195' title='bbox 1475 1712 1635 1789; x_wconf 81' lang='grc' dir='ltr'>τρίτῳ</span> <span class='ocrx_word' id='word_1_196' title='bbox 1675 1703 1824 1785; x_wconf 62' lang='grc' dir='ltr'><strong>τόπῳ</strong></span> 
     </span>
    </p>
   </div>
   <div class='ocr_carea' id='block_1_36' title="bbox 1926 1703 3555 1793">
    <p class='ocr_par' dir='ltr' id='par_1_36' title="bbox 1926 1703 3555 1793">
     <span class='ocr_line' id='line_1_36' title="bbox 1926 1703 3555 1793; baseline -0.005 -21"><span class='ocrx_word' id='word_1_197' title='bbox 1926 1719 2022 1785; x_wconf 67' lang='lat' dir='ltr'><strong>ro,</strong></span> <span class='ocrx_word' id='word_1_198' title='bbox 2052 1711 2460 1791; x_wconf 89' lang='lat' dir='ltr'><strong>gubernacula</strong></span> <span class='ocrx_word' id='word_1_199' title='bbox 2491 1712 2777 1793; x_wconf 80' lang='lat' dir='ltr'><strong>tenuisse;</strong></span> <span class='ocrx_word' id='word_1_200' title='bbox 2811 1711 2941 1773; x_wconf 88' lang='lat' dir='ltr'><strong>ﬁeri</strong></span> <span class='ocrx_word' id='word_1_201' title='bbox 2960 1714 3212 1792; x_wconf 91' lang='lat' dir='ltr'><strong>poterat,</strong></span> <span class='ocrx_word' id='word_1_202' title='bbox 3261 1714 3346 1779; x_wconf 92' lang='lat' dir='ltr'><strong>ut,</strong></span> <span class='ocrx_word' id='word_1_203' title='bbox 3380 1703 3555 1767; x_wconf 89' lang='lat' dir='ltr'><strong>Cata-</strong></span> 
     </span>
    </p>
   </div>
   <div class='ocr_carea' id='block_1_37' title="bbox 192 1796 1819 1878">
    <p class='ocr_par' dir='ltr' id='par_1_37' title="bbox 192 1796 1819 1878">
     <span class='ocr_line' id='line_1_37' title="bbox 192 1796 1819 1878; baseline 0.003 -25"><span class='ocrx_word' id='word_1_204' title='bbox 192 1796 287 1853; x_wconf 76' lang='grc' dir='ltr'><strong>ἆπὸ</strong></span> <span class='ocrx_word' id='word_1_205' title='bbox 323 1799 425 1854; x_wconf 76' lang='grc' dir='ltr'><strong>τῶν</strong></span> <span class='ocrx_word' id='word_1_206' title='bbox 456 1797 795 1856; x_wconf 55' lang='grc' dir='ltr'>’.ἀποστόλων</span> <span class='ocrx_word' id='word_1_207' title='bbox 845 1800 940 1868; x_wconf 73' lang='grc' dir='ltr'><strong>τὴν</strong></span> <span class='ocrx_word' id='word_1_208' title='bbox 969 1801 1269 1869; x_wconf 73' lang='grc' dir='ltr'><strong>ἐπισκοπὴν</strong></span> <span class='ocrx_word' id='word_1_209' title='bbox 1327 1800 1617 1878; x_wconf 61' lang='grc' dir='ltr'>πληροῦται</span> <span class='ocrx_word' id='word_1_210' title='bbox 1667 1801 1819 1871; x_wconf 80' lang='grc' dir='ltr'>Κλή-</span> 
     </span>
    </p>
   </div>
   <div class='ocr_carea' id='block_1_38' title="bbox 192 1888 1823 1969">
    <p class='ocr_par' dir='ltr' id='par_1_38' title="bbox 192 1888 1823 1969">
     <span class='ocr_line' id='line_1_38' title="bbox 192 1888 1823 1969; baseline 0.006 -29"><span class='ocrx_word' id='word_1_211' title='bbox 192 1906 314 1963; x_wconf 66' lang='grc' dir='ltr'><strong>μης,</strong></span> <span class='ocrx_word' id='word_1_212' title='bbox 344 1888 370 1942; x_wconf 80' lang='grc' dir='ltr'><strong>ὁ</strong></span> <span class='ocrx_word' id='word_1_213' title='bbox 398 1889 487 1942; x_wconf 77' lang='grc' dir='ltr'>καὶ</span> <span class='ocrx_word' id='word_1_214' title='bbox 530 1888 780 1965; x_wconf 75' lang='grc' dir='ltr'>ἑωρακὼς</span> <span class='ocrx_word' id='word_1_215' title='bbox 812 1889 933 1953; x_wconf 75' lang='grc' dir='ltr'>τοὺς</span> <span class='ocrx_word' id='word_1_216' title='bbox 994 1890 1280 1969; x_wconf 76' lang='grc' dir='ltr'><strong>μακαρίως</strong></span> <span class='ocrx_word' id='word_1_217' title='bbox 1325 1888 1704 1957; x_wconf 81' lang='grc' dir='ltr'>Ἀποστόλους,</span> <span class='ocrx_word' id='word_1_218' title='bbox 1739 1892 1823 1951; x_wconf 70' lang='grc' dir='ltr'>καὶ</span> 
     </span>
    </p>
   </div>
   <div class='ocr_carea' id='block_1_39' title="bbox 193 1971 1822 2059">
    <p class='ocr_par' dir='ltr' id='par_1_39' title="bbox 193 1971 1822 2059">
     <span class='ocr_line' id='line_1_39' title="bbox 193 1971 1822 2059; baseline 0.006 -31"><span class='ocrx_word' id='word_1_219' title='bbox 193 1971 558 2048; x_wconf 69' lang='grc' dir='ltr'><strong>συμϐεϐληκὼς</strong></span> <span class='ocrx_word' id='word_1_220' title='bbox 622 1978 829 2051; x_wconf 58' lang='lat' dir='ltr'><strong>where,</strong></span> <span class='ocrx_word' id='word_1_221' title='bbox 900 1979 986 2035; x_wconf 78' lang='grc' dir='ltr'><strong>καὶ</strong></span> <span class='ocrx_word' id='word_1_222' title='bbox 1046 1978 1121 2035; x_wconf 78' lang='grc' dir='ltr'><strong>ἔτι</strong></span> <span class='ocrx_word' id='word_1_223' title='bbox 1179 1977 1399 2036; x_wconf 67' lang='grc' dir='ltr'>ἔναυλον</span> <span class='ocrx_word' id='word_1_224' title='bbox 1446 1980 1509 2035; x_wconf 81' lang='grc' dir='ltr'>τὸ</span> <span class='ocrx_word' id='word_1_225' title='bbox 1573 1981 1822 2059; x_wconf 74' lang='grc' dir='ltr'><strong>κήρυγμα</strong></span> 
     </span>
    </p>
   </div>
   <div class='ocr_carea' id='block_1_40' title="bbox 190 2060 1822 2148">
    <p class='ocr_par' dir='ltr' id='par_1_40' title="bbox 190 2060 1822 2148">
     <span class='ocr_line' id='line_1_40' title="bbox 190 2060 1822 2148; baseline 0.004 -30"><span class='ocrx_word' id='word_1_226' title='bbox 190 2069 285 2118; x_wconf 82' lang='grc' dir='ltr'><strong>τῶν</strong></span> <span class='ocrx_word' id='word_1_227' title='bbox 340 2060 707 2138; x_wconf 71' lang='grc' dir='ltr'>Ἀποστόλων,</span> <span class='ocrx_word' id='word_1_228' title='bbox 754 2068 839 2122; x_wconf 72' lang='grc' dir='ltr'><strong>διαὶ</strong></span> <span class='ocrx_word' id='word_1_229' title='bbox 891 2068 989 2135; x_wconf 78' lang='grc' dir='ltr'>τὴν</span> <span class='ocrx_word' id='word_1_230' title='bbox 1046 2065 1333 2146; x_wconf 72' lang='grc' dir='ltr'>παράδοσιν</span> <span class='ocrx_word' id='word_1_231' title='bbox 1388 2066 1488 2139; x_wconf 78' lang='grc' dir='ltr'><strong>πρὸ</strong></span> <span class='ocrx_word' id='word_1_232' title='bbox 1538 2067 1822 2148; x_wconf 76' lang='grc' dir='ltr'><strong>ὀφθαλμῶν</strong></span> 
     </span>
    </p>
   </div>
   <div class='ocr_carea' id='block_1_41' title="bbox 200 2150 588 2230">
    <p class='ocr_par' dir='ltr' id='par_1_41' title="bbox 200 2150 588 2230">
     <span class='ocr_line' id='line_1_41' title="bbox 200 2150 588 2230; baseline 0.015 -25"><span class='ocrx_word' id='word_1_233' title='bbox 200 2150 329 2230; x_wconf 68' lang='grc' dir='ltr'><strong>ἔχων</strong></span> <span class='ocrx_word' id='word_1_234' title='bbox 356 2176 409 2209; x_wconf 79' lang='grc' dir='ltr'><strong>κ.</strong></span> <span class='ocrx_word' id='word_1_235' title='bbox 449 2176 502 2217; x_wconf 85' lang='grc' dir='ltr'><strong>τ,</strong></span> <span class='ocrx_word' id='word_1_236' title='bbox 532 2154 588 2215; x_wconf 87' lang='grc' dir='ltr'>λ.</span> 
     </span>
    </p>
   </div>
   <div class='ocr_carea' id='block_1_42' title="bbox 260 2238 1822 2327">
    <p class='ocr_par' dir='ltr' id='par_1_42' title="bbox 260 2238 1822 2327">
     <span class='ocr_line' id='line_1_42' title="bbox 260 2238 1822 2327; baseline 0.003 -23"><span class='ocrx_word' id='word_1_237' title='bbox 260 2238 393 2305; x_wconf 86' lang='lat' dir='ltr'><strong>Cum</strong></span> <span class='ocrx_word' id='word_1_238' title='bbox 425 2243 652 2305; x_wconf 75' lang='lat' dir='ltr'><strong>Irenaeo</strong></span> <span class='ocrx_word' id='word_1_239' title='bbox 685 2252 795 2307; x_wconf 88' lang='lat' dir='ltr'><strong>stat</strong></span> <span class='ocrx_word' id='word_1_240' title='bbox 827 2245 1117 2308; x_wconf 82' lang='lat' dir='ltr'><strong>Eusebius</strong></span> <span class='ocrx_word' id='word_1_241' title='bbox 1164 2245 1271 2327; x_wconf 89' lang='lat' dir='ltr'><strong>(H.</strong></span> <span class='ocrx_word' id='word_1_242' title='bbox 1330 2246 1408 2310; x_wconf 92' lang='lat' dir='ltr'><strong>E.</strong></span> <span class='ocrx_word' id='word_1_243' title='bbox 1465 2265 1550 2321; x_wconf 84' lang='lat' dir='ltr'><strong>Ill,</strong></span> <span class='ocrx_word' id='word_1_244' title='bbox 1589 2249 1689 2326; x_wconf 87' lang='lat'><strong>13,</strong></span> <span class='ocrx_word' id='word_1_245' title='bbox 1727 2252 1822 2327; x_wconf 86' lang='lat'><strong>15,</strong></span> 
     </span>
    </p>
   </div>
   <div class='ocr_carea' id='block_1_43' title="bbox 198 2328 1822 2418">
    <p class='ocr_par' dir='ltr' id='par_1_43' title="bbox 198 2328 1822 2418">
     <span class='ocr_line' id='line_1_43' title="bbox 198 2328 1822 2418; baseline 0.006 -25"><span class='ocrx_word' id='word_1_246' title='bbox 198 2328 303 2409; x_wconf 70' lang='lat'><strong>34),</strong></span> <span class='ocrx_word' id='word_1_247' title='bbox 332 2330 577 2407; x_wconf 87' lang='lat' dir='ltr'><strong>docens,</strong></span> <span class='ocrx_word' id='word_1_248' title='bbox 608 2332 824 2397; x_wconf 90' lang='lat' dir='ltr'><strong>Linum</strong></span> <span class='ocrx_word' id='word_1_249' title='bbox 856 2336 930 2395; x_wconf 85' lang='lat' dir='ltr'><strong>ab</strong></span> <span class='ocrx_word' id='word_1_250' title='bbox 955 2354 1113 2397; x_wconf 89' lang='lat' dir='ltr'><strong>anno</strong></span> <span class='ocrx_word' id='word_1_251' title='bbox 1144 2336 1221 2401; x_wconf 87' lang='lat'><strong>68</strong></span> <span class='ocrx_word' id='word_1_252' title='bbox 1264 2355 1454 2418; x_wconf 91' lang='lat' dir='ltr'><strong>usque</strong></span> <span class='ocrx_word' id='word_1_253' title='bbox 1494 2338 1567 2400; x_wconf 86' lang='lat' dir='ltr'><strong>ad</strong></span> <span class='ocrx_word' id='word_1_254' title='bbox 1594 2358 1692 2403; x_wconf 91' lang='lat' dir='ltr'><strong>an.</strong></span> <span class='ocrx_word' id='word_1_255' title='bbox 1721 2338 1822 2413; x_wconf 89' lang='lat'><strong>80,</strong></span> 
     </span>
    </p>
   </div>
   <div class='ocr_carea' id='block_1_44' title="bbox 198 2418 1823 2508">
    <p class='ocr_par' dir='ltr' id='par_1_44' title="bbox 198 2418 1823 2508">
     <span class='ocr_line' id='line_1_44' title="bbox 198 2418 1823 2508; baseline 0.006 -28"><span class='ocrx_word' id='word_1_256' title='bbox 198 2418 574 2483; x_wconf 84' lang='lat' dir='ltr'><strong>Anencletum</strong></span> <span class='ocrx_word' id='word_1_257' title='bbox 609 2421 825 2503; x_wconf 71' lang='lat'><strong>80-92,</strong></span> <span class='ocrx_word' id='word_1_258' title='bbox 858 2424 1229 2487; x_wconf 88' lang='lat' dir='ltr'><strong>Clementem</strong></span> <span class='ocrx_word' id='word_1_259' title='bbox 1260 2424 1484 2488; x_wconf 71' lang='lat'><strong>92-101</strong></span> <span class='ocrx_word' id='word_1_260' title='bbox 1518 2446 1577 2508; x_wconf 94' lang='lat' dir='ltr'><strong>p.</strong></span> <span class='ocrx_word' id='word_1_261' title='bbox 1612 2428 1721 2491; x_wconf 92' lang='lat' dir='ltr'><strong>Ch.</strong></span> <span class='ocrx_word' id='word_1_262' title='bbox 1758 2446 1823 2490; x_wconf 91' lang='lat' dir='ltr'><strong>n.</strong></span> 
     </span>
    </p>
   </div>
   <div class='ocr_carea' id='block_1_45' title="bbox 198 2509 1057 2576">
    <p class='ocr_par' dir='ltr' id='par_1_45' title="bbox 198 2509 1057 2576">
     <span class='ocr_line' id='line_1_45' title="bbox 198 2509 1057 2576; baseline 0.006 -6"><span class='ocrx_word' id='word_1_263' title='bbox 198 2509 379 2571; x_wconf 86' lang='lat' dir='ltr'><strong>sedem</strong></span> <span class='ocrx_word' id='word_1_264' title='bbox 407 2510 739 2573; x_wconf 83' lang='lat' dir='ltr'><strong>Romanam</strong></span> <span class='ocrx_word' id='word_1_265' title='bbox 774 2514 1057 2576; x_wconf 85' lang='lat' dir='ltr'><strong>tenuisse.</strong></span> 
     </span>
    </p>
   </div>
   <div class='ocr_carea' id='block_1_46' title="bbox 268 2599 1827 2686">
    <p class='ocr_par' dir='ltr' id='par_1_46' title="bbox 268 2599 1827 2686">
     <span class='ocr_line' id='line_1_46' title="bbox 268 2599 1827 2686; baseline 0.004 -23"><span class='ocrx_word' id='word_1_266' title='bbox 268 2599 541 2663; x_wconf 84' lang='lat' dir='ltr'><strong>Eamdem</strong></span> <span class='ocrx_word' id='word_1_267' title='bbox 594 2600 950 2663; x_wconf 85' lang='lat' dir='ltr'><strong>sententiam</strong></span> <span class='ocrx_word' id='word_1_268' title='bbox 1001 2600 1394 2683; x_wconf 74' lang='lat' dir='ltr'><strong>Hieronymus</strong></span> <span class='ocrx_word' id='word_1_269' title='bbox 1438 2602 1499 2664; x_wconf 91' lang='lat' dir='ltr'><strong>in</strong></span> <span class='ocrx_word' id='word_1_270' title='bbox 1537 2605 1827 2686; x_wconf 82' lang='lat' dir='ltr'><strong>Catalogo</strong></span> 
     </span>
    </p>
   </div>
   <div class='ocr_carea' id='block_1_47' title="bbox 198 2690 1829 2769">
    <p class='ocr_par' dir='ltr' id='par_1_47' title="bbox 198 2690 1829 2769">
     <span class='ocr_line' id='line_1_47' title="bbox 198 2690 1829 2769; baseline 0.009 -26"><span class='ocrx_word' id='word_1_271' title='bbox 198 2694 546 2769; x_wconf 69' lang='lat' dir='ltr'><strong>scriptorum</strong></span> <span class='ocrx_word' id='word_1_272' title='bbox 600 2690 1138 2754; x_wconf 83' lang='lat' dir='ltr'><strong>ecclesiasticarum</strong></span> <span class='ocrx_word' id='word_1_273' title='bbox 1166 2691 1334 2753; x_wconf 77' lang='lat' dir='ltr'><strong>c.15</strong></span> <span class='ocrx_word' id='word_1_274' title='bbox 1401 2693 1701 2769; x_wconf 89' lang='lat' dir='ltr'><strong>tuebatur,</strong></span> <span class='ocrx_word' id='word_1_275' title='bbox 1764 2706 1829 2758; x_wconf 92' lang='lat' dir='ltr'><strong>ut</strong></span> 
     </span>
    </p>
   </div>
   <div class='ocr_carea' id='block_1_48' title="bbox 200 2778 814 2858">
    <p class='ocr_par' dir='ltr' id='par_1_48' title="bbox 200 2778 814 2858">
     <span class='ocr_line' id='line_1_48' title="bbox 200 2778 814 2858; baseline 0.013 -22"><span class='ocrx_word' id='word_1_276' title='bbox 200 2794 356 2858; x_wconf 87' lang='lat' dir='ltr'><strong>supra</strong></span> <span class='ocrx_word' id='word_1_277' title='bbox 381 2778 641 2840; x_wconf 84' lang='lat' dir='ltr'><strong>vidimus</strong></span> <span class='ocrx_word' id='word_1_278' title='bbox 662 2780 814 2857; x_wconf 79' lang='grc'><strong>(14).</strong></span> 
     </span>
    </p>
   </div>
   <div class='ocr_carea' id='block_1_49' title="bbox 261 2865 1827 2952">
    <p class='ocr_par' dir='ltr' id='par_1_49' title="bbox 261 2865 1827 2952">
     <span class='ocr_line' id='line_1_49' title="bbox 261 2865 1827 2952; baseline 0.004 -25"><span class='ocrx_word' id='word_1_279' title='bbox 261 2867 315 2927; x_wconf 80' lang='grc'><strong>4.</strong></span> <span class='ocrx_word' id='word_1_280' title='bbox 352 2865 561 2930; x_wconf 82' lang='lat' dir='ltr'><strong>Varias</strong></span> <span class='ocrx_word' id='word_1_281' title='bbox 613 2868 721 2929; x_wconf 88' lang='lat' dir='ltr'><strong>has</strong></span> <span class='ocrx_word' id='word_1_282' title='bbox 777 2869 1102 2932; x_wconf 88' lang='lat' dir='ltr'><strong>sententias</strong></span> <span class='ocrx_word' id='word_1_283' title='bbox 1132 2873 1213 2935; x_wconf 90' lang='lat' dir='ltr'><strong>ita</strong></span> <span class='ocrx_word' id='word_1_284' title='bbox 1241 2870 1677 2952; x_wconf 89' lang='lat' dir='ltr'><strong>componebant</strong></span> <span class='ocrx_word' id='word_1_285' title='bbox 1719 2872 1827 2935; x_wconf 86' lang='lat' dir='ltr'><strong>viri</strong></span> 
     </span>
    </p>
   </div>
   <div class='ocr_carea' id='block_1_50' title="bbox 199 2956 1829 3041">
    <p class='ocr_par' dir='ltr' id='par_1_50' title="bbox 199 2956 1829 3041">
     <span class='ocr_line' id='line_1_50' title="bbox 199 2956 1829 3041; baseline 0.004 -25"><span class='ocrx_word' id='word_1_286' title='bbox 199 2956 341 3018; x_wconf 89' lang='lat' dir='ltr'><strong>docti</strong></span> <span class='ocrx_word' id='word_1_287' title='bbox 371 2965 429 3018; x_wconf 89' lang='lat' dir='ltr'><strong>et</strong></span> <span class='ocrx_word' id='word_1_288' title='bbox 459 2958 797 3037; x_wconf 87' lang='lat' dir='ltr'><strong>priscorum</strong></span> <span class='ocrx_word' id='word_1_289' title='bbox 832 2967 891 3020; x_wconf 90' lang='lat' dir='ltr'><strong>et</strong></span> <span class='ocrx_word' id='word_1_290' title='bbox 939 2962 1341 3023; x_wconf 86' lang='lat' dir='ltr'><strong>recentiorum</strong></span> <span class='ocrx_word' id='word_1_291' title='bbox 1375 2970 1732 3041; x_wconf 86' lang='lat' dir='ltr'><strong>temporum,</strong></span> <span class='ocrx_word' id='word_1_292' title='bbox 1768 2971 1829 3022; x_wconf 92' lang='lat' dir='ltr'><strong>ut</strong></span> 
     </span>
    </p>
   </div>
   <div class='ocr_carea' id='block_1_51' title="bbox 202 3047 1828 3126">
    <p class='ocr_par' dir='ltr' id='par_1_51' title="bbox 202 3047 1828 3126">
     <span class='ocr_line' id='line_1_51' title="bbox 202 3047 1828 3126; baseline 0.006 -22"><span class='ocrx_word' id='word_1_293' title='bbox 202 3047 573 3126; x_wconf 85' lang='lat' dir='ltr'><strong>conjicerent,</strong></span> <span class='ocrx_word' id='word_1_294' title='bbox 611 3048 821 3111; x_wconf 86' lang='lat' dir='ltr'><strong>Linum</strong></span> <span class='ocrx_word' id='word_1_295' title='bbox 878 3055 936 3110; x_wconf 89' lang='lat' dir='ltr'><strong>et</strong></span> <span class='ocrx_word' id='word_1_296' title='bbox 974 3048 1199 3113; x_wconf 91' lang='lat' dir='ltr'><strong>Cletum</strong></span> <span class='ocrx_word' id='word_1_297' title='bbox 1250 3050 1585 3112; x_wconf 87' lang='lat' dir='ltr'><strong>viventibus</strong></span> <span class='ocrx_word' id='word_1_298' title='bbox 1632 3052 1828 3113; x_wconf 87' lang='lat' dir='ltr'><strong>adhuc</strong></span> 
     </span>
    </p>
   </div>
   <div class='ocr_carea' id='block_1_52' title="bbox 200 3136 1827 3215">
    <p class='ocr_par' dir='ltr' id='par_1_52' title="bbox 200 3136 1827 3215">
     <span class='ocr_line' id='line_1_52' title="bbox 200 3136 1827 3215; baseline 0.006 -21"><span class='ocrx_word' id='word_1_299' title='bbox 200 3138 452 3215; x_wconf 77' lang='lat' dir='ltr'><strong>apostolis</strong></span> <span class='ocrx_word' id='word_1_300' title='bbox 463 3136 654 3199; x_wconf 86' lang='lat' dir='ltr'><strong>Paulo</strong></span> <span class='ocrx_word' id='word_1_301' title='bbox 668 3148 724 3200; x_wconf 91' lang='lat' dir='ltr'><strong>et</strong></span> <span class='ocrx_word' id='word_1_302' title='bbox 739 3140 914 3202; x_wconf 80' lang='lat' dir='ltr'><strong>Petro</strong></span> <span class='ocrx_word' id='word_1_303' title='bbox 933 3139 1336 3203; x_wconf 89' lang='lat' dir='ltr'><strong>Romanorum</strong></span> <span class='ocrx_word' id='word_1_304' title='bbox 1356 3140 1622 3202; x_wconf 78' lang='lat' dir='ltr'><strong>ﬁdelium</strong></span> <span class='ocrx_word' id='word_1_305' title='bbox 1644 3140 1827 3204; x_wconf 84' lang='lat' dir='ltr'><strong>fuisse</strong></span> 
     </span>
    </p>
   </div>
   <div class='ocr_carea' id='block_1_53' title="bbox 204 3228 1825 3305">
    <p class='ocr_par' dir='ltr' id='par_1_53' title="bbox 204 3228 1825 3305">
     <span class='ocr_line' id='line_1_53' title="bbox 204 3228 1825 3305; baseline 0.004 -21"><span class='ocrx_word' id='word_1_306' title='bbox 204 3228 502 3304; x_wconf 81' lang='lat' dir='ltr'><strong>antistites;</strong></span> <span class='ocrx_word' id='word_1_307' title='bbox 530 3228 908 3291; x_wconf 89' lang='lat' dir='ltr'><strong>Clementem</strong></span> <span class='ocrx_word' id='word_1_308' title='bbox 939 3238 1163 3305; x_wconf 80' lang='lat' dir='ltr'><strong>autem,</strong></span> <span class='ocrx_word' id='word_1_309' title='bbox 1188 3230 1307 3293; x_wconf 89' lang='lat' dir='ltr'><strong>illis</strong></span> <span class='ocrx_word' id='word_1_310' title='bbox 1336 3230 1583 3291; x_wconf 83' lang='lat' dir='ltr'><strong>fortasse</strong></span> <span class='ocrx_word' id='word_1_311' title='bbox 1612 3229 1825 3293; x_wconf 81' lang='lat' dir='ltr'><strong>defun-</strong></span> 
     </span>
    </p>
   </div>
   <div class='ocr_carea' id='block_1_54' title="bbox 200 3315 1827 3400">
    <p class='ocr_par' dir='ltr' id='par_1_54' title="bbox 200 3315 1827 3400">
     <span class='ocr_line' id='line_1_54' title="bbox 200 3315 1827 3400; baseline 0.005 -27"><span class='ocrx_word' id='word_1_312' title='bbox 200 3315 418 3391; x_wconf 86' lang='lat' dir='ltr'><strong>ctis,seu</strong></span> <span class='ocrx_word' id='word_1_313' title='bbox 438 3317 551 3379; x_wconf 81' lang='lat' dir='ltr'><strong>sub</strong></span> <span class='ocrx_word' id='word_1_314' title='bbox 584 3318 827 3380; x_wconf 85' lang='lat' dir='ltr'><strong>Nerone</strong></span> <span class='ocrx_word' id='word_1_315' title='bbox 854 3319 1128 3400; x_wconf 81' lang='lat' dir='ltr'><strong>Martyrio</strong></span> <span class='ocrx_word' id='word_1_316' title='bbox 1153 3317 1451 3382; x_wconf 89' lang='lat' dir='ltr'><strong>coronatis</strong></span> <span class='ocrx_word' id='word_1_317' title='bbox 1476 3318 1620 3400; x_wconf 86' lang='lat' dir='ltr'><strong>(l5),</strong></span> <span class='ocrx_word' id='word_1_318' title='bbox 1656 3337 1689 3379; x_wconf 90' lang='lat' dir='ltr'><strong>a</strong></span> <span class='ocrx_word' id='word_1_319' title='bbox 1714 3321 1827 3381; x_wconf 89' lang='lat' dir='ltr'><strong>Pe-</strong></span> 
     </span>
    </p>
   </div>
   <div class='ocr_carea' id='block_1_55' title="bbox 204 3406 1830 3489">
    <p class='ocr_par' dir='ltr' id='par_1_55' title="bbox 204 3406 1830 3489">
     <span class='ocr_line' id='line_1_55' title="bbox 204 3406 1830 3489; baseline 0.003 -24"><span class='ocrx_word' id='word_1_320' title='bbox 204 3412 299 3479; x_wconf 85' lang='lat' dir='ltr'><strong>tro,</strong></span> <span class='ocrx_word' id='word_1_321' title='bbox 338 3406 407 3468; x_wconf 90' lang='lat' dir='ltr'><strong>ad</strong></span> <span class='ocrx_word' id='word_1_322' title='bbox 460 3414 718 3469; x_wconf 90' lang='lat' dir='ltr'><strong>mortem</strong></span> <span class='ocrx_word' id='word_1_323' title='bbox 772 3416 1148 3489; x_wconf 77' lang='lat' dir='ltr'><strong>properante.</strong></span> <span class='ocrx_word' id='word_1_324' title='bbox 1210 3409 1494 3472; x_wconf 62' lang='lat' dir='ltr'><strong>Romana</strong></span> <span class='ocrx_word' id='word_1_325' title='bbox 1545 3408 1830 3471; x_wconf 61' lang='lat' dir='ltr'><strong>Ecclesiae</strong></span> 
     </span>
    </p>
   </div>
   <div class='ocr_carea' id='block_1_56' title="bbox 203 3495 1104 3576">
    <p class='ocr_par' dir='ltr' id='par_1_56' title="bbox 203 3495 1104 3576">
     <span class='ocr_line' id='line_1_56' title="bbox 203 3495 1104 3576; baseline 0.01 -25"><span class='ocrx_word' id='word_1_326' title='bbox 203 3495 515 3576; x_wconf 72' lang='lat' dir='ltr'><strong>episcopum</strong></span> <span class='ocrx_word' id='word_1_327' title='bbox 558 3514 695 3558; x_wconf 88' lang='lat' dir='ltr'><strong>esse</strong></span> <span class='ocrx_word' id='word_1_328' title='bbox 739 3496 1104 3561; x_wconf 89' lang='lat' dir='ltr'><strong>ordinatum.</strong></span> 
     </span>
    </p>
   </div>
   <div class='ocr_carea' id='block_1_57' title="bbox 267 3582 1217 3648">
    <p class='ocr_par' dir='ltr' id='par_1_57' title="bbox 267 3582 1217 3648">
     <span class='ocr_line' id='line_1_57' title="bbox 267 3582 1217 3648; baseline 0.003 -3"><span class='ocrx_word' id='word_1_329' title='bbox 267 3582 421 3647; x_wconf 82' lang='lat' dir='ltr'><strong>Hanc</strong></span> <span class='ocrx_word' id='word_1_330' title='bbox 452 3585 817 3648; x_wconf 87' lang='lat' dir='ltr'><strong>sententiam</strong></span> <span class='ocrx_word' id='word_1_331' title='bbox 853 3586 982 3648; x_wconf 91' lang='lat' dir='ltr'><strong>tuiti</strong></span> <span class='ocrx_word' id='word_1_332' title='bbox 1012 3594 1149 3648; x_wconf 88' lang='lat' dir='ltr'><strong>sunt</strong></span> <span class='ocrx_word' id='word_1_333' title='bbox 1206 3604 1217 3613; x_wconf 80' lang='lat'><strong><em>&#39;</em></strong></span> 
     </span>
    </p>
   </div>
   <div class='ocr_carea' id='block_1_58' title="bbox 267 3674 1822 3757">
    <p class='ocr_par' dir='ltr' id='par_1_58' title="bbox 267 3674 1822 3757">
     <span class='ocr_line' id='line_1_58' title="bbox 267 3674 1822 3757; baseline 0.003 -24"><span class='ocrx_word' id='word_1_334' title='bbox 267 3675 321 3753; x_wconf 92' lang='lat' dir='ltr'><strong>a)</strong></span> <span class='ocrx_word' id='word_1_335' title='bbox 350 3675 604 3738; x_wconf 86' lang='lat' dir='ltr'><strong>Ruﬁnus</strong></span> <span class='ocrx_word' id='word_1_336' title='bbox 634 3674 831 3755; x_wconf 67' lang='grc' dir='ltr'><strong>(ΡΙ-θεῖ.</strong></span> <span class='ocrx_word' id='word_1_337' title='bbox 868 3675 925 3736; x_wconf 92' lang='lat' dir='ltr'><strong>in</strong></span> <span class='ocrx_word' id='word_1_338' title='bbox 959 3676 1023 3738; x_wconf 94' lang='lat' dir='ltr'><strong>S.</strong></span> <span class='ocrx_word' id='word_1_339' title='bbox 1058 3675 1381 3739; x_wconf 80' lang='lat' dir='ltr'><strong>Clementis</strong></span> <span class='ocrx_word' id='word_1_340' title='bbox 1430 3674 1772 3757; x_wconf 84' lang='lat' dir='ltr'><strong>Recognit.)</strong></span> <span class='ocrx_word' id='word_1_341' title='bbox 1808 3691 1822 3737; x_wconf 90' lang='lat'>:</span> 
     </span>
    </p>
   </div>
   <div class='ocr_carea' id='block_1_59' title="bbox 351 3763 1832 3838">
    <p class='ocr_par' dir='ltr' id='par_1_59' title="bbox 351 3763 1832 3838">
     <span class='ocr_line' id='line_1_59' title="bbox 351 3763 1832 3838; baseline -0.001 -17"><span class='ocrx_word' id='word_1_342' title='bbox 351 3764 513 3831; x_wconf 72' lang='lat' dir='ltr'><strong>Cum</strong></span> <span class='ocrx_word' id='word_1_343' title='bbox 548 3764 640 3821; x_wconf 89' lang='lat' dir='ltr'><strong>rei</strong></span> <span class='ocrx_word' id='word_1_344' title='bbox 692 3765 832 3821; x_wconf 72' lang='lat' dir='ltr'><strong>hanc</strong></span> <span class='ocrx_word' id='word_1_345' title='bbox 881 3765 1181 3837; x_wconf 75' lang='lat' dir='ltr'><strong>accepimus</strong></span> <span class='ocrx_word' id='word_1_346' title='bbox 1220 3779 1330 3821; x_wconf 84' lang='lat' dir='ltr'><strong>esse</strong></span> <span class='ocrx_word' id='word_1_347' title='bbox 1379 3764 1665 3833; x_wconf 81' lang='lat' dir='ltr'><strong>rationem,</strong></span> <span class='ocrx_word' id='word_1_348' title='bbox 1697 3763 1832 3838; x_wconf 78' lang='lat' dir='ltr'><strong>quod</strong></span> 
     </span>
    </p>
   </div>
   <div class='ocr_carea' id='block_1_60' title="bbox 348 3844 1831 3923">
    <p class='ocr_par' dir='ltr' id='par_1_60' title="bbox 348 3844 1831 3923">
     <span class='ocr_line' id='line_1_60' title="bbox 348 3844 1831 3923; baseline 0.002 -20"><span class='ocrx_word' id='word_1_349' title='bbox 348 3844 511 3908; x_wconf 76' lang='lat' dir='ltr'><strong>Linus</strong></span> <span class='ocrx_word' id='word_1_350' title='bbox 549 3856 603 3905; x_wconf 87' lang='lat' dir='ltr'><strong>et</strong></span> <span class='ocrx_word' id='word_1_351' title='bbox 651 3847 826 3907; x_wconf 72' lang='lat' dir='ltr'><strong>Clem</strong></span> <span class='ocrx_word' id='word_1_352' title='bbox 874 3850 1097 3921; x_wconf 69' lang='lat' dir='ltr'><strong>fuerunt</strong></span> <span class='ocrx_word' id='word_1_353' title='bbox 1142 3848 1349 3923; x_wconf 73' lang='lat' dir='ltr'><strong>quidem</strong></span> <span class='ocrx_word' id='word_1_354' title='bbox 1397 3852 1525 3905; x_wconf 88' lang='lat' dir='ltr'><strong>ante</strong></span> <span class='ocrx_word' id='word_1_355' title='bbox 1580 3847 1831 3906; x_wconf 82' lang='lat' dir='ltr'><strong>Clemen-</strong></span> 
     </span>
    </p>
   </div>
   <div class='ocr_carea' id='block_1_61' title="bbox 351 3932 1827 4006">
    <p class='ocr_par' dir='ltr' id='par_1_61' title="bbox 351 3932 1827 4006">
     <span class='ocr_line' id='line_1_61' title="bbox 351 3932 1827 4006; baseline 0.002 -18"><span class='ocrx_word' id='word_1_356' title='bbox 351 3941 448 3988; x_wconf 65' lang='lat' dir='ltr'><strong>tem</strong></span> <span class='ocrx_word' id='word_1_357' title='bbox 470 3933 709 4006; x_wconf 78' lang='lat' dir='ltr'><strong>episcopi</strong></span> <span class='ocrx_word' id='word_1_358' title='bbox 736 3932 799 3989; x_wconf 84' lang='lat' dir='ltr'><strong>in</strong></span> <span class='ocrx_word' id='word_1_359' title='bbox 825 3933 962 3992; x_wconf 75' lang='lat' dir='ltr'><strong>urbe</strong></span> <span class='ocrx_word' id='word_1_360' title='bbox 996 3932 1180 3998; x_wconf 74' lang='lat' dir='ltr'><strong>Rosia,</strong></span> <span class='ocrx_word' id='word_1_361' title='bbox 1210 3933 1303 3990; x_wconf 85' lang='lat' dir='ltr'><strong>sed</strong></span> <span class='ocrx_word' id='word_1_362' title='bbox 1324 3932 1618 4005; x_wconf 83' lang='lat' dir='ltr'><strong>superstite</strong></span> <span class='ocrx_word' id='word_1_363' title='bbox 1642 3934 1827 4003; x_wconf 87' lang='lat' dir='ltr'><strong>Petro,</strong></span> 
     </span>
    </p>
   </div>
   <div class='ocr_carea' id='block_1_62' title="bbox 346 4017 1829 4091">
    <p class='ocr_par' dir='ltr' id='par_1_62' title="bbox 346 4017 1829 4091">
     <span class='ocr_line' id='line_1_62' title="bbox 346 4017 1829 4091; baseline -0.003 -16"><span class='ocrx_word' id='word_1_364' title='bbox 346 4017 610 4087; x_wconf 75' lang='lat' dir='ltr'><strong>videlicet,</strong></span> <span class='ocrx_word' id='word_1_365' title='bbox 668 4023 734 4075; x_wconf 89' lang='lat' dir='ltr'><strong>ut</strong></span> <span class='ocrx_word' id='word_1_366' title='bbox 777 4019 864 4076; x_wconf 88' lang='lat' dir='ltr'><strong>illi</strong></span> <span class='ocrx_word' id='word_1_367' title='bbox 926 4018 1265 4091; x_wconf 77' lang='lat' dir='ltr'><strong>episcopatus</strong></span> <span class='ocrx_word' id='word_1_368' title='bbox 1322 4033 1505 4074; x_wconf 77' lang='lat' dir='ltr'><strong>curam</strong></span> <span class='ocrx_word' id='word_1_369' title='bbox 1556 4024 1829 4090; x_wconf 72' lang='lat' dir='ltr'><strong>gererent,</strong></span> 
     </span>
    </p>
   </div>
   <div class='ocr_carea' id='block_1_63' title="bbox 351 4102 1831 4177">
    <p class='ocr_par' dir='ltr' id='par_1_63' title="bbox 351 4102 1831 4177">
     <span class='ocr_line' id='line_1_63' title="bbox 351 4102 1831 4177; baseline -0.003 -15"><span class='ocrx_word' id='word_1_370' title='bbox 351 4102 455 4176; x_wconf 76' lang='lat' dir='ltr'><strong>ipse</strong></span> <span class='ocrx_word' id='word_1_371' title='bbox 507 4120 642 4161; x_wconf 79' lang='lat' dir='ltr'><strong>vero</strong></span> <span class='ocrx_word' id='word_1_372' title='bbox 696 4105 1027 4176; x_wconf 75' lang='lat' dir='ltr'><strong>apostolatus</strong></span> <span class='ocrx_word' id='word_1_373' title='bbox 1082 4104 1318 4176; x_wconf 64' lang='lat' dir='ltr'><strong>inpleret</strong></span> <span class='ocrx_word' id='word_1_374' title='bbox 1377 4103 1631 4177; x_wconf 61' lang='lat' dir='ltr'><strong>oﬂicium.</strong></span> <span class='ocrx_word' id='word_1_375' title='bbox 1682 4105 1831 4162; x_wconf 84' lang='lat' dir='ltr'><strong>Sicut</strong></span> 
     </span>
    </p>
   </div>
   <div class='ocr_carea' id='block_1_64' title="bbox 352 4190 1831 4265">
    <p class='ocr_par' dir='ltr' id='par_1_64' title="bbox 352 4190 1831 4265">
     <span class='ocr_line' id='line_1_64' title="bbox 352 4190 1831 4265; baseline 0.002 -20"><span class='ocrx_word' id='word_1_376' title='bbox 352 4192 639 4249; x_wconf 70' lang='lat' dir='ltr'><strong>inuenitur</strong></span> <span class='ocrx_word' id='word_1_377' title='bbox 714 4191 872 4248; x_wconf 63' lang='lat' dir='ltr'><strong>etiam</strong></span> <span class='ocrx_word' id='word_1_378' title='bbox 922 4190 1072 4265; x_wconf 84' lang='lat' dir='ltr'><strong>apud</strong></span> <span class='ocrx_word' id='word_1_379' title='bbox 1125 4190 1422 4248; x_wconf 64' lang='lat' dir='ltr'><strong>Caesaream</strong></span> <span class='ocrx_word' id='word_1_380' title='bbox 1476 4191 1684 4261; x_wconf 82' lang='lat' dir='ltr'><strong>fecisse;</strong></span> <span class='ocrx_word' id='word_1_381' title='bbox 1741 4190 1831 4248; x_wconf 81' lang='lat' dir='ltr'><strong>ubi</strong></span> 
     </span>
    </p>
   </div>
   <div class='ocr_carea' id='block_1_65' title="bbox 351 4276 1830 4351">
    <p class='ocr_par' dir='ltr' id='par_1_65' title="bbox 351 4276 1830 4351">
     <span class='ocr_line' id='line_1_65' title="bbox 351 4276 1830 4351; baseline -0.001 -19"><span class='ocrx_word' id='word_1_382' title='bbox 351 4292 467 4332; x_wconf 62' lang='lat' dir='ltr'><strong>cum</strong></span> <span class='ocrx_word' id='word_1_383' title='bbox 524 4279 648 4351; x_wconf 79' lang='lat' dir='ltr'><strong>ipse</strong></span> <span class='ocrx_word' id='word_1_384' title='bbox 694 4283 829 4335; x_wconf 77' lang='lat' dir='ltr'><strong>esset</strong></span> <span class='ocrx_word' id='word_1_385' title='bbox 869 4292 1131 4349; x_wconf 72' lang='lat' dir='ltr'><strong>prasens,</strong></span> <span class='ocrx_word' id='word_1_386' title='bbox 1170 4276 1462 4333; x_wconf 74' lang='lat' dir='ltr'><strong>Zachasum</strong></span> <span class='ocrx_word' id='word_1_387' title='bbox 1502 4280 1682 4333; x_wconf 79' lang='lat' dir='ltr'><strong>tamen</strong></span> <span class='ocrx_word' id='word_1_388' title='bbox 1707 4293 1737 4330; x_wconf 79' lang='grc' dir='ltr'><strong>ο</strong></span> <span class='ocrx_word' id='word_1_389' title='bbox 1774 4292 1830 4333; x_wconf 87' lang='lat' dir='ltr'><strong>se</strong></span> 
     </span>
    </p>
   </div>
   <div class='ocr_carea' id='block_1_66' title="bbox 350 4360 1830 4435">
    <p class='ocr_par' dir='ltr' id='par_1_66' title="bbox 350 4360 1830 4435">
     <span class='ocr_line' id='line_1_66' title="bbox 350 4360 1830 4435; baseline 0.001 -19"><span class='ocrx_word' id='word_1_390' title='bbox 350 4362 669 4420; x_wconf 71' lang='lat' dir='ltr'><strong>ordinatum</strong></span> <span class='ocrx_word' id='word_1_391' title='bbox 724 4360 950 4422; x_wconf 69' lang='lat' dir='ltr'><strong>habebat</strong></span> <span class='ocrx_word' id='word_1_392' title='bbox 1007 4362 1334 4435; x_wconf 62' lang='lat' dir='ltr'><strong>episcopum</strong></span> <span class='ocrx_word' id='word_1_393' title='bbox 1397 4362 1469 4418; x_wconf 86' lang='lat' dir='ltr'><strong>Et</strong></span> <span class='ocrx_word' id='word_1_394' title='bbox 1524 4360 1618 4417; x_wconf 69' lang='lat' dir='ltr'><strong>hoc</strong></span> <span class='ocrx_word' id='word_1_395' title='bbox 1679 4362 1830 4417; x_wconf 74' lang='lat' dir='ltr'><strong>modo</strong></span> 
     </span>
    </p>
   </div>
   <div class='ocr_carea' id='block_1_67' title="bbox 354 4445 1815 4519">
    <p class='ocr_par' dir='ltr' id='par_1_67' title="bbox 354 4445 1815 4519">
     <span class='ocr_line' id='line_1_67' title="bbox 354 4445 1815 4519; baseline 0.001 -17"><span class='ocrx_word' id='word_1_396' title='bbox 354 4453 640 4519; x_wconf 66' lang='lat' dir='ltr'><strong>utrunque</strong></span> <span class='ocrx_word' id='word_1_397' title='bbox 690 4460 876 4503; x_wconf 78' lang='lat' dir='ltr'><strong>verum</strong></span> <span class='ocrx_word' id='word_1_398' title='bbox 920 4445 1191 4503; x_wconf 78' lang='lat' dir='ltr'><strong>videbitur</strong></span> <span class='ocrx_word' id='word_1_399' title='bbox 1220 4462 1234 4502; x_wconf 86' lang='lat'>:</span> <span class='ocrx_word' id='word_1_400' title='bbox 1274 4452 1330 4499; x_wconf 83' lang='lat' dir='ltr'><strong>ut</strong></span> <span class='ocrx_word' id='word_1_401' title='bbox 1358 4450 1408 4501; x_wconf 87' lang='lat' dir='ltr'><strong>et</strong></span> <span class='ocrx_word' id='word_1_402' title='bbox 1435 4445 1520 4502; x_wconf 85' lang='lat' dir='ltr'><strong>illi</strong></span> <span class='ocrx_word' id='word_1_403' title='bbox 1546 4450 1671 4501; x_wconf 83' lang='lat' dir='ltr'><strong>ante</strong></span> <span class='ocrx_word' id='word_1_404' title='bbox 1702 4446 1815 4503; x_wconf 82' lang='lat' dir='ltr'><strong>Cle-</strong></span> 
     </span>
    </p>
   </div>
   <div class='ocr_carea' id='block_1_68' title="bbox 353 4528 1799 4602">
    <p class='ocr_par' dir='ltr' id='par_1_68' title="bbox 353 4528 1799 4602">
     <span class='ocr_line' id='line_1_68' title="bbox 353 4528 1799 4602; baseline -0.002 -12"><span class='ocrx_word' id='word_1_405' title='bbox 353 4544 580 4589; x_wconf 65' lang='lat' dir='ltr'><strong>mentem</strong></span> <span class='ocrx_word' id='word_1_406' title='bbox 645 4538 996 4588; x_wconf 67' lang='lat' dir='ltr'><strong>numerentur</strong></span> <span class='ocrx_word' id='word_1_407' title='bbox 1051 4530 1299 4602; x_wconf 84' lang='lat' dir='ltr'><strong>episcopi,</strong></span> <span class='ocrx_word' id='word_1_408' title='bbox 1330 4537 1378 4584; x_wconf 90' lang='lat' dir='ltr'><strong>et</strong></span> <span class='ocrx_word' id='word_1_409' title='bbox 1436 4528 1681 4587; x_wconf 83' lang='lat' dir='ltr'><strong>Clemens</strong></span> <span class='ocrx_word' id='word_1_410' title='bbox 1740 4536 1799 4587; x_wconf 85' lang='lat' dir='ltr'><strong>ta</strong></span> 
     </span>
    </p>
   </div>
   <div class='ocr_carea' id='block_1_69' title="bbox 264 4698 1827 4779">
    <p class='ocr_par' dir='ltr' id='par_1_69' title="bbox 264 4698 1827 4779">
     <span class='ocr_line' id='line_1_69' title="bbox 264 4698 1827 4779; baseline -0.001 -15"><span class='ocrx_word' id='word_1_411' title='bbox 264 4700 308 4773; x_wconf 74' lang='grc' dir='ltr'><strong>β)</strong></span> <span class='ocrx_word' id='word_1_412' title='bbox 333 4699 674 4765; x_wconf 86' lang='lat' dir='ltr'><strong>Chronicon</strong></span> <span class='ocrx_word' id='word_1_413' title='bbox 695 4699 1106 4763; x_wconf 88' lang='lat' dir='ltr'><strong>Damasi:Nisi</strong></span> <span class='ocrx_word' id='word_1_414' title='bbox 1136 4708 1406 4779; x_wconf 83' lang='lat' dir='ltr'><strong>tempora</strong></span> <span class='ocrx_word' id='word_1_415' title='bbox 1435 4698 1827 4778; x_wconf 83' lang='lat' dir='ltr'><strong>pontiﬁcatus</strong></span> 
     </span>
    </p>
   </div>
   <div class='ocr_carea' id='block_1_70' title="bbox 348 4790 1829 4867">
    <p class='ocr_par' dir='ltr' id='par_1_70' title="bbox 348 4790 1829 4867">
     <span class='ocr_line' id='line_1_70' title="bbox 348 4790 1829 4867; baseline -0.002 -16"><span class='ocrx_word' id='word_1_416' title='bbox 348 4793 469 4851; x_wconf 71' lang='lat' dir='ltr'><strong>Lini</strong></span> <span class='ocrx_word' id='word_1_417' title='bbox 494 4801 657 4867; x_wconf 70' lang='lat' dir='ltr'><strong>atque</strong></span> <span class='ocrx_word' id='word_1_418' title='bbox 684 4793 830 4852; x_wconf 85' lang='lat' dir='ltr'><strong>Cleli</strong></span> <span class='ocrx_word' id='word_1_419' title='bbox 863 4793 966 4852; x_wconf 76' lang='lat' dir='ltr'><strong>sub</strong></span> <span class='ocrx_word' id='word_1_420' title='bbox 993 4793 1170 4866; x_wconf 64' lang='lat' dir='ltr'><strong>spatio</strong></span> <span class='ocrx_word' id='word_1_421' title='bbox 1188 4791 1510 4864; x_wconf 64' lang='lat' dir='ltr'><strong>praesulatus</strong></span> <span class='ocrx_word' id='word_1_422' title='bbox 1548 4792 1623 4849; x_wconf 91' lang='lat' dir='ltr'><strong>B.</strong></span> <span class='ocrx_word' id='word_1_423' title='bbox 1671 4790 1829 4850; x_wconf 86' lang='lat' dir='ltr'><strong>Petri</strong></span> 
     </span>
    </p>
   </div>
   <div class='ocr_carea' id='block_1_71' title="bbox 269 4963 843 5045">
    <p class='ocr_par' dir='ltr' id='par_1_71' title="bbox 269 4963 843 5045">
     <span class='ocr_line' id='line_1_71' title="bbox 269 4963 843 5045; baseline -0.002 -18"><span class='ocrx_word' id='word_1_424' title='bbox 269 4963 343 5045; x_wconf 84' lang='lat'><strong>(9)</strong></span> <span class='ocrx_word' id='word_1_425' title='bbox 376 4966 445 5045; x_wconf 19' lang='lat' dir='ltr'><strong>In,</strong></span> <span class='ocrx_word' id='word_1_426' title='bbox 466 4963 611 5029; x_wconf 89' lang='lat' dir='ltr'><strong>Isai.</strong></span> <span class='ocrx_word' id='word_1_427' title='bbox 659 4984 731 5045; x_wconf 55' lang='lat' dir='ltr'><strong>c.</strong></span> <span class='ocrx_word' id='word_1_428' title='bbox 746 4981 843 5028; x_wconf 85' lang='lat' dir='ltr'><strong>LII.</strong></span> 
     </span>
    </p>
   </div>
   <div class='ocr_carea' id='block_1_72' title="bbox 276 5044 1833 5129">
    <p class='ocr_par' dir='ltr' id='par_1_72' title="bbox 276 5044 1833 5129">
     <span class='ocr_line' id='line_1_72' title="bbox 276 5044 1833 5129; baseline 0.002 -25"><span class='ocrx_word' id='word_1_429' title='bbox 276 5044 379 5129; x_wconf 84' lang='lat'><strong>(10)</strong></span> <span class='ocrx_word' id='word_1_430' title='bbox 392 5044 515 5129; x_wconf 86' lang='lat' dir='ltr'><strong>_Ep.</strong></span> <span class='ocrx_word' id='word_1_431' title='bbox 551 5047 634 5111; x_wconf 83' lang='lat'><strong>53</strong></span> <span class='ocrx_word' id='word_1_432' title='bbox 650 5044 737 5129; x_wconf 57' lang='lat' dir='ltr'><strong>ad</strong></span> <span class='ocrx_word' id='word_1_433' title='bbox 769 5046 1059 5129; x_wconf 83' lang='lat' dir='ltr'><strong>Generos.</strong></span> <span class='ocrx_word' id='word_1_434' title='bbox 1089 5064 1108 5129; x_wconf 89' lang='lat'><strong>_:</strong></span> <span class='ocrx_word' id='word_1_435' title='bbox 1133 5045 1319 5129; x_wconf 76' lang='lat' dir='ltr'><strong>Petro</strong></span> <span class='ocrx_word' id='word_1_436' title='bbox 1344 5046 1623 5108; x_wconf 87' lang='lat' dir='ltr'><strong>successit</strong></span> <span class='ocrx_word' id='word_1_437' title='bbox 1639 5044 1833 5107; x_wconf 88' lang='lat' dir='ltr'><strong>Linus</strong></span> 
     </span>
    </p>
   </div>
   <div class='ocr_carea' id='block_1_73' title="bbox 208 5118 1260 5193">
    <p class='ocr_par' dir='ltr' id='par_1_73' title="bbox 208 5118 1260 5193">
     <span class='ocr_line' id='line_1_73' title="bbox 208 5118 1260 5193; baseline -0.001 -13"><span class='ocrx_word' id='word_1_438' title='bbox 208 5120 320 5180; x_wconf 71' lang='lat' dir='ltr'><strong>Lino</strong></span> <span class='ocrx_word' id='word_1_439' title='bbox 343 5118 609 5193; x_wconf 67' lang='lat' dir='ltr'><strong>(Ile-im,</strong></span> <span class='ocrx_word' id='word_1_440' title='bbox 632 5118 895 5183; x_wconf 67' lang='lat' dir='ltr'><strong>Clementi</strong></span> <span class='ocrx_word' id='word_1_441' title='bbox 922 5122 1260 5183; x_wconf 58' lang='lat' dir='ltr'><strong>Anacletus”</strong></span> 
     </span>
    </p>
   </div>
   <div class='ocr_carea' id='block_1_74' title="bbox 279 5204 1829 5286">
    <p class='ocr_par' dir='ltr' id='par_1_74' title="bbox 279 5204 1829 5286">
     <span class='ocr_line' id='line_1_74' title="bbox 279 5204 1829 5286; baseline 0.002 -20"><span class='ocrx_word' id='word_1_442' title='bbox 279 5204 391 5285; x_wconf 74' lang='lat' dir='ltr'><strong>(tl)</strong></span> <span class='ocrx_word' id='word_1_443' title='bbox 424 5208 553 5271; x_wconf 89' lang='lat' dir='ltr'><strong>Lib.</strong></span> <span class='ocrx_word' id='word_1_444' title='bbox 589 5225 633 5273; x_wconf 85' lang='grc' dir='ltr'><strong>ιι</strong></span> <span class='ocrx_word' id='word_1_445' title='bbox 664 5229 680 5271; x_wconf 93' lang='lat'><strong>:</strong></span> <span class='ocrx_word' id='word_1_446' title='bbox 716 5205 1021 5271; x_wconf 80' lang='lat' dir='ltr'><strong>Uathedra</strong></span> <span class='ocrx_word' id='word_1_447' title='bbox 1050 5222 1181 5286; x_wconf 75' lang='lat' dir='ltr'><strong>una</strong></span> <span class='ocrx_word' id='word_1_448' title='bbox 1209 5213 1325 5279; x_wconf 84' lang='lat' dir='ltr'><strong>est;</strong></span> <span class='ocrx_word' id='word_1_449' title='bbox 1344 5205 1502 5286; x_wconf 72' lang='lat' dir='ltr'><strong>sedit</strong></span> <span class='ocrx_word' id='word_1_450' title='bbox 1524 5207 1707 5286; x_wconf 86' lang='lat' dir='ltr'><strong>prior</strong></span> <span class='ocrx_word' id='word_1_451' title='bbox 1723 5206 1829 5269; x_wconf 87' lang='lat' dir='ltr'><strong>Pe-</strong></span> 
     </span>
    </p>
   </div>
   <div class='ocr_carea' id='block_1_75' title="bbox 208 5284 1828 5351">
    <p class='ocr_par' dir='ltr' id='par_1_75' title="bbox 208 5284 1828 5351">
     <span class='ocr_line' id='line_1_75' title="bbox 208 5284 1828 5351; baseline 0.001 -13"><span class='ocrx_word' id='word_1_452' title='bbox 208 5284 398 5343; x_wconf 66' lang='lat' dir='ltr'><strong>trunci</strong></span> <span class='ocrx_word' id='word_1_453' title='bbox 428 5290 688 5347; x_wconf 78' lang='lat' dir='ltr'><strong>successit</strong></span> <span class='ocrx_word' id='word_1_454' title='bbox 716 5287 912 5351; x_wconf 75' lang='lat' dir='ltr'><strong>Linus.</strong></span> <span class='ocrx_word' id='word_1_455' title='bbox 943 5286 1082 5342; x_wconf 81' lang='lat' dir='ltr'><strong>Lino</strong></span> <span class='ocrx_word' id='word_1_456' title='bbox 1112 5284 1368 5350; x_wconf 74' lang='lat' dir='ltr'><strong>Clemens,</strong></span> <span class='ocrx_word' id='word_1_457' title='bbox 1400 5284 1654 5343; x_wconf 64' lang='grc' dir='ltr'><strong>διετήρηιὶ</strong></span> <span class='ocrx_word' id='word_1_458' title='bbox 1679 5287 1828 5341; x_wconf 83' lang='lat' dir='ltr'><strong>Ana-</strong></span> 
     </span>
    </p>
   </div>
   <div class='ocr_carea' id='block_1_76' title="bbox 209 5364 369 5420">
    <p class='ocr_par' dir='ltr' id='par_1_76' title="bbox 209 5364 369 5420">
     <span class='ocr_line' id='line_1_76' title="bbox 209 5364 369 5420; baseline 0.031 -5"><span class='ocrx_word' id='word_1_459' title='bbox 209 5364 369 5420; x_wconf 74' lang='lat' dir='ltr'><strong>cietur.</strong></span> 
     </span>
    </p>
   </div>
   <div class='ocr_carea' id='block_1_77' title="bbox 274 5428 1824 5520">
    <p class='ocr_par' dir='ltr' id='par_1_77' title="bbox 274 5428 1824 5520">
     <span class='ocr_line' id='line_1_77' title="bbox 274 5428 1824 5520; baseline -0.002 -24"><span class='ocrx_word' id='word_1_460' title='bbox 274 5438 387 5520; x_wconf 70' lang='grc'><strong>(12)</strong></span> <span class='ocrx_word' id='word_1_461' title='bbox 419 5438 551 5504; x_wconf 78' lang='lat' dir='ltr'><strong>Lib.</strong></span> <span class='ocrx_word' id='word_1_462' title='bbox 580 5455 690 5515; x_wconf 74' lang='lat' dir='ltr'><strong>V11,</strong></span> <span class='ocrx_word' id='word_1_463' title='bbox 725 5458 780 5503; x_wconf 77' lang='grc' dir='ltr'><strong>ε.</strong></span> <span class='ocrx_word' id='word_1_464' title='bbox 810 5438 889 5503; x_wconf 82' lang='grc'>46</span> <span class='ocrx_word' id='word_1_465' title='bbox 919 5457 932 5503; x_wconf 77' lang='grc' dir='ltr'>ζ</span> <span class='ocrx_word' id='word_1_466' title='bbox 968 5444 1076 5507; x_wconf 81' lang='grc' dir='ltr'><strong>Τῆς</strong></span> <span class='ocrx_word' id='word_1_467' title='bbox 1107 5438 1161 5496; x_wconf 73' lang='grc' dir='ltr'><strong>δί</strong></span> <span class='ocrx_word' id='word_1_468' title='bbox 1195 5428 1470 5520; x_wconf 61' lang='grc' dir='ltr'><strong>Ῥωμαὲῳν</strong></span> <span class='ocrx_word' id='word_1_469' title='bbox 1502 5436 1824 5505; x_wconf 81' lang='grc' dir='ltr'>Ἐκκλησίας</span> 
     </span>
    </p>
   </div>
   <div class='ocr_carea' id='block_1_78' title="bbox 214 5518 1824 5599">
    <p class='ocr_par' dir='ltr' id='par_1_78' title="bbox 214 5518 1824 5599">
     <span class='ocr_line' id='line_1_78' title="bbox 214 5518 1824 5599; baseline 0.004 -23"><span class='ocrx_word' id='word_1_470' title='bbox 214 5525 344 5599; x_wconf 32' lang='lat' dir='ltr'><strong>diuae</strong></span> <span class='ocrx_word' id='word_1_471' title='bbox 370 5518 491 5595; x_wconf 57' lang='grc' dir='ltr'><strong>μὲν</strong></span> <span class='ocrx_word' id='word_1_472' title='bbox 520 5524 549 5579; x_wconf 77' lang='grc' dir='ltr'><strong>ὃ</strong></span> <span class='ocrx_word' id='word_1_473' title='bbox 582 5520 844 5584; x_wconf 77' lang='grc' dir='ltr'>Κλαυδίας</span> <span class='ocrx_word' id='word_1_474' title='bbox 902 5525 1109 5599; x_wconf 79' lang='grc' dir='ltr'>πρῶτος</span> <span class='ocrx_word' id='word_1_475' title='bbox 1152 5520 1252 5576; x_wconf 66' lang='grc' dir='ltr'><strong>ὕπὸ</strong></span> <span class='ocrx_word' id='word_1_476' title='bbox 1313 5518 1544 5591; x_wconf 75' lang='grc' dir='ltr'>Παύλου,</span> <span class='ocrx_word' id='word_1_477' title='bbox 1591 5520 1824 5599; x_wconf 57' lang='grc' dir='ltr'>βλήμης</span> 
     </span>
    </p>
   </div>
   <div class='ocr_carea' id='block_1_79' title="bbox 206 5590 1821 5679">
    <p class='ocr_par' dir='ltr' id='par_1_79' title="bbox 206 5590 1821 5679">
     <span class='ocr_line' id='line_1_79' title="bbox 206 5590 1821 5679; baseline 0.007 -34"><span class='ocrx_word' id='word_1_478' title='bbox 206 5590 249 5647; x_wconf 67' lang='grc' dir='ltr'><strong>δὲ</strong></span> <span class='ocrx_word' id='word_1_479' title='bbox 441 5604 534 5660; x_wconf 76' lang='grc' dir='ltr'><strong>τὸν</strong></span> <span class='ocrx_word' id='word_1_480' title='bbox 562 5603 723 5659; x_wconf 76' lang='grc' dir='ltr'>Λίνου</span> <span class='ocrx_word' id='word_1_481' title='bbox 751 5590 982 5660; x_wconf 70' lang='grc' dir='ltr'>θάνατον</span> <span class='ocrx_word' id='word_1_482' title='bbox 1037 5599 1128 5658; x_wconf 79' lang='grc' dir='ltr'><strong>ὑπ’</strong></span> <span class='ocrx_word' id='word_1_483' title='bbox 1178 5599 1309 5674; x_wconf 75' lang='grc' dir='ltr'><strong>ἐμοῦ</strong></span> <span class='ocrx_word' id='word_1_484' title='bbox 1354 5590 1551 5679; x_wconf 55' lang='grc' dir='ltr'><strong>Πέτρον)</strong></span> <span class='ocrx_word' id='word_1_485' title='bbox 1583 5590 1821 5679; x_wconf 68' lang='grc' dir='ltr'>δεύτὲρος</span> 
     </span>
    </p>
   </div>
   <div class='ocr_carea' id='block_1_80' title="bbox 209 5682 633 5759">
    <p class='ocr_par' dir='ltr' id='par_1_80' title="bbox 209 5682 633 5759">
     <span class='ocr_line' id='line_1_80' title="bbox 209 5682 633 5759; baseline 0 -22"><span class='ocrx_word' id='word_1_486' title='bbox 209 5682 608 5759; x_wconf 73' lang='grc' dir='ltr'><strong>κεχειροτόνηται</strong></span> <span class='ocrx_word' id='word_1_487' title='bbox 618 5731 633 5746; x_wconf 87' lang='grc'><em>,</em></span> 
     </span>
    </p>
   </div>
   <div class='ocr_carea' id='block_1_81' title="bbox 1907 1795 3553 1884">
    <p class='ocr_par' dir='ltr' id='par_1_81' title="bbox 1907 1795 3553 1884">
     <span class='ocr_line' id='line_1_81' title="bbox 1907 1795 3553 1884; baseline -0.005 -22"><span class='ocrx_word' id='word_1_488' title='bbox 1907 1800 2104 1880; x_wconf 88' lang='lat' dir='ltr'><strong>logum</strong></span> <span class='ocrx_word' id='word_1_489' title='bbox 2136 1802 2345 1865; x_wconf 68' lang='lat' dir='ltr'><strong>Irenmi</strong></span> <span class='ocrx_word' id='word_1_490' title='bbox 2366 1802 2727 1884; x_wconf 89' lang='lat' dir='ltr'><strong>respiciens,</strong></span> <span class='ocrx_word' id='word_1_491' title='bbox 2751 1818 2984 1864; x_wconf 87' lang='lat' dir='ltr'><strong>summa</strong></span> <span class='ocrx_word' id='word_1_492' title='bbox 3004 1795 3233 1863; x_wconf 85' lang='lat' dir='ltr'><strong>ﬁducia</strong></span> <span class='ocrx_word' id='word_1_493' title='bbox 3262 1812 3428 1856; x_wconf 90' lang='lat' dir='ltr'><strong>suam</strong></span> <span class='ocrx_word' id='word_1_494' title='bbox 3454 1809 3553 1854; x_wconf 86' lang='lat' dir='ltr'><strong>no-</strong></span> 
     </span>
    </p>
   </div>
   <div class='ocr_carea' id='block_1_82' title="bbox 1906 1889 3553 1979">
    <p class='ocr_par' dir='ltr' id='par_1_82' title="bbox 1906 1889 3553 1979">
     <span class='ocr_line' id='line_1_82' title="bbox 1906 1889 3553 1979; baseline -0.001 -27"><span class='ocrx_word' id='word_1_495' title='bbox 1906 1889 1999 1953; x_wconf 87' lang='lat' dir='ltr'><strong>bis</strong></span> <span class='ocrx_word' id='word_1_496' title='bbox 2032 1899 2402 1979; x_wconf 88' lang='lat' dir='ltr'><strong>proponeret</strong></span> <span class='ocrx_word' id='word_1_497' title='bbox 2431 1891 2961 1979; x_wconf 72' lang='lat' dir='ltr'><strong>computationem.</strong></span> <span class='ocrx_word' id='word_1_498' title='bbox 3538 1965 3553 1979; x_wconf 80' lang='lat'><em>_</em></span> 
     </span>
    </p>
   </div>
   <div class='ocr_carea' id='block_1_83' title="bbox 1984 1978 3557 2061">
    <p class='ocr_par' dir='ltr' id='par_1_83' title="bbox 1984 1978 3557 2061">
     <span class='ocr_line' id='line_1_83' title="bbox 1984 1978 3557 2061; baseline -0.008 -18"><span class='ocrx_word' id='word_1_499' title='bbox 1984 1981 2043 2043; x_wconf 88' lang='lat'><strong>5.</strong></span> <span class='ocrx_word' id='word_1_500' title='bbox 2072 1979 2198 2043; x_wconf 91' lang='lat' dir='ltr'><strong>Nec</strong></span> <span class='ocrx_word' id='word_1_501' title='bbox 2230 1978 2304 2041; x_wconf 92' lang='lat' dir='ltr'><strong>de</strong></span> <span class='ocrx_word' id='word_1_502' title='bbox 2336 1978 2656 2061; x_wconf 86' lang='lat' dir='ltr'><strong>Epiphanii</strong></span> <span class='ocrx_word' id='word_1_503' title='bbox 2688 1980 3033 2058; x_wconf 84' lang='lat' dir='ltr'><strong>conjectura</strong></span> <span class='ocrx_word' id='word_1_504' title='bbox 3078 1984 3403 2047; x_wconf 88' lang='lat' dir='ltr'><strong>taceamus,</strong></span> <span class='ocrx_word' id='word_1_505' title='bbox 3453 1978 3557 2052; x_wconf 82' lang='lat' dir='ltr'><strong>qut</strong></span> 
     </span>
    </p>
   </div>
   <div class='ocr_carea' id='block_1_84' title="bbox 1906 2063 3559 2148">
    <p class='ocr_par' dir='ltr' id='par_1_84' title="bbox 1906 2063 3559 2148">
     <span class='ocr_line' id='line_1_84' title="bbox 1906 2063 3559 2148; baseline -0.005 -19"><span class='ocrx_word' id='word_1_506' title='bbox 1906 2070 1928 2129; x_wconf 89' lang='lat' dir='ltr'><strong>l</strong></span> <span class='ocrx_word' id='word_1_507' title='bbox 1961 2067 2173 2134; x_wconf 88' lang='lat' dir='ltr'><strong>Clem..</strong></span> <span class='ocrx_word' id='word_1_508' title='bbox 2211 2088 2266 2131; x_wconf 90' lang='lat' dir='ltr'><strong>c.</strong></span> <span class='ocrx_word' id='word_1_509' title='bbox 2292 2069 2394 2142; x_wconf 82' lang='grc'><strong>54,</strong></span> <span class='ocrx_word' id='word_1_510' title='bbox 2445 2070 2597 2131; x_wconf 88' lang='lat' dir='ltr'><strong>male</strong></span> <span class='ocrx_word' id='word_1_511' title='bbox 2628 2070 3073 2148; x_wconf 84' lang='lat' dir='ltr'><strong>interpretatus,</strong></span> <span class='ocrx_word' id='word_1_512' title='bbox 3107 2063 3559 2140; x_wconf 85' lang='lat' dir='ltr'><strong>Clementem,a</strong></span> 
     </span>
    </p>
   </div>
   <div class='ocr_carea' id='block_1_85' title="bbox 1905 2152 3555 2240">
    <p class='ocr_par' dir='ltr' id='par_1_85' title="bbox 1905 2152 3555 2240">
     <span class='ocr_line' id='line_1_85' title="bbox 1905 2152 3555 2240; baseline -0.006 -20"><span class='ocrx_word' id='word_1_513' title='bbox 1905 2156 2079 2220; x_wconf 90' lang='lat' dir='ltr'><strong>Petro</strong></span> <span class='ocrx_word' id='word_1_514' title='bbox 2111 2157 2472 2229; x_wconf 89' lang='lat' dir='ltr'><strong>ordinatum,</strong></span> <span class='ocrx_word' id='word_1_515' title='bbox 2505 2159 2666 2240; x_wconf 87' lang='lat' dir='ltr'><strong>pacis</strong></span> <span class='ocrx_word' id='word_1_516' title='bbox 2695 2176 2875 2221; x_wconf 89' lang='lat' dir='ltr'><strong>causa</strong></span> <span class='ocrx_word' id='word_1_517' title='bbox 2907 2155 3161 2218; x_wconf 88' lang='lat' dir='ltr'><strong>cessisse</strong></span> <span class='ocrx_word' id='word_1_518' title='bbox 3202 2152 3348 2240; x_wconf 88' lang='lat' dir='ltr'><strong>Lino</strong></span> <span class='ocrx_word' id='word_1_519' title='bbox 3378 2157 3555 2240; x_wconf 79' lang='lat' dir='ltr'><strong>autu-</strong></span> 
     </span>
    </p>
   </div>
   <div class='ocr_carea' id='block_1_86' title="bbox 1909 2238 3554 2323">
    <p class='ocr_par' dir='ltr' id='par_1_86' title="bbox 1909 2238 3554 2323">
     <span class='ocr_line' id='line_1_86' title="bbox 1909 2238 3554 2323; baseline -0.004 -16"><span class='ocrx_word' id='word_1_520' title='bbox 1909 2256 2051 2323; x_wconf 90' lang='lat' dir='ltr'><strong>mat;</strong></span> <span class='ocrx_word' id='word_1_521' title='bbox 2088 2245 2236 2311; x_wconf 91' lang='lat' dir='ltr'><strong>Lino</strong></span> <span class='ocrx_word' id='word_1_522' title='bbox 2270 2255 2468 2309; x_wconf 85' lang='lat' dir='ltr'><strong>autem</strong></span> <span class='ocrx_word' id='word_1_523' title='bbox 2509 2238 2889 2310; x_wconf 81' lang='lat' dir='ltr'><strong>successisse</strong></span> <span class='ocrx_word' id='word_1_524' title='bbox 2938 2244 3193 2317; x_wconf 87' lang='lat' dir='ltr'><strong>Cletum,</strong></span> <span class='ocrx_word' id='word_1_525' title='bbox 3221 2239 3383 2305; x_wconf 89' lang='lat' dir='ltr'><strong>Cleto</strong></span> <span class='ocrx_word' id='word_1_526' title='bbox 3413 2238 3554 2301; x_wconf 91' lang='lat' dir='ltr'><strong>Cle-</strong></span> 
     </span>
    </p>
   </div>
   <div class='ocr_carea' id='block_1_87' title="bbox 1910 2327 3558 2418">
    <p class='ocr_par' dir='ltr' id='par_1_87' title="bbox 1910 2327 3558 2418">
     <span class='ocr_line' id='line_1_87' title="bbox 1910 2327 3558 2418; baseline -0.004 -21"><span class='ocrx_word' id='word_1_527' title='bbox 1910 2344 2169 2398; x_wconf 91' lang='lat' dir='ltr'><strong>mentem</strong></span> <span class='ocrx_word' id='word_1_528' title='bbox 2209 2345 2511 2418; x_wconf 90' lang='lat' dir='ltr'><strong>resumpto</strong></span> <span class='ocrx_word' id='word_1_529' title='bbox 2544 2334 3236 2418; x_wconf 77' lang='lat' dir='ltr'><strong>pontiﬁcatu.arbitratur</strong></span> <span class='ocrx_word' id='word_1_530' title='bbox 3266 2327 3558 2412; x_wconf 83' lang='lat' dir='ltr'><strong>(16).Nos</strong></span> 
     </span>
    </p>
   </div>
   <div class='ocr_carea' id='block_1_88' title="bbox 1908 2421 3551 2506">
    <p class='ocr_par' dir='ltr' id='par_1_88' title="bbox 1908 2421 3551 2506">
     <span class='ocr_line' id='line_1_88' title="bbox 1908 2421 3551 2506; baseline -0.004 -19"><span class='ocrx_word' id='word_1_531' title='bbox 1908 2426 2062 2487; x_wconf 88' lang='lat' dir='ltr'><strong>hanc</strong></span> <span class='ocrx_word' id='word_1_532' title='bbox 2093 2426 2483 2506; x_wconf 68' lang='lat' dir='ltr'><strong>quatationem</strong></span> <span class='ocrx_word' id='word_1_533' title='bbox 2522 2429 2731 2489; x_wconf 90' lang='lat' dir='ltr'><strong>iterum</strong></span> <span class='ocrx_word' id='word_1_534' title='bbox 2758 2428 3135 2505; x_wconf 85' lang='lat' dir='ltr'><strong>attingemus,</strong></span> <span class='ocrx_word' id='word_1_535' title='bbox 3160 2421 3237 2483; x_wconf 92' lang='lat' dir='ltr'><strong>de</strong></span> <span class='ocrx_word' id='word_1_536' title='bbox 3261 2430 3551 2502; x_wconf 90' lang='lat' dir='ltr'><strong>tempore,</strong></span> 
     </span>
    </p>
   </div>
   <div class='ocr_carea' id='block_1_89' title="bbox 1909 2509 3555 2596">
    <p class='ocr_par' dir='ltr' id='par_1_89' title="bbox 1909 2509 3555 2596">
     <span class='ocr_line' id='line_1_89' title="bbox 1909 2509 3555 2596; baseline -0.003 -21"><span class='ocrx_word' id='word_1_537' title='bbox 1909 2533 2030 2592; x_wconf 91' lang='lat' dir='ltr'><strong>quo</strong></span> <span class='ocrx_word' id='word_1_538' title='bbox 2063 2515 2436 2577; x_wconf 81' lang='lat' dir='ltr'><strong>[Clementis</strong></span> <span class='ocrx_word' id='word_1_539' title='bbox 2471 2516 2718 2595; x_wconf 89' lang='lat' dir='ltr'><strong>epistola</strong></span> <span class='ocrx_word' id='word_1_540' title='bbox 2760 2515 2982 2596; x_wconf 86' lang='lat' dir='ltr'><strong>scripta</strong></span> <span class='ocrx_word' id='word_1_541' title='bbox 3011 2512 3211 2585; x_wconf 79' lang='lat' dir='ltr'><strong>fuerit,</strong></span> <span class='ocrx_word' id='word_1_542' title='bbox 3244 2509 3555 2588; x_wconf 88' lang='lat' dir='ltr'><strong>disputan-</strong></span> 
     </span>
    </p>
   </div>
   <div class='ocr_carea' id='block_1_90' title="bbox 1910 2612 3377 2667">
    <p class='ocr_par' dir='ltr' id='par_1_90' title="bbox 1910 2612 3377 2667">
     <span class='ocr_line' id='line_1_90' title="bbox 1910 2612 3377 2667; baseline -0.003 -2"><span class='ocrx_word' id='word_1_543' title='bbox 1910 2612 1998 2667; x_wconf 88' lang='lat' dir='ltr'><strong>tes</strong></span> <span class='ocrx_word' id='word_1_544' title='bbox 2010 2653 2019 2662; x_wconf 86' lang='lat'><strong>.</strong></span> <span class='ocrx_word' id='word_1_545' title='bbox 3374 2658 3377 2661; x_wconf 93' lang='lat'><strong>.</strong></span> 
     </span>
    </p>
   </div>
   <div class='ocr_carea' id='block_1_91' title="bbox 1990 2686 3555 2757">
    <p class='ocr_par' dir='ltr' id='par_1_91' title="bbox 1990 2686 3555 2757">
     <span class='ocr_line' id='line_1_91' title="bbox 1990 2686 3555 2757; baseline -0.003 0"><span class='ocrx_word' id='word_1_546' title='bbox 1990 2694 2116 2757; x_wconf 82' lang='lat' dir='ltr'><strong>lam</strong></span> <span class='ocrx_word' id='word_1_547' title='bbox 2149 2693 2223 2755; x_wconf 92' lang='lat' dir='ltr'><strong>de</strong></span> <span class='ocrx_word' id='word_1_548' title='bbox 2244 2701 2433 2757; x_wconf 86' lang='lat' dir='ltr'><strong>morte</strong></span> <span class='ocrx_word' id='word_1_549' title='bbox 2452 2692 2776 2757; x_wconf 86' lang='lat' dir='ltr'><strong>Clementis</strong></span> <span class='ocrx_word' id='word_1_550' title='bbox 2807 2692 2984 2756; x_wconf 84' lang='lat' dir='ltr'><strong>verba</strong></span> <span class='ocrx_word' id='word_1_551' title='bbox 3024 2691 3332 2755; x_wconf 78' lang='lat' dir='ltr'><strong>faciamus.</strong></span> <span class='ocrx_word' id='word_1_552' title='bbox 3364 2686 3555 2752; x_wconf 87' lang='lat' dir='ltr'><strong>Eus’e-</strong></span> 
     </span>
    </p>
   </div>
   <div class='ocr_carea' id='block_1_92' title="bbox 1912 2781 3557 2855">
    <p class='ocr_par' dir='ltr' id='par_1_92' title="bbox 1912 2781 3557 2855">
     <span class='ocr_line' id='line_1_92' title="bbox 1912 2781 3557 2855; baseline -0.002 -12"><span class='ocrx_word' id='word_1_553' title='bbox 1912 2781 2041 2843; x_wconf 90' lang='lat' dir='ltr'><strong>bius</strong></span> <span class='ocrx_word' id='word_1_554' title='bbox 2071 2783 2397 2855; x_wconf 83' lang='lat' dir='ltr'><strong>contendit,</strong></span> <span class='ocrx_word' id='word_1_555' title='bbox 2432 2785 2804 2847; x_wconf 88' lang='lat' dir='ltr'><strong>Clementem</strong></span> <span class='ocrx_word' id='word_1_556' title='bbox 2834 2800 3046 2846; x_wconf 87' lang='lat' dir='ltr'><strong>novem</strong></span> <span class='ocrx_word' id='word_1_557' title='bbox 3076 2798 3266 2845; x_wconf 79' lang='lat' dir='ltr'><strong>annos</strong></span> <span class='ocrx_word' id='word_1_558' title='bbox 3307 2794 3557 2840; x_wconf 86' lang='lat' dir='ltr'><strong>munere</strong></span> 
     </span>
    </p>
   </div>
   <div class='ocr_carea' id='block_1_93' title="bbox 1911 2868 3553 2953">
    <p class='ocr_par' dir='ltr' id='par_1_93' title="bbox 1911 2868 3553 2953">
     <span class='ocr_line' id='line_1_93' title="bbox 1911 2868 3553 2953; baseline -0.002 -20"><span class='ocrx_word' id='word_1_559' title='bbox 1911 2871 2231 2952; x_wconf 90' lang='lat' dir='ltr'><strong>episcopali</strong></span> <span class='ocrx_word' id='word_1_560' title='bbox 2253 2871 2725 2945; x_wconf 79' lang='lat' dir='ltr'><strong>functum,lertio</strong></span> <span class='ocrx_word' id='word_1_561' title='bbox 2747 2871 2991 2953; x_wconf 88' lang='lat' dir='ltr'><strong>Trajani</strong></span> <span class='ocrx_word' id='word_1_562' title='bbox 3012 2888 3170 2933; x_wconf 90' lang='lat' dir='ltr'><strong>anno</strong></span> <span class='ocrx_word' id='word_1_563' title='bbox 3198 2868 3329 2950; x_wconf 88' lang='lat'><strong>(101</strong></span> <span class='ocrx_word' id='word_1_564' title='bbox 3357 2869 3553 2948; x_wconf 88' lang='lat' dir='ltr'><strong>p.Ch.)</strong></span> 
     </span>
    </p>
   </div>
   <div class='ocr_carea' id='block_1_94' title="bbox 1916 2957 3552 3042">
    <p class='ocr_par' dir='ltr' id='par_1_94' title="bbox 1916 2957 3552 3042">
     <span class='ocr_line' id='line_1_94' title="bbox 1916 2957 3552 3042; baseline -0.002 -22"><span class='ocrx_word' id='word_1_565' title='bbox 1916 2968 2174 3021; x_wconf 87' lang='lat' dir='ltr'><strong>mortem</strong></span> <span class='ocrx_word' id='word_1_566' title='bbox 2206 2960 2551 3023; x_wconf 86' lang='lat' dir='ltr'><strong>obiisse.Ad</strong></span> <span class='ocrx_word' id='word_1_567' title='bbox 2584 2979 2651 3022; x_wconf 92' lang='lat' dir='ltr'><strong>ea</strong></span> <span class='ocrx_word' id='word_1_568' title='bbox 2678 2969 3040 3042; x_wconf 71' lang='lat' dir='ltr'><strong>autem,qua3</strong></span> <span class='ocrx_word' id='word_1_569' title='bbox 3068 2976 3247 3039; x_wconf 87' lang='lat' dir='ltr'><strong>supra</strong></span> <span class='ocrx_word' id='word_1_570' title='bbox 3274 2957 3552 3037; x_wconf 82' lang='lat' dir='ltr'><strong>diximus,</strong></span> 
     </span>
    </p>
   </div>
   <div class='ocr_carea' id='block_1_95' title="bbox 1912 3046 3554 3129">
    <p class='ocr_par' dir='ltr' id='par_1_95' title="bbox 1912 3046 3554 3129">
     <span class='ocr_line' id='line_1_95' title="bbox 1912 3046 3554 3129; baseline -0.001 -20"><span class='ocrx_word' id='word_1_571' title='bbox 1912 3057 1969 3109; x_wconf 92' lang='lat' dir='ltr'><strong>et</strong></span> <span class='ocrx_word' id='word_1_572' title='bbox 1999 3049 2151 3110; x_wconf 78' lang='lat' dir='ltr'><strong>infra</strong></span> <span class='ocrx_word' id='word_1_573' title='bbox 2180 3050 2469 3129; x_wconf 86' lang='lat' dir='ltr'><strong>dicemus,</strong></span> <span class='ocrx_word' id='word_1_574' title='bbox 2497 3050 2895 3129; x_wconf 87' lang='lat' dir='ltr'><strong>attendentes,</strong></span> <span class='ocrx_word' id='word_1_575' title='bbox 2927 3066 3145 3112; x_wconf 89' lang='lat' dir='ltr'><strong>novem</strong></span> <span class='ocrx_word' id='word_1_576' title='bbox 3177 3046 3419 3127; x_wconf 88' lang='lat' dir='ltr'><strong>quidem</strong></span> <span class='ocrx_word' id='word_1_577' title='bbox 3449 3063 3554 3107; x_wconf 88' lang='lat' dir='ltr'><strong>re-</strong></span> 
     </span>
    </p>
   </div>
   <div class='ocr_carea' id='block_1_96' title="bbox 1910 3135 3553 3215">
    <p class='ocr_par' dir='ltr' id='par_1_96' title="bbox 1910 3135 3553 3215">
     <span class='ocr_line' id='line_1_96' title="bbox 1910 3135 3553 3215; baseline -0.003 -16"><span class='ocrx_word' id='word_1_578' title='bbox 1910 3137 2150 3215; x_wconf 85' lang='lat' dir='ltr'><strong>giminis</strong></span> <span class='ocrx_word' id='word_1_579' title='bbox 2179 3157 2367 3201; x_wconf 85' lang='lat' dir='ltr'><strong>annos</strong></span> <span class='ocrx_word' id='word_1_580' title='bbox 2396 3139 2686 3202; x_wconf 83' lang='lat' dir='ltr'><strong>Clementi</strong></span> <span class='ocrx_word' id='word_1_581' title='bbox 2719 3139 3031 3201; x_wconf 87' lang='lat' dir='ltr'><strong>tribuimus</strong></span> <span class='ocrx_word' id='word_1_582' title='bbox 3064 3146 3145 3213; x_wconf 89' lang='lat' dir='ltr'><strong>(a.</strong></span> <span class='ocrx_word' id='word_1_583' title='bbox 3176 3135 3393 3201; x_wconf 84' lang='lat'><strong>68-77)</strong></span> <span class='ocrx_word' id='word_1_584' title='bbox 3419 3153 3553 3196; x_wconf 89' lang='lat' dir='ltr'><strong>cum</strong></span> 
     </span>
    </p>
   </div>
   <div class='ocr_carea' id='block_1_97' title="bbox 1911 3222 3556 3304">
    <p class='ocr_par' dir='ltr' id='par_1_97' title="bbox 1911 3222 3556 3304">
     <span class='ocr_line' id='line_1_97' title="bbox 1911 3222 3556 3304; baseline -0.002 -15"><span class='ocrx_word' id='word_1_585' title='bbox 1911 3229 2125 3303; x_wconf 77' lang='lat' dir='ltr'><strong>Cavea,</strong></span> <span class='ocrx_word' id='word_1_586' title='bbox 2151 3227 2482 3301; x_wconf 88' lang='lat' dir='ltr'><strong>Dodvvello,</strong></span> <span class='ocrx_word' id='word_1_587' title='bbox 2518 3228 2755 3291; x_wconf 90' lang='lat' dir='ltr'><strong>Fleurio</strong></span> <span class='ocrx_word' id='word_1_588' title='bbox 2780 3238 2839 3291; x_wconf 92' lang='lat' dir='ltr'><strong>et</strong></span> <span class='ocrx_word' id='word_1_589' title='bbox 2864 3227 3017 3303; x_wconf 88' lang='lat' dir='ltr'><strong>aliis;</strong></span> <span class='ocrx_word' id='word_1_590' title='bbox 3051 3245 3186 3290; x_wconf 92' lang='lat' dir='ltr'><strong>eum</strong></span> <span class='ocrx_word' id='word_1_591' title='bbox 3209 3233 3406 3285; x_wconf 85' lang='lat' dir='ltr'><strong>autem</strong></span> <span class='ocrx_word' id='word_1_592' title='bbox 3431 3222 3556 3304; x_wconf 84' lang='lat' dir='ltr'><strong>jam</strong></span> 
     </span>
    </p>
   </div>
   <div class='ocr_carea' id='block_1_98' title="bbox 1913 3312 3554 3398">
    <p class='ocr_par' dir='ltr' id='par_1_98' title="bbox 1913 3312 3554 3398">
     <span class='ocr_line' id='line_1_98' title="bbox 1913 3312 3554 3398; baseline -0.002 -22"><span class='ocrx_word' id='word_1_593' title='bbox 1913 3315 2023 3377; x_wconf 91' lang='lat' dir='ltr'><strong>sub</strong></span> <span class='ocrx_word' id='word_1_594' title='bbox 2056 3315 2419 3398; x_wconf 87' lang='lat' dir='ltr'><strong>Vespasanio</strong></span> <span class='ocrx_word' id='word_1_595' title='bbox 2444 3318 2788 3381; x_wconf 82' lang='lat' dir='ltr'><strong>defunctum</strong></span> <span class='ocrx_word' id='word_1_596' title='bbox 2824 3334 2957 3379; x_wconf 90' lang='lat' dir='ltr'><strong>esse</strong></span> <span class='ocrx_word' id='word_1_597' title='bbox 2980 3312 3390 3398; x_wconf 84' lang='lat' dir='ltr'><strong>putamus.Qui</strong></span> <span class='ocrx_word' id='word_1_598' title='bbox 3416 3330 3554 3374; x_wconf 91' lang='lat' dir='ltr'><strong>vero</strong></span> 
     </span>
    </p>
   </div>
   <div class='ocr_carea' id='block_1_99' title="bbox 1912 3403 3556 3488">
    <p class='ocr_par' dir='ltr' id='par_1_99' title="bbox 1912 3403 3556 3488">
     <span class='ocr_line' id='line_1_99' title="bbox 1912 3403 3556 3488; baseline -0.002 -21"><span class='ocrx_word' id='word_1_599' title='bbox 1912 3404 2168 3468; x_wconf 88' lang='lat' dir='ltr'><strong>Eusebio</strong></span> <span class='ocrx_word' id='word_1_600' title='bbox 2194 3406 2370 3469; x_wconf 83' lang='lat' dir='ltr'><strong>ﬁdem</strong></span> <span class='ocrx_word' id='word_1_601' title='bbox 2398 3408 2619 3470; x_wconf 84' lang='lat' dir='ltr'><strong>habere</strong></span> <span class='ocrx_word' id='word_1_602' title='bbox 2651 3408 2810 3488; x_wconf 83' lang='lat' dir='ltr'><strong>velit,</strong></span> <span class='ocrx_word' id='word_1_603' title='bbox 2837 3425 2970 3469; x_wconf 90' lang='lat' dir='ltr'><strong>cum</strong></span> <span class='ocrx_word' id='word_1_604' title='bbox 2993 3407 3120 3486; x_wconf 90' lang='lat' dir='ltr'><strong>ipso</strong></span> <span class='ocrx_word' id='word_1_605' title='bbox 3154 3403 3355 3466; x_wconf 89' lang='lat' dir='ltr'><strong>credat</strong></span> <span class='ocrx_word' id='word_1_606' title='bbox 3382 3420 3556 3485; x_wconf 90' lang='lat' dir='ltr'><strong>opor-</strong></span> 
     </span>
    </p>
   </div>
   <div class='ocr_carea' id='block_1_100' title="bbox 1914 3493 3553 3579">
    <p class='ocr_par' dir='ltr' id='par_1_100' title="bbox 1914 3493 3553 3579">
     <span class='ocr_line' id='line_1_100' title="bbox 1914 3493 3553 3579; baseline -0.003 -21"><span class='ocrx_word' id='word_1_607' title='bbox 1914 3503 1994 3558; x_wconf 86' lang='lat' dir='ltr'><strong>tet</strong></span> <span class='ocrx_word' id='word_1_608' title='bbox 2024 3494 2186 3559; x_wconf 82' lang='lat' dir='ltr'><strong>brevi</strong></span> <span class='ocrx_word' id='word_1_609' title='bbox 2217 3506 2508 3579; x_wconf 90' lang='lat' dir='ltr'><strong>tempore,</strong></span> <span class='ocrx_word' id='word_1_610' title='bbox 2542 3517 2598 3560; x_wconf 88' lang='lat' dir='ltr'><strong>a.</strong></span> <span class='ocrx_word' id='word_1_611' title='bbox 2654 3497 2936 3572; x_wconf 77' lang='lat'><strong>101-153,</strong></span> <span class='ocrx_word' id='word_1_612' title='bbox 3001 3513 3117 3556; x_wconf 92' lang='lat' dir='ltr'><strong>non</strong></span> <span class='ocrx_word' id='word_1_613' title='bbox 3153 3493 3351 3555; x_wconf 90' lang='lat' dir='ltr'><strong>minus</strong></span> <span class='ocrx_word' id='word_1_614' title='bbox 3373 3509 3553 3570; x_wconf 89' lang='lat' dir='ltr'><strong>quam</strong></span> 
     </span>
    </p>
   </div>
   <div class='ocr_carea' id='block_1_101' title="bbox 1911 3584 3553 3669">
    <p class='ocr_par' dir='ltr' id='par_1_101' title="bbox 1911 3584 3553 3669">
     <span class='ocr_line' id='line_1_101' title="bbox 1911 3584 3553 3669; baseline -0.003 -20"><span class='ocrx_word' id='word_1_615' title='bbox 1911 3595 2137 3668; x_wconf 90' lang='lat' dir='ltr'><strong>septem</strong></span> <span class='ocrx_word' id='word_1_616' title='bbox 2180 3607 2288 3651; x_wconf 90' lang='lat' dir='ltr'><strong>seu</strong></span> <span class='ocrx_word' id='word_1_617' title='bbox 2328 3596 2460 3649; x_wconf 87' lang='lat' dir='ltr'><strong>octo</strong></span> <span class='ocrx_word' id='word_1_618' title='bbox 2504 3588 2817 3669; x_wconf 87' lang='lat' dir='ltr'><strong>pontiﬁces</strong></span> <span class='ocrx_word' id='word_1_619' title='bbox 2847 3586 3051 3648; x_wconf 90' lang='lat' dir='ltr'><strong>sedem</strong></span> <span class='ocrx_word' id='word_1_620' title='bbox 3090 3584 3414 3648; x_wconf 88' lang='lat' dir='ltr'><strong>Romanam</strong></span> <span class='ocrx_word' id='word_1_621' title='bbox 3446 3602 3553 3645; x_wconf 85' lang='lat' dir='ltr'><strong>as-</strong></span> 
     </span>
    </p>
   </div>
   <div class='ocr_carea' id='block_1_102' title="bbox 1912 3673 3557 3756">
    <p class='ocr_par' dir='ltr' id='par_1_102' title="bbox 1912 3673 3557 3756">
     <span class='ocr_line' id='line_1_102' title="bbox 1912 3673 3557 3756; baseline -0.003 -18"><span class='ocrx_word' id='word_1_622' title='bbox 1912 3676 2206 3753; x_wconf 88' lang='lat' dir='ltr'><strong>cendisse,</strong></span> <span class='ocrx_word' id='word_1_623' title='bbox 2235 3678 2507 3756; x_wconf 89' lang='lat' dir='ltr'><strong>quamvis</strong></span> <span class='ocrx_word' id='word_1_624' title='bbox 2526 3696 2641 3739; x_wconf 90' lang='lat' dir='ltr'><strong>una</strong></span> <span class='ocrx_word' id='word_1_625' title='bbox 2670 3684 2891 3739; x_wconf 89' lang='lat' dir='ltr'><strong>tantum</strong></span> <span class='ocrx_word' id='word_1_626' title='bbox 2926 3673 3259 3755; x_wconf 89' lang='lat' dir='ltr'><strong>persecutio</strong></span> <span class='ocrx_word' id='word_1_627' title='bbox 3279 3673 3391 3735; x_wconf 87' lang='lat' dir='ltr'><strong>hoc</strong></span> <span class='ocrx_word' id='word_1_628' title='bbox 3412 3680 3557 3734; x_wconf 86' lang='lat' dir='ltr'><strong>tem-</strong></span> 
     </span>
    </p>
   </div>
   <div class='ocr_carea' id='block_1_103' title="bbox 1913 3766 2811 3849">
    <p class='ocr_par' dir='ltr' id='par_1_103' title="bbox 1913 3766 2811 3849">
     <span class='ocr_line' id='line_1_103' title="bbox 1913 3766 2811 3849; baseline 0.002 -21"><span class='ocrx_word' id='word_1_629' title='bbox 1913 3768 2073 3848; x_wconf 90' lang='lat' dir='ltr'><strong>poris</strong></span> <span class='ocrx_word' id='word_1_630' title='bbox 2098 3767 2353 3849; x_wconf 88' lang='lat' dir='ltr'><strong>spatium</strong></span> <span class='ocrx_word' id='word_1_631' title='bbox 2389 3766 2811 3849; x_wconf 88' lang='lat' dir='ltr'><strong>perturbasset.</strong></span> 
     </span>
    </p>
   </div>
   <div class='ocr_carea' id='block_1_104' title="bbox 1994 3849 3559 3937">
    <p class='ocr_par' dir='ltr' id='par_1_104' title="bbox 1994 3849 3559 3937">
     <span class='ocr_line' id='line_1_104' title="bbox 1994 3849 3559 3937; baseline -0.003 -20"><span class='ocrx_word' id='word_1_632' title='bbox 1994 3855 2286 3919; x_wconf 69' lang='lat' dir='ltr'><strong>Eusebius</strong></span> <span class='ocrx_word' id='word_1_633' title='bbox 2318 3866 2376 3919; x_wconf 90' lang='lat' dir='ltr'><strong>et</strong></span> <span class='ocrx_word' id='word_1_634' title='bbox 2403 3856 2802 3937; x_wconf 88' lang='lat' dir='ltr'><strong>Hteronymus</strong></span> <span class='ocrx_word' id='word_1_635' title='bbox 2836 3854 2966 3936; x_wconf 85' lang='lat'><strong>(1.1.</strong></span> <span class='ocrx_word' id='word_1_636' title='bbox 2992 3873 3045 3915; x_wconf 91' lang='lat' dir='ltr'><strong>c.</strong></span> <span class='ocrx_word' id='word_1_637' title='bbox 3075 3859 3408 3929; x_wconf 89' lang='lat' dir='ltr'><strong>c.)mortem</strong></span> <span class='ocrx_word' id='word_1_638' title='bbox 3431 3849 3559 3915; x_wconf 87' lang='lat' dir='ltr'><strong>Cle-</strong></span> 
     </span>
    </p>
   </div>
   <div class='ocr_carea' id='block_1_105' title="bbox 1913 3941 3555 4027">
    <p class='ocr_par' dir='ltr' id='par_1_105' title="bbox 1913 3941 3555 4027">
     <span class='ocr_line' id='line_1_105' title="bbox 1913 3941 3555 4027; baseline -0.004 -20"><span class='ocrx_word' id='word_1_639' title='bbox 1913 3945 2135 4008; x_wconf 89' lang='lat' dir='ltr'><strong>mentis</strong></span> <span class='ocrx_word' id='word_1_640' title='bbox 2167 3947 2332 4010; x_wconf 88' lang='lat' dir='ltr'><strong>nulla</strong></span> <span class='ocrx_word' id='word_1_641' title='bbox 2353 3947 2427 4009; x_wconf 93' lang='lat' dir='ltr'><strong>de</strong></span> <span class='ocrx_word' id='word_1_642' title='bbox 2459 3945 2738 4027; x_wconf 77' lang='lat' dir='ltr'><strong>martyrio</strong></span> <span class='ocrx_word' id='word_1_643' title='bbox 2770 3944 3074 4007; x_wconf 89' lang='lat' dir='ltr'><strong>mentione</strong></span> <span class='ocrx_word' id='word_1_644' title='bbox 3102 3941 3368 4004; x_wconf 86' lang='lat' dir='ltr'><strong>instituta</strong></span> <span class='ocrx_word' id='word_1_645' title='bbox 3389 3958 3555 4003; x_wconf 90' lang='lat' dir='ltr'><strong>com-</strong></span> 
     </span>
    </p>
   </div>
   <div class='ocr_carea' id='block_1_106' title="bbox 1914 4031 3561 4116">
    <p class='ocr_par' dir='ltr' id='par_1_106' title="bbox 1914 4031 3561 4116">
     <span class='ocr_line' id='line_1_106' title="bbox 1914 4031 3561 4116; baseline -0.002 -21"><span class='ocrx_word' id='word_1_646' title='bbox 1914 4046 2267 4099; x_wconf 86' lang='lat' dir='ltr'><strong>memorant.</strong></span> <span class='ocrx_word' id='word_1_647' title='bbox 2294 4035 2553 4098; x_wconf 70' lang='lat' dir='ltr'><strong>Irenaaus</strong></span> <span class='ocrx_word' id='word_1_648' title='bbox 2584 4053 2820 4116; x_wconf 90' lang='lat' dir='ltr'><strong>quoque</strong></span> <span class='ocrx_word' id='word_1_649' title='bbox 2842 4032 2960 4112; x_wconf 87' lang='lat' dir='ltr'><strong>(Ill,</strong></span> <span class='ocrx_word' id='word_1_650' title='bbox 2987 4037 3070 4109; x_wconf 91' lang='lat'><strong>3),</strong></span> <span class='ocrx_word' id='word_1_651' title='bbox 3106 4031 3420 4114; x_wconf 87' lang='lat' dir='ltr'><strong>pontiﬁces</strong></span> <span class='ocrx_word' id='word_1_652' title='bbox 3454 4049 3561 4092; x_wconf 89' lang='lat' dir='ltr'><strong>us-</strong></span> 
     </span>
    </p>
   </div>
   <div class='ocr_carea' id='block_1_107' title="bbox 1914 4122 3562 4205">
    <p class='ocr_par' dir='ltr' id='par_1_107' title="bbox 1914 4122 3562 4205">
     <span class='ocr_line' id='line_1_107' title="bbox 1914 4122 3562 4205; baseline -0.002 -20"><span class='ocrx_word' id='word_1_653' title='bbox 1914 4142 2028 4205; x_wconf 89' lang='lat' dir='ltr'><strong>que</strong></span> <span class='ocrx_word' id='word_1_654' title='bbox 2058 4124 2131 4186; x_wconf 88' lang='lat' dir='ltr'><strong>ad</strong></span> <span class='ocrx_word' id='word_1_655' title='bbox 2164 4122 2571 4187; x_wconf 82' lang='lat' dir='ltr'><strong>Eleutherium</strong></span> <span class='ocrx_word' id='word_1_656' title='bbox 2594 4141 3159 4202; x_wconf 87' lang='lat' dir='ltr'><strong>recensens,eorum</strong></span> <span class='ocrx_word' id='word_1_657' title='bbox 3207 4138 3562 4203; x_wconf 88' lang='lat' dir='ltr'><strong>quemquam</strong></span> 
     </span>
    </p>
   </div>
   <div class='ocr_carea' id='block_1_108' title="bbox 1914 4208 3562 4295">
    <p class='ocr_par' dir='ltr' id='par_1_108' title="bbox 1914 4208 3562 4295">
     <span class='ocr_line' id='line_1_108' title="bbox 1914 4208 3562 4295; baseline -0.002 -22"><span class='ocrx_word' id='word_1_658' title='bbox 1914 4214 2262 4295; x_wconf 77' lang='lat' dir='ltr'><strong>martyrium</strong></span> <span class='ocrx_word' id='word_1_659' title='bbox 2297 4232 2530 4295; x_wconf 88' lang='lat' dir='ltr'><strong>passum</strong></span> <span class='ocrx_word' id='word_1_660' title='bbox 2563 4221 2778 4294; x_wconf 75' lang='lat' dir='ltr'><strong>praeter</strong></span> <span class='ocrx_word' id='word_1_661' title='bbox 2806 4211 3241 4293; x_wconf 85' lang='lat' dir='ltr'><strong>Telesphorum</strong></span> <span class='ocrx_word' id='word_1_662' title='bbox 3294 4209 3451 4272; x_wconf 79' lang='lat' dir='ltr'><strong>haud</strong></span> <span class='ocrx_word' id='word_1_663' title='bbox 3474 4208 3562 4271; x_wconf 91' lang='lat' dir='ltr'><strong>si-</strong></span> 
     </span>
    </p>
   </div>
   <div class='ocr_carea' id='block_1_109' title="bbox 1912 4301 3566 4383">
    <p class='ocr_par' dir='ltr' id='par_1_109' title="bbox 1912 4301 3566 4383">
     <span class='ocr_line' id='line_1_109' title="bbox 1912 4301 3566 4383; baseline -0.002 -19"><span class='ocrx_word' id='word_1_664' title='bbox 1912 4304 2173 4383; x_wconf 85' lang='lat' dir='ltr'><strong>gniﬁcat.</strong></span> <span class='ocrx_word' id='word_1_665' title='bbox 2208 4307 2259 4366; x_wconf 86' lang='lat' dir='ltr'><strong>A</strong></span> <span class='ocrx_word' id='word_1_666' title='bbox 2292 4303 2502 4366; x_wconf 85' lang='lat' dir='ltr'><strong>Ruﬁno</strong></span> <span class='ocrx_word' id='word_1_667' title='bbox 2533 4322 2673 4364; x_wconf 83' lang='lat' dir='ltr'><strong>vero</strong></span> <span class='ocrx_word' id='word_1_668' title='bbox 2706 4311 2762 4363; x_wconf 90' lang='lat' dir='ltr'><strong>et</strong></span> <span class='ocrx_word' id='word_1_669' title='bbox 2787 4302 3022 4364; x_wconf 91' lang='lat' dir='ltr'><strong>Zosimo</strong></span> <span class='ocrx_word' id='word_1_670' title='bbox 3054 4301 3337 4363; x_wconf 89' lang='lat' dir='ltr'><strong>Clemens</strong></span> <span class='ocrx_word' id='word_1_671' title='bbox 3363 4308 3566 4361; x_wconf 89' lang='lat' dir='ltr'><strong>noster</strong></span> 
     </span>
    </p>
   </div>
   <div class='ocr_carea' id='block_1_110' title="bbox 1914 4392 2687 4473">
    <p class='ocr_par' dir='ltr' id='par_1_110' title="bbox 1914 4392 2687 4473">
     <span class='ocr_line' id='line_1_110' title="bbox 1914 4392 2687 4473; baseline 0 -20"><span class='ocrx_word' id='word_1_672' title='bbox 1914 4402 2132 4473; x_wconf 84' lang='lat' dir='ltr'><strong>martyr</strong></span> <span class='ocrx_word' id='word_1_673' title='bbox 2161 4393 2501 4473; x_wconf 85' lang='lat' dir='ltr'><strong>appellatur</strong></span> <span class='ocrx_word' id='word_1_674' title='bbox 2537 4392 2583 4473; x_wconf 85' lang='lat' dir='ltr'><strong>(t</strong></span> <span class='ocrx_word' id='word_1_675' title='bbox 2603 4397 2687 4468; x_wconf 89' lang='lat'><strong>7).</strong></span> 
     </span>
    </p>
   </div>
   <div class='ocr_carea' id='block_1_111' title="bbox 1989 4478 3555 4563">
    <p class='ocr_par' dir='ltr' id='par_1_111' title="bbox 1989 4478 3555 4563">
     <span class='ocr_line' id='line_1_111' title="bbox 1989 4478 3555 4563; baseline -0.003 -21"><span class='ocrx_word' id='word_1_676' title='bbox 1989 4480 2075 4542; x_wconf 80' lang='lat' dir='ltr'><strong>Ex</strong></span> <span class='ocrx_word' id='word_1_677' title='bbox 2103 4480 2267 4543; x_wconf 79' lang='lat' dir='ltr'><strong>Actis</strong></span> <span class='ocrx_word' id='word_1_678' title='bbox 2292 4482 2717 4563; x_wconf 84' lang='lat' dir='ltr'><strong>martyrii,sine</strong></span> <span class='ocrx_word' id='word_1_679' title='bbox 2748 4481 2927 4544; x_wconf 86' lang='lat' dir='ltr'><strong>dubio</strong></span> <span class='ocrx_word' id='word_1_680' title='bbox 2962 4480 3341 4560; x_wconf 80' lang='lat' dir='ltr'><strong>suposititiis,</strong></span> <span class='ocrx_word' id='word_1_681' title='bbox 3375 4478 3555 4541; x_wconf 86' lang='lat' dir='ltr'><strong>Lum-</strong></span> 
     </span>
    </p>
   </div>
   <div class='ocr_carea' id='block_1_112' title="bbox 351 4560 3563 4691">
    <p class='ocr_par' dir='ltr' id='par_1_112' title="bbox 351 4560 3563 4691">
     <span class='ocr_line' id='line_1_112' title="bbox 351 4560 3563 4691; baseline 0.001 -2"><span class='ocrx_word' id='word_1_682' title='bbox 645 4560 1039 4673; x_wconf 58' lang='grc' dir='ltr'><strong>ἵέίιῒηῧέἔνε</strong></span> <span class='ocrx_word' id='word_1_683' title='bbox 1051 4560 1299 4671; x_wconf 58' lang='grc' dir='ltr'><strong>Ἄτέἓῖιναῖ</strong></span> <span class='ocrx_word' id='word_1_684' title='bbox 1851 4641 1892 4691; x_wconf 77' lang='grc' dir='ltr'>ο</span> <span class='ocrx_word' id='word_1_685' title='bbox 1911 4588 2091 4691; x_wconf 58' lang='lat'><strong>93:18.</strong></span> <span class='ocrx_word' id='word_1_686' title='bbox 2121 4560 3223 4691; x_wconf 46' lang='lat' dir='ltr'><strong>F&#39;??.E‘IE‘.3‘I‘§.‘I‘:&quot;_¥&#39;L‘.fff‘f‘i‘lﬁi</strong></span> <span class='ocrx_word' id='word_1_687' title='bbox 3241 4565 3563 4691; x_wconf 50' lang='lat' dir='ltr'><strong>Titini“</strong></span> 
     </span>
    </p>
   </div>
   <div class='ocr_carea' id='block_1_113' title="bbox 1907 4657 3556 4740">
    <p class='ocr_par' dir='ltr' id='par_1_113' title="bbox 1907 4657 3556 4740">
     <span class='ocr_line' id='line_1_113' title="bbox 1907 4657 3556 4740; baseline -0.002 -19"><span class='ocrx_word' id='word_1_688' title='bbox 1907 4658 2133 4721; x_wconf 85' lang='lat' dir='ltr'><strong>refert:</strong></span> <span class='ocrx_word' id='word_1_689' title='bbox 2175 4662 2647 4735; x_wconf 76' lang='lat' dir='ltr'><strong>«Clementem,u</strong></span> <span class='ocrx_word' id='word_1_690' title='bbox 2679 4658 3225 4740; x_wconf 85' lang='lat' dir='ltr'><strong>Mamertino,urbis</strong></span> <span class='ocrx_word' id='word_1_691' title='bbox 3257 4657 3556 4739; x_wconf 64' lang='lat' dir='ltr'><strong>praefecto,</strong></span> 
     </span>
    </p>
   </div>
   <div class='ocr_carea' id='block_1_114' title="bbox 1911 4748 3558 4831">
    <p class='ocr_par' dir='ltr' id='par_1_114' title="bbox 1911 4748 3558 4831">
     <span class='ocr_line' id='line_1_114' title="bbox 1911 4748 3558 4831; baseline -0.002 -21"><span class='ocrx_word' id='word_1_692' title='bbox 1911 4748 2050 4810; x_wconf 86' lang='lat' dir='ltr'><strong>ﬁdei</strong></span> <span class='ocrx_word' id='word_1_693' title='bbox 2084 4768 2260 4811; x_wconf 90' lang='lat' dir='ltr'><strong>causa</strong></span> <span class='ocrx_word' id='word_1_694' title='bbox 2298 4759 2665 4831; x_wconf 87' lang='lat' dir='ltr'><strong>accusatum,</strong></span> <span class='ocrx_word' id='word_1_695' title='bbox 2698 4748 2991 4831; x_wconf 84' lang='lat' dir='ltr'><strong>Trajanus</strong></span> <span class='ocrx_word' id='word_1_696' title='bbox 3022 4750 3081 4810; x_wconf 92' lang='lat' dir='ltr'><strong>in</strong></span> <span class='ocrx_word' id='word_1_697' title='bbox 3116 4749 3558 4810; x_wconf 87' lang='lat' dir='ltr'><strong>Chersonesum</strong></span> 
     </span>
    </p>
   </div>
   <div class='ocr_carea' id='block_1_115' title="bbox 1910 4834 3559 4920">
    <p class='ocr_par' dir='ltr' id='par_1_115' title="bbox 1910 4834 3559 4920">
     <span class='ocr_line' id='line_1_115' title="bbox 1910 4834 3559 4920; baseline -0.002 -21"><span class='ocrx_word' id='word_1_698' title='bbox 1910 4838 2061 4900; x_wconf 90' lang='lat' dir='ltr'><strong>ultra</strong></span> <span class='ocrx_word' id='word_1_699' title='bbox 2088 4838 2339 4902; x_wconf 91' lang='lat' dir='ltr'><strong>Pontum</strong></span> <span class='ocrx_word' id='word_1_700' title='bbox 2392 4838 2689 4901; x_wconf 81' lang='lat' dir='ltr'><strong>Euxinum</strong></span> <span class='ocrx_word' id='word_1_701' title='bbox 2725 4841 3029 4920; x_wconf 78' lang='lat' dir='ltr'><strong>relegavit.</strong></span> <span class='ocrx_word' id='word_1_702' title='bbox 3058 4836 3287 4901; x_wconf 89' lang='lat' dir='ltr'><strong>Invenit</strong></span> <span class='ocrx_word' id='word_1_703' title='bbox 3317 4854 3456 4898; x_wconf 83' lang='lat' dir='ltr'><strong>vero</strong></span> <span class='ocrx_word' id='word_1_704' title='bbox 3478 4834 3559 4896; x_wconf 89' lang='lat' dir='ltr'><strong>ibi</strong></span> 
     </span>
    </p>
   </div>
   <div class='ocr_carea' id='block_1_116' title="bbox 1999 4964 3553 5118">
    <p class='ocr_par' dir='ltr' id='par_1_116' title="bbox 1999 4964 3553 5118">
     <span class='ocr_line' id='line_1_116' title="bbox 1999 4964 3553 5118; baseline -0.005 -83"><span class='ocrx_word' id='word_1_705' title='bbox 1999 4972 2124 5118; x_wconf 74' lang='lat'><strong>(613)</strong></span> <span class='ocrx_word' id='word_1_706' title='bbox 2159 4972 2318 5035; x_wconf 84' lang='lat' dir='ltr'><strong>Adv.</strong></span> <span class='ocrx_word' id='word_1_707' title='bbox 2352 4972 2527 5053; x_wconf 62' lang='lat' dir='ltr'><strong>han,</strong></span> <span class='ocrx_word' id='word_1_708' title='bbox 2561 4973 2720 5047; x_wconf 86' lang='lat' dir='ltr'><strong>l..m,</strong></span> <span class='ocrx_word' id='word_1_709' title='bbox 2748 4987 2803 5035; x_wconf 90' lang='lat' dir='ltr'><strong>c.</strong></span> <span class='ocrx_word' id='word_1_710' title='bbox 2838 4970 2896 5051; x_wconf 89' lang='lat'><strong>3,</strong></span> <span class='ocrx_word' id='word_1_711' title='bbox 2932 4969 3089 5051; x_wconf 88' lang='lat' dir='ltr'><strong>apud</strong></span> <span class='ocrx_word' id='word_1_712' title='bbox 3118 4964 3440 5032; x_wconf 83' lang='lat' dir='ltr'><strong>Euseb.H.</strong></span> <span class='ocrx_word' id='word_1_713' title='bbox 3478 4966 3553 5028; x_wconf 87' lang='lat' dir='ltr'><strong>E.</strong></span> 
     </span>
    </p>
   </div>
   <div class='ocr_carea' id='block_1_117' title="bbox 1915 5070 2065 5115">
    <p class='ocr_par' dir='ltr' id='par_1_117' title="bbox 1915 5070 2065 5115">
     <span class='ocr_line' id='line_1_117' title="bbox 1915 5070 2065 5115; baseline 0.027 -4"><span class='ocrx_word' id='word_1_714' title='bbox 1915 5070 1967 5113; x_wconf 78' lang='grc' dir='ltr'>ν.</span> <span class='ocrx_word' id='word_1_715' title='bbox 2005 5070 2065 5115; x_wconf 73' lang='grc' dir='ltr'><strong>ὓ.</strong></span> 
     </span>
    </p>
   </div>
   <div class='ocr_carea' id='block_1_118' title="bbox 1999 5133 2774 5214">
    <p class='ocr_par' dir='ltr' id='par_1_118' title="bbox 1999 5133 2774 5214">
     <span class='ocr_line' id='line_1_118' title="bbox 1999 5133 2774 5214; baseline -0.006 -18"><span class='ocrx_word' id='word_1_716' title='bbox 1999 5134 2127 5214; x_wconf 78' lang='grc'><strong>(14)</strong></span> <span class='ocrx_word' id='word_1_717' title='bbox 2154 5133 2277 5214; x_wconf 75' lang='lat' dir='ltr'><strong>Cir.</strong></span> <span class='ocrx_word' id='word_1_718' title='bbox 2303 5139 2631 5214; x_wconf 81' lang='lat' dir='ltr'><strong>supra_not.</strong></span> <span class='ocrx_word' id='word_1_719' title='bbox 2666 5134 2774 5214; x_wconf 59' lang='grc' dir='ltr'><strong>(ἶ).</strong></span> 
     </span>
    </p>
   </div>
   <div class='ocr_carea' id='block_1_119' title="bbox 1993 5210 3557 5291">
    <p class='ocr_par' dir='ltr' id='par_1_119' title="bbox 1993 5210 3557 5291">
     <span class='ocr_line' id='line_1_119' title="bbox 1993 5210 3557 5291; baseline -0.003 -18"><span class='ocrx_word' id='word_1_720' title='bbox 1993 5210 2451 5290; x_wconf 79' lang='lat' dir='ltr'><strong>(15)lndiculus</strong></span> <span class='ocrx_word' id='word_1_721' title='bbox 2491 5210 2663 5274; x_wconf 90' lang='lat' dir='ltr'><strong>Rom.</strong></span> <span class='ocrx_word' id='word_1_722' title='bbox 2698 5210 2912 5275; x_wconf 81' lang='lat' dir='ltr'><strong>Pontif.</strong></span> <span class='ocrx_word' id='word_1_723' title='bbox 2944 5228 3122 5291; x_wconf 89' lang='lat' dir='ltr'><strong>supra</strong></span> <span class='ocrx_word' id='word_1_724' title='bbox 3174 5215 3557 5291; x_wconf 70' lang='lat' dir='ltr'><strong>memoratus,</strong></span> 
     </span>
    </p>
   </div>
   <div class='ocr_carea' id='block_1_120' title="bbox 1911 5286 3559 5376">
    <p class='ocr_par' dir='ltr' id='par_1_120' title="bbox 1911 5286 3559 5376">
     <span class='ocr_line' id='line_1_120' title="bbox 1911 5286 3559 5376; baseline -0.003 -21"><span class='ocrx_word' id='word_1_725' title='bbox 1911 5286 2139 5358; x_wconf 83' lang='lat' dir='ltr'><strong>Linum</strong></span> <span class='ocrx_word' id='word_1_726' title='bbox 2166 5296 2454 5376; x_wconf 89' lang='lat' dir='ltr'><strong>Capitone</strong></span> <span class='ocrx_word' id='word_1_727' title='bbox 2484 5303 2542 5355; x_wconf 90' lang='lat' dir='ltr'><strong>et</strong></span> <span class='ocrx_word' id='word_1_728' title='bbox 2576 5293 2726 5356; x_wconf 81' lang='lat' dir='ltr'><strong>Rul‘o</strong></span> <span class='ocrx_word' id='word_1_729' title='bbox 2770 5310 2926 5356; x_wconf 91' lang='lat' dir='ltr'><strong>coss.</strong></span> <span class='ocrx_word' id='word_1_730' title='bbox 2965 5286 3034 5363; x_wconf 63' lang='lat' dir='ltr'><strong>(i.&#39;</strong></span> <span class='ocrx_word' id='word_1_731' title='bbox 3062 5310 3115 5354; x_wconf 47' lang='lat' dir='ltr'><strong>e,</strong></span> <span class='ocrx_word' id='word_1_732' title='bbox 3146 5308 3203 5353; x_wconf 89' lang='lat' dir='ltr'><strong>a.</strong></span> <span class='ocrx_word' id='word_1_733' title='bbox 3234 5290 3334 5364; x_wconf 86' lang='lat'><strong>67,</strong></span> <span class='ocrx_word' id='word_1_734' title='bbox 3363 5286 3559 5370; x_wconf 85' lang='lat' dir='ltr'><strong>p.Ch.)</strong></span> 
     </span>
    </p>
   </div>
   <div class='ocr_carea' id='block_1_121' title="bbox 1917 5375 2785 5438">
    <p class='ocr_par' dir='ltr' id='par_1_121' title="bbox 1917 5375 2785 5438">
     <span class='ocr_line' id='line_1_121' title="bbox 1917 5375 2785 5438; baseline -0.002 -2"><span class='ocrx_word' id='word_1_735' title='bbox 1917 5391 1953 5436; x_wconf 92' lang='lat' dir='ltr'><strong>e</strong></span> <span class='ocrx_word' id='word_1_736' title='bbox 1980 5375 2128 5438; x_wconf 80' lang='lat' dir='ltr'><strong>vivis</strong></span> <span class='ocrx_word' id='word_1_737' title='bbox 2160 5375 2492 5437; x_wconf 88' lang='lat' dir='ltr'><strong>decessisse</strong></span> <span class='ocrx_word' id='word_1_738' title='bbox 2522 5383 2785 5435; x_wconf 91' lang='lat' dir='ltr'><strong>annotat.</strong></span> 
     </span>
    </p>
   </div>
   <div class='ocr_carea' id='block_1_122' title="bbox 2029 5455 2786 5533">
    <p class='ocr_par' dir='ltr' id='par_1_122' title="bbox 2029 5455 2786 5533">
     <span class='ocr_line' id='line_1_122' title="bbox 2029 5455 2786 5533; baseline -0.011 -17"><span class='ocrx_word' id='word_1_739' title='bbox 2029 5457 2122 5532; x_wconf 89' lang='lat'><strong>16)</strong></span> <span class='ocrx_word' id='word_1_740' title='bbox 2154 5455 2378 5518; x_wconf 63' lang='lat' dir='ltr'><strong>Haeres.</strong></span> <span class='ocrx_word' id='word_1_741' title='bbox 2411 5470 2599 5533; x_wconf 85' lang='lat' dir='ltr'><strong>xxvu,</strong></span> <span class='ocrx_word' id='word_1_742' title='bbox 2634 5473 2692 5513; x_wconf 92' lang='lat' dir='ltr'><strong>u.</strong></span> <span class='ocrx_word' id='word_1_743' title='bbox 2728 5456 2786 5517; x_wconf 88' lang='lat'><strong>6.</strong></span> 
     </span>
    </p>
   </div>
   <div class='ocr_carea' id='block_1_123' title="bbox 2021 5528 3559 5617">
    <p class='ocr_par' dir='ltr' id='par_1_123' title="bbox 2021 5528 3559 5617">
     <span class='ocr_line' id='line_1_123' title="bbox 2021 5528 3559 5617; baseline -0.001 -20"><span class='ocrx_word' id='word_1_744' title='bbox 2021 5528 2119 5613; x_wconf 87' lang='lat'><strong>17)</strong></span> <span class='ocrx_word' id='word_1_745' title='bbox 2150 5535 2431 5617; x_wconf 87' lang='lat' dir='ltr'><strong>Lumper,</strong></span> <span class='ocrx_word' id='word_1_746' title='bbox 2468 5528 2747 5597; x_wconf 80' lang='lat' dir='ltr'><strong>Historia</strong></span> <span class='ocrx_word' id='word_1_747' title='bbox 2786 5530 3397 5615; x_wconf 77' lang='lat' dir='ltr'><strong>theologica—critica,</strong></span> <span class='ocrx_word' id='word_1_748' title='bbox 3436 5539 3471 5590; x_wconf 92' lang='lat' dir='ltr'><strong>t.</strong></span> <span class='ocrx_word' id='word_1_749' title='bbox 3510 5528 3559 5606; x_wconf 84' lang='grc' dir='ltr'><strong>Ι,</strong></span> 
     </span>
    </p>
   </div>
  </div>
