3998 6202
293 226 400 291 351
1072 231 1127 291 s.
1177 231 1606 294 CLEMENTIS
1652 234 1677 293 I
1723 234 1904 296 non.
1955 235 2177 297 PONT.
2226 234 2473 297 OPEBA
2518 235 2887 301 GENUINA.
3543 231 3672 300 352
3716 192 3721 193 ί

288 400 467 474 vero,
513 378 665 448 ﬁdei
701 379 1053 474 catholicae
1090 381 1298 451 hostis
1338 382 1615 471 gloriam
1658 382 1995 474 propriam
2040 380 2362 471 quaesivit,
2396 381 2526 448 imo
2566 379 2866 454 Ecclesiae
2906 380 3458 467 humiliationem,
3501 382 3666 451 dum

292 471 673 539 thesaurum
711 469 1167 542 absconditum
1212 469 1559 541 reserarat.

374 584 551 679 Beati
592 588 856 679 quidem
899 588 1246 658 Clementis
1291 589 1611 679 Epistolas
1664 592 1752 657 ad
1800 592 2122 679 Virgines,
2153 588 2460 658 laudibus
2494 589 2726 679 extulit
2759 610 2775 671 ;
2811 590 2949 673 sed,
2993 610 3145 657 cum
3189 590 3385 659 simul
3424 590 3666 658 imma-

291 674 576 767 eulatam
614 674 851 767 Christi
891 698 1194 764 sponsam
1226 674 1535 746 conviciis
1581 674 1949 767 impeteret,
1990 679 2433 748 adversarium
2474 678 2710 747 Christi
2753 700 2822 747 se
2858 678 3102 767 detegit
3156 692 3220 747 et
3280 678 3666 749 ministrum

294 762 569 847 Satanae,
615 766 729 853 qui
761 762 1187 855 transﬁgurat
1227 787 1296 834 se
1336 768 1404 834 in
1446 762 1751 855 angelum
1782 770 1946 838 lucis
1969 772 2021 837 5.

379 881 520 972 Non
560 902 787 950 omnes
820 884 933 971 qui
976 894 1156 951 extra
1194 884 1549 952 Ecclesiam
1592 894 1769 967 sunt,
1800 885 2019 953 hostili
2062 903 2320 972 semper
2348 882 2585 972 spiritu
2626 885 3011 972 loquuntur.
3040 882 3272 950 Junius
3311 882 3659 967 Patricius,

298 966 701 1063 Q‘xoniensis,
744 966 938 1063 aliam
991 994 1257 1063 operam
1322 974 1528 1041 sancti
1578 966 1932 1043 Clementis
1969 966 2336 1063 publicans,
2382 966 2445 1038 in
2488 966 3424 1063 EcclesiamARomanamnon
3478 973 3665 1039 inve-

288 1057 516 1149 hitur,
562 1080 708 1149 quee
774 1057 1092 1130 catholice
1134 1072 1393 1130 sanctus
1432 1065 1726 1137 Clemens
1796 1057 2055 1149 semp-er
2122 1062 2299 1142 dicit,
2341 1082 2678 1148 nunquam
2722 1062 2788 1128 in
2844 1060 3210 1129 Catholicos
3251 1061 3602 1149 detorquet
3638 1084 3654 1143 ;

294 1147 393 1215 his
436 1146 599 1236 quae
624 1146 701 1217 ad
773 1172 997 1237 pacem
1062 1152 1533 1220 restituendam
1594 1163 1856 1221 sanctus
1916 1146 2210 1223 Clemens
2260 1146 2529 1240 profert,
2563 1151 2645 1240 ad
2698 1151 3083 1219 seditionem
3125 1146 3659 1238 discordiamque

290 1241 723 1325 spargendam
765 1240 1002 1307 nullibi
1035 1241 1376 1323 abutitur;
1419 1243 1487 1309 in
1534 1243 1790 1311 Petram
1830 1242 2133 1310 Ecclesiae
2177 1239 2514 1307 immotam
2553 1239 2744 1308 inferi
2802 1251 3025 1328 portas
3078 1260 3485 1307 commovere
3520 1260 3661 1308 non

294 1335 521 1395 tentet.

390 1441 654 1539 Veniam
696 1446 895 1533 igitur
932 1446 1012 1514 ab
1054 1446 1360 1539 omnibus
1399 1448 1800 1539 orthodoxis,
1852 1447 2221 1539 praesertim
2244 1466 2395 1514 vero
2435 1466 2473 1513 a
2512 1457 2574 1516 te
2610 1467 2837 1539 spero,
2862 1446 3259 1539 fidelissime
3299 1445 3663 1539 Prtesul,__si

290 1540 553 1627 beatum
594 1535 985 1627 Clementem
1027 1536 1313 1622 virgines
1370 1538 1807 1625 alloqucntem
1854 1535 2034 1606 novis
2066 1538 2426 1627 producam
2467 1545 2553 1627 et_
2591 1536 3027 1627 dignioribus,
3055 1537 3431 1627 dummodo
3496 1536 3664 1627 mihi

286 1649 417 1695 non
466 1625 760 1703 illudam,
806 1626 1204 1692 ornamentis
1245 1626 1574 1709 vestitum,
1618 1637 1680 1694 et
1712 1629 1763 1695 si
1802 1625 2084 1696 sensum'
2105 1626 2456 1694 verborum
2502 1625 2643 1713 ejus
2691 1648 2727 1693 a
2765 1626 3068 1693 Wetstini
3116 1625 3662 1714 interpretatione

291 1735 559 1805 prorsus
598 1715 909 1797 alienum,
963 1735 1091 1782 non
1134 1717 1330 1783 semel
1372 1736 1710 1805 usurpem.

371 1834 556 1903 Nunc
596 1831 753 1920 quid
793 1832 863 1922 in
893 1832 1017 1922 hac
1058 1832 1500 1920 publicatione
1535 1833 1926 1900 intenderim
1971 1833 2096 1922 piis
2121 1832 2426 1901 omnibus
2470 1831 2825 1900 lectoribus
2864 1831 3199 1899 declarare
3246 1848 3463 1921 operae
3500 1852 3662 1921 pre-

285 1925 450 1993 tium
484 1923 735 2012 judico,
780 1921 989 1989 fusius
1034 1922 1108 1989 in
1144 1923 1394 2009 prcevia
1437 1923 1884 1990 dissertatione
1914 1923 2353 1991 discussurus.

371 2043 611 2109 Doctus
651 2039 899 2121 Binius,
937 2040 1052 2127 qui
1094 2040 1424 2107 scribebat
1465 2040 1577 2107 diu
1619 2053 1969 2129 antequam
2042 2040 2486 2108 invenirentur
2526 2039 2861 2129 Epistolaeg
2897 2038 3128 2129 sancti
3176 2037 3520 2129 Clementis
3564 2038 3658 2104 ad

294 2132 614 2229 Virgines,
652 2129 1512 2229 expresse‘proﬁtetnreasn
1529 2126 1870 2229 exstitisse,
1914 2132 2375 2229 cenantemque
2411 2126 2612 2196 fuisse
2656 2128 3037 2218 appellatas,
3080 2126 3250 2195 sicut
3302 2127 3663 2215 Epistolam

284 2218 563 2309 primam
608 2218 685 2284 ad
728 2218 1122 2300 Corinthios,
1168 2220 1325 2306 quia
1368 2219 1435 2285 in
1476 2219 1775 2287 ﬁdelium
1816 2220 2093 2287 ccetibus
2126 2221 2539 2306 legebantur.

370 2333 491 2401 Hic
530 2354 650 2419 ego
694 2342 945 2400 tantum
985 2333 1195 2400 dicam
1237 2335 1413 2421 quod
1454 2334 1505 2400 si
1550 2355 1657 2402 eas
1698 2335 2102 2403 authenticas
2142 2355 2283 2403 esse
2316 2356 2447 2402 non
2493 2333 2775 2401 ﬁrmiter
2822 2332 3201 2414 tenuissem,
3246 2331 3404 2413 imo,
3439 2331 3491 2397 si
3527 2331 3661 2398 mi-

284 2424 539 2490 nimum
570 2422 763 2489 etiam
804 2421 1080 2489 dubium
1115 2423 1193 2489 de
1233 2420 1463 2489 earum
1505 2424 1789 2509 genuino
1842 2435 2108 2493 auctore
2148 2425 2215 2491 in
2260 2434 2472 2491 mente
2513 2423 2955 2503 remansisset,
2985 2422 3065 2489 ab
3102 2422 3195 2489 eis
3243 2420 3567 2489 vertendis
3595 2430 3669 2488 et

287 2512 664 2600 evulgandis
708 2531 978 2600 prorsus
1018 2512 1507 2593 abstinuissem,
1550 2515 1646 2580 vel
1694 2514 1978 2581 rationes
2017 2516 2244 2582 saltem
2286 2513 2467 2581 dubii
2520 2511 2645 2580 mei
2695 2512 3161 2600 exposuissem.

374 2628 516 2697 Non
560 2629 855 2696 eamdem
896 2638 1073 2696 certe
1122 2629 1542 2718 securitatem
1593 2631 1956 2718 exprimere
1996 2633 2175 2700 valeo
2215 2632 2651 2700 circaverum
2713 2648 2991 2718 sensum
3016 2627 3096 2694 ab
3138 2635 3405 2718 auctore
3444 2625 3666 2692 inten-

291 2730 471 2785 tum:
520 2738 667 2785 cum
710 2718 881 2784 enim
929 2719 1145 2784 adhuc
1179 2717 1589 2785 desideretur
1627 2716 2062 2806 primigenius
2110 2742 2333 2790 earum
2380 2730 2586 2787 textus
2618 2718 2903 2797 Graecus,
2949 2716 3453 2806 timendum_est
3482 2735 3666 2806 sem-

291 2828 410 2895 per
451 2828 531 2874 ne
589 2808 982 2894 quandoque
1042 2807 1356 2873 erraverit
1406 2803 1710 2895 Syriacus
1772 2803 2116 2893 interpres.
2176 2811 2256 2878 Ut
2300 2820 2371 2876 ut
2418 2810 2525 2892 sit,
2573 2828 2702 2875 non
2766 2806 2993 2874 dubito
3045 2806 3208 2895 quin
3264 2803 3658 2895 Wetstinus,

291 2892 486 2963 etiam
530 2892 1183 2985 Syriacumivertens,
1227 2892 1625 2983 plures'ipse
1663 2897 1989 2964 addiderit
2029 2919 2334 2966 errores:
2385 2899 2662 2985 ideoque
2709 2916 2841 2962 non
2882 2897 3080 2962 semel
3128 2894 3217 2985 ab,
3250 2892 3389 2980 ejus
3450 2892 3666 2985 sensi-

282 2986 403 3052 bus
445 2982 825 3075 exorbitavi.
861 2984 924 3075 Si
969 2995 1147 3075 rec_ta
1186 2995 1250 3075 et
1292 2982 1582 3075 congrua
1626 2986 1849 3053 fuisset
1887 2986 2188 3055 Wetstini
2233 2982 2707 3075 interpretatio,
2748 2985 2911 3075 nihil
2937 2986 3071 3051 fere
3114 2982 3656 3075 redarguendum

283 3084 453 3167 esset
490 3074 554 3139 in
602 3073 1020 3167 translatione
1052 3072 1292 3140 Gallica
1328 3074 1397 3140 D.
1430 3070 1739 3142 'Boistard
1782 3076 1860 3141 de
1889 3075 2290 3167 Prémagny:
2332 3070 2608 3165 ideoque
2653 3094 2784 3141 non
2825 3072 3433 3163 interpretationem
3478 3070 3653 3159 ejus,

282 3165 392 3230 scd
435 3163 890 3230 annotationes
932 3183 1162 3250 carpo.

370 3276 526 3344 Cum
573 3298 723 3344 vero
759 3278 927 3343 nihil
978 3278 1274 3345 absolute
1308 3288 1557 3345 certum
1592 3279 1670 3345 de
1716 3279 2023 3346 ﬁdelitate
2073 3281 2169 3347 vel
2215 3278 2555 3346 erroribus
2588 3278 3021 3366 interpretum
3070 3273 3383 3366 affirmari
3430 3282 3659 3366 queat,

285 3368 550 3434 absente
598 3377 769 3434 textu
800 3366 1159 3454 primitivo,
1205 3387 1322 3433 cur
1355 3378 1411 3432 et
1452 3368 1586 3456 ipse
1617 3388 1846 3435 novam
1896 3368 2503 3456 interpretationem
2552 3363 2901 3455 aggressus
2943 3386 3087 3432 sum
3120 3377 3146 3432 ?
3179 3364 3343 3431 Huic
3369 3363 3665 3516 xquaesito

288 3458 352 3516 in
385 3456 629 3516 nrmvia
676 3456 1121 3516 dissertatione
1161 3455 1577 3516 satisfaciam.
1630 3456 1844 3516 Dicam
1890 3467 2100 3516 tamen
2144 3457 2424 3516 nlnrima
2464 3476 2665 3516 sacrm
2710 3455 3065 3516 Scriptura?
3106 3454 3247 3516 loca
3273 3474 3310 3516 a
3337 3451 3372 3516 Χ
3424 3451 3665 3516 etstino

288 3458 352 3522 in
384 3456 637 3545 praevia
676 3451 1121 3545 dissertatione
1161 3451 1577 3522 satisfaciam.
1630 3456 1844 3523 Dicam
1890 3451 2102 3523 tamen
2144 3457 2427 3545 plurima
2464 3451 2665 3526 sacrae
2710 3455 3065 3545 Scriptura?
3106 3454 3247 3545 loca
3273 3474 3310 3545 a
3337 3451 3666 3545 Wetstino

284 3540 400 3611 ant
440 3564 571 3610 non
616 3544 814 3634 fuisse
856 3544 1099 3630 agnita,
1131 3555 1243 3634 aut
1290 3544 1454 3611 male
1493 3546 1747 3612 reddita
1781 3546 1979 3613 fuisse
2013 3569 2025 3611 :
2073 3540 2368 3634 quamvis
2413 3546 2475 3612 id
2505 3545 2757 3612 creditu
2806 3540 3066 3612 difficile
3106 3540 3552 3634 videriqucat
3577 3540 3666 3634 de

284 3633 424 3701 viro
462 3643 595 3723 tam
636 3633 746 3699 diu
784 3633 847 3699 in
889 3629 1090 3699 Sacris
1124 3633 1365 3723 litteris,
1398 3645 1673 3701 versato.
1709 3635 1859 3718 Sed,
1890 3635 1943 3701 si
1984 3629 2122 3705 haec
2154 3636 2293 3701 loca
2334 3634 2620 3723 agnovit,
2651 3655 2770 3701 cur
2807 3651 3221 3723 communem
3256 3630 3450 3723 etiam
3480 3629 3659 3723 apud

280 3740 434 3876 sinos
482 3720 1087 3876 interpretationem
1148 3721 1593 3810 abjudicavit?
1641 3724 1915 3791 Errores
1971 3724 2272 3793 Wetstini
2318 3717 2766 3792 aberrationes
2828 3721 3223 3790 traductoris
3280 3717 3661 3785 Gallici’in-

331 3830 581 3876 uxerun
626 3860 639 3873 .

331 3818 639 3877 uxerunt.

374 3924 711 4020 Praecipua
752 3924 955 4011 igitur
999 3924 1159 4020 mihi
1204 3946 1363 3992 cura
1404 3925 1703 4020 incubuit
1747 3939 1848 4020 ut,
1888 3928 1960 3995 in
2004 3929 2126 3995 hac
2166 3928 2321 4020 silva
2347 3928 2759 4020 densissima,
2791 3926 3038 3995 divinas
3080 3925 3455 4020 detegerem
3503 3940 3658 4020 sen-

286 4012 518 4106 tentias
558 4034 798 4101 easque
840 4014 1348 4106 manifestarem.
1398 4018 1491 4081 An
1533 4026 1781 4083 rectum
1833 4018 1957 4085 iter
1998 4018 2347 4098 tenuerim,
2376 4017 2626 4105 judicet
2664 4018 2811 4106 pius
2838 4037 2913 4083 ac
2952 4013 3247 4106 eruditus
3285 4013 3515 4106 lector,
3551 4012 3661 4076 in-

285 4101 514 4195 primis
559 4099 767 4195 textus
806 4105 1259 4195 antecedentes
1318 4106 1873 4191 consequentibus
1910 4107 2249 4195 jungendo
2290 4118 2353 4173 et
2378 4099 2854 4195 comparando.
2910 4102 3285 4195 Dialectices
3331 4099 3502 4195 enim
3536 4119 3658 4195 re-

281 4187 469 4279 gulas
552 4212 683 4258 non
754 4193 1099 4280 ignorabat
1176 4203 1438 4261 sanctus
1505 4187 1826 4278 Clemens,
1863 4187 1982 4264 nec
2041 4187 2334 4284 supponi
2403 4187 2601 4264 debet
2664 4206 2890 4263 contra
2959 4193 3101 4259 illas
3176 4188 3454 4257 voluisse
3517 4187 3658 4255 dis-

294 4301 541 4347 SOI‘CI‘C.

371 4394 717 4490 Praeterea,
763 4417 1092 4490 neunum
1137 4397 1404 4490 quidem
1434 4408 1683 4490 textum
1725 4420 1963 4468 novum
2006 4400 2359 4487 introduxi,
2390 4404 2503 4471 sed
2545 4421 2805 4490 semper
2841 4395 3153 4490 Wetstini
3202 4391 3661 4490 interpretatie

283 4484 489 4581 oculis
526 4486 689 4581 meis
729 4482 1185 4581 subjectaest,
1231 4488 1385 4581 dum
1430 4488 1827 4581 irregulares
1862 4501 1923 4557 et
1964 4501 2292 4558 contortas
2340 4482 2483 4581 ejus
2521 4482 2885 4559 locutiones
2951 4482 3665 4581 rectitudinihaturali

283 4574 736 4640 restituebam.
785 4571 913 4642 Nec
950 4576 1202 4663 primus
1241 4576 1408 4642 viam
1461 4571 1629 4645 hanc
1671 4578 2007 4666 ingressus
2048 4600 2237 4647 sum:
2286 4571 2471 4648 multi
2527 4580 2699 4649 enim
2741 4589 2888 4647 ante
2930 4597 3057 4657 me,
3110 4574 3176 4641 in
3232 4571 3665 4666 antiquorum

281 4674 629 4757 auctorum
659 4660 1116 4757 explicatione,
1145 4666 1450 4757 audaces,
1483 4679 1555 4734 ut
1585 4670 1676 4736 sic
1702 4660 1958 4757 loquar,
1988 4668 2401 4756 conjecturas
2427 4670 2811 4748 emiserunt,
2840 4688 2985 4755 qua?
3014 4673 3261 4757 postea,
3297 4661 3377 4728 ab
3437 4660 3657 4757 omni-

282 4752 401 4819 bus
433 4750 754 4847 eruditis,
799 4764 871 4820 ut
902 4754 1203 4847 veritates
1248 4754 1653 4847 inconcussa;
1696 4750 1972 4847 receptae
2012 4750 2183 4825 sunt.
2232 4760 2365 4847 Ego
2400 4781 2551 4827 vero
2592 4750 2949 4838 rarissime,
2994 4750 3115 4821 nec
3142 4753 3373 4847 forsan
3420 4750 3653 4847 semel,

278 4841 482 4938 meris
561 4840 826 4909 innixus
872 4864 1014 4938 sum
1051 4843 1451 4938 οοηᾶθθωνίδ
1482 4867 1498 4927 3
1545 4846 1685 4938 58d,
1717 4864 1790 4919 ut
1829 4837 2213 4938 plurimum,
2247 4837 2398 4938 pars
2438 4850 2982 4938 quaedamtextus
3009 4840 3328 4938 agniti_ad
3363 4837 3664 4938 notitiam

281 4930 511 5027 Remis,
552 4950 698 5027 Ρνδῖ
739 4932 1123 5027 ερηῑιλεὶοηθ
1149 4926 1515 5027 ⁸ἶκὲῐῇΜξΓυιη
1558 4926 1849 5027 ignota;
1875 4957 1976 5027 me
2018 4926 2304 5005 deduxit.
2348 4938 2411 5006 Si
2458 4926 2597 5005 fere
2644 4937 2891 5027 ubique
2930 4926 3131 5027 verba
3185 4926 3503 5027 Wetstini.
3537 4926 3657 4993 ab-

284 5017 680 5115 dicaverirn,
710 5021 903 5115 etiam
930 5023 1209 5115 quando
1255 5022 1473 5115 ipsius
1518 5016 1737 5115 sensui
1779 5016 2053 5107 stabam,
2102 5026 2339 5094 nedum
2403 5016 3028 5115 adversarifpotius
3072 5038 3323 5115 morem
3382 5016 3508 5115 ipsi
3546 5036 3663 5115 ge—

283 5126 454 5202 rere,
498 5107 901 5202 existimavi,
924 5106 1026 5202 Sic
1067 5111 1242 5202 enim
1280 5106 1591 5197 loquitur
1632 5113 1700 5179 in
1740 5133 2009 5180 suorum
2040 5106 2043 5107 ⁷
2075 5114 2592 5202 Prolegomenon
2641 5106 3105 5184 conclusione:
3146 5132 3173 5173 ι
3201 5106 3661 5202 Conversionis

284 5195 521 5294 Latinae
564 5198 717 5266 vitia
779 5210 842 5266 et
886 5199 1348 5294 inelegantiam
1382 5193 1738 5294 benignus
1800 5204 2000 5294 lector
2044 5193 2441 5274 condonabit
2502 5206 2751 5273 homini
2804 5203 2870 5269 in
2934 5219 3151 5294 opere
3192 5216 3358 5294 novo
3399 5204 3479 5294 et.
3497 5193 3660 5294 satis

282 5285 562 5352 molesto
593 5308 829 5376 parum
867 5283 1243 5370 exercitato,
1282 5300 1346 5355 et
1384 5283 1743 5358 amicorum
1787 5291 1979 5358 etiam
2041 5295 2355 5379 consiliis,
2401 5297 2551 5364 licet
2589 5294 2883 5384 undique
2946 5283 3272 5377 expetitis,
3316 5283 3655 5351 destituto.

368 5470 393 5514 3
425 5470 476 5533 ΙΙ
506 5471 641 5534 Cor.
674 5490 758 5548 x1,
795 5475 889 5537 14.
