4004 6210
95 46 646 112 Ἵππιον
693 69 704 74 -
975 46 978 48 τ
1025 55 1054 62 -ο

193 97 289 116 .F‘
324 97 406 116 λέν*
475 97 560 114 ιε’-

189 117 246 132 'I
309 105 490 138 .-.ἃ-⁸.

1121 265 1501 332 EPISTOD/E
1541 265 1640 327 AD
1687 263 2074 329 VlttGlNES.
2127 299 2195 307 -
2245 262 2642 327 PROUEMIA.
3467 257 3581 322 354

203 412 536 568 (fluolsdam
579 413 774 512 etiam
826 413 941 500 qui
993 412 1060 478 in
1101 424 1343 479 textum
1386 410 1726 500 Syriacum
1768 409 2178 497 irrepserunt
2246 430 2621 491 errores...,
2655 407 2849 476 etiam
2891 430 2990 477 me
3054 431 3184 478 non
3243 420 3576 492 monente,

227 522 322 568 801
356 522 396 568 e
440 512 755 568 corriget.
821 526 847 565 θ

227 512 396 569 acue
440 512 755 588 corriget.
821 526 847 565 ι)

283 615 516 682 Prima
567 614 767 704 hujus
811 615 938 684 loci
979 615 1198 704 verba,
1236 613 1551 704 Wetstini
1603 612 1990 704 modestiam
2033 615 2540 704 commendant:
2587 613 2954 704 posteriora
3006 634 3151 701 quae
3212 633 3346 704 non
3385 613 3582 682 intel-

200 705 433 772 lexerit
470 716 583 772 aut
624 702 1003 792 neglexerit,
1043 703 1464 772 conﬁtentur.
1504 702 1881 770 Modestiam
1920 704 2114 770 laudo
2147 726 2162 785 ;
2211 703 2574 771 tenebrosis
2615 703 2796 792 locis,
2845 713 3164 792 quantum
3208 702 3274 769 in
3315 722 3418 792 me
3459 711 3580 785 est,

198 793 412 861 lucem
445 792 1230 949 atf;ro;negligentiam,
1259 793 1314 861 si
1353 813 1501 882 qua:
1563 792 1781 875 fuerit,
1831 813 2140 881 reparare
2198 813 2424 860 conor.
2473 792 2699 862 Nonne
2745 791 2837 859 sic
2894 791 3194 860 Wetstini
3235 791 3399 860 votis
3465 792 3583 860 ob-

198 892 506 950 tempero

331 904 506 972 pero

284 999 577 1068 Omnem
617 1001 751 1069 fere
791 1020 1161 1068 sermonem
1206 1019 1400 1066 suum
1463 1009 1730 1067 sanctus
1773 997 2067 1065 Clemens
2101 1018 2137 1065 e
2177 997 2475 1086 fontibus
2505 996 2706 1065 sacris
2751 997 3136 1086 desumpsit.
3175 995 3383 1086 Nullis
3428 1018 3586 1084 ergo

203 1089 552 1158 laboribus
602 1110 904 1178 parcens,
950 1089 1214 1158 eosdem
1252 1089 1466 1178 fontes
1531 1087 1794 1178 assidue
1857 1086 2051 1168 adivi,
2093 1107 2284 1178 quos,
2329 1097 2404 1153 ut
2436 1085 2593 1178 jam
2637 1086 2886 1178 dictum
2927 1085 3050 1170 est,
3080 1085 3466 1178 iWetstinus
3505 1108 3587 1178 ne

215 1175 893 1268 suspicatus—quidem
959 1178 1160 1268 fuisse
1206 1177 1486 1268 videtur.
1553 1176 1733 1244 Unde
1810 1185 2016 1268 textus
2081 1175 2448 1268 deprompti
2528 1175 2795 1268 fuerint,
2841 1177 2994 1268 fere
3031 1176 3277 1268 ubique
3342 1176 3582 1268 notavi,

216 1265 442 1336 salt—em
496 1265 762 1356 quando
800 1267 1057 1357 phrasis
1096 1267 1252 1334 satis
1289 1267 1547 1357 integra
1586 1265 1938 1357 apparuit;
1988 1285 2121 1332 non
2161 1265 2332 1357 enim
2371 1265 2759 1357 vocabulum
2799 1265 3444 1357 quodlibetsacrum
3485 1265 3586 1332 in-

217 1357 422 1425 dicari
456 1353 710 1440 debuit,
755 1353 835 1425 ne
874 1358 1236 1428 innumerae
1275 1355 1488 1422 forent
1522 1353 1715 1424 not’m'.
1765 1354 2137 1422 Versionem
2167 1354 2488 1443 adoptavi,
2517 1375 2647 1422 non
2688 1353 3108 1442 Septuaginta
3151 1355 3586 1443 Interpretum

216 1459 322 1514 aut
356 1447 635 1514 alterius
694 1446 982 1534 cujusvis
1026 1444 1457 1526 traductoris;
1501 1445 1611 1512 sed
1677 1444 1989 1531 Vulgatae,
2019 1444 2158 1534 etsi
2225 1441 2514 1511 nondum
2585 1456 2880 1532 tempore
2946 1441 3163 1534 sancti
3241 1441 3588 1534 Clementis

217 1538 543 1604 existeret.
575 1535 740 1618 lmo,
768 1532 836 1602 in
880 1535 1133 1605 czeteris
1172 1533 1357 1616 locis,
1389 1534 1654 1622 quando
1697 1533 1908 1600 libera
1946 1532 2104 1599 mihi
2134 1543 2391 1622 poterat
2438 1553 2578 1601 esse
2605 1533 2956 1601 verborum
2991 1532 3166 1601 idem
3206 1532 3587 1619 signiﬁcan-

219 1626 378 1693 tium
416 1625 676 1706 electio,
728 1624 984 1715 praetuli
1027 1623 1160 1692 fere
1201 1644 1462 1712 semper
1501 1643 1690 1690 voces
1734 1645 1771 1689 a
1807 1622 2080 1709 Vulgata
2123 1632 2554 1690 consecratas.

301 1739 538 1806 Lector
578 1749 864 1806 attentus
901 1747 964 1805 et
1000 1739 1314 1826 prudens,
1365 1737 1558 1804 modo
1610 1735 1950 1826 primitivae
1988 1735 2288 1805 Ecclesia:
2342 1737 2692 1826 tanstisper
2731 1736 2961 1804 calleat
2996 1736 3333 1826 spiritum,
3366 1756 3584 1804 move-

223 1827 396 1921 bitur
435 1829 560 1896 has
607 1829 880 1921 legendo
901 1826 1264 1921 Epistolas,
1319 1826 1708 1921 extrinsecis
1744 1846 1907 1914 quas
1934 1914 1945 1921 _
1973 1827 2267 1921 praebent
2311 1825 2847 1921 authenticitatis
2871 1825 3398 1921 probationibus,
3440 1847 3587 1921 sen-

222 1917 460 2005 tietque
501 1914 702 2004 quam
749 1914 1011 1986 insulsm
1053 1916 1326 2003 viroque
1359 1915 1537 2002 gravi
1577 1915 1864 2002 indignae
1897 1914 2025 1981 sint
2062 1915 2511 2005 cavillationes
2549 1915 2621 1982 D.
2669 1915 2747 1982 de
2810 1914 3198 2005 Prémagny.
3244 1914 3397 1982 Sine
3433 1914 3589 2005 fuco

222 2017 328 2073 aut
352 2002 735 2073 ambitiosis
763 2005 1169 2072 ornamentis
1208 2002 1504 2072 sanctum
1537 2005 1941 2094 Pontiﬁcem,
1985 2002 2219 2094 spiritu
2251 2005 2607 2094 apostolico
2659 2005 2945 2094 plenum,
2995 2002 3287 2072 locutum
3350 2004 3578 2086 fuisse,

223 2114 407 2162 nemo
447 2095 736 2182 partium
776 2095 992 2162 studio
1032 2095 1308 2175 alienus,
1353 2093 1977 2182 inﬁciabitur.fliinc
2003 2093 2231 2161 doctus
2266 2094 2504 2162 Junius
2545 2093 2864 2162 Patricius
2896 2094 3034 2182 jam
3077 2094 3390 2161 odoratus
3435 2094 3580 2160 fue—

225 2195 321 2249 rat
355 2181 926 2251 authenticitatem
965 2183 1200 2271 primae
1242 2183 1451 2251 sancti
1488 2181 1834 2251 Clementis
1866 2181 2176 2270 Epistolas
2219 2184 2297 2252 ad
2342 2183 2738 2252 Corinthios.

310 2300 550 2368 Monita
592 2321 740 2388 quae
777 2299 1142 2387 virginibus
1189 2300 1455 2380 dantur,
1499 2320 1536 2366 a
1565 2298 1916 2386 Scripturis
1961 2299 2188 2380 sacris,
2233 2310 2305 2366 ut
2334 2299 2472 2388 jam
2511 2298 2672 2382 dixi,
2708 2298 2819 2366 sed
2862 2298 3226 2387 praesertim
3265 2320 3303 2366 a
3330 2297 3593 2388 scriptis

227 2391 665 2477 apostolorum
707 2401 771 2457 et
823 2389 1395 2476 evangelistarum,
1442 2400 1794 2455 eruuntur.
1837 2389 1930 2454 Ad
1986 2389 2248 2456 eosdem
2306 2389 2700 2477 quandoque
2745 2388 3093 2455 revertitur
3145 2391 3377 2456 sensus
3441 2389 3590 2476 pius

231 2478 560 2546 Pontifex:
613 2489 741 2546 tam
780 2479 1017 2545 ardens
1057 2487 1154 2545 est
1184 2477 1326 2565 ejus
1366 2477 1764 2544 desiderium
1798 2477 2161 2565 virginibus
2223 2477 2359 2544 suis
2399 2477 2760 2565 inspirandi
2810 2497 3102 2544 amorem
3150 2477 3466 2544 virtutum
3529 2490 3593 2548 et

228 2568 530 2635 vitiorum
575 2568 964 2635 horrorem!
1010 2564 1285 2656 Oblique
1349 2566 1732 2656 perstringit
1785 2564 2188 2634 Christianos
2237 2564 2640 2656 hypocritas,
2684 2565 2797 2654 qui
2851 2566 3144 2656 carnales
3191 2586 3422 2656 sensus
3464 2567 3588 2636 sub

236 2659 617 2724 vestimento
683 2656 941 2745 pietatis
1009 2653 1461 2745 occultabant;
1497 2655 1824 2743 prmcipue
1863 2676 2017 2745 vero
2077 2653 2366 2743 perfidos
2429 2653 2772 2724 haereticos
2819 2655 2932 2744 qui
2960 2653 3099 2742 jam
3140 2665 3298 2745 tunc
3361 2655 3580 2725 Eccle-

232 2745 388 2814 siam
427 2744 828 2828 lacerabant,
872 2764 1170 2833 quosque
1211 2744 1443 2832 pagani
1486 2745 1725 2834 saepius
1771 2744 2256 2813 confundebant
2294 2765 2443 2813 cum
2482 2745 2653 2813 veris
2703 2745 2946 2812 Christi
2993 2744 3356 2834 discipulis.

317 2860 433 2928 His
464 2861 902 2950 temporibus,
933 2859 1501 2950 quemadmodum
1541 2859 1762 2941 hodie,
1795 2859 2073 2928 castitati
2107 2882 2174 2929 se
2215 2859 2903 2949 devovebantduplicis
2945 2860 3206 2948 generis
3248 2881 3590 2949 personae:

232 2951 470 3038 primo,
500 2949 614 3038 qui
653 2950 734 3017 ad
784 2949 1220 3038 ministerium
1262 2969 1518 3016 sacrum
1547 2950 1981 3031 vocabantur;
2029 2951 2263 3018 deinde
2301 2950 2413 3038 qui
2457 2950 2525 3017 in
2551 2952 2787 3018 saeculo
2817 2961 3252 3031 remanentes,
3290 2950 3599 3020 homines

233 3037 324 3106 vel
361 3039 649 3119 feminae,
698 3039 777 3105 ad
817 3037 1284 3126 perfectionem
1337 3038 1775 3125 evangelicam
1817 3038 2189 3107 tendebant.
2237 3037 2578 3106 Prioribus
2639 3051 2899 3107 sanctus
2937 3038 3237 3107 Clemens
3305 3060 3594 3108 comme-

235 3140 444 3194 morat
482 3128 840 3195 vocationis
880 3127 1377 3217 sublimitatem,
1414 3147 1496 3194 ne
1544 3127 1856 3217 degeneri
1900 3129 2387 3196 conversatione
2449 3128 2624 3195 illam
2690 3127 3082 3217 deprimant.
3133 3128 3230 3217 Et,
3267 3129 3588 3217 quoniam

235 3217 570 3307 humilitas
609 3227 830 3307 custos
869 3227 966 3283 est
996 3215 1132 3283 vita!
1169 3214 1477 3301 angelicae
1517 3237 1714 3304 quam
1760 3215 2000 3285 ducere
2041 3218 2278 3285 debent
2314 3217 2676 3307 przesertim
2715 3214 2955 3307 Christi
2999 3214 3317 3307 ministri,
3335 3228 3600 3286 sanctus

237 3305 528 3406 Pontifex
567 3305 970 3406 superbiam,
1013 3324 1408 3405 quocunque
1448 3324 1516 3373 se
1555 3315 1760 3406 vertat
1788 3317 1849 3373 et
1889 3307 2274 3406 abscondat,
2305 3305 2764 3406 persequitur,
2809 3305 3083 3406 ejusque
3129 3305 3414 3373 tatebras
3483 3307 3594 3376 de-

239 3395 393 3481 tegit
433 3395 504 3460 in
537 3392 1471 3484 praedicatione,exorcismis,
1516 3395 1903 3484 caeterisque
1942 3396 2194 3463 actibus
2235 3392 2430 3464 etiam
2472 3392 2920 3463 sanctissimis.
2963 3392 3122 3462 Cum
3178 3407 3395 3462 autem
3430 3415 3602 3484 prae-

236 3484 638 3639 sumlptioajc
677 3483 1014 3584 temeritas
1065 3482 1388 3572 plurimos
1431 3483 1501 3549 in
1542 3483 1979 3572 perditionem
2028 3485 2428 3567 induxerint,
2471 3485 2807 3553 cautiones
2848 3485 3143 3573 suggerit
3195 3482 3450 3573 quibus
3484 3506 3598 3574 pe-

236 3592 377 3639 ricu
408 3593 522 3639 um
617 3583 916 3639 evntetur.

236 3571 522 3640 riculum
572 3573 916 3640 devitetur.

323 3688 658 3776 Utrisque,
693 3688 756 3756 id
803 3697 903 3756 est
939 3686 1191 3755 clericis
1232 3697 1295 3777 et
1322 3686 1686 3774 virginibus
1721 3689 1788 3756 in
1822 3690 2060 3762 saeculo
2098 3689 2515 3777 degentibus,
2560 3701 2633 3758 ut
2676 3699 2972 3758 sanctum
3012 3689 3317 3757 timorem
3365 3688 3600 3757 animis

235 3799 470 3846 eorum
509 3775 805 3868 incutiat,
851 3779 1110 3868 lapsum
1145 3775 1864 3868 exhibetquarumdam
1903 3775 2360 3846 columnarum
2391 3800 2538 3868 quea
2570 3778 2974 3850 inconcussa
3013 3789 3076 3846 et
3102 3779 3391 3850 immotae
3423 3777 3605 3846 credi

232 3878 565 3958 poterant.
598 3866 704 3934 Eis
756 3877 974 3958 tamen
1011 3865 1319 3958 animum
1345 3866 1549 3948 addit,
1586 3888 1956 3937 memorans
1982 3869 2224 3957 gratias
2259 3865 2865 3958 protectionemque
2913 3889 2950 3935 a
2991 3868 3157 3936 ccelo
3197 3878 3601 3957 praeparatas

235 3954 592 4024 animabus
624 3956 836 4024 cautis
874 3977 951 4024 ac
990 3954 1450 4044 prudentibus.

313 4071 718 4164 Wetstinus,
753 4071 868 4164 qui
909 4080 1085 4139 certe
1125 4068 1380 4136 laudari
1415 4080 1710 4164 meretur
1747 4073 1922 4160 quod
1965 4075 2169 4143 sancti
2231 4073 2583 4144 Clementis
2625 4074 2932 4164 epistolas
2978 4094 3119 4164 non
3159 4074 3613 4164 depravaverit

226 4164 485 4266 absona
509 4161 1023 4266 elegantia’quae
1062 4179 1582 4266 sensumearum
1616 4161 2043 4266 intervertere
2067 4164 2413 4266 potuisset,
2448 4161 2921 4266 negligentiam
2972 4161 3305 4232 interdum
3343 4184 3451 4233 eas
3499 4167 3616 4263 de-

224 4255 657 4322 decorantem
691 4249 980 4342 admisit,
1030 4269 1178 4342 quae
1215 4249 1475 4342 nultum
1522 4269 1760 4317 nocere
1798 4250 2023 4319 debuit
2065 4249 2356 4342 ipsarum
2393 4249 2784 4322 auctori—tati.
2831 4254 3008 4321 Adeo
3067 4273 3302 4342 parum
3362 4252 3616 4342 curavit

223 4338 970 4433 conjungereauctoris
1014 4339 1116 4404 sui
1183 4336 1636 4433 cogitationes,
1682 4349 1756 4433 ut
1823 4360 1933 4433 eas
1971 4336 2195 4430 potius
2264 4343 2644 4433 disjungere
2691 4341 3023 4411 studuisse
3061 4336 3380 4412 videatur.
3436 4341 3614 4410 Nihil

225 4426 450 4500 tamen
491 4426 746 4496 facilius
785 4438 926 4496 erat
961 4447 1155 4517 quam
1199 4426 1518 4515 phraseos
1558 4428 1883 4516 regularis
1925 4426 2356 4500 constructio.

320 4540 1169 4635 V'eniaAmihi_concedatur
1223 4539 1280 4607 si
1321 4540 1618 4635 laborem
1661 4541 1908 4635 viribus
1949 4543 2113 4614 forte
2171 4547 2334 4614 meis
2373 4546 3314 4635 superioremassumpserim.
3366 4544 3610 4613 Homo-

231 4653 474 4724 nymus
505 4630 681 4699 ﬁlius
724 4630 981 4724 Pa_tre_m
1019 4630 1351 4724 honorare
1397 4631 1626 4699 voluit.
1668 4630 1991 4724 Praeterea
2031 4636 2264 4724 sapius
2303 4630 2480 4703 clare
2536 4634 2842 4723 exprimit
2906 4630 3135 4704 beatus
3173 4635 3470 4703 Clemens
3509 4654 3613 4700 sa-

233 4719 731 4814 cramentorum
789 4719 1096 4790 Ecclesiae
1139 4739 1362 4814 usum,
1407 4720 1772 4814 prmsertim
1813 4722 2058 4814 diuinae
2093 4719 2508 4793 Eucharistoe
2551 4719 2884 4814 sacraeque
2934 4724 3408 4810 exomologesis
3463 4742 3615 4814 pec-

241 4823 548 4881 catorum
583 4832 598 4890 ;
642 4809 1095 4903 intemeratam
1135 4807 1384 4903 extollit
1419 4809 1862 4903 virginitatem
1910 4811 2304 4885 beatissima;
2345 4813 2586 4899 Maria,
2616 4807 2940 4903 quae'coeli
2980 4807 3325 4881 Dominum
3366 4807 3613 4900 gremio

242 4922 365 4970 suo
408 4909 670 4992 gestare
711 4898 975 4992 meruit.
1008 4896 1451 4992 Pectorimeo
1493 4898 1700 4966 dulcis
1725 4909 1886 4992 erat
1910 4903 2331 4991 reproductio
2376 4896 2578 4992 hujus
2617 4896 2905 4992 antiquae
2943 4903 3101 4992 ﬁdei
3138 4896 3447 4969 Romanae
3475 4921 3624 4992 qum

252 4984 512 5079 semper
551 4987 779 5081 eadem
805 4989 947 5071 fuit,
979 4994 1166 5055 estet
1199 4985 1346 5053 erit.
1377 4984 1685 5055 Sanctum
1716 4984 2116 5060 Clementem
2156 5013 2377 5061 amare
2401 4984 2595 5062 debet
2609 4984 2838 5074 Gallia,
2868 5012 3016 5081 qua;
3048 4991 3129 5059 ab
3164 4991 3306 5081 ipso
3335 4984 3628 5081 suscepit

250 5076 476 5174 plures
514 5077 837 5174 antistites
877 5097 1059 5159 suos,
1087 5094 1573 5174 generososque
1611 5089 1972 5174 marty_res._
2022 5081 2226 5174 Nemo
2266 5090 2487 5174 autem
2525 5103 2676 5151 eum
2717 5081 2866 5169 plus
2892 5076 3294 5168 diligere'ac
3329 5076 3626 5174 venerari

256 5165 443 5267 debet
475 5187 677 5267 quam
715 5166 1064 5267 episcopus
1094 5165 1209 5251 qui
1255 5165 1437 5267 claro
1464 5165 1621 5256 ejus
1659 5167 1928 5267 nomine
1955 5168 2349 5267 insigpitur,
2378 5171 2626 5267 quique
2665 5165 3007 5267 successor
3033 5165 3386 5267 'esthsancti
3425 5167 3625 5267 hujus

260 5253 586 5413 Eutroptii,
629 5253 1048 5346 episcopi—et
1103 5253 1438 5342 martyris,
1489 5253 1684 5344 quem
1754 5257 1835 5324 ad
1895 5253 2433 5350 evangelizandos
2488 5253 2803 5330 Santones
2849 5257 3078 5328 beatus
3136 5257 3432 5328 Clemens
3488 5253 3627 5346 ipse

262 5364 498 5413 misera
532 5397 548 5413 .

262 5364 548 5415 miserat.

348 5462 565 5530 Latine
603 5459 976 5550 Galliceque
1019 5461 1194 5529 hunc
1233 5461 1479 5528 librum
1509 5461 1724 5542 edidi;
1778 5482 1904 5528 non
1951 5467 2124 5533 enim
2178 5489 2292 5556 pro
2335 5467 2488 5535 solis
2551 5463 2981 5555 popularibus
3026 5463 3183 5531 meis
3231 5463 3625 5543 scribebam,
