3998 6202
440 186 559 249 359

1205 188 1264 248 s.
1313 181 1750 248 CLEMENTIS
1797 183 1818 244 ι
1864 182 2045 245 non.
2100 181 2321 244 PONT.
2370 155 2615 245 opaea
2661 183 3034 274 GENUINA.

3671 186 3779 252 360

445 322 708 381 illustres
733 327 845 380 tam
881 321 1187 382 sanctitate
1217 336 1390 398 quam
1425 317 1760 396 eloquentia
1791 317 2078 399 viri,quos
2098 327 2134 374 A
2164 317 2247 377 las
2266 317 2338 378 ad
2359 316 2896 379 Corinthios.Patet
2911 317 3089 378 etiam
3112 314 3314 378 Graece
3329 318 3601 398 scriptum
3615 322 3778 386 fuisse

445 429 514 472 ex
548 409 804 490 prepriis
838 408 1075 488 scriptis
1107 426 1282 468 nosse
1317 407 1598 486 perfacile
1628 416 1776 466 est.»

527 499 604 559 De
636 499 844 558 iisdem
881 497 1160 576 Epistolis
1186 496 1271 556 sic
1299 496 1556 575 loquitur
1579 505 1818 555 sanctus
1840 495 2088 575 Epipha-

448 587 666 650 nius“:
710 613 730 637 α
770 590 900 664 Ipse
931 587 1205 648 Clemens
1237 585 1372 645 illos
1404 604 1509 664 per
1560 585 1757 645 omnia
1784 587 1997 645 refutat
2028 588 2087 645 in

448 680 540 740 his
561 696 706 756 quas
736 675 971 753 scripsit
994 674 1268 747 epistolis
1293 673 1686 733 circularibus
1710 694 1839 754 qua:
1864 676 1918 733 in
1945 694 2086 734 san-

444 770 551 830 ctis
572 765 851 830 Ecclesiis
868 764 1638 839 leguntur."Virginitatem
1661 764 1935 824 Clemens
1950 763 2088 824 edo-

441 859 597 932 cuit;
634 857 727 918 isti
762 855 1098 935 repudiant.
1128 854 1230 913 llle
1261 853 1432 912 etiam
1471 852 1747 912 Davidem
1772 863 1828 912 et
1851 855 2085 912 Samso-

443 968 576 1010 nem
610 963 936 1023 omnesque
962 942 1285 1023 prOphetas
1318 942 1698 1000 coum'iendat
1730 965 1739 1004 :
1802 941 2090 1002 Ehionitaa

439 1041 826 1100 detestantur.
870 1057 892 1088 ν

517 1125 654 1188 Hzec
712 1122 910 1190 verba,
947 1121 1280 1183 certissime
1341 1120 1489 1180 adeo
1545 1119 1702 1180 clare
1769 1119 2089 1196 designant

443 1214 719 1294 epistolas
751 1229 894 1290 quas
927 1210 1000 1270 de
1035 1209 1383 1288 Virginitate
1417 1209 1655 1286 scripsit
1687 1217 1922 1268 sanctus
1951 1208 2086 1269 Cle-

391 1354 396 1358 .
447 1321 634 1377 mens,
670 1311 726 1361 ut
780 1301 854 1357 de
897 1317 1095 1358 earum
1149 1297 1456 1359 existentia
1501 1297 1757 1358 dubitari
1814 1305 2087 1373 nequeat.

444 1393 784 1457 Enimvero,
819 1399 1057 1449 sanctus
1091 1388 1385 1463 Clemens,
1429 1388 1583 1460 iuxta
1620 1388 1855 1446 beatum
1887 1385 2090 1446 Hiero-

443 1477 976 1560 nymum,onmium
999 1477 1252 1535 virorum
1269 1475 1724 1553 apostolicorum
1747 1485 2090 1552 martyrum-

437 1588 554 1649 que
585 1566 893 1625 sanctitate
927 1584 993 1623 ac
1027 1565 1364 1643 eloquentia
1406 1562 1721 1622 illustrium
1772 1562 1869 1640 qui
1907 1563 2089 1621 hocce

441 1661 638 1718 thema
664 1655 1032 1714 tractandum
1074 1671 1221 1712 susc-
1253 1660 1481 1731 perunt.
1519 1652 1937 1727 antesignanus
1970 1657 2081 1712 est.

431 1749 558 1808 lmo
595 1746 664 1804 de
701 1744 909 1803 iisdem
942 1741 1222 1820 Epistolis
1268 1752 1516 1803 testatur
1547 1750 1788 1800 sanctus
1821 1739 2084 1819 Epipha4
2114 1731 2148 1778 Β

439 1838 573 1897 nius
607 1851 731 1906 eas,
766 1833 956 1891 adhuc
989 1851 1096 1891 suo
1135 1838 1432 1910 tempore,
1473 1831 1528 1889 in
1590 1830 1872 1892 licclcsiis
1908 1830 2092 1889 lectas

441 1924 646 1986 fuisse.
679 1921 957 1994 Quaedam
994 1922 1235 1998 insuper
1258 1931 1458 1980 narrat
1490 1938 1620 1999 quae
1653 1920 1710 1979 in
1748 1920 1836 1978 his
1865 1918 2095 1996 Episto-

443 2015 534 2085 lis,
575 2021 627 2072 et
686 2029 976 2088 nusquam
1025 2009 1188 2088 alibi,
1221 2021 1466 2071 sanctus
1516 2009 1793 2068 Clemens
1847 2017 2092 2068 tractat:

443 2102 745 2180 videlicet,
779 2119 910 2175 quae
961 2098 1228 2168 attinent,
1269 2100 1376 2159 hac
1424 2101 1480 2157 in
1541 2117 1622 2160 re.
1660 2098 1729 2157 ad
1787 2095 2094 2177 Davidem,

445 2191 791 2252 Samsonem
827 2197 885 2249 et
918 2189 1256 2268 prophetas.

531 2280 880 2342 Lambertus
900 2278 1188 2339 Gruterus
1210 2275 1670 2354 Venradius,qui
1704 2275 1818 2334 duo
1841 2275 1961 2335 fere
1983 2295 2096 2336 sre-

2171 407 2558 487 archetypum
2583 406 2832 467 duarum
2859 403 3254 485 Epistolarum
3279 405 3352 466 ad
3384 407 3655 485 Virgines:
3675 431 3785 476 ver-

2172 494 2258 554 sio
2283 495 2502 575 quippe
2522 493 2759 574 Syriaca
2782 494 2948 574 plura
2983 493 3356 555 conservavit
3384 497 3643 561 vocabula
3665 519 3785 576 quae

2175 602 2338 644 mere
2357 583 2562 646 Graeca
2586 582 2746 662 sunt(
2760 585 2779 645 1
2795 581 2989 659 ).Tem
2996 599 3143 664 pore
3155 602 3272 663 quo
3291 597 3528 646 sanctus
3544 589 3781 666 pontifex

2171 673 2435 753 scripsit,
2471 671 2633 733 nulla
2665 670 3054 752 probabiliter
3084 671 3377 735 existebat
3403 673 3587 736 adhuc
3609 694 3784 740 sacra-

2171 781 2305 824 rum
2337 761 2780 842 Scripturarum
2834 760 3027 821 versio
3080 760 3307 830 Latina,
3341 761 3540 823 saltem
3585 764 3783 827 athen-

2171 851 2313 913 tica:
2351 859 2412 911 et
2431 853 2571 911 inde
2602 849 2820 929 conjici
2844 857 3037 930 potest
3061 868 3168 910 cur
3188 851 3392 913 Graece
3416 853 3599 930 potius
3625 872 3784 934 quam

2171 941 2374 1002 Latine
2408 951 2644 1002 sanctus
2675 941 2954 1002 Clemens
2984 957 3166 1020 opera
3185 959 3292 1000 sua
3309 940 3608 1018 scripserit
3631 960 3644 1004 :
3667 963 3789 1004 cum

2175 1031 2361 1106 enim,
2422 1038 2485 1090 ut
2534 1029 2880 1109 plurimum,
2947 1048 3013 1088 ex
3075 1029 3275 1090 verbis
3325 1031 3507 1090 sacris
3579 1049 3792 1092 sermo-

2173 1138 2308 1181 nem
2341 1137 2511 1180 sunm
2547 1118 2821 1199 texuerit,
2849 1118 3032 1180 multo
3059 1119 3434 1180 commodius
3455 1131 3513 1180 et
3541 1122 3794 1183 securius

2175 1209 2356 1271 citare
2376 1216 2606 1288 poterat
2631 1207 3076 1269 translationem
3101 1209 3370 1271 Graecam
3396 1227 3526 1289 quae
3543 1211 3598 1270 in
3628 1211 3798 1272 mani-

2177 1298 2285 1360 bus
2316 1299 2579 1358 omnium
2642 1307 2792 1372 erat,
2826 1316 3004 1374 quam
3067 1299 3398 1359 sententias
3431 1302 3487 1358 in
3550 1299 3795 1361 Latinam

2177 1397 2408 1449 vertere
2429 1385 2915 1466 linguam.Utitur
2927 1403 3066 1464 ergo
3077 1387 3301 1466 jugiter
3324 1388 3597 1450 versione
3617 1387 3801 1451 Graeca

2177 1477 2408 1543 Veteris
2438 1475 2828 1549 Testamenti,
2855 1476 3029 1537 etiam
3065 1476 3301 1557 quando
3321 1476 3394 1538 ab
3421 1476 3703 1538 Hebraica
3721 1478 3799 1538 le-

2171 1570 2367 1630 ctione
2384 1565 2810 1638 recedit.Quod
2837 1573 2996 1626 certe
3025 1585 3292 1645 magnam
3319 1566 3808 1643 denotatantiqui-

2171 1666 2350 1717 tatem
2385 1657 2624 1717 istarum
2659 1655 3083 1736 Epistolarum.
3119 1660 3492 1720 Vetustatem
3523 1657 3690 1717 etiam
3715 1674 3804 1717 ar-

2173 1745 2299 1826 guit
2323 1746 2586 1807 narratio
2610 1745 2854 1806 lotionis
2880 1747 3095 1824 pedum
3122 1765 3273 1825 quae,
3297 1745 3666 1826 temporibus
3690 1763 3811 1826 apo.

2177 1835 2469 1908 stolicis,a
2496 1842 2785 1913 pr0vectae
2803 1834 2995 1896 aetatis
3016 1835 3369 1896 mulieribus
3383 1835 3575 1896 adhuc
3594 1851 3814 1914 perage-

2179 1925 2373 2003 batur,
2406 1933 2464 1984 et
2495 1942 2646 2004 quaa,
2683 1923 2743 1984 ni
2777 1923 2969 1995 fallor,
3005 1923 3225 2004 ubique
3257 1927 3511 1986 cessavit
3545 1933 3671 2004 post
3699 1922 3816 1984 dies

2180 2012 2644 2093 apostolicorum
2685 2013 2969 2074 virorum.
3005 2011 3192 2075 Nemo
3224 2013 3433 2074 mirari
3467 2012 3646 2074 debet
3674 2013 3816 2092 quod

2181 2111 2419 2163 sanctus
2450 2099 2725 2163 Clemens
2757 2102 2927 2163 initio
2961 2112 3018 2163 et
3048 2103 3169 2164 ﬁne
3201 2103 3412 2164 harum
3439 2101 3816 2182 Epistolarum

2178 2199 2420 2254 vocetur
2445 2191 2792 2270 Discipulos
2818 2191 2985 2254 Petri
3011 2195 3438 2270 apostoti,cum
3467 2191 3659 2272 potius
3680 2189 3818 2252 beati

2179 2280 2347 2341 Pauli
2375 2279 2703 2360 discipulus
2733 2290 3044 2344 censeatur
3073 2303 3084 2341 :
3115 2278 3409 2360 Origenes
3439 2280 3623 2353 enim,
3645 2281 3819 2340 sancti

445 2373 574 2432 cula
600 2379 739 2429 ante
770 2366 1124 2428 Wetstinum
1153 2365 1467 2428 scribebat.
1500 2383 1775 2444 eXpresse
1801 2365 1966 2442 ponit
1992 2366 2095 2427 has
2166 2369 2509 2431 Clementis
2539 2369 2696 2430 aetati
2728 2379 2843 2432 tam
2885 2369 3135 2444 vicinus,
3173 2369 3257 2431 sic
3289 2370 3422 2450 ipse
3474 2369 3728 2450 loquitur
3764 2368 3818 2428 in

437 2457 738 2541 Epistolas
771 2457 924 2515 inter
944 2456 1126 2515 sancti
1161 2453 1484 2516 Clementis
1517 2462 1739 2530 scripta
1773 2472 1903 2531 quae
1936 2454 2088 2512 desi.

2178 2459 2520 2521 Philocal-ia
2535 2459 2585 2520 7:
2610 2459 2890 2522 Clemens
2910 2459 3243 2532 Romanus,
3271 2460 3454 2522 Petri
3475 2458 3726 2539 apostoli
3741 2458 3822 2519 di-

446 2551 752 2610 derantur.
791 2544 952 2605 Ideni
989 2547 1168 2605 sentit
1223 2543 1532 2613 Baronius,
1571 2543 1661 2603 cui
1719 2541 2092 2603 Rondininus
2171 2547 2535 2628 scipulus.Si
2558 2568 2673 2630 qua
2691 2558 2978 2629 praeterea
3001 2547 3528 2629 fidesquibusdam
3555 2549 3826 2628 Recogui-

448 2636 788 2701 consentire
831 2633 1081 2694 videtur.

528 2727 724 2789 Abbas
748 2722 1190 2801 Gratianus,qui
1214 2741 1404 2800 nuper
1425 2721 1498 2781 de
1521 2719 1719 2783 Graeco
1749 2721 1804 2780 in
1838 2721 2093 2782 Italicam

458 2819 713 2894 linguam
741 2812 992 2873 traduxit
1013 2814 1256 2891 primam
1288 2811 1606 2890 Epistolam
1624 2810 1810 2869 sancti
1835 2810 2104 2870 Clemen-

460 2907 533 2967 tis
565 2905 638 2966 ad
673 2902 1031 2965 Corinthios.
1075 2919 1254 2980 super
1287 2900 1409 2960 haec
1443 2899 1617 2959 verba
1659 2918 1788 2978 qum
1831 2918 1989 2958 num.
2030 2898 2104 2962 38

461 2997 635 3071 hujus
671 2993 946 3071 Epistulae
969 2991 1347 3069 reperiuntur
1372 3009 1391 3047 :
1419 2991 1542 3066 Qui
1567 3006 1747 3050 Carne
1770 2997 1974 3048 castus
1995 2994 2101 3061 est,

454 3055 1097 3157 neinsoldscatmcicns
1119 3077 1306 3139 alium
1332 3096 1457 3139 esse
1479 3083 1583 3156 qm’
1595 3079 1648 3136 ei
1669 3078 2040 3137 continentia
2052 3093 2106 3136 νη
2125 3055 2165 3104 Ο

453 3175 680 3234 donat:
717 3173 835 3231 ait:
875 3195 898 3223 (ι
937 3168 1185 3239 Quidam
1222 3168 1487 3228 sentiunt
1520 3168 1676 3227 hunc
1712 3169 1904 3225 locum
1940 3167 2102 3224 ιι.ηεὶ-

460 3254 626 3334 gnari
661 3273 692 3312 a
723 3260 926 3313 sancto
959 3248 1285 3327 Epiphanio
1319 3257 1375 3306 et
1425 3269 1451 3306 a
1488 3256 1689 3311 sancto
1721 3244 2103 3324 Hieronymo,

456 3343 691 3424 quando
714 3346 988 3400 asserunt
1005 3347 1269 3396 sanctum
1292 3337 1656 3397 Clementem
1682 3337 1754 3394 de
1779 3335 2106 3424 virginitate

456 3423 856 3493 disseruisse:
895 3428 996 3487 sed
1033 3426 1298 3506 quamvis
1331 3444 1613 3503 expresse
1637 3425 1714 3484 ὶιιί
1753 3424 1973 3484 mentio
2008 3423 2108 3484 fiat

457 3523 531 3581 de
556 3519 818 3583 castitate
841 3525 898 3576 et
920 3515 1310 3591 continentia,
1341 3533 1473 3574 cum
1500 3515 1622 3574 haec
1646 3513 1854 3590 raptim
1879 3520 2102 3571 tantum

458 3609 756 3679 dicantur,
791 3607 1024 3665 videtur
1059 3603 1427 3681 probabilius
1459 3603 1533 3661 de
1577 3603 1668 3663 his
1700 3600 1963 3660 materiis
1994 3619 2099 3660 ex-

462 3697 688 3757 tensivo
723 3695 920 3765 modo,
959 3702 1017 3754 et
1048 3711 1114 3752 ex
1158 3691 1423 3771 professo
1458 3699 1763 3751 tractatum
1817 3689 1996 3750 fuisse
2039 3689 2099 3751 in

461 3786 717 3866 quodam
752 3803 820 3844 ex
853 3781 1124 3862 capitulis
1173 3781 1359 3840 sancti
1413 3781 1735 3842 Clementis
1792 3798 1918 3858 quae
1962 3798 2102 3841 casu

459 3875 786 3955 perierunt.
822 3873 1115 3932 Firmatur
1147 3871 1270 3930 haec
1325 3869 1667 3948 conjectura
1698 3867 2010 3929 ratiocinio
2044 3876 2105 3930 et

461 3983 580 4024 non
598 3962 874 4040 ambigua
894 3960 1224 4021 assertione
1259 3957 1670 4036 pragdictorum
1697 3965 2094 4018 sanctorum.»

543 4056 678 4116 Non
710 4051 794 4113 sic
819 4051 1084 4131 profecto
1106 4049 1337 4110 locutus
1367 4048 1570 4108 fuisset
1602 4046 1971 4108 honorabilis
1997 4049 2105 4108 iste

2180 2639 2410 2699 tionum
2438 2639 2515 2717 (ἓ)
2539 2638 2987 2700 narrationibus
3008 2637 3644 2717 concedatur,nullum
3666 2636 3829 2697 disci-

2186 2725 2385 2806 pulum
2418 2727 2506 2788 vel
2538 2729 2815 2788 comitem
2853 2727 3039 2806 magis
3064 2726 3373 2788 assiduum
3401 2745 3471 2788 ac
3497 2728 3827 2788 unanimem

2188 2814 2393 2876 habuit
2423 2815 2629 2876 beatus
2660 2818 2874 2878 Petrus
2904 2833 3082 2895 quam
3117 2823 3389 2877 sanctum
3443 2814 3826 2877 Clementem.

2144 2893 2151 2896 ”
2189 2901 2335 2975 Quid
2361 2918 2555 2965 autem
2581 2893 3083 2984 incrcdibile,imo
3107 2904 3249 2985 quid
3274 2924 3397 2965 non
3422 2905 3682 2966 maxime
3702 2923 3832 2985 pro-

2190 2992 2386 3054 habile
2406 2993 2561 3074 quod
2582 3003 2817 3054 sanctus
2851 2994 3149 3066 Clemens,
3176 2993 3277 3074 qui
3305 2995 3623 3056 Romanus
3649 3001 3836 3055 eratet

2191 3083 2582 3162 Christianus,
2607 3085 2812 3146 Romae
2841 3093 3042 3144 sancto
3065 3082 3239 3144 Petro
3264 3082 3835 3164 adhmserit.ipsius-

2191 3190 2307 3253 que
2336 3172 2662 3252 discipulus
2691 3171 2868 3234 fuerit
2889 3171 2986 3233 diu
3013 3181 3329 3253 antequam
3356 3181 3604 3234 sanctus
3631 3172 3836 3235 Paulus

2191 3262 2439 3324 Romam
2482 3259 2752 3324 veniret?

2272 3351 2508 3413 Certum
2543 3360 2632 3413 est
2667 3359 2935 3411 sanctum
2991 3350 3365 3412 Clementem
3401 3350 3612 3414 Romae
3642 3362 3834 3413 natum

2190 3439 2372 3502 fuisse
2395 3450 2558 3521 patre
2594 3439 2823 3502 Fausto
2855 3457 3030 3520 quem
3062 3442 3556 3503 Faustinianum
3591 3441 3843 3522 plerique

2187 3531 2710 3602 nominant,matre
2733 3547 2868 3590 vero
2887 3529 3192 3592 Mathidia.
3219 3527 3270 3589 A
3293 3529 3650 3609 parentibus
3673 3531 3842 3592 Athe-

2185 3638 2312 3695 nas,
2346 3617 2446 3680 ubi
2481 3629 2620 3680 tunc
2652 3619 2909 3681 maxime
2939 3618 3228 3680 ﬂorebant
3250 3618 3577 3698 studia,ad
3609 3619 3840 3682 discen-

2183 3711 2316 3771 dam
2352 3708 2786 3790 philosophiam
2820 3707 3037 3770 missus
3071 3716 3160 3770 est
3201 3729 3214 3768 :
3251 3708 3555 3790 brevique
3584 3720 3844 3790 tempore

2185 3799 2450 3860 scientiae
2473 3798 2751 3878 princeps
2775 3797 2884 3858 fuit
2905 3797 3466 3860 existimatus.Cum
3490 3807 3692 3860 autem
3716 3796 3844 3879 opi-

2188 3889 2432 3950 nionum
2450 3889 2699 3949 varietas
2711 3886 3032 3966 ancipitem
3049 3887 3213 3948 illum
3232 3887 3516 3950 efﬁceret
3533 3905 3843 3968 quamnam

2189 3977 2540 4038 sententiam
2565 3976 3028 4056 amplecteretur
3045 3975 3118 4037 de
3137 3976 3611 4039 sublimioribus
3625 3976 3850 4056 religio-

2191 4067 2284 4127 nis
2305 4065 2750 4146 qumstionibus.
2777 4064 2836 4125 in
2866 4083 3076 4126 manus
3107 4066 3418 4148 Principis
3451 4068 3853 4146 apostolorum

453 4143 732 4236 Sfl'llnofi
771 4142 820 4200 εί
852 4142 918 4200 ad
955 4157 1085 4198 eum
1126 4137 1492 4236 Ρθτνθηξεδεθί
1519 4136 1722 4196 ηοίίίίθ
1742 4136 2109 4236 ξῖινθηιίθηίξ
2134 4220 2171 4236 n
2192 4136 2477 4217 incidisse
2499 4155 2772 4236 fertur,et
2791 4154 2863 4215 ab
2885 4155 3015 4235 ipso
3044 4155 3102 4215 in
3127 4136 3419 4218 comitem
3447 4136 3740 4220 itinerum
3762 4173 3853 4216 as-

458 4220 854 4326 §9i5t0_larum
909 4246 1062 4326 9.93%
1105 4228 1301 4326 dim?"
1335 4227 1393 4287 ίη
1441 4227 1645 4326 ιυξεηι,
1686 4225 1944 4304 Edim“:
1979 4232 2110 4326 Ροεί
2134 4220 2486 4325 θευιηριιιε,
2515 4244 2601 4305 sic
2624 4220 2734 4305 sub
2769 4242 2866 4304 tali
2901 4220 3188 4320 magistro
3211 4243 3508 4322 profecit,
3537 4255 3624 4326 ut,
3657 4245 3858 4309 eodem

455 4319 822 4383 Wetstinum
852 4328 906 4378 et
933 4316 1002 4378 D.
1031 4318 1102 4377 de
1126 4315 1476 4395 Prémagny.
1508 4321 1942 4394 Praatereamon
1977 4322 2108 4376 tan-

435 4409 578 4470 tum
603 4407 862 4488 capitula
876 4407 1143 4488 quaedam
1169 4405 1434 4466 indicant
1453 4405 1643 4466 Sancti
1667 4404 2035 4484 Epiphanius
2053 4411 2111 4465 et

454 4496 981 4578 Hieronymus,sed
1005 4494 1296 4575 Epistolas
1313 4495 1928 4572 integras.Veniamus
1952 4511 2110 4554 nunc

458 4590 525 4649 ad
555 4587 935 4668 probationes
960 4585 1334 4646 intrinsecas.
1352 4583 1786 4644 Primaeruitur
1807 4600 1876 4646 ex
1905 4583 2106 4661 lingua

461 4673 1137 4754 primigenia.Quamvis
1158 4681 1399 4734 sanctus
1414 4673 1694 4734 Clemens
1710 4680 1866 4735 esset
1895 4671 2108 4733 Roma-

466 4784 598 4836 nus,
633 4763 791 4824 nulla
819 4772 1222 4824 memorantur
1247 4763 1431 4841 ipsius
1477 4762 1701 4837 scripta
1732 4779 1862 4841 qua;
1902 4761 2107 4822 Latino

459 4870 736 4916 sermone
762 4852 1139 4931 evulgaverit.
1161 4850 1363 4914 Graace
1389 4851 1624 4929 scripsit
1647 4851 1854 4912 ambas
1877 4849 2107 4930 Episto-

531 5025 564 5075 6
593 5023 805 5104 Epiph.
835 5027 1051 5084 contra
1071 5019 1414 5093 Ebionitas,
1453 5019 1665 5083 haeres.
1695 5017 1793 5093 30,
1829 5037 1888 5078 n.
1929 5018 2021 5080 15.

2109 5017 2137 5066 7
2169 5013 2398 5078 Philoc.
2432 5032 2486 5076 c.
2515 5009 2620 5077 23.

2186 4333 2908 4416 jubente,praadicationis
2933 4351 3147 4395 munus
3171 4352 3621 4416 nonnunquam
3649 4334 3858 4415 imple—

2195 4435 2310 4486 ret.
2337 4426 2614 4502 Magnum
2649 4421 2868 4483 deinde
2888 4420 3136 4483 Paulum
3169 4422 3430 4502 audivit,
3465 4423 3865 4503 eumdemque

2191 4512 2532 4594 aliquandiu
2560 4512 2873 4574 comitatus
2896 4521 2990 4572 est
3015 4532 3028 4574 :
3061 4513 3154 4572 cui
3177 4512 3252 4571 ita
3287 4531 3357 4573 se
3385 4512 3690 4593 probavit,
3719 4521 3778 4572 ut
3799 4509 3865 4570 ab

2191 4605 2317 4684 ipso
2343 4604 2496 4664 inter
2518 4600 2850 4682 praecipuos
2877 4609 2934 4662 et
2955 4601 3372 4662 sanctissimos
3399 4603 3716 4681 Evangelii
3737 4599 3861 4663 col-

2192 4692 2556 4754 laboratores
2587 4689 2768 4752 fuerit
2799 4702 3144 4751 numeratus
3164 4693 3218 4754 8.
3247 4693 3408 4766 lmo,
3461 4692 3699 4772 probati
3723 4689 3866 4753 scri-

2191 4791 2413 4861 ptores,
2441 4788 2507 4841 ut
2528 4789 2767 4840 sanctus
2790 4780 3206 4859 Hieronymus,
3233 4780 3650 4860 probabiliter
3674 4785 3870 4862 putant

2189 4879 2394 4934 sancto
2410 4869 2584 4931 Paulo
2599 4880 2866 4930 sanctum
2882 4867 3250 4931 Clementem
3283 4869 3490 4932 fuisse
3531 4871 3859 4933 adhibitum

2704 5011 2738 5061 8
2764 5009 3022 5092 Philipp.
3070 5029 3147 5086 ιν,
3181 5015 3240 5074 3.

544 5186 919 5267 (ηΕχθιηιιιο
941 5183 1206 5267 sintistae
1226 5196 1422 5242 voces:
1460 5177 2100 5267 Eucharistiamsotia,
2187 5173 2476 5267 Clementi
2531 5170 2834 5251 tribuitur,
2867 5172 2997 5267 fuse
3032 5172 3666 5267 narratnrelationes
3697 5168 3873 5267 sancti

463 5248 1048 5346 kiildymosjirawis,
1074 5261 1552 5346 schema,_t_oxis,
1581 5248 1882 5346 diametro,
1915 5273 2099 5346 agon,
2188 5252 2512 5317 Clementis
2535 5270 2686 5346 cum
2715 5248 3142 5346 san-ctonPetro.
3175 5252 3227 5313 A
3253 5248 3476 5346 Graeco
3512 5254 3577 5314 in
3603 5253 3872 5346 I_.a‘tinum

470 5337 1263 5423 autotexe-i,'philadelphia,
1285 5337 1666 5420 philoxenia,
1695 5337 2110 5418 philarggria,

462 5426 900 5506 philoproteta,
939 5423 1357 5506 paruiteistai,
1391 5427 1508 5506 etc.

555 5497 815 5586 (2t'0pus
835 5497 1514 5582 Recognitionum’quod
1541 5497 1614 5560 ab
1634 5497 1894 5573 antiquis
1911 5504 2115 5558 sancto

2196 5352 2432 5396 versum
2463 5337 2556 5396 est
2582 5351 2618 5393 a
2644 5333 2882 5395 Ruﬁno.
2916 5330 3140 5394 Omnes
3168 5332 3554 5397 conﬁtentur
3579 5331 3656 5396 ab
3685 5333 3875 5396 haere-

2197 5413 2331 5477 ticis
2382 5419 2725 5492 corruptum
2783 5412 2962 5474 fuisse
3026 5411 3245 5474 librum
3315 5412 3487 5475 hunc
3555 5409 3874 5487 caeteroqui

2201 5496 2458 5560 sublima
2491 5492 2867 5574 philosophia
2898 5492 3159 5572 plenum.
