3998 6202
422 253 537 319 363

1182 255 1246 318 s.
1288 251 1723 319 CLEMENTIS
1770 254 1794 316 I
1840 254 2020 316 sou.
2070 252 2295 318 PONT.
2354 254 2601 317 opaea
2642 252 3015 317 GENUINA.

3645 250 3747 321 364

426 389 827 461 Trivoltiana,
855 388 1033 467 Aug.,
1074 389 1246 463 1758,
1272 408 1329 469 p.
1365 390 1558 463 2076;
1596 390 1959 461 Godescard,
1998 388 2052 448 in
2080 396 2115 444 Α
2141 394 2378 465 paverat
2429 384 2737 465 dispoliari
2798 385 3211 464 ﬂagitaverunt
3276 396 3330 448 et
3381 386 3748 453 obtinuerunt

429 478 566 542 Vtta
597 482 792 541 sancti
834 480 1198 555 Clementis;
1245 476 1507 552 Coit/au,
1542 480 1600 541 in
1652 480 1866 541 selecto
1917 479 2050 539 Col-

422 569 672 632 leclione
710 568 964 629 Patrum
996 568 1078 647 (4)
1109 591 1123 645 ;
1160 574 1274 629 etc.

502 656 1081 737 Hoccejudiciorum
1110 656 1431 717 discrimen
1457 656 1763 720 evidenter
1784 660 2063 721 demons-

2144 494 2303 536 anno
2342 474 2544 537 1730‘!

2225 562 2366 623 Risu
2396 564 2571 641 digna
2592 572 2683 625 est
2703 564 2851 625 ratio
2876 581 3050 644 quam
3075 564 3243 626 aliert
3261 564 3332 625 de
3351 565 3681 628 exorcismis
3702 570 3757 631 in

2148 652 2435 732 principio
2460 652 2740 715 Ecclesiae
2760 654 3343 735 adhibitis,quosque
3364 655 3479 715 vult
3495 656 3758 718 confundi

422 756 534 807 trat
554 746 774 826 quibus
803 746 1185 826 displicuerit
1211 747 1486 807 doctrina
1514 752 1575 807 in
1623 748 1915 827 Epistolis
1949 766 2061 808 no—
2147 760 2280 801 cum
2314 760 2455 802 cura
2506 752 2887 819 aegrotorum.
2940 743 3083 806 Inde
3124 743 3299 805 etiam
3360 761 3553 805 ansam
3596 746 3756 807 sumit

421 838 564 898 stris
598 838 846 910 tradita,
879 838 1100 915 quique
1144 835 1282 897 illas
1320 854 1552 916 semper
1592 838 1840 900 latuisse
1885 856 2062 915 pero-
2145 831 2461 893 accusandi
2537 831 2827 895 indirccle
2903 833 3225 895 bodiernos
3276 831 3549 896 Ecclesiaa
3599 834 3756 908 ritus,

416 933 704 1007 ptassent.

2148 920 2472 981 asserendo
2500 921 2640 981 olim
2671 923 2880 983 saltem
2915 940 3152 983 omnem
3179 920 3400 983 fraudis
3422 921 3760 1001 etimpostu-

501 1014 671 1086 Quod
702 1015 893 1075 sentio
924 1012 1176 1075 candide
1207 1014 1438 1077 fatebor
1466 1039 1478 1073 ε
1507 1017 1710 1076 nescio
1738 1026 1929 1077 utrum
1956 1016 2065 1077 sub
2151 1028 2230 1069 rw
2251 1010 2677 1089 suspicionem.
2707 1030 2942 1073 omnem
2965 1010 3188 1072 sordidi
3215 1019 3471 1093 quaestus
3490 1029 3648 1090 spem
3670 1012 3760 1073 ab-

422 1104 855 1165 infelicioribus
907 1104 1191 1184 aUSpiciis
1254 1124 1429 1183 quam
1483 1106 1590 1165 sub
1651 1106 1980 1185 patrocinio
2011 1115 2069 1167 et
2151 1098 2357 1163 fuisse.

426 1202 693 1271 tempore
723 1194 1030 1259 Wetstini.
1063 1194 1152 1253 hae
1177 1195 1448 1273 pretiosa:
1470 1194 1749 1275 Epistolas
1780 1196 2065 1276 publicari

427 1283 746 1362 potuerint.
799 1282 1110 1345 Czelibatus
1166 1285 1780 1363 pseudo-reformatis
1829 1304 2068 1364 semper

427 1371 617 1432 odiosi
650 1372 894 1447 quidam
936 1370 1302 1451 reformatus
1333 1375 1664 1453 apologiam
1700 1374 2073 1435 incunabulis

429 1459 709 1521 Εοειρδὶιε
738 1469 1093 1521 comtancam
1129 1462 1188 1519 in
1224 1462 1411 1524 lucem
1448 1464 1700 1524 edebat:
1748 1465 2070 1526 Lutherum

430 1548 767 1629 discipulus
802 1549 1041 1611 Lutheri
1095 1550 1414 1629 pungebat.
1450 1551 1593 1623 Quis
1644 1554 1829 1633 favor,
1864 1574 1929 1615 ex
1965 1554 2074 1614 hac

429 1648 618 1719 parte,
647 1640 981 1717 sperandus
1002 1646 1029 1702 ’ἰ
1057 1641 1116 1701 ln
1146 1659 1421 1719 proceres
1453 1641 1597 1702 cieri
1632 1642 1927 1723 catholici,
1954 1660 2070 1703 non

2340 1196 2741 1243 COMPENSATIO
2785 1197 3109 1245 lNJUSTlTlJE
3155 1197 3576 1244 PRECIDENTIS.

2235 1278 2655 1351 Wetstinus,in
2682 1280 3009 1343 Ecclesiam
3034 1282 3382 1342 catholicam
3402 1281 3641 1361 ejuSque
3665 1283 3769 1342 cle-

2156 1387 2284 1429 rum
2313 1368 2811 1441 invehens,sect:e
2829 1390 2950 1431 suae
2971 1371 3207 1449 vestigia
3230 1382 3468 1431 secutus
3489 1371 3765 1446 estigne-

2158 1475 2391 1519 scamus
2414 1458 2835 1521 illiznesciebat
2861 1460 3123 1522 fortassis
3145 1460 3285 1539 quid
3310 1469 3525 1538 ageret.
3548 1456 3766 1521 Nullum

2156 1547 2295 1609 inde
2327 1547 2437 1627 ipsi
2460 1550 2835 1610 commodum
2859 1549 3118 1611 obvenit.
3142 1549 3346 1612 Cultus
3366 1547 3582 1629 pseudo
3601 1548 3770 1609 retor-

2157 1638 2295 1698 mati
2326 1640 2555 1715 patroni
2582 1640 2636 1700 in
2672 1640 2954 1718 collegam
2982 1639 3155 1719 primi
3183 1634 3770 1700 insurrexerunt.Uti-

428 1728 763 1801 lacessitus,
791 1729 1185 1791 indistinclim
1221 1731 1549 1791 calumnias
1579 1742 1898 1811 struxerat,
1934 1733 2074 1811 ipsis
2104 1727 2136 1775 Β
2162 1747 2293 1789 nam
2324 1729 2462 1790 hinc
2487 1732 2775 1807 potuisset
2798 1729 3135 1808 intelligere
3156 1730 3212 1789 in
3234 1728 3359 1790 solo
3378 1728 3575 1789 matris
3593 1725 3772 1787 Eccle-

433 1818 781 1898 impulando
826 1837 1023 1879 mores
1084 1838 1423 1900 perversos,
1461 1822 1815 1901 hypocrisin)
1868 1841 1935 1882 ac
1969 1841 2072 1881 vo—

434 1909 724 1969 luntatem
762 1909 1157 1969 comburendi
1183 1908 1366 1971 libros
1392 1930 1641 1990 quorum
1668 1912 1936 1973 doctrina
1958 1930 2072 1972 non

432 2006 662 2078 poterat
685 1996 756 2057 ad
790 2016 1020 2071 eorum,
1058 2006 1121 2058 ut
1151 1997 1371 2075 aiebat,
1406 2000 1746 2079 pravitatem
1780 2010 1838 2062 et
1865 1999 2074 2081 nequi-

434 2087 571 2148 tiam
606 2087 857 2148 inﬂecti.

514 2175 819 2237 Maledicta
842 2177 1025 2237 necin
1042 2186 1261 2237 sectam
1283 2178 1643 2239 accusatoris
1667 2197 1777 2239 nec
1798 2178 1857 2240 in
1882 2180 2080 2258 ipsum

436 2274 841 2328 accusatorem
876 2284 1149 2343 regeram
1180 2288 1192 2328 :
1221 2267 1360 2346 quid
1381 2268 1538 2329 enim
1561 2268 1914 2348 prodessent
1943 2288 2083 2330 con-

436 2356 583 2416 vicia
602 2354 633 2413 ‘?
652 2354 802 2426 Quid
838 2354 1093 2415 vindicta
1113 2353 1143 2413 ‘?
1163 2354 1373 2435 Nemo,
1400 2355 1513 2417 nisi
1536 2358 1811 2432 insaniat,
1837 2358 2082 2423 difﬁteri

440 2449 632 2525 potest
680 2443 841 2503 mille
889 2443 1109 2521 scripta
1159 2454 1447 2519 veterum,
1484 2446 1699 2525 iujuria
1749 2455 2081 2527 temporum

444 2533 661 2594 amissa
685 2541 741 2592 et
764 2530 1417 2612 oblitterata,revixisse
1442 2537 1677 2597 tandem
1694 2555 1833 2597 cura
1858 2537 2086 2601 etsollio

445 2622 719 2684 citudine
743 2622 1070 2702 przesertim
1100 2623 1440 2701 pontiﬁcum
1470 2626 1567 2704 qui
1599 2626 1774 2685 nullis
1810 2646 2089 2705 peperce-

441 2720 577 2774 runt
618 2711 1112 2790 expensis,uthos
1143 2715 1564 2794 conquirerent
1597 2716 1902 2776 thesauros
1946 2716 2087 2778 abs—

442 2802 738 2863 conditos.
773 2800 977 2862 Merito
1010 2804 1275 2864 omnium
1328 2804 1472 2864 risui
1524 2824 1588 2865 se
1633 2816 1960 2886 eXponeret
1989 2808 2090 2888 qui

445 2892 798 2952 immensam
851 2910 1199 2970 comparare
1248 2894 1497 2955 auderet
1542 2896 1800 2973 cujusvis
1854 2898 2091 2974 generis

2159 1818 2260 1877 size
2278 1818 2499 1896 gremio
2528 1817 2835 1881 veritatem
2857 1837 2991 1879 cum
3016 1818 3185 1879 laude
3204 1818 3643 1897 veradignoque
3668 1814 3774 1874 suf-

2160 1906 2341 1986 fragio
2377 1906 2619 1968 defendi
2643 1926 2710 1968 ac
2743 1908 3099 1987 propugnari
3124 1915 3135 1969 l
3165 1910 3291 1969 Nec
3312 1905 3600 1969 Wetstino
3622 1922 3654 1965 a
3672 1906 3773 1967 Ca-

2162 1997 2397 2059 tholicis
2423 1997 2811 2074 denegandus
2836 2005 2925 2058 est
2947 2016 3121 2077 quem
3147 1998 3198 2057 ei
3229 1994 3775 2072 consectariidispu-

2168 2094 2310 2160 tant,
2334 2085 2577 2147 meritus
2602 2087 2813 2149 honos.
2845 2086 2988 2159 Quis
3007 2106 3183 2167 porro
3207 2096 3521 2148 extraneus
3545 2084 3775 2163 partium

2168 2176 2378 2236 studiis
2403 2175 2598 2255 ipSum
2655 2194 2772 2236 non
2830 2175 3090 2237 laudabit
3153 2177 3276 2237 haec
3331 2170 3781 2257 loquentem?‘0

2174 2290 2199 2319 «
2235 2265 2425 2326 Erunt
2450 2265 2599 2327 forte
2632 2266 2848 2345 quibus
2880 2266 3084 2327 harum
3119 2265 3519 2347 Epistolarum
3549 2262 3782 2343 scriptor

2167 2353 2460 2416 videbitur
2490 2362 2549 2415 et
2575 2355 2953 2417 matrimonio
2984 2374 3115 2418 esse
3143 2354 3433 2436 iniquior,
3466 2352 3776 2416 caelibatum

2166 2461 2306 2504 vero
2340 2444 2585 2504 nimium
2610 2444 2925 2519 extollere,
2959 2444 3197 2524 quando
3230 2442 3552 2523 virginibus
3580 2440 3782 2504 sanctis

2169 2532 2652 2594 excellentiorem
2685 2533 2743 2594 in
2775 2534 2939 2596 ccelis
2983 2534 3179 2595 locum
3231 2532 3433 2594 datum
3489 2532 3556 2593 iri
3604 2527 3786 2592 statuit

2171 2642 2344 2703 quam
2377 2622 2732 2703 conjugibus
2758 2623 2979 2686 sanctis
3000 2623 3072 2697 υ,
3098 2632 3155 2685 et
3185 2623 3484 2685 morosius
3510 2638 3682 2702 quam
3708 2618 3787 2679 vel

2176 2714 2533 2793 humanitas,
2558 2712 2648 2774 vel
2675 2713 2874 2774 saeculi
2898 2712 3084 2774 nostri
3107 2710 3478 2774 consuetudo
3509 2706 3791 2782 lert,omni

2174 2820 2307 2863 cum
2331 2802 2685 2863 mulieribus
2711 2795 3791 2865 lamiliaritateetcommerciointerdi-

2173 2891 2500 2965 ccre,aditn
2512 2910 2688 2971 mque
2709 2910 2910 2954 earum
2926 2902 2983 2954 et
3000 2910 3342 2953 sermonem
3357 2886 3796 2969 delugerejubeo

445 2980 735 3041 librorum
770 2980 1146 3059 antiquorum
1172 2982 1611 3044 multitudinem
1641 3002 1673 3044 a
1704 2984 1861 3047 clero
1894 2988 2093 3047 catho-
2176 2998 2348 3055 re,ne
2370 2980 2505 3059 quid
2534 2999 2601 3041 ex
2629 2983 2982 3061 contagione
3004 2980 3370 3042 incommodi
3400 2977 3797 3059 accipimus,ut

446 3070 562 3131 lico
582 3070 1120 3145 detectorum,cum
1148 3073 2090 3138 rarissimissectarioruminven-
2111 3062 2150 3111 C
2179 3069 2374 3131 verbis
2406 3070 2655 3131 Cmsaris
2686 3080 2836 3134 utar.

449 3158 734 3221 tionibus.

534 3247 660 3309 Non
691 3248 806 3309 sibi
840 3250 1225 3310 consentiunt
1256 3250 1458 3313 hostes
1491 3254 1887 3315 nostrizmodo
1920 3274 2095 3316 nam-

450 3358 568 3419 que
600 3347 883 3399 accusant
918 3340 1201 3400 Ecclesia)
1233 3360 1513 3419 proceres
1544 3344 1701 3421 quod
1756 3343 1977 3405 bellum
2006 3346 2091 3404 in-

452 3428 699 3489 tulerint
732 3427 899 3488 libris
942 3437 1207 3489 veterum
1260 3430 1691 3505 licentioribus,
1736 3434 1912 3493 modo
1958 3434 2103 3513 ipsis

449 3517 1015 3595 imputantquod,ex
1043 3517 1555 3592 industria,moliti
1578 3520 1801 3581 fuerint
1832 3522 2103 3585 destruc-

450 3606 677 3667 tionem
698 3624 940 3684 cperum
962 3606 1289 3668 castitatem
1314 3617 1698 3690 sanctamque
1727 3610 2101 3691 disciplinam

455 3692 822 3755 docentium.

535 3781 729 3853 Quare
753 3782 951 3843 clerus
982 3783 1309 3845 catholicus
1342 3786 1719 3849 insimulatur
1750 3806 1782 3849 a
1814 3788 2104 3852 Wetstino

458 3871 657 3935 nimia:
716 3871 1131 3932 familiaritatis
1180 3892 1313 3933 cum
1367 3875 1744 3953 mulieribus,
1780 3898 1910 3940 cum
1966 3880 2107 3942 inde

461 3960 758 4042 prmcipue
792 3960 1474 4039 pseudo-retormationi
1507 3965 1817 4047 displiceat
1850 3970 2004 4048 quod
2033 3970 2108 4031 sit

459 4050 774 4111 continens
794 4058 820 4112 ?
839 4050 973 4112 Haec
998 4053 1169 4113 etiam
1203 4054 1357 4116 inter
1381 4074 1443 4117 se
1466 4060 2100 4138 pugnant.ArguitEc-

463 4139 660 4229 clesim
696 4140 977 4220 praesules
1007 4151 1068 4203 et
1089 4142 1341 4204 clericos
1373 4146 1529 4222 quod
1560 4149 2029 4229 contempserint
2051 4160 2106 4210 et

460 4228 789 4307 abjecerint
820 4232 1007 4290 sancti
1037 4231 1359 4294 Clementis
1387 4232 1702 4313 Epistolas,
1729 4228 1926 4299 studio
1959 4239 2110 4317 gula:

464 4328 521 4379 et
548 4318 803 4379 ambitus
833 4339 848 4393 ;
877 4320 1037 4381 unde
1054 4320 1270 4397 gradus
1294 4323 1752 4401 ecclesiasticos,
1781 4335 1967 4389 utens
1988 4330 2101 4390 cri—

466 4408 1239 4489 minatur,usurpant;nnde
1264 4430 1500 4492 quoque
1530 4414 1641 4475 sibi
1667 4426 1942 4495 arrogant
1964 4438 2111 4499 apo-

466 4498 757 4559 stolorum
801 4500 889 4559 vel
946 4502 1365 4579 prophetarum
1422 4504 1771 4583 qualitates!
1806 4498 2110 4581 Miserum,

2265 3184 2289 3213 α
2317 3158 2526 3240 Aliter,
2550 3160 2764 3233 fateor,
2789 3161 2863 3223 de
2886 3160 3153 3222 caelibatu
3185 3170 3245 3222 et
3280 3158 3655 3220 matrimonio
3675 3173 3798 3216 sen-

2182 3252 2247 3309 tit
2277 3249 2553 3311 Clemens
2574 3269 2751 3329 quam
2775 3251 3071 3313 Lutherus
3094 3268 3111 3327 ;
3135 3258 3194 3310 at
3220 3248 3487 3310 nondum
3512 3244 3801 3327 probatum

2186 3346 2275 3399 est
2304 3339 2467 3399 illum
2502 3340 2655 3400 male
2687 3341 2948 3402 sensisse
2977 3361 2990 3401 :
3021 3339 3069 3400 si
3101 3340 3232 3419 quis
3250 3338 3410 3399 enim
3444 3335 3675 3417 genium
3704 3333 3804 3395 ds-

2186 3426 2438 3500 l‘raudat,
2470 3436 2528 3489 et
2578 3430 2903 3511 voluptates
2941 3430 3116 3493 etiam
3150 3428 3350 3489 licitas
3383 3427 3629 3507 spernit,
3654 3432 3711 3485 ut
3739 3439 3803 3485 eo

2189 3517 2403 3579 melius
2426 3527 2483 3578 et
2505 3519 2837 3599 expeditius
2853 3518 3138 3581 doctrinae
3160 3516 3461 3597 Evangelii
3480 3524 3537 3578 et
3552 3511 3808 3577 curandae

2190 3606 2471 3669 Ecclesiae
2496 3627 2701 3670 vacare
2731 3609 2937 3690 possit,
2956 3627 3059 3673 cur
3076 3627 3193 3670 non
3218 3607 3276 3667 in
3295 3608 3486 3668 altera
3508 3605 3619 3666 vita
3636 3602 3812 3682 majus

2191 3714 2223 3756 a
2256 3699 2377 3759 Deo
2433 3698 2741 3776 praemium
2794 3707 3082 3779 speraret,
3115 3715 3293 3779 quam
3333 3696 3423 3758 illi
3467 3696 3568 3777 qui
3604 3702 3812 3774 partem

2194 3786 2488 3847 mercedis
2506 3806 2627 3849 suae
2641 3788 2765 3868 jam
2789 3787 2847 3848 in
2870 3788 2977 3849 hac
2996 3787 3110 3849 vita
3124 3785 3809 3867 receperuntmzeterum,

2188 3876 2467 3939 Clemens
2500 3896 2611 3940 nec
2675 3876 3008 3939 caalibatum
3058 3877 3251 3957 jubet,
3291 3895 3406 3938 nec
3462 3875 3693 3956 nuptias
3719 3887 3814 3931 ve-

2192 3974 2295 4037 tat,
2360 3976 2426 4026 ut
2481 3973 2606 4027 tum
2657 3986 2723 4029 ex
2784 3968 2913 4048 ipso
2986 3968 3119 4029 loco
3176 3965 3354 4028 modo
3414 3965 3591 4028 allato
3649 3964 3816 4043 patet,

2195 4063 2315 4115 tum
2345 4072 2414 4117 ex
2438 4055 2551 4117 alia
2589 4057 2856 4137 ejusdem
2890 4056 3155 4139 Epistola
3175 4056 3401 4136 scripta
3428 4056 3709 4117 adversus
3729 4065 3820 4111 eos

2190 4146 2296 4223 qui
2326 4146 2787 4208 matrimonium
2809 4149 3117 4228 rcjiciunt,
3136 4162 3311 4227 quam
3344 4143 3563 4224 legisse
3585 4146 3818 4204 testatur

2193 4234 2505 4315 Dionysius
2528 4236 2842 4313 Barsalibi,
2865 4236 3019 4317 apud
3046 4240 3341 4300 Asseman
3361 4233 3415 4277 ¹²
3438 4251 3583 4299 :nec
3612 4230 3684 4294 de
3712 4244 3819 4291 caa-

2197 4324 2412 4387 libatus
2435 4328 2675 4403 praemio
2692 4327 3013 4408 quidquam
3038 4326 3184 4389 dicit
3204 4325 3509 4388 diversum
3531 4319 3686 4385 abiis
3706 4332 3823 4398 qua

2200 4414 2415 4477 Paulus
2444 4416 2730 4478 docuerat
2758 4414 2831 4478 1³.
2874 4443 2899 4473 ι»

467 4605 633 4667 sane,
669 4586 999 4667 perfugium
1050 4590 1315 4663 haeresis,
1351 4611 1482 4671 qua)
1514 4612 1657 4672 quos
1684 4607 2007 4671 aversatur,
2031 4598 2118 4659 sic
2202 4605 2621 4657 expesnuurua
2662 4604 2737 4652 AC
2777 4603 3201 4650 BEFELLUNTUR
3232 4593 3749 4652 narrosss.0msus
3769 4589 3822 4637 υ.

464 4677 687 4755 injuste
711 4677 1461 4759 dehonestatlSperavilne
1485 4684 1819 4745 Wetstinus
1844 4687 1933 4746 his
1952 4688 2113 4747 insa-

468 4765 561 4825 nis
586 4766 1073 4827 accusationibus
1095 4787 1197 4828 ora
1220 4767 1500 4831 claudere
1524 4791 1726 4833 eorum
1755 4775 1877 4855 qui,
1904 4776 1961 4835 in
1988 4776 2114 4856 ipso

471 4854 950 4917 Lutheranorum
979 4875 1177 4935 grege,
1210 4876 1344 4920 eum
1377 4868 1438 4919 ut
1468 4854 2115 4945 Socinianum’pestife-

470 4961 721 5019 rumque
738 4954 1076 5007 novatorem
1091 4947 1513 5012 denuntiantes
1526 4953 1747 5031 agradu
1763 4972 1935 5034 quem
1949 4974 2115 5017 occu-

558 5103 615 5154 10
648 5106 1091 5187 Prolegomen,,
1126 5127 1185 5168 n.
1228 5109 1319 5172 10.

560 5263 640 5343 (4)
672 5264 867 5355 Quare
886 5266 988 5355 hic
1013 5266 1259 5355 ultimus
1283 5271 1543 5355 scriptor
1564 5284 1800 5335 nostras
1824 5274 2117 5355 Epistolas

476 5362 597 5405 non
624 5346 860 5407 admisit
883 5350 939 5406 in
956 5366 1061 5408 sua
1079 5346 1608 5419 Collectiorimcum
1633 5374 1729 5416 eas
1750 5346 2119 5419 autlienticas

478 5441 617 5486 esse
647 5443 764 5485 non
798 5436 972 5505 neget
1000 5431 1026 5487 ?
1058 5430 1371 5496 Probabile
1405 5443 1493 5493 est
1522 5445 1619 5496 aut
1651 5438 1878 5497 nullum
1912 5456 2116 5501 earum

480 5505 789 5643 exemplar
814 5507 875 5567 in
901 5526 1109 5570 manus
1131 5510 1261 5590 ejus
1289 5515 1596 5591 pervenire
1628 5518 1909 5597 potuisse,
1944 5526 2041 5578 aut
2071 5521 2117 5579 si

480 5584 638 5643 αυοά
687 5603 777 5643 am
797 5590 1376 5643 nerveneritmedem
1394 5595 1964 5643 nitierntrnnrncenm
1983 5617 2117 5643 nam

480 5584 777 5666 quoddam
797 5584 1376 5671 pervenerit,pedem
1394 5595 1523 5674 ejus
1535 5584 1964 5677 retrogressum
1983 5617 2119 5661 esse

2279 4700 2350 4746 DE
2376 4697 2684 4744 PREMAGNY
2708 4696 2762 4741 IN
2783 4694 3002 4739 DUBIUM
3024 4691 3290 4738 REVOCAT
3311 4679 3827 4737 ΑΠΤΗΕΝΤΙΟΙΤΔΤΕΙ

2282 4788 2564 4837 AMBARUM
2589 4785 2986 4831 EPISTOLARL'I!
3029 4782 3229 4828 SANCTI
3259 4778 3603 4828 οιιειιειπιε.

2282 4862 2618 4943 Stephanus
2634 4859 2986 4923 Franciscus
2998 4854 3266 4920 Boislard
3283 4855 3358 4917 de
3382 4846 3828 4943 Premagny,ho-

2205 4963 2370 5018 uesta
2388 4938 2644 5025 'familia,
2674 4948 3028 5025 Rothomagi
3050 4945 3339 5027 natus,vir
3365 4959 3597 5024 magna:
3626 4938 3829 5002 litterae

1412 5113 1458 5154 ¹¹
1494 5111 1603 5193 Ep.
1638 5112 1684 5194 Ι,
1720 5134 1777 5175 n.
1816 5116 1872 5175 1.
1963 5114 2092 5178 ¹²Β

2187 5116 2333 5180 ἰοῑή.
2369 5114 2645 5195 Ονίεηι.,
2682 5121 2723 5176 t.
2756 5110 2830 5193 II,
2863 5132 2921 5190 p.
2964 5113 3098 5174 155.
3181 5106 3277 5170 ¹³Ι
3310 5107 3447 5171 Cor.
3481 5121 3587 5182 vn,
3616 5104 3676 5166 9.

2200 5279 2270 5340 ad
2306 5280 2498 5341 solum
2536 5283 2917 5355 conspectum
2950 5273 3190 5334 hirsutae
3218 5266 3618 5355 translationis
3637 5258 3826 5355 Walls;

2206 5334 2902 5435 (causa,
2925 5372 3032 5432 ego
3059 5355 3189 5435 ipse
3209 5351 3404 5432 plures
3428 5363 3616 5435 annos
3644 5334 3828 5435 distuli

2206 5460 2402 5502 meum
2433 5436 2833 5515 laborem,qui
2856 5424 3291 5497 u'tiriam'adh'uc
3314 5438 3519 5493 sancto
3540 5424 3830 5492 Clemente

2202 5522 2488 5600 indignus
2520 5536 2637 5583 non
2669 5517 2744 5577 sit
2768 5516 2782 5576 l
