3998 6202
57 43 439 279 ι’-ξηιο
490 52 531 73 --
590 58 652 77 --

1016 244 1017 247 ~
1119 216 1504 279 EPISTOLE
1532 212 1633 277 AD
1662 212 2052 277 VIRGINES.
2085 192 2164 255 —-‘
2193 207 2585 273 PROOEMIA.

3441 206 3561 276 370
3635 152 3641 166 1

200 363 259 416 ut
287 363 495 417 auctor
520 356 768 432 Dialogi
797 349 1152 432 Philopatris
1191 348 1288 427 qui
1311 346 1420 410 sub
1448 345 1688 428 Trajani
1721 347 1833 409 im-
1855 356 1888 404 Α
1912 344 2158 425 scipulis
2180 343 2305 405 suis
2335 351 2398 404 ut
2418 360 2520 432 eos
2552 340 2668 432 ipsi
2689 341 3041 432 abjicerent,
3093 345 3334 425 quando
3364 343 3558 414 dixit:

206 446 365 525 perio
394 443 655 523 scripsit,
694 444 800 504 hac
824 442 947 520 ipsa
980 440 1210 501 ratione
1257 437 1624 501 Christianos
1674 437 1839 499 deri-

201 538 354 607 deat,
388 544 448 597 et
477 535 713 596 cuidam
738 533 1067 595 fidelidicat
1091 551 1111 590 :
1150 529 1303 591 Jura
1333 528 1485 589 mihi
1515 545 1619 606 per
1646 526 1841 589 Deum

198 626 343 705 cali,
379 635 439 686 et
470 641 817 702 supremum
845 621 1191 688 Dominum,
1216 636 1327 698 per
1359 616 1583 678 Filium
1615 617 1835 690 Patris,

197 734 307 796 per
336 714 656 795 Spiritum
699 715 799 795 qui
824 729 861 774 α
885 711 1073 772 Patre
1100 708 1393 790 procedit,
1426 706 1617 768 Deum
1646 724 1838 769 unum

198 806 260 867 in
288 805 508 885 tribus,
531 812 588 868 et
614 804 842 866 trinum
874 806 939 863 in
965 819 1112 862 uno.

274 896 600 959 Abstinere
630 894 939 955 debuisset
964 892 1038 953 ab
1071 890 1229 952 omni
1256 888 1636 951 contentione
1657 889 1706 950 D
1765 886 1839 949 de

202 990 528 1065 Premagny
559 984 869 1047 occasione
889 982 1133 1043 alterius
1156 988 1344 1042 textus
1367 996 1541 1059 quem
1567 976 1838 1055 deprom-

203 1084 396 1157 pserat
437 1083 678 1135 sanctus
708 1073 958 1135 Basilius
1008 1070 1081 1133 ab
1110 1070 1224 1132 alio
1280 1070 1465 1130 sancti
1517 1065 1840 1157 Clementis

200 1156 379 1246 opere
404 1164 563 1244 quod
590 1164 787 1245 periit.
822 1161 906 1223 En
935 1160 1035 1222 ille
1061 1169 1287 1221 textus:
1313 1157 1590 1219 Clemens
1618 1156 1839 1218 Roma-

197 1274 313 1318 nus
363 1257 681 1335 antiquiOr
736 1250 1139 1335 dicitcVivit
1196 1251 1384 1317 Deus,
1438 1254 1499 1335 et
1546 1247 1841 1335 [luminas

197 1339 374 1397 Iesus
439 1325 743 1408 Christus,
777 1342 831 1395 et
854 1333 1129 1410 Spiritus
1187 1326 1516 1391 sanctus”.
1577 1325 1842 1389 Credidit

199 1437 435 1487 sanctus
464 1426 718 1487 Basilius
746 1425 870 1485 haec
900 1421 1087 1484 sancti
1119 1416 1443 1480 Clementis
1473 1415 1650 1476 verba
1710 1414 1839 1475 suf-

200 1519 377 1577 ficere
400 1525 465 1577 ut
528 1514 893 1575 stabiliretur
923 1506 1498 1572 consubstantialitas
1535 1502 1716 1566 Verbi
1743 1504 1839 1565 di-

201 1604 337 1676 vini,
394 1605 726 1680 Arianique
776 1601 1216 1664 refellerentur.
1263 1596 1386 1660 Hoc
1438 1613 1554 1655 non
1586 1592 1841 1655 admittit

1928 435 2228 496 Dremoncs
2248 434 2449 509 ejicite
2477 429 2553 495 ’7.
2612 430 2764 504 Quid
2811 432 3025 494 mirum
3073 435 3253 513 igitur
3275 440 3326 502 si
3355 441 3565 499 auctor

1926 524 2321 605 Epistolarum
2349 521 2584 601 regulas
2614 528 2829 583 statuat
2876 540 3023 603 quas
3074 528 3246 607 sequi
3303 526 3565 592 debeant

1923 612 2416 686 exorcistae?Quid
2437 631 2613 693 porro
2635 612 2764 673 ista:
2781 612 3055 676 redolent
3071 614 3184 677 nisi
3206 620 3561 689 castitatem,

1925 703 2471 776 mortificationem,
2504 701 2906 765 humilitatem
2937 706 2966 762 ?
3024 704 3254 770 Iudicat
3283 708 3427 789 quid
3483 707 3566 770 sit

1921 794 2216 900 agendum
2244 803 2304 853 ut
2332 793 2577 900 spiritus
2608 792 2900 900 malignus
2930 792 3259 858 efficaciter
3297 797 3564 900 expella-

1924 894 2021 945 tur
2054 901 2069 955 ;
2104 882 2207 944 sed
2243 899 2362 945 non
2390 882 2523 943 ideo
2551 882 2777 944 fraudis
2808 883 3114 946 insimulat
3144 904 3249 949 eos
3278 882 3379 970 qui
3410 887 3565 949 hanc

1924 970 2296 1032 exorcizandi
2326 971 2621 1032 rationem
2652 990 2769 1032 non
2792 970 3346 1057 adhibuerint.lpse
3366 975 3564 1040 Chris-

1926 1072 2018 1123 tns
2039 1062 2240 1123 docuit
2261 1060 2588 1141 discipulos
2607 1078 2746 1125 suos
2769 1061 3124 1142 quibusnam
3146 1065 3329 1128 armis
3353 1064 3563 1127 muniti

1928 1170 2139 1234 pravos
2160 1150 2409 1230 spiritus
2438 1149 2739 1212 debellare
2771 1149 3195 1229 deberent;sed
3211 1154 3436 1219 fraudis
3465 1162 3566 1217 aut

1929 1241 2222 1304 mendacii
2251 1259 2387 1302 reos
2430 1259 2562 1301 esse
2597 1260 2714 1301 non
2774 1243 3173 1320 pronuntiavit
3220 1245 3461 1323 quando
3506 1244 3565 1306 ei

1930 1338 2332 1394 uarraruntse
2367 1338 2564 1410 optato
2591 1331 2856 1393 caruisse
2894 1332 3126 1396 effectu.
3164 1334 3317 1397 Rem
3348 1334 3435 1397 sic
3465 1352 3565 1396 ex-

1928 1421 2094 1503 ponit
2123 1419 2525 1497 Evangelista:
2560 1419 2726 1485 Tunc
2755 1420 3048 1502 discipuli
3077 1433 3465 1488 accesserunt
3482 1424 3566 1488 ad

1921 1512 2127 1574 .lesum
2159 1518 2399 1580 secreto,
2425 1517 2479 1572 et
2509 1509 3039 1587 dixeruntzQuare
3060 1530 3170 1575 nos
3198 1530 3323 1576 non
3351 1514 3565 1595 potui-

1926 1621 1976 1659 m
1986 1618 2057 1662 us
2088 1602 2142 1674 ei
2150 1602 2305 1662 icere
2320 1598 2699 1661 illummixit
2719 1599 2847 1661 illis
2867 1599 3064 1663 Jesus:
3094 1603 3350 1683 Propter
3366 1603 3567 1666 incre-

202 1698 264 1757 Ι).
306 1695 381 1755 de
406 1694 760 1774 Premagny.
788 1691 931 1763 Quis
969 1707 1103 1750 Vero
1154 1685 1401 1748 hiBl‘ebil
1461 1683 1616 1744 inter
1668 1680 1837 1743 alﬁr-
1863 1691 2243 1761 pilatim/em
2266 1680 3567 1770 vestram.Amen,quippe,dicouobis,siha-

202 1786 413 1846 mantis
451 1793 509 1845 et
540 1784 803 1863 negantis
832 1779 1242 1843 auctoritatem
1275 1782 1304 1837 ?

276 1872 345 1936 Χ.
376 1874 560 1950 [Egre
611 1872 680 1934 D.
741 1871 815 1932 de
867 1870 1187 1947 Premagny
1249 1865 1481 1926 videtur
1534 1862 1837 1940 suscipere

1922 1779 2176 1843 bueritis
2193 1778 2379 1858 ﬁdem
2407 1781 2564 1842 sicut
2582 1796 2851 1858 granum
2866 1781 3340 1862 sinapis,dicetis
3366 1783 3567 1846 monti

1919 1871 2100 1933 huic:
2144 1871 2364 1930 Transi
2384 1868 2526 1931 hinc
2553 1868 2699 1931 illuc
2720 1875 2778 1932 et
2808 1870 3117 1952 transibit,
3144 1879 3199 1932 et
3222 1870 3383 1935 nihil
3440 1872 3564 1936 im-

202 1965 374 2025 verba
405 1964 627 2045 quibus
659 1959 1052 2041 Epistolarum
1078 1965 1283 2017 auctor
1314 1954 1521 2015 incitat
1544 1952 1619 2045 ad
1638 1951 1834 2045 imita-
1917 1958 2202 2037 possibile
2230 1961 2344 2021 erit
2372 1960 2556 2023 vobis,
2587 1958 2715 2022 Hoc
2736 1965 2936 2021 autem
2958 1977 3147 2037 genus
3172 1977 3297 2022 non
3321 1961 3566 2041 eiicitur

206 2042 442 2116 tionem-
476 2054 655 2113 trium
711 2049 1046 2112 divinarum
1097 2062 1509 2127 personarum.
1569 2042 1830 2105 Remitto
1917 2051 2041 2112 nisi
2066 2067 2172 2130 per
2198 2050 2532 2112 orationem
2560 2057 2613 2111 et
2630 2052 2933 2127 jejunium
2961 2048 3034 2108 2⁸.

199 2145 304 2205 hac
336 2146 415 2204 de
445 2161 513 2204 re
546 2142 829 2203 lectorem
863 2139 932 2201 ad
969 2156 1038 2199 ea
1068 2154 1198 2218 qua;
1218 2132 1448 2213 subjeci
1480 2132 1541 2193 in
1581 2131 1835 2193 adnota-

200 2234 355 2295 tione
385 2231 506 2294 loci
538 2231 739 2309 hujus.

272 2321 371 2387 XI.
406 2321 591 2385 Juxta
618 2321 1023 2382 adnotatorem
1070 2316 1317 2378 multum
1347 2321 1511 2375 nutat
1541 2311 1839 2393 Epistola-

204 2431 332 2474 rum
371 2420 713 2473 nostrarum
737 2408 1052 2471 auctoritas
1104 2425 1174 2467 ex
1220 2402 1427 2465 fraude
1460 2409 1519 2463 et
1545 2400 1844 2482 hypocrisi

204 2521 332 2581 qua:
359 2501 806 2582 exprobrantur
851 2494 1205 2577 quibusdam
1258 2491 1671 2555 directoribus.
1711 2489 1842 2582 Non

196 2593 417 2671 major,
442 2592 549 2663 ait,
573 2589 936 2653 declamatio
959 2592 1089 2648 erat
1119 2593 1382 2662 tempore
1406 2581 1837 2662 Chrysoslomi.

196 2670 309 2743 Sed
343 2682 396 2743 si
443 2682 589 2741 inde
621 2698 844 2760 auceps
873 2686 1025 2739 esset
1058 2672 1460 2755 Epistolarum
1495 2670 1839 2744 auctoritas,

199 2780 559 2851 sequeretur
577 2768 794 2831 dubias
810 2785 1042 2850 quoque
1052 2764 1308 2847 judicari
1336 2780 1507 2843 posse
1532 2760 1840 2840 plerasque

2000 2137 2250 2202 Cessent
2272 2157 2412 2218 ergo
2440 2137 2775 2219 philosophi
2798 2138 2976 2218 hujus
3007 2140 3210 2202 saeculi
3236 2139 3301 2201 in
3342 2141 3565 2207 sanctis

1922 2227 2197 2289 Patribus
2228 2228 2562 2309 vituperare
2589 2246 2718 2307 quae
2749 2227 2812 2289 in
2862 2227 3097 2291 Christo
3140 2229 3406 2293 revereri
3452 2228 3566 2292 de-

1927 2318 2087 2388 bent,
2124 2318 2240 2379 nisi
2261 2317 2415 2381 forte
2435 2318 2665 2381 Christo
2699 2318 3193 2382 renuntiaverint.

2008 2406 2122 2469 Sed
2156 2426 2253 2468 res
2282 2415 2480 2469 notatu
2512 2406 2865 2484 dignissima
2893 2416 3007 2488 est,
3035 2410 3357 2490 plerosque
3376 2409 3568 2472 hatre-

1930 2498 2075 2561 ticos
2103 2510 2161 2560 et
2185 2498 2593 2579 philosophos,
2625 2497 2698 2561 ad
2717 2500 2904 2561 solam
2938 2504 3567 2564 commemorationem

1929 2589 2265 2650 dazmonum
2298 2596 2357 2649 et
2406 2591 2872 2650 exorcismorum
2905 2590 3345 2653 excandescere
3375 2597 3434 2652 et
3463 2608 3568 2654 ex-

1927 2679 2137 2758 agitari
2160 2676 2327 2759 quasi
2359 2677 2474 2757 ipsi
2508 2696 2542 2739 a
2585 2676 2958 2742 daemonibus
2984 2678 3427 2743 obsiderentur.

2003 2768 2137 2832 XII.
2192 2767 2513 2830 Auctorem
2563 2766 2958 2848 Epistolarum
3009 2771 3203 2847 arguit
3257 2770 3573 2835 adnotatur

196 2862 380 2921 sancti
446 2860 614 2923 Pauli
646 2858 936 2939 Epistolas
973 2876 986 2919 :
1040 2858 1101 2916 in
1136 2854 1228 2916 his
1261 2854 1416 2914 enim
1452 2852 1846 2913 vehementer
1925 2859 2093 2939 quasi
2125 2866 2489 2921 narraturum
2524 2875 2728 2938 parum
2762 2876 3034 2920 veracem
3066 2877 3273 2921 eorum
3331 2878 3469 2938 quae
3494 2861 3571 2927 ad

198 2950 498 3011 invehitur
523 2965 625 3010 vas
650 2947 959 3011 electionis
992 2954 1195 3007 contra
1248 2940 1836 3024 pseudo-apostolos.

1927 2947 2240 3010 Dominum
2268 2956 2537 3008 nostrum
2565 2946 2961 3026 pertinebant.
2987 2973 3014 3005 α
3039 2949 3565 3028 Clemens,inquit,

196 3042 315 3102 Nos
345 3058 491 3099 vero
527 3041 631 3116 qui
660 3051 930 3131 tenemus
952 3035 1028 3098 ab
1062 3034 1227 3131 initio
1253 3032 1599 3093 mendacem
1624 3049 1693 3131 at:-
1724 3032 1839 3131 ho-
1859 3082 1899 3131 α
1924 3057 2043 3100 non
2074 3044 2163 3100 est
2191 3036 2443 3116 diligens
2474 3036 2692 3098 relator
2735 3037 3021 3100 itinerum
3053 3038 3296 3101 Christi.
3328 3038 3571 3120 Absque

198 3128 475 3189 micidam
512 3129 695 3188 fuisse
732 3126 1087 3195 daemonem,
1125 3124 1350 3184 scimus
1373 3139 1607 3202 quoque
1638 3121 1710 3182 ab
1742 3122 1841 3182 in-
1863 3121 1899 3131 “’
1926 3127 2105 3190 dubio
2129 3126 2314 3207 enim,
2339 3126 2541 3207 plures
2574 3127 2865 3189 comitatae
2893 3136 3031 3190 sunt
3070 3146 3209 3191 eum
3259 3127 3566 3207 mulieres,

196 3216 514 3279 cunabulis
569 3215 851 3277 Ecclesiae
887 3216 1020 3275 huic
1061 3222 1273 3294 praisto
1306 3212 1490 3273 fuisse
1539 3210 1843 3271 ministros

195 3327 448 3384 quorum
475 3305 755 3367 versutia:
775 3304 936 3366 omni
972 3313 1238 3383 tempore
1293 3301 1568 3362 revelatze
1601 3312 1737 3361 sunt
1787 3308 1845 3361 et

196 3396 432 3458 fortiter
453 3398 737 3477 explosae.
768 3396 900 3457 Non
923 3393 1109 3455 defuit
1130 3394 1362 3455 Satanae
1380 3393 1755 3472 suppositum
1783 3390 1841 3451 in

196 3489 322 3564 ipsa
351 3486 577 3549 Christi
608 3485 893 3547 societate
921 3506 935 3554 ;
971 3500 1078 3546 nec
1109 3493 1305 3544 tamen
1335 3482 1740 3542 testimonium
1767 3479 1842 3543 de

193 3574 351 3637 illius
386 3576 638 3656 perfidia
659 3574 732 3636 ab
762 3573 1137 3652 evangelistis
1164 3576 1512 3647 prmstitum,
1538 3572 1843 3633 infirmare

194 3685 454 3746 unquam
486 3666 704 3744 protuit
735 3674 957 3725 caetera
980 3681 1111 3744 quze
1141 3661 1534 3741 scripserunt.

269 3752 608 3817 Occasione
630 3754 1074 3834 posscssionum
1100 3763 1157 3813 et
1198 3752 1685 3830 exorcismorum,
1740 3750 1836 3811 in-

191 3847 309 3907 fert
337 3846 659 3906 aduutatur
680 3845 738 3905 in
758 3844 876 3906 illis
900 3843 1126 3904 abditas
1151 3842 1332 3904 fuisse
1361 3860 1552 3903 meras
1577 3841 1834 3913 fraudes,

191 3935 263 3997 ab
296 3934 458 3997 Asiae
497 3934 722 3997 Judteis
751 3934 1063 3996 derivatas.
1100 3932 1243 3994 Inde
1277 3934 1337 3994 in
1409 3950 1681 4013 campum
1742 3931 1838 3993 di-

194 4026 369 4085 vertit
404 4024 777 4086 morborum‘
810 4021 1138 4104 praisertim
1172 4040 1375 4083 eorum
1436 4021 1535 4101 qui
1587 4020 1837 4082 convul—

191 4116 399 4176 siones
422 4114 677 4194 pariunt,
712 4112 930 4195 quibus
977 4112 1184 4175 fideles
1214 4112 1452 4173 delusos
1508 4111 1690 4172 fuisse
1739 4129 1839 4174 as-

188 4205 363 4283 serit,
386 4204 560 4283 quasi
582 4204 873 4265 daemonis
903 4202 1282 4283 Operationes
1319 4201 1378 4263 in
1409 4201 1501 4262 his
1534 4200 1838 4281 fingeren-

192 4305 311 4356 tur.
347 4295 485 4356 Posl
525 4293 676 4355 hanc
706 4292 1128 4370 irruptionem,
1158 4291 1548 4372 philosophus
1600 4292 1835 4354 Bothu-

194 4384 497 4462 magensls
524 4382 649 4443 ait:
702 4404 724 4438 α
784 4379 911 4453 Quo
965 4381 1155 4461 major
1204 4380 1521 4461 antiquitas
1550 4380 1840 4442 ambabus

190 4478 417 4538 nostris
445 4475 726 4557 Episiolis
758 4475 1021 4548 dabitur,
1055 4494 1124 4537 eo
1160 4473 1401 4555 propius
1441 4475 1510 4535 ad
1547 4474 1835 4554 originem
1862 4450 1903 4500 θ

189 4564 667 4630 Christianorum
729 4563 944 4627 abusus
998 4563 1412 4624 adducentur:

188 4654 637 4717 incommodum
667 4663 725 4715 et
754 4653 985 4715 creditu
1018 4652 1283 4715 difﬁcile.

265 4745 342 4809 Ai
367 4743 519 4805 mihi
539 4743 907 4824 respondere
930 4743 1440 4823 permittaturzcur
1459 4751 1642 4804 mutat
1655 4742 1833 4803 aduu.

190 4844 344 4896 tatur
374 4843 650 4895 naturam
683 4850 882 4894 rerum
918 4833 992 4892 de
1022 4830 1239 4912 quibus
1291 4830 1522 4896 locutus
1554 4842 1641 4893 est
1692 4833 1835 4910 Epi-

187 4925 475 4986 stolarum
506 4920 764 4984 auctor?
795 4924 886 4984 Ne
914 4939 1095 4982 unum
1143 4919 1383 5001 quidem
1433 4921 1677 4982 verbum
1735 4922 1837 4983 ille

191 5012 438 5093 protulit
462 5012 541 5073 de
572 5011 884 5072 fraudibus
903 5022 1002 5073 aut
1034 5011 1108 5072 de
1141 5011 1290 5072 fictis
1344 5011 1593 5090 morbis,
1632 5022 1730 5072 aut
1760 5012 1837 5073 de

187 5103 683 5166 convulsiunibus
715 5102 955 5163 diabolo
981 5099 1302 5164 attributis.
1355 5100 1509 5178 Ergo
1539 5102 1596 5162 in
1634 5119 1832 5163 aerem

191 5195 420 5257 locutus
438 5202 533 5255 est
555 5191 625 5253 D.
654 5192 728 5253 de
757 5189 1104 5271 Premagny,
1140 5191 1394 5272 ejusque
1425 5209 1605 5271 opera
1638 5191 1830 5270 periit.

188 5285 541 5348 Certissima
570 5281 842 5344 Christus
894 5280 1076 5360 (velit,
1113 5281 1261 5341 nolit
1315 5281 1557 5343 criticus
1611 5283 1838 5356 noster)

186 5374 397 5453 abiecit
417 5391 552 5455 ipse
575 5371 1313 5451 diemones,przecepitque
1337 5372 1622 5451 apostolis
1651 5388 1718 5431 ac
1741 5369 1830 5430 di-

1503 4564 1657 4644 quod
1748 4570 1838 4625 est

1928 3218 2098 3298 paulo
2140 3223 2276 3277 ante
2306 3233 2486 3296 quam
2517 3215 2693 3277 vitam
2727 3225 3195 3297 consummaret.
3223 3218 3356 3281 Non
3379 3217 3568 3281 semel

1926 3306 2253 3387 hospitatus
2275 3314 2367 3367 est
2394 3324 2463 3367 ac
2495 3306 2871 3368 manducavit
2920 3308 2986 3368 in
3031 3307 3210 3369 domo
3266 3303 3464 3370 Marias
3512 3316 3571 3371 et

1926 3397 2164 3457 Μαι-ωιτη
2198 3415 2214 3477 ;
2250 3413 2363 3457 nec
2392 3396 2579 3458 semel
2611 3395 2895 3459 mulieres
2921 3397 3261 3460 effuderunt
3292 3414 3569 3477 unguen-

1927 3495 2049 3547 tum
2080 3504 2262 3566 super
2284 3494 2460 3566 caput
2484 3495 2541 3548 et
2570 3486 2754 3567 pedes
2781 3486 2963 3568 illius,
2994 3513 3016 3546 ι)
3048 3497 3163 3551 etc.

2007 3575 2218 3638 Nullus
2247 3584 2337 3638 est
2367 3576 2427 3637 in
2466 3595 2791 3658 pauperum
2846 3578 3072 3641 scholis
3133 3577 3422 3660 puerulus
3472 3586 3572 3642 aut

1930 3664 2194 3745 puellula
2223 3683 2355 3745 qua:
2394 3666 2665 3728 eamdem
2695 3685 2762 3728 ac
2820 3666 3210 3751 phil020phus
3240 3667 3571 3731 Rothoma-

1927 3754 2127 3835 gensis
2158 3754 2551 3817 eruditionem
2586 3755 2684 3818 hic
2734 3756 3072 3837 producere
3103 3777 3221 3820 non
3261 3756 3569 3837 valuisset.

1923 3844 2204 3926 Nunquid
2224 3851 2539 3926 propterea
2570 3846 2697 3906 ausi
2727 3845 2980 3909 fuissent
2996 3846 3213 3911 docere
3235 3854 3336 3909 aut
3355 3838 3571 3930 repre-F

1924 3936 2191 3998 hendere
2218 3935 2411 3997 virum
2447 3935 2864 4017 apostolicum,
2896 3955 3196 3999 summum
3221 3937 3567 4018 pontificem

1925 4033 1983 4086 et
2006 4034 2318 4106 martyrem
2348 4031 2375 4089 ?
2405 4023 2477 4087 Ut
2506 4033 2699 4087 autem
2734 4026 3198 4090 reclamationes
3230 4026 3461 4090 domini
3491 4027 3569 4092 de

1924 4116 2253 4196 Premagny
2286 4114 2543 4194 alicujus
2569 4114 2852 4196 ponderis
2883 4125 3105 4198 essent,
3136 4115 3446 4180 debuisset
3474 4117 3573 4181 ci-

1925 4215 2049 4268 tare
2074 4204 2341 4286 quaedam
2360 4204 2550 4267 sancti
2575 4205 2899 4269 Clementis
2920 4205 3098 4269 verba
3147 4224 3280 4287 quae
3316 4207 3441 4270 suis
3466 4226 3570 4272 re-

1924 4292 2379 4358 clamationibus
2412 4294 2788 4357 occasionem
2816 4313 3043 4377 mquam
3076 4295 3385 4360 dedissent
3419 4298 3569 4376 ;sed

1924 4386 2085 4448 nulla
2118 4402 2360 4466 prorsus
2395 4384 2690 4464 ejusmodi
2737 4384 2915 4448 verba
2976 4384 3260 4451 existunt.
3322 4386 3571 4452 Dicetur

1923 4474 2071 4537 forte
2123 4492 2241 4536 non
2303 4490 2533 4549 verum,
2610 4473 2716 4535 sed
2777 4474 3409 4556 pseudo-Clementem
3469 4476 3569 4540 hic

1922 4562 2129 4646 impeti
2165 4580 2178 4626 :
2210 4561 2437 4624 admitti
2466 4567 2661 4640 potest
2692 4564 2991 4644 ejusmodi
3039 4566 3357 4637 excusatio,
3422 4566 3569 4648 quin

1921 4653 2266 4716 admittatur
2298 4652 2640 4732 hypothesis
2668 4654 2922 4732 gratuita
2971 4672 3150 4737 quam
3210 4664 3406 4718 textus
3463 4674 3569 4719 se-

1921 4741 2059 4805 dulo
2084 4741 2452 4804 examinatus
2482 4741 2730 4823 respuit.

2000 4831 2167 4905 Quod
2198 4838 2396 4892 autem
2429 4831 2745 4894 adnotatur
2766 4838 2883 4893 tam
2908 4850 3121 4896 serena
3136 4832 3332 4897 fronte
3352 4835 3567 4899 asserit

1919 4921 2223 4986 Christum
2258 4938 2376 4980 non
2410 4920 2594 4982 semel
2626 4920 2989 5002 hospitatum
3023 4922 3205 4986 fuisse
3264 4924 3323 4986 in
3385 4923 3565 4990 domo

1917 5011 2162 5074 Marthae
2191 5018 2250 5070 et
2274 5010 2497 5084 Mariae,
2524 5028 2731 5072 verum
2766 5017 2856 5072 est
2880 5010 3121 5092 quidem
3166 5015 3244 5077 de
3276 5014 3566 5096 prandiis;

1918 5101 2021 5163 sed
2056 5098 2680 5162 facillimecontradici
2717 5108 2911 5180 potest
2935 5102 3129 5182 quoad
3165 5106 3563 5184 pernoctatio-

1920 5210 2078 5253 nem:
2106 5199 2338 5252 veteres
2368 5188 2529 5250 enim
2567 5188 2866 5253 tradidere
2922 5191 3224 5257 Christum
3275 5195 3566 5259 secedere

1918 5291 2288 5369 consuetum,
2303 5278 2365 5340 in
2382 5290 2649 5369 montem
2668 5286 2727 5341 et
2756 5279 3142 5346 solitudinem
3167 5284 3404 5368 quando
3426 5305 3567 5369 apo-

1919 5370 2055 5434 stoli
2078 5367 2194 5452 ipsi
2223 5368 2294 5431 ad
2329 5367 2588 5450 quietem
2622 5369 2973 5433 sumendam
3006 5372 3227 5438 lectum
3261 5367 3566 5458 petebant.

255 5545 317 5597 90
348 5549 487 5609 Bas.
530 5541 868 5623 DaSpirit.
898 5540 997 5616 S.,
1032 5560 1086 5604 c.
1122 5541 1218 5604 29.
1309 5540 1367 5591 97
1408 5540 1614 5609 Matth.
1652 5558 1713 5617 χ,
1749 5542 1807 5607 8.
1895 5541 1953 5593 ’8
1981 5540 2184 5609 Matth.
2208 5556 2359 5616 .xvn,
2400 5537 2469 5609 18
2502 5545 2563 5603 et
2585 5557 2715 5621 seq.
