3998 6202
342 225 449 291 371

1157 231 1215 290 S.
1255 229 1692 293 CLEMENTIS
1722 233 1749 294 Ι
1787 228 1974 293 ROM.
2012 224 2235 291 PONT.
2270 224 2516 291 OPERA
2552 227 2925 290 GENUINA.

2762 44 2847 61 nr'ﬂ

2762 58 2791 81 Τὼ
2822 58 2857 89 ⁷3
2962 58 2977 87 Ii

2846 96 2861 105 Δ
2914 92 2921 97 ι

2982 122 2987 129 ν

342 361 481 424 Haec
511 380 689 443 porro
750 362 986 425 traditio
1040 362 1277 443 optime.
1311 363 1583 440 congruit
1639 365 1731 426 his
1795 362 2050 429 verbisA
2075 365 2236 424 ctum
2266 370 2356 423 est
2384 380 2489 441 pro
2518 360 2805 442 propheta
2837 378 3056 422 novum
3105 359 3445 421 cubiculum
3476 358 3726 421 omnino

341 449 662 529 Evangelii:
696 451 974 513 Exit't‘in
1002 460 1263 513 montem
1293 469 1495 514 orare:
1531 460 1588 515 et
1614 462 1745 517 erat
1762 474 1995 538 peruo—

340 549 515 603 ctans
542 545 607 601 in
625 546 905 604 oratione
931 539 1125 603 Dei”.
1156 543 1246 603 En
1265 541 1481 603 factum
1509 548 1992 621 pernoctationis.

344 628 529 693 Visne
550 628 775 691 habere
794 630 1408 693 consuetudinemYEt
1433 636 1818 715 egressus,ait
1840 637 1996 697 idem

348 719 708 798 evangelista
737 720 814 782 de
844 730 1114 800 tempore
1147 728 1437 782 nocturno
1467 720 1995 804 loquens,ibat,se-

347 809 607 872 cundum
637 809 1157 884 consuetudinem,
1184 811 1245 870 in
1268 817 1533 871 montem
1570 812 1885 876 Oliuarum
1914 813 1985 874 3°.

348 896 570 961 Omnes
601 899 982 977 evangelista:
1007 900 1318 977 signarunt
1344 896 1551 961 sedulo
1575 900 1733 964 hunc
1767 904 1991 983 specia-

348 986 466 1049 lem
515 988 713 1047 locum
749 987 1034 1048 orationis
1063 985 1275 1050 Christi
1332 993 1391 1047 in
1428 998 1627 1052 monte
1661 990 1986 1067 Olivarum,

348 1086 624 1139 vocantes
653 1077 818 1138 illum
847 1076 1157 1157 prmdium,
1197 1077 1283 1138 vel
1317 1077 1553 1139 hortum
1579 1077 1991 1143 Gethsemani.

351 1165 415 1227 In
451 1165 713 1249 publico,
751 1167 988 1229 easdem
1022 1168 1145 1230 fere
1167 1166 1768 1231 relationesChristus
1792 1170 1995 1232 habuit

351 1274 484 1316 cum
534 1256 677 1317 viris
734 1265 791 1319 et
846 1256 1247 1321 mulieribus:
1306 1259 1379 1319 ad
1435 1258 1778 1320 salvandum
1832 1261 1990 1321 enim

349 1352 667 1426 utrumque
701 1364 903 1409 sexum
941 1354 1181 1409 venerat
1217 1348 1364 1421 ;sed
1421 1348 1713 1427 privatim,
1782 1350 1993 1411 eodem

352 1434 529 1496 modo
562 1454 677 1496 non
704 1454 766 1496 se
798 1435 1076 1514 gerebat:
1114 1436 1373 1513 ideoque
1395 1439 1685 1499 mirantur
1747 1439 1995 1520 apostoli

352 1524 589 1604 quando
625 1544 759 1586 eum
791 1525 980 1587 solum
1016 1525 1512 1607 vident,quamvis
1530 1527 1591 1588 in
1623 1541 1989 1608 aperto,cum

354 1612 603 1675 muliere
638 1615 1010 1676 Samaritana
1040 1615 1500 1697 colloquentem.

2082 460 2416 529 separatum
2451 450 2523 511 ab
2558 467 2625 511 ea
2656 448 2729 507 33.
2795 449 3012 511 Textus
3059 448 3387 511 llehraicus
3446 466 3732 529 expresse

2082 539 2770 619 designatseparationis
2822 558 3058 601 murum
3095 540 3197 618 qui
3248 538 3573 600 aediﬁcatus
3603 548 3720 599 est.

2080 628 2204 690 Hoc
2238 629 2526 707 ignoravit
2551 629 2620 691 D.
2656 629 2729 689 de
2761 632 3109 708 Premagny,
3137 628 3387 707 ideoque
3412 628 3725 707 insupera-

2084 716 2261 778 hilem
2303 718 2597 797 judicavit
2630 719 3203 797 argumentationem
3239 737 3427 781 suam.
3466 718 3725 779 Aliunde

2078 826 2193 867 non
2228 809 2412 886 exigit
2431 818 2671 870 sanctus
2706 808 2980 870 Clemens
3014 818 3076 867 ut
3108 806 3265 868 nulla
3295 808 3370 868 sit
3398 808 3614 870 mulier
3647 810 3710 869 in

2076 896 2251 957 domo
2277 916 2455 974 quam
2490 896 3043 959 habitanthomines
3073 897 3353 975 virgines,
3388 898 3716 977 praesertim

2075 986 2316 1061 quando
2351 987 2466 1049 iter
2497 987 2743 1060 faciunt,
2793 987 2896 1049 sed
2949 995 3012 1046 ut
3073 986 3291 1064 fugiant
3325 987 3725 1049 contubernia

2076 1093 2208 1135 cum
2240 1075 2611 1147 mulieribus,
2643 1086 2700 1137 et
2762 1086 2823 1136 nt
2854 1076 2998 1156 ipsis
3035 1096 3151 1137 non
3187 1076 3523 1138 ministrent
3578 1097 3721 1139 mu—

2078 1164 2278 1227 lieres.
2314 1165 2441 1227 Jam
2478 1167 2592 1226 dixi
2629 1166 2970 1227 cubiculum
3002 1165 3182 1226 Elisei
3216 1167 3371 1244 apud
3435 1168 3723 1229 Sunami-

2078 1253 2255 1313 tidem
2306 1255 2486 1317 fuisse
2516 1264 2850 1336 separatum
2889 1273 2903 1331 ;
2959 1254 3041 1315 ibi
3086 1274 3224 1317 vero
3259 1256 3649 1319 ministerium
3686 1275 3726 1317 a

2082 1342 2430 1405 mulieribus
2467 1364 2580 1405 non
2614 1344 2944 1425 recipiebat
2976 1365 2990 1405 :
3028 1344 3113 1405 illi
3165 1346 3323 1406 enim
3386 1347 3727 1409 sufficiebat

2078 1448 2281 1493 Servus
2307 1435 2402 1514 qui
2436 1453 2675 1513 semper
2705 1433 3096 1495 comitabatur
3126 1453 3284 1495 eum.

2159 1519 2362 1582 Naevos
2392 1524 2603 1599 qumrit
2642 1524 2906 1584 invenire
2952 1526 3191 1584 criticus
3245 1525 3627 1606 philosophus
3658 1527 3728 1586 in

2080 1606 2355 1687 Epistolis
2387 1612 2605 1673 nostris
2662 1621 2721 1672 ut
2772 1613 3185 1674 auctoritatem
3235 1632 3438 1675 earum
3500 1614 3725 1677 elevet.

431 1714 516 1776 Ex
546 1734 615 1777 eo
640 1715 796 1797 quod
825 1726 1065 1779 sanctus
1096 1716 1372 1779 Clemens
1404 1719 1615 1781 Christi
1668 1720 1846 1782 verba
1896 1740 1996 1782 re-
2023 1729 2057 1778 Β
2080 1699 2336 1797 Grandis
2368 1700 3021 1797 ίὲίξξ¹τνίβδίυὶ1υίξίυίον
3049 1722 3247 1763 nimus
3271 1714 3359 1797 φεῖ
3382 1706 3540 1797 illum
3564 1724 3721 1784 Qua-

353 1803 558 1865 tuIerit
586 1805 659 1867 ad
686 1806 925 1867 Mariam
958 1806 1362 1884 Magdalenam
1398 1808 1693 1871 dicentis:
1731 1811 1873 1871 Noli
1905 1830 1999 1872 me

356 1900 629 1975 tangere,
652 1896 1015 1957 concludere
1047 1896 1219 1957 vellet
1248 1896 1799 1971 adnotator,contra
1831 1898 1997 1961 Wet-

354 1984 598 2059 stinuiu,
629 1985 702 2046 ab
734 1994 976 2047 auctore
1006 1985 1405 2066 Epistolarum
1450 1987 1664 2049 melius
1693 1992 1993 2066 cognitum

355 2071 1383 2154 fuissesanctiJoannisEvangelium
1409 2095 1583 2156 quam
1607 2078 1994 2157 Evangelium

359 2162 545 2223 sancti
580 2164 835 2225 Mattluei
859 2163 960 2243 qui
990 2165 1144 2225 hanc
1162 2164 1662 2226 circumstantiam
1683 2172 1996 2231 tacet.Hoc

355 2250 733 2314 ratiocinium
768 2253 1121 2333 philosopho
1186 2272 1391 2333 parum
1426 2256 1700 2317 convenit
1736 2278 1748 2317 :
1802 2277 1998 2338 neque

359 2341 521 2403 enim
550 2353 788 2405 sanctus
817 2342 1151 2419 Matthaeus,
1185 2362 1379 2423 neque
1402 2345 1600 2405 cazteri
1622 2347 1999 2427 evangelista;

356 2431 821 2508 voluerunt,imo
839 2431 990 2493 velle
1020 2440 1342 2512 potuerunt
1365 2433 1631 2496 scribere
1648 2441 1847 2497 omnia
1868 2455 1998 2517 qum

358 2520 628 2585 Christus
670 2520 943 2601 gesserit.
1006 2522 1189 2600 Igitur
1244 2520 1317 2583 ab
1381 2522 1494 2584 hoc
1553 2523 1792 2588 silentio
1854 2525 1997 2587 nihil

363 2609 607 2672 omnino
637 2610 914 2673 concludi
936 2619 1150 2691 potest.
1176 2610 1285 2683 Qui
1309 2612 1467 2673 enim
1490 2614 1877 2677 concluderet
1899 2616 2001 2677 do-

357 2698 583 2760 minum
612 2699 687 2762 de
732 2702 1060 2780 Premagny
1113 2701 1259 2763 nihil
1294 2702 1447 2763 aliud
1484 2702 1793 2783 scripsisse
1818 2723 1994 2785 quam

354 2788 688 2850 versionem
720 2788 1007 2852 Gallicam
1041 2799 1379 2853 nostrarum
1411 2790 1836 2871 Epistolarum,
1862 2814 1994 2856 cum

356 2877 658 2965 adjunctis
689 2877 1191 2953 adnotationibus,
1253 2886 1389 2960 quia
1439 2881 1544 2942 has
1601 2882 1791 2944 solum
1846 2884 1999 2965 typis

358 2964 680 3042 mandavit,
712 2986 831 3028 non
861 2968 1004 3030 satis
1034 2968 1201 3030 fama;
1232 2970 1387 3031 illius
1416 2970 1757 3034 consuleret
1792 2994 1807 3049 ;
1856 2964 1998 3053 pro-

356 3055 633 3119 babiliter
662 3075 917 3138 namque
974 3076 1125 3138 opus
1157 3058 1314 3121 istud
1367 3060 1581 3121 merito
1627 3062 1877 3124 inferius
1911 3070 2059 3139 estC

355 3146 659 3222 sexaginta
699 3146 833 3208 aliis
862 3147 1163 3227 opusculis
1190 3148 1320 3228 ejus
1334 3152 1881 3230 quaemanuscripta
1909 3170 2001 3212 re-

360 3246 729 3298 manserunt.

442 3360 593 3427 XIII.
624 3365 945 3426 Auctorem
976 3364 1372 3444 Epistolarum
1407 3377 1645 3430 accusat
1665 3369 1737 3432 D.
1759 3370 1832 3431 de
1862 3370 2001 3432 Pre-

362 3470 572 3533 magny
602 3452 769 3533 quasi
801 3452 1125 3516 inﬁdeliter
1177 3457 1430 3517 narrarit
1461 3457 1771 3519 historiam
1824 3458 2004 3521 Elisei

363 3549 425 3605 et
453 3540 864 3604 Sunamitidis.
896 3540 1013 3605 Sed
1046 3561 1178 3623 quae
1210 3546 1413 3625 paucis
1433 3545 1632 3608 verbis
1661 3549 1844 3609 refert
1873 3568 2004 3610 san-

366 3639 495 3694 ctus
526 3630 800 3693 Clemens
830 3633 1050 3712 optime
1110 3634 1476 3695 concordant
1524 3655 1658 3696 cum
1692 3636 1871 3698 rebus
1901 3658 2002 3701 re-

366 3721 501 3783 latis
530 3720 591 3781 in
623 3729 832 3802 quarto
860 3720 1012 3783 libro
1044 3724 1297 3804 Regum,
1327 3731 1591 3805 quamvis
1611 3743 1712 3787 res
1736 3728 2004 3790 minutis-

365 3810 547 3872 simas
577 3829 695 3872 non
726 3810 906 3872 fuerit
937 3822 1341 3875 consectatus.
1366 3813 1694 3877 Achilleam
1729 3817 1998 3898 philoso-

362 3902 515 3983 phus
548 3909 751 3962 noster
780 3900 1092 3962 aestimavit
1119 3904 1269 3964 hanc
1306 3903 1733 3982 objectionem:
1769 3907 2001 3970 Eliseus

364 3990 688 4071 acceptavit
718 3989 1055 4052 cubiculum
1089 3992 1145 4052 in
1179 3995 1357 4054 domo
1389 3995 1782 4058 Sunamitidis
1819 4020 1831 4061 :
1863 4018 2000 4076 ergo

364 4097 484 4142 non
517 4089 642 4141 erat
670 4080 768 4140 hic
803 4080 1089 4159 propheta
1139 4090 1454 4143 exlraneus
1512 4086 1674 4146 omni
1731 4087 1997 4149 relationi

366 4188 501 4231 cum
548 4168 918 4231 mulieribus.
950 4172 1102 4250 Ergo
1124 4181 1331 4233 auctor
1360 4173 1763 4252 Epistolarum
1796 4176 1997 4237 falsam

364 4257 597 4320 induxit
622 4258 1020 4339 hypothesim.
1076 4259 1226 4340 Ergo
1278 4263 1528 4323 honorat
1558 4273 1828 4326 sanctum
1862 4266 1989 4328 Cle-

363 4354 626 4409 mentem
652 4347 755 4428 qui
784 4348 942 4411 hunc
972 4368 1089 4413 non
1121 4350 1335 4432 recipit
1363 4351 1529 4431 quasi
1551 4352 1791 4415 istarum
1827 4353 2000 4435 Epis-

2085 1794 2174 1848 ter
2188 1790 2713 1853 sanctusClemens
2736 1792 3105 1854 Christianos
3131 1792 3545 1867 nominaverit,
3581 1813 3723 1854 cum

2085 1894 2189 1937 vox
2222 1877 2331 1937 ista
2364 1888 2450 1941 (cr
2477 1889 2696 1941 tantum
2751 1881 2809 1940 in
2843 1884 3007 1943 Novo
3042 1880 3417 1943 Testamento
3445 1883 3725 1964 reperia-

2082 1974 2193 2026 tur.
2228 1966 2745 2048 Perspicacitalem
2780 1970 2957 2049 hujus
2996 1970 3396 2032 adnotationis
3432 1973 3724 2052 judican-

2080 2056 2213 2117 dam
2246 2057 2528 2139 relinquo
2561 2059 2804 2121 cuilibet
2848 2059 3079 2121 lectori.
3115 2061 3172 2123 Si
3226 2061 3321 2122 cui
3372 2072 3565 2123 tamen
3599 2083 3726 2124 non

2081 2145 2379 2209 sufficeret
2400 2149 2512 2211 hoc
2543 2167 2919 2229 responsum,
2946 2148 3100 2210 scire
3124 2149 3427 2212 debethoc
3458 2155 3725 2213 vocabu-

2082 2232 2200 2293 lum
2233 2235 2384 2296 adeo
2416 2256 2733 2298 commune
2789 2238 2968 2299 fuisse
3002 2240 3111 2299 hac
3143 2246 3335 2318 aetate,
3367 2248 3485 2300 uta
3538 2241 3735 2318 genti-

2083 2323 2241 2384 libus
2260 2325 2476 2403 passim
2504 2326 3340 2408 adhiberetur,sicutpatetex
3368 2330 3535 2391 Actis
3554 2348 3732 2390 mar-

2082 2415 2233 2491 tyrii
2262 2412 2477 2477 Sancti
2507 2415 2739 2491 Ignatii
2797 2417 3174 2498 Antiocheni,
3235 2427 3290 2479 et
3324 2436 3391 2478 ex
3450 2417 3737 2498 Epistula

2082 2502 2277 2563 Plinii
2298 2504 2378 2565 ad
2403 2503 2737 2584 Trujanum
2764 2508 3215 2586 impera/orem,
3240 2508 3311 2569 de
3337 2507 3729 2570 Christianis.

2161 2592 2318 2655 XIV.
2353 2595 2686 2656 Wetstinus
2708 2597 3061 2675 allegaverat
3094 2598 3502 2659 auctoritatem
3533 2599 3734 2659 sancti

2082 2680 2392 2759 Epiphanii
2423 2683 2522 2762 qui
2548 2684 2844 2745 haereticis
2877 2686 2979 2746 εθνί
3040 2686 3130 2746 sui
3182 2685 3517 2765 opponebat
3576 2687 3731 2763 Epi-

2082 2772 2262 2832 stolas
2291 2771 2482 2833 sancti
2514 2774 2837 2835 Clementis
2864 2775 2937 2835 ad
2961 2775 3309 2854 virgines,in
3331 2774 3541 2856 quibus
3563 2794 3734 2835 com-

2086 2869 2493 2923 memorantur
2522 2862 2705 2937 Elias,
2738 2862 2939 2937 David,
2968 2864 3215 2926 Samson
3250 2872 3307 2926 et
3338 2882 3542 2925 omnes
3579 2882 3729 2944 pro-

2086 2949 2297 3028 phetaa.
2330 2949 2411 3010 Ad
2434 2952 2545 3012 hoc
2564 2964 2976 3031 argumentum
3005 2954 3207 3015 reduci
3230 2962 3414 3033 potest
3446 2954 3739 3014 Wetstini

2084 3038 2476 3102 ratiocinatio:
2519 3066 2544 3095 α
2580 3040 2707 3103 Non
2730 3044 2923 3105 solum
2950 3043 3738 3124 Epiphanius,siculHiero-

2085 3146 2312 3206 nymus,
2348 3127 2875 3208 Epistolasindicat
2907 3151 3054 3209 quas
3078 3141 3319 3193 sanctus
3352 3132 3629 3193 Clemens
3650 3133 3730 3191 ad

2084 3216 2339 3293 virgines
2364 3218 2603 3298 scripsit
2630 3243 2645 3297 ;
2671 3221 2776 3281 sed
2804 3222 2908 3283 has
2940 3221 3279 3302 specialiter
3300 3220 3589 3301 Epistolas
3612 3220 3736 3281 dis-

2086 3303 2255 3364 tinxit
2289 3309 2703 3371 enuntiatione
2738 3320 2926 3372 textus
2960 3311 3059 3391 qui
3094 3311 3153 3371 in
3189 3311 3421 3371 caeteris
3451 3308 3741 3390 operibus

2086 3395 2273 3455 sancti
2304 3394 2623 3459 Clementis
2666 3400 2873 3460 nullihi
2907 3401 3229 3481 reperitur.
3262 3402 3325 3462 In
3382 3399 3520 3460 solis
3570 3399 3731 3459 enim

2090 3484 2369 3562 Epistolis
2400 3488 2469 3548 ad
2500 3487 2757 3567 virgines
2791 3490 3013 3551 mentio
3048 3492 3110 3551 fit
3163 3490 3238 3551 de
3286 3488 3436 3569 Elia,
3488 3488 3733 3564 Davide,

2088 3570 2373 3635 Samsone
2407 3586 2462 3636 et
2495 3579 2774 3642 omnibus
2800 3579 3129 3658 prophetis.
3171 3605 3195 3633 ι)

2165 3661 2371 3724 Robur
2393 3666 2568 3746 hujus
2597 3669 2899 3730 ratiocinit
2932 3669 3100 3749 quasi
3132 3688 3248 3731 non
3310 3668 3625 3729 advertens
3657 3668 3732 3731 D.

2086 3748 2159 3811 de
2192 3753 2536 3835 Premagny,
2572 3772 2913 3819 sermonem
2946 3748 3279 3838 gyroﬂectit
3300 3757 3374 3819 ad
3434 3757 3732 3820 inscitiam

2086 3843 2337 3920 exempli
2367 3840 2689 3916 Samsonis,
2721 3848 2887 3926 quasi
2913 3848 3165 3927 pessime
3196 3854 3433 3909 sani-tus
3455 3847 3736 3909 Clemens

2085 3927 2431 3993 Samsonem
2460 3934 2574 3997 huc
2620 3934 2972 3998 induxisset.
3009 3936 3125 3999 Sed
3161 3938 3270 3999 etsi
3300 3936 3741 3997 concederetur

2085 4019 2326 4081 domino
2348 4023 2423 4083 de
2446 4022 2774 4106 Premagny
2796 4027 3145 4088 Samsonem
3172 4046 3287 4088 non
3307 4026 3584 4089 debuisse
3612 4026 3735 4087 huc

2085 4110 2405 4187 introduci,
2444 4132 2560 4173 non
2594 4114 2791 4176 minus
2814 4116 3030 4178 invicta
3053 4124 3208 4179 esset
3239 4114 3542 4178 conclusio
3564 4116 3739 4177 Wet-

2086 4198 2247 4273 stini,
2283 4202 2403 4279 qui,
2430 4221 2496 4261 ex
2534 4202 2643 4264 hac
2678 4205 3007 4284 prolatione
3040 4205 3547 4267 authenticitatem
3582 4204 3730 4284 Epi-

2085 4287 2372 4349 stolarum
2406 4300 2679 4353 nostraru
2730 4314 2741 4349 ῖ
2774 4294 2972 4355 infert.

2170 4380 2232 4439 Ut
2263 4388 2483 4463 autem,
2517 4401 2591 4443 ex
2622 4382 2730 4443 hac
2759 4383 2933 4443 etiam
2970 4392 3158 4464 parte,
3185 4383 3441 4447 debilem
3477 4402 3606 4446 esse
3622 4386 3727 4445 aJ-

362 4436 615 4500 tolarum
654 4445 979 4503 auctorem.

2090 4476 2410 4530 notatorem
2447 4436 2660 4550 pateat,
2695 4472 2829 4533 dico
2856 4436 3126 4554 exe‘mpla
3158 4476 3462 4539 Samsonis
3495 4484 3553 4535 et
3607 4473 3731 4534 Da-

443 4538 517 4643 lit
549 4539 810 4643 funditus
828 4544 1335 4643 ruat-huiusmodi
1378 4550 1811 4643 argumentatio
1865 4549 2003 4610 satis
2086 4557 2231 4619 vidis
2258 4538 2813 4623 mirificeinservire
2846 4562 2999 4626 thesi
3030 4538 3287 4627 auctoris
3312 4563 3734 4643 Epistularum.

364 4629 479 4733 erit
505 4628 792 4733 adnotare
828 4633 1301 4733 hospitalitatem
1320 4655 1496 4733 quam
1524 4637 1824 4733 interdum
1859 4658 1999 4719 pro-
2086 4645 2146 4709 Si
2180 4666 2431 4729 namque
2454 4651 2766 4731 prudentia
2790 4654 3215 4733 prophetarum
3245 4628 3577 4713 nos'cautos
3598 4671 3735 4713 esse

365 4722 545 4817 pheta
578 4723 806 4817 recepit
827 4723 980 4801 apud
1012 4724 1469 4817 Sunamitidem,
1524 4746 1640 4788 non
1685 4728 1863 4791 fuisse
1894 4748 1999 4791 co-
2094 4746 2316 4811 monet,
2337 4722 2738 4817 quorumdam
2773 4722 3107 4802 sanctorum
3140 4742 3400 4803 virorum
3433 4762 3604 4803 casus
3627 4762 3733 4802 va-

364 4811 793 4875 habitationem
826 4831 1001 4890 quam
1037 4814 1315 4894 prohibet
1345 4826 1585 4878 sanctus
1624 4819 1923 4881 Clemens.
2092 4826 2308 4888 lentior
2337 4811 2529 4889 adhuc
2554 4829 2895 4910 praedicatio
2916 4840 3005 4892 est
3025 4842 3085 4892 ut
3110 4831 3554 4912 nobismetipsis
3581 4833 3739 4893 «lifti-

444 4915 762 4977 Enimvero
789 4915 1002 4978 domus
1051 4913 1439 4981 Sunamitidis
1498 4938 1614 4981 una
1642 4930 1767 4982 erat
1796 4940 1866 4982 ex
1915 4921 2007 4981 his
2090 4916 2323 4978 damus.
2354 4916 2481 4978 Non
2513 4920 2699 4979 solum
2719 4921 3070 4981 Samsonem
3095 4922 3442 4983 etDavidem
3475 4923 3739 5001 appellat

366 5004 666 5086 opulentis
719 5004 1189 5068 habitationibus
1239 5026 1369 5087 quae
1417 5009 1767 5092 plerumque
1817 5012 2005 5072 servis
2091 5014 2328 5066 sanctus
2360 5006 2761 5089 Hieronymus
2796 5010 2853 5069 in
2910 5011 3016 5070 hac
3054 5012 3321 5085 materia,
3381 5010 3484 5071 sed
3549 5012 3730 5071 etiam

367 5093 692 5158 abundant.
723 5095 856 5175 Ipsa
877 5094 1143 5156 declarat
1178 5115 1242 5157 se
1272 5098 1331 5158 in
1365 5099 1563 5160 medio
1598 5099 1797 5180 populi
1843 5102 1930 5161 sui
1952 5101 1999 5143 3t
2089 5092 2492 5159 Salomonem.
2523 5098 2748 5160 Omnes
2782 5108 2996 5159 norunt
3052 5100 3176 5161 haac
3229 5100 3418 5162 sancti
3471 5100 3740 5161 doctoris

370 5184 534 5266 quasi
570 5184 901 5266 principem
926 5184 1219 5259 habitare,
1250 5195 1307 5247 et
1333 5188 1494 5250 nulla
1524 5208 1590 5251 re
1620 5190 1907 5269 indigere.
1939 5189 2002 5252 In
2086 5184 2266 5245 verba
2291 5186 2361 5246 ad
2395 5187 2851 5267 Nepotianum:«
2892 5190 2977 5251 Ne
3007 5189 3115 5250 sub
3140 5190 3349 5250 eodem
3379 5198 3531 5250 tecto
3567 5208 3738 5249 man-

365 5274 1807 5355 illadomo,quasitransienshabitatEliseuscum
1834 5298 2003 5341 servo
2089 5275 2254 5354 siles,
2291 5296 2397 5337 nec
2454 5277 2512 5337 in
2566 5280 2862 5357 prmlerita
2926 5279 3197 5340 castitate
3253 5278 3537 5339 conﬁdas.
3602 5279 3733 5340 Nec

367 5383 495 5427 suo.
523 5364 717 5438 Quare
772 5365 932 5428 enim
965 5364 1075 5427 sub
1106 5364 1205 5427 dio
1236 5374 1643 5447 pernoctasset
1674 5367 1699 5431 ?
1726 5368 2006 5441 Quamvis
2089 5365 2351 5426 srnctior
2395 5368 2600 5443 David,
2637 5385 2747 5429 nec
2779 5367 3069 5430 Samsone
3102 5370 3328 5448 fortior,
3391 5385 3499 5428 uec
3552 5368 3735 5430 Sain-

366 5464 571 5517 autem
616 5453 829 5516 domus
859 5454 962 5517 illa
1000 5456 1199 5537 ampla
1228 5455 1380 5519 foret
1402 5467 1705 5541 vastaque,
1731 5468 2005 5523 constru-
2094 5473 2269 5519 mone
2302 5466 2467 5535 potes
2524 5475 2658 5519 esse
2705 5457 3056 5539 sapientior.
3095 5483 3115 5514 η

446 5592 502 5637 ³³
527 5589 675 5654 Luc.
703 5607 786 5671 v1,
818 5596 913 5654 t2.
1000 5591 1051 5639 ³ο
1082 5593 1227 5658 Luc.
1268 5609 1411 5672 χχιι,
1445 5594 1548 5659 39.
1634 5594 1683 5638 3‘
1718 5594 1793 5659 IV
1822 5594 1996 5674 Reg-

2114 5593 2207 5655 l3.
2296 5587 2348 5633 ³⁸
2377 5589 2559 5668 Ibid.,
2594 5592 2693 5657 10.
