3998 6202
1066 116 1583 197 EPISTOLIEAD
1612 134 2009 200 vmemes.
2039 165 2118 180 -
2169 136 2566 202 sacceum.

122 6084 191 6117 υ,

3419 138 3537 219 3'14

255 266 1223 349 Praeterea,peccaveruntquidem
1240 268 1489 332 Samson
1518 279 1574 332 et
1597 267 1803 350 David;
1825 283 1863 324 Α
1888 266 2345 340 futuro,certum
2370 268 2626 334 incerto.
2658 271 2912 336 Ministri
2930 277 3183 339 Romani
3208 278 3382 340 aliter
3396 297 3543 341 seu-

172 357 277 420 sed
300 357 359 418 in
382 360 645 438 peccatis
666 377 782 419 nou
808 367 1359 438 perseveraverunté
1391 358 1646 439 ideoque
1671 378 1799 421 san-
1900 356 2047 419 tiunt
2080 365 2137 420 et
2167 366 2368 439 agunt,
2403 378 2438 421 a
2472 360 2826 439 quibusdam
2868 365 3120 439 saeculis,
3155 374 3214 428 et
3249 386 3281 428 ε
3332 369 3541 431 matri-

170 456 300 511 ctus
319 446 1505 530 EpiphaniusEbionitasarguitquodeos
1529 449 1812 529 repudia-
1900 448 2096 508 monia
2127 447 2450 510 abstinent.
2492 476 2518 506 ››
2569 448 2775 514 Priora
2822 452 3002 515 verba
3048 457 3376 519 orthodoxa
3419 477 3541 521 non

171 537 363 601 verint
392 557 528 601 cum
559 539 797 601 caeteris
830 537 1163 619 prephetis.
1897 537 2396 618 sunt;posteriora
2424 538 2705 603 historice
2741 542 3068 604 suntfalsa.
3089 546 3259 625 Saepe
3289 544 3541 625 legendo

249 627 549 703 Quantum
573 627 647 690 ad
672 628 921 690 verbum
963 626 1169 690 laudat
1202 645 1319 706 quo
1344 646 1488 688 usus
1518 637 1606 689 est
1639 629 1809 690 Wet-
1893 626 2308 689 adnotationes
2340 628 2567 691 domini
2596 631 2674 693 de
2709 632 3063 712 Premagny,
3100 636 3363 715 suspicio
3397 637 3543 699 mihi

172 723 359 780 stinus
379 719 617 781 citandn
648 725 872 780 textum
903 718 1092 779 sancti
1145 716 1487 797 Epiphanii,
1526 718 1679 778 scire
1702 716 1813 779 de-
1890 716 2095 778 oborta
2126 726 2216 778 est
2252 717 2420 779 illum
2473 719 2726 782 fortasse
2778 722 3145 801 pertinuisse
3193 723 3266 786 ad
3318 732 3541 787 sectam

172 808 395 870 huisset
423 811 493 871 D.
518 806 594 870 de
617 809 943 887 Premagny
962 808 1070 869 hac
1093 826 1261 885 voce,
1286 806 1638 886 saepissime,
1667 806 1813 868 nihil
1894 808 2367 887 protestantium.
2389 806 2672 870 Erraham
2699 828 2711 872 ε
2739 810 2968 872 nullum
2997 812 3217 893 quippe
3240 814 3418 893 hujus
3449 814 3538 877 fa-

170 897 327 961 aliud
350 896 1806 975 signiﬁcariquamcommemorationem,neclau-
1897 895 2071 957 miliae
2126 896 2457 959 membrum
2509 918 2769 979 unquam
2820 898 2959 961 huic
3007 901 3220 963 haeresi
3269 905 3537 967 adhmsit.

171 988 305 1049 dem
338 986 413 1048 ab
444 1005 517 1047 eo
546 1004 785 1066 semper
813 985 1087 1049 indicari.
1890 983 2327 1046 Tantummodo
2388 989 2612 1049 certior
2685 988 2867 1049 fsctus
2920 1008 3048 1050 sum
3129 989 3537 1055 adnotatorem

245 1074 379 1141 XV.
413 1075 746 1140 Prudenter
774 1074 1038 1137 siluisset
1067 1076 1380 1138 adnotatur
1428 1094 1560 1155 quae
1607 1077 1811 1139 dicere
1894 1074 2101 1147 fuisse,
2126 1075 2328 1154 utjam
2354 1076 2495 1138 alibi
2530 1078 2753 1139 dictum
2787 1086 2897 1158 est,
2928 1078 3156 1140 socium
3190 1089 3536 1145 consuetum

174 1165 548 1247 praesumpsit
582 1166 656 1227 de
691 1165 1017 1248 privatione
1052 1164 1417 1226 matrimonii
1478 1163 1615 1226 Vult
1648 1167 1804 1226 enim
1896 1163 2386 1246 phil050phorum
2411 1165 2610 1228 saeculi
2632 1167 3025 1247 praecedentis
3056 1168 3158 1248 qui
3189 1168 3540 1248 religionem

172 1263 411 1319 sanctus
435 1256 652 1320 Paulus
675 1264 790 1317 uta
815 1254 991 1317 nobis
1017 1254 1173 1316 absit
1193 1253 1534 1317 scurrilitas
1559 1272 1694 1333 quae
1723 1255 1806 1317 ad
1891 1253 2184 1314 lacessere
2209 1253 2633 1330 gloriabantur.
2666 1255 2729 1317 In
2756 1256 2943 1318 altera
2966 1256 3230 1320 editione
3250 1259 3542 1321 versionis

172 1365 296 1409 rem
319 1364 443 1408 non
469 1347 740 1427 pertinet
759 1343 835 1407 ³³.
861 1343 1139 1425 Plerique
1166 1343 1437 1405 homines
1462 1341 1689 1405 nubere
1710 1362 1807 1405 vo-
1891 1341 2127 1406 Gallicae
2150 1352 2487 1406 nostrarum
2509 1345 3016 1427 Epistolarum,D.
3036 1347 3111 1410 de
3132 1348 3457 1429 Premagny
3480 1348 3539 1410 id

173 1436 314 1510 lunt,
350 1436 491 1518 quia
522 1434 840 1497 celihatum
873 1432 1096 1496 viribus
1142 1434 1260 1494 suis
1293 1431 1669 1513 superiorem
1698 1436 1801 1514 ju—
1891 1433 2454 1513 supperaddendum
2472 1434 2758 1514 judicavit
2782 1437 2870 1497 his
2888 1455 3017 1516 quze
3043 1436 3102 1498 in
3127 1437 3310 1518 priori
3333 1438 3541 1501 editio-

170 1525 386 1587 dicant.
406 1524 512 1586 llis
535 1523 678 1585 dicit
699 1521 1362 1611 Apostolnszzlleliusest
1383 1522 1806 1611 nuberequam
1830 1560 1869 1611 Β
1892 1541 1966 1583 ne
1977 1523 2101 1601 jam
2126 1523 2349 1584 dixerat
2375 1541 2387 1585 :
2427 1549 2452 1578 α
2476 1524 2630 1586 Deus
2651 1544 2768 1586 non
2798 1527 3074 1605 proponit
3100 1526 3536 1591 incrementum

170 1612 360 1677 usi“.
401 1615 501 1677 Isti
558 1632 693 1675 vero
751 1609 1262 1693 reprehensibiles
1320 1611 1515 1673 forent
1562 1610 1615 1672 si
1668 1629 1805 1690 pro-
1834 1609 1853 1611 ⁷
1897 1611 2191 1672 mercedis
2223 1630 2328 1691 pro
2360 1612 2711 1676 caelibibus:
2751 1622 2809 1675 et
2839 1624 2901 1676 et
2942 1614 3088 1677 satis
3137 1615 3352 1677 mirum
3385 1626 3474 1679 est
3504 1635 3538 1678 a

170 1714 367 1784 pterea
424 1704 821 1782 virginitatem
874 1701 1315 1782 impugnarent,
1354 1710 1453 1762 aut
1500 1719 1626 1762 eam
1675 1720 1809 1762 om-
1897 1713 2105 1762 sancto
2134 1701 2440 1763 Clemente
2471 1704 2765 1784 prolatum
2815 1704 2997 1766 fuisse
3029 1705 3143 1766 hoc
3175 1705 3536 1785 paradoxum

173 1794 338 1856 nibus
394 1792 830 1872 impossibilem
917 1792 1411 1870 pronuntiarent:
1478 1789 1809 1852 doctrinam
1898 1790 3537 1874 temporeadeoapostolisvicino,praasertimquesancto

173 1887 380 1966 quippe
401 1903 435 1946 e
458 1885 753 1945 diametro
776 1881 1137 1943 contrariam
1165 1880 1365 1942 statuit
1389 1879 1684 1956 Christus,
1712 1881 1814 1942 do-
1900 1885 2075 1946 Petro
2111 1884 2535 1963 praedecessori
2570 1904 2699 1962 suo,
2732 1887 2903 1967 cujus
2946 1886 3388 1948 matrimonium
3422 1907 3539 1949 nou

176 1976 357 2036 cendo
374 1993 493 2033 non
510 1990 720 2033 omnes
742 1970 985 2052 quidem
1011 1987 1227 2050 capere
1249 1968 1491 2031 verbum
1514 1969 1810 2051 istud,sed
1901 1974 2149 2034 habetur
2170 1973 2640 2050 utdubium,nec
2660 1975 2839 2037 etiam
2863 1976 3307 2037 matrimonium
3323 1976 3539 2039 horum

176 2064 378 2145 quibus
400 2063 606 2124 datum
639 2070 747 2135 est,
774 2068 833 2123 et
861 2059 1133 2121 addendo
1162 2078 1175 2123 :
1206 2060 1320 2133 Qui
1358 2065 1545 2140 potest
1574 2076 1810 2140 cupere,
1897 2062 2314 2141 episcoporum
2371 2082 2523 2140 quos
2579 2064 2811 2126 volebat
2867 2072 3108 2126 sanctus
3159 2062 3381 2127 Paulus
3409 2083 3540 2127 esse

176 2150 438 2231 capiat”
465 2171 481 2211 :
509 2168 645 2232 quae
675 2148 1114 2213 verbainvitant
1148 2150 1379 2210 animas
1412 2166 1733 2225 generosas
1753 2156 1813 2210 et

175 2239 345 2302 firtes
374 2240 451 2301 ad
485 2239 907 2319 virginitatem,
942 2249 1184 2320 propter
1211 2256 1460 2317 regnum
1495 2237 1805 2301 caelorum.

180 2329 452 2392 Eamdem
470 2330 874 2392 invitationem
894 2337 953 2391 et
967 2327 1296 2390 doctrinam
1315 2326 1552 2408 protulit
1572 2336 1814 2397 sanctus

180 2418 804 2493 Paulus,dicens:Volo
828 2436 1030 2482 omnes
1051 2436 1153 2481 vos
1177 2420 1469 2481 essesicut
1491 2419 1812 2497 mcipsum;

179 2509 268 2571 sed
286 2511 698 2590 unusquisque
723 2508 1041 2589 proprium
1072 2510 1300 2569 donum
1329 2506 1504 2569 habet
1534 2525 1610 2569 ea:
1651 2507 1809 2572 Deo:

180 2598 324 2662 alius
350 2600 598 2680 quidem
630 2600 719 2661 sic
748 2597 911 2660 alius
940 2615 1082 2660 vero
1111 2600 1199 2660 sic
1224 2595 1299 2656 ³⁸.

252 2691 520 2766 Nugatur
543 2696 740 2750 autem
766 2686 837 2749 D.
862 2686 936 2749 de
958 2685 1670 2768 Premaguy,insinuando
1696 2706 1812 2748 ma-

186 2777 509 2841 trimonium
545 2777 744 2859 potius
774 2777 1130 2859 expiationis
1153 2794 1330 2854 quam
1358 2776 1657 2838 felicitatis
1689 2785 1809 2838 sta-

185 2876 291 2929 tum
314 2886 470 2941 esse,
500 2867 757 2949 ideoque
783 2866 914 2948 plus
945 2866 1161 2930 mereri
1195 2866 1294 2945 qui
1323 2865 1491 2927 nubit
1511 2883 1684 2947 quam
1711 2866 1810 2947 qui

184 2977 215 3017 ι
238 2958 456 3038 nuptiis
482 2974 554 3018 se
586 2954 844 3018 abstinet
876 2977 888 3018 :
924 2962 1087 3036 quasi
1120 2954 1221 3035 qui
1253 2953 1674 3016 continentiam
1705 2972 1809 3016 re-

185 3056 381 3127 spuunt
408 3046 786 3127 paenitentia:
818 3046 1090 3107 meritum
1126 3044 1542 3107 intendissent.

254 3139 433 3199 Nemo
466 3136 719 3218 quidem
756 3154 971 3215 negare
1004 3142 1195 3214 potest
1241 3152 1486 3213 magnas
1519 3133 1811 3196 sollicitu-

188 3225 342 3288 dines
369 3244 481 3289 con
481 3224 737 3307 jugihus
759 3225 1072 3286 reservari.
1097 3223 1187 3285 Ab
1210 3225 1302 3286 his
1328 3241 1688 3302 praeservare
1704 3244 1809 3285 cu-

190 3316 360 3394 piebat
382 3315 718 3395 Apostolus
742 3314 874 3375 illos
907 3314 1123 3394 quibus
1146 3313 1417 3375 dicebat:
1456 3313 1590 3376 Volo
1612 3323 1814 3379 autem

189 3422 271 3467 vos
286 3408 411 3468 sine
438 3403 862 3467 sollicitudine
890 3421 1015 3465 esse
1036 3402 1086 3444 ³⁷
1114 3402 1255 3476 ;sed
1295 3403 1689 3464 certissimum
1726 3416 1815 3466 est

190 3494 690 3558 mortificationem
716 3492 915 3554 carnis
934 3500 1035 3554 aut
1057 3493 1299 3573 spiritus
1333 3512 1447 3553 non
1481 3511 1612 3555 esse
1635 3493 1813 3554 finem

188 3601 371 3644 eorum
402 3584 504 3666 qui
541 3582 887 3663 conjugium
942 3583 1184 3662 eligunt.
1226 3583 1297 3644 Et
1358 3582 1580 3643 utinam
1632 3583 1816 3644 multo

190 3673 479 3751 pauciores
518 3682 724 3734 essent
757 3671 971 3752 quibus
1007 3672 1292 3753 applicari
1347 3672 1611 3733 valerent
1643 3672 1818 3734 verba

187 3760 481 3843 Raphaelis
512 3762 902 3841 archangeli:
930 3764 1096 3825 Audi
1125 3781 1244 3840 me,
1268 3771 1321 3823 et
1350 3763 1662 3824 ostendam
1708 3762 1818 3824 (ibi

186 3859 276 3932 qui
298 3862 438 3914 sunt
467 3850 704 3934 quibus
729 3853 1071 3933 praevalere
1099 3859 1286 3933 potest
1307 3851 1672 3913 (immanium
1698 3873 1710 3910 :
1750 3852 1819 3919 hi

1895 2151 2073 2212 unius
2107 2151 2311 2212 uxoris
2344 2152 2525 2215 viros.
2561 2174 2588 2211 ι

1975 2241 2192 2301 Textus
2205 2241 2329 2320 jam
2351 2260 2385 2302 a
2416 2259 2510 2303 me
2538 2241 2777 2305 adducti
2809 2240 2953 2304 satis
2992 2241 3313 2324 explodunt
3343 2260 3411 2305 ac
3438 2261 3539 2305 re-

1895 2330 2083 2393 futant
2108 2330 2260 2392 hanc
2283 2330 2508 2393 domini
2533 2331 2608 2393 de
2636 2334 2963 2411 Premagny
2986 2331 3542 2395 assertionem.Non

1897 2421 2226 2500 expectavit
2250 2420 2477 2483 Novum
2499 2419 2945 2483 Testamentum
2974 2420 3265 2483 Dominus
3288 2430 3352 2481 ut
3377 2440 3539 2484 mer-

1896 2508 2061 2569 cedis
2076 2510 2510 2571 incrementum
2532 2509 2859 2587 virginibus
2878 2509 3223 2589 spontaneis
3237 2511 3544 2590 pollicere-

1900 2597 2187 2659 tur.[Iabo
2203 2597 2510 2679 eis,inquit
2534 2618 2642 2680 per
2673 2597 2907 2672 Isaiam,
2933 2599 3003 2660 in
3025 2599 3199 2661 domo
3221 2618 3374 2671 mea,
3402 2604 3543 2662 etin

1896 2690 2090 2749 muris
2114 2689 2262 2750 meis
2306 2688 2528 2770 locum,
2554 2695 2605 2751 et
2634 2707 2856 2751 nomen
2884 2690 3104 2751 melius
3131 2707 3168 2751 a
3192 2689 3341 2770 filiis
3376 2696 3435 2753 et
3461 2690 3543 2771 ﬁ-

1895 2775 2093 2839 liabus
2118 2798 2131 2840 :
2160 2795 2377 2840 nomen
2424 2781 2858 2856 sempiternum
2892 2777 3047 2840 dabo
3082 2780 3194 2859 eis,
3233 2780 3391 2858 quod
3417 2797 3542 2843 non

1896 2868 2116 2943 peribit
2136 2864 2209 2926 39.
2239 2867 2448 2929 Merito
2480 2867 2661 2947 igitur
2690 2867 3010 2929 concilium
3044 2868 3461 2931 Tridentinum
3491 2866 3547 2913 ⁸ο

1896 2956 2272 3019 anathemate
2303 2957 2576 3037 percellit
2612 2981 2638 3011 α
2673 2974 2777 3017 eos
2808 2956 2909 3038 qui
2962 2957 3174 3018 dicunt
3204 2956 3453 3019 clericos
3482 2957 3543 3018 in

1898 3046 2081 3108 sacris
2110 3045 2421 3107 ordinibus
2448 3046 2823 3121 constitutos,
2850 3046 2938 3107 vel
2966 3046 3271 3125 regulares
3302 3046 3543 3107 castita-

1901 3145 2016 3198 tem
2032 3135 2387 3199 solemniter
2409 3136 2917 3217 professos,posse
2935 3136 3381 3197 matrimonium
3403 3154 3543 3198 con-
3630 3188 3637 3199 .

1901 3226 2159 3301 trahere,
2192 3244 2308 3287 non
2334 3225 2609 3287 obstante
2631 3226 2761 3305 lege
2782 3225 3309 3299 ecclesiastica,vel
3342 3232 3537 3288 voto.»

1897 3315 2117 3378 Eadem
2155 3334 2324 3391 paena
2348 3316 2553 3397 plectit
2574 3334 2676 3377 eos
2703 3338 2724 3373 α
2753 3315 2853 3397 qui
2878 3316 3082 3376 dicunt
3107 3334 3225 3377 non
3245 3332 3377 3377 esse
3411 3332 3542 3376 me-

1901 3406 2014 3466 lius
2040 3424 2107 3465 ac
2141 3404 2373 3467 beatius
2406 3424 2650 3468 manere
2682 3404 2741 3466 in
2774 3404 3111 3482 virginitate
3155 3403 3544 3467 autcaalibatu

1900 3514 2075 3577 quam
2104 3495 2268 3574 jungi
2318 3493 2715 3558 matrimonio.
2752 3518 2780 3550 ι
3498 3560 3501 3563 λ

1979 3584 2274 3658 Quantum
2306 3584 2378 3645 ad
2411 3584 2786 3665 hypothesnm
2820 3582 3048 3646 domini
3080 3582 3155 3645 de
3195 3582 3544 3665 Premagny,

1898 3692 1930 3735 a
1956 3672 2314 3752 quibusdam
2370 3681 2594 3734 tantum
2643 3671 2877 3735 saeculis
2907 3672 3332 3734 continentiam
3365 3672 3549 3734 fuisse

1898 3762 2181 3825 Ecclesiae
2239 3760 2523 3822 ministris
2576 3760 3004 3842 prazscriptam,
3040 3760 3233 3824 dicam
3285 3761 3451 3823 illum
3484 3778 3549 3823 se

1906 3853 2169 3915 historiae
2193 3850 2611 3913 ecclesiastica:
2628 3852 2970 3929 imperitum
2999 3851 3261 3932 prmbere
3282 3850 3382 3933 qui
3413 3868 3546 3911 om-

186 3959 424 4023 nemque
446 3944 566 4022 qui
589 3944 938 4022 coniugium
958 3944 1489 4023 itasuscipiunl,ut
1512 3942 1743 4005 Deuma
1764 3959 1825 4003 se
1906 3943 2081 4005 nibus
2114 3941 2518 4003 monumentis
2548 3940 2974 4002 ecclesiasticis
3008 3940 3380 4021 contradicit,
3416 3958 3547 4020 qua:

186 4039 280 4094 eta
298 4052 406 4095 sua
431 4040 637 4097 mente
659 4031 1209 4112 excludant,etsu(e
1229 4030 1482 4093 libidini
1504 4034 1587 4093 ita
1615 4038 1824 4093 meant
1907 4033 2257 4093 inconcusse
2288 4029 2573 4092 evincunt
2597 4029 2658 4090 in
2689 4029 2953 4091 Ecclesia
2978 4028 3331 4091 occidentali
3354 4030 3547 4091 conti-

183 4122 314 4183 sicut
346 4140 539 4203 equus
566 4130 624 4184 et
664 4121 885 4193 mulus,
920 4122 1135 4200 quibus
1166 4139 1285 4183 non
1313 4129 1395 4183 est
1442 4120 1816 4184 intellectus:
1846 4139 1888 4189 ο
1910 4122 2168 4183 nentiam
2194 4120 2625 4201 perpetualege
2662 4120 3070 4200 przescriptam
3102 4117 3286 4181 fuisse
3315 4117 3551 4181 clericis

186 4211 334 4274 habet
351 4218 711 4293 potestatem
738 4210 1100 4273 (Immonium
1130 4213 1197 4273 in
1229 4229 1324 4274 eos
1353 4208 1427 4274 ³⁸.

251 4299 308 4363 Si
337 4301 693 4363 attendisset
747 4300 839 4362 his
886 4301 1123 4361 monitis
1173 4300 1509 4375 adnotatur,
1546 4319 1662 4362 non
1696 4310 1810 4361 tam

189 4387 371 4452 leviter
398 4391 475 4452 de
507 4392 625 4452 hac
659 4390 903 4451 materia
935 4390 1170 4452 loeutus
1201 4390 1431 4453 fuisset.

255 4479 563 4560 Caeterum,
599 4479 704 4559 qui
738 4488 1253 4560 propterregnum
1285 4480 1569 4542 cmlorum
1608 4484 1814 4542 matri-

191 4570 364 4631 monio
406 4570 777 4637 valedicunt,
817 4569 1040 4631 nullam
1094 4569 1551 4632 similitudinem
1603 4569 1822 4632 habent

194 4675 304 4719 cum
324 4660 429 4722 bac
453 4662 697 4740 impura
713 4659 1198 4739 philosophorum
1231 4659 1326 4721 lue
1351 4660 1448 4740 qui
1476 4678 1657 4721 nexus
1672 4678 1817 4721 con-

189 4746 391 4826 jugales
413 4760 492 4824 et,
522 4759 590 4811 ut
621 4748 824 4809 verbis
846 4748 1114 4829 Apostoli
1140 4748 1652 4823 utar,honorabile
1673 4767 1818 4811 con—

196 4840 419 4905 nubium
444 4841 780 4920 fugiunt,ut
802 4837 1052 4901 liberius
1071 4859 1139 4901 ac
1163 4842 1391 4921 turpius
1415 4839 1814 4919 voluptatibus

196 4929 362 4991 carnis
382 4928 886 4992 habenaslaxent.
921 4929 1015 4993 Vae
1041 4928 1255 4992 talibus
1293 4930 1393 5010 qui
1430 4930 1668 5009 generis
1698 4930 1814 4991 hu-

199 5018 330 5078 mani
355 5019 754 5100 opprobrium
783 5028 945 5082 sunt.

263 5102 346 5168 Sic
374 5108 642 5190 loquitur
667 5111 735 5169 D.
772 5110 847 5169 de
872 5111 1197 5189 Prcmagny
1229 5132 1239 5169 :
1280 5131 1307 5168 ‹
1340 5109 1585 5169 Ministri
1618 5107 1812 5169 refor-

203 5196 311 5254 mati
341 5199 608 5277 (nnptias
665 5198 1100 5276 contrahendo)
1132 5198 1519 5280 praetulerunt
1556 5213 1816 5277 praesens

1899 4214 1954 4274 iu
1981 4210 2170 4273 sacris
2193 4208 2500 4272 ordinibus
2524 4207 3549 4271 constitutisJubetsanctusPaulus

1898 4309 1959 4363 ut
1985 4300 2085 4382 qui
2117 4298 2189 4361 ad
2218 4300 2622 4379 episcopatum
2658 4306 3110 4380 promoventur,
3137 4299 3187 4360 si
3212 4305 3384 4361 antea
3415 4298 3549 4360 fue-

1896 4392 2017 4454 rint
2041 4389 2298 4469 uxorati,
2331 4388 2518 4450 sancti
2552 4396 2610 4450 et
2645 4389 3046 4467 continentes,
3081 4396 3212 4467 post
3242 4403 3551 4449 consecra-

1906 4483 2125 4543 tionem
2163 4496 2354 4557 suam,
2390 4474 2869 4558 permaneant“.

1983 4568 2140 4633 XVI.
2163 4566 2375 4629 Paucis
2397 4566 2776 4648 reSpondebo
2804 4565 3156 4629 cavillationi
3180 4563 3547 4627 adnotatoris

1906 4661 1980 4722 de
2014 4658 2193 4720 verbo
2220 4656 2406 4730 dixit,
2432 4660 2586 4737 quod
2622 4657 2923 4737 reperitur
2943 4654 3300 4737 quandoque
3323 4654 3380 4714 in
3413 4652 3552 4733 Epi-

1907 4751 2075 4813 stolis
2105 4747 2234 4809 sine
2259 4745 2549 4826 subjecto.
2576 4748 2720 4808 Cum
2745 4755 2985 4809 sanctus
3014 4745 3293 4808 Clemens
3313 4742 3551 4804 assidue

1901 4859 2128 4908 sacram
2183 4836 2552 4917 Scripturam
2612 4837 2877 4917 legisset,
2927 4833 3431 4916 probabiliterque
3489 4832 3549 4894 in

1904 4929 2197 5016 primitivo
2228 4934 2416 5007 textu,
2440 4927 2810 5016 locutionum
2842 4927 2977 5016 ejus
3004 4941 3176 5016 usum
3207 4923 3548 5016 assumpsit.

1903 5013 1962 5086 Si
2000 5019 2289 5098 tantisper
2326 5016 2394 5079 D.
2431 5015 2505 5077 de
2554 5014 2881 5095 Premagny
2931 5013 3254 5076 Hebraicos
3294 5021 3395 5074 aut
3444 5013 3548 5092 Sy-

1902 5112 2098 5174 riacos
2128 5108 2324 5168 fontes
2350 5105 2693 5186 delibasset,
2728 5105 2875 5167 nihil
2929 5106 2985 5166 in
3018 5102 3202 5165 sacris
3229 5100 3553 5182 Scripturis

1902 5197 2274 5282 frequentius
2297 5194 2629 5274 agnovisset
2651 5212 2825 5275 quam
2846 5192 3154 5255 subaudiri
3186 5191 3548 5272 subjectum,

269 5362 314 5406 ⁸³
352 5367 609 5449 γΕρΙῃςεε.
646 5386 705 5447 v,
740 5369 796 5426 Δ.
885 5362 1142 5449 ειιςοτ.
1180 5384 1280 5448 vu,
1311 5369 1373 5432 9.
1458 5365 1750 5449 35_Matth.
1789 5386 1813 5432 ι

1907 5371 2039 5445 ,12.
2127 5367 2181 5411 ³⁸
2212 5369 2255 5430 1.
2282 5369 2417 5449 Cor:
2448 5366 2632 5449 vn,7_.
2719 5362 2770 5407 ³⁷
2802 5361 2986 5437 lbid.,
3018 5360 3117 5423 32.
3205 5360 3259 5405 ⁸³
3288 5360 3437 5423 Tob.
3472 5377 3552 5445 v1,

214 5442 289 5517 16,
318 5448 406 5511 t7.
437 5442 451 5447 ’
488 5447 544 5491 ³9
575 5442 844 5527 lsa.'Lv1,
880 5448 940 5511 5.
1025 5448 1079 5492 ⁸⁸
1108 5442 1277 5511 88ιεῖ
1305 5463 1464 5523 xxuv,
1503 5446 1584 5508 De
1613 5450 1813 5510 matri:

1907 5442 1923 5531 ,
1956 5470 2090 5516 can.
2123 5449 2186 5512 9.
2274 5445 2319 5489 ﬂ
2352 5443 2468 5506 Tit.
2501 5442 2545 5527 ις
2578 5446 2638 5508 8.
