4004 6210
493 218 607 297 373

1411 236 1471 297 ε..
1504 222 1938 301 assumus
1966 239 1993 300 ι
2023 192 2205 304 non.
2244 218 2473 306 pom.
2511 236 2887 305 cauum.

3731 234 3833 310 376

488 368 724 452 quando
756 388 827 432 ex
858 364 1135 432 contextu
1170 370 1312 432 Satis
1334 370 1702 450 intelligitur.
1729 370 1921 454 Smpe,
1949 375 2007 434 in
2034 375 2125 435 Βία
2148 388 2181 434 Α
2207 376 2414 456 guine,
2441 376 2745 455 insperata
2776 376 3034 455 victoria
3058 378 3224 455 potiti
3257 388 3477 458 essent,
3500 398 3631 441 cum
3658 401 3835 444 cerne-

487 459 649 533 bliis,
684 458 935 520 'verbum
968 459 1133 521 (limit
1161 460 1253 521 his
1282 460 1589 541 aequivalet
1618 462 1864 532 dicitur.
1908 465 2129 528 dictum

486 556 592 612 est.
625 551 861 611 Poterat
892 566 1030 626 ergo
1054 551 1309 627 scriptor
1337 550 1580 611 criticus
1608 552 2129 631 Pythagoricorum

487 640 761 703 somnum
786 656 904 698 non
932 638 1200 719 turbare,
1234 658 1343 700 nec
1366 639 1761 702 eruditionem
1785 662 2031 721 prorsus
2048 644 2129 704 ine

489 727 693 789 utilem
728 727 898 787 n‘ohis
922 736 1243 791 ostentare.
1268 728 1431 791 Hanc
1455 748 1562 809 ego
1592 730 1999 794 difﬁcultatem
2029 754 2133 795 ex-

490 818 669 899 punxi
701 821 759 877 in
792 818 1066 879 versione
1091 836 1259 881 mea:
1288 819 1558 881 eamdem
1588 823 1907 901 poteratde
1941 823 2137 885 medio

491 907 705 972 tollere
735 907 863 988 ipse
892 905 1250 971 Wetstinus.

568 994 1034 1061 XVlIetXthI.
1052 998 1486 1062 Adnotationes
1510 1018 1639 1080 quae
1659 1004 1771 1062 sub
1796 1002 1889 1064 his
1912 1002 2143 1065 duobus

493 1088 758 1151 numeris
781 1085 1449 1167 includuntur,probant
1474 1090 1782 1153 dominum
1813 1094 1885 1154 de
1910 1092 2143 1154 Prema~

486 1199 599 1259 gny
630 1195 749 1238 non
784 1195 1023 1257 semper
1055 1178 1410 1256 prtejudiciis
1443 1182 1811 1242 obcaecatum
1846 1190 1903 1243 et
1937 1182 2143 1243 alluci-

490 1277 691 1331 natum
717 1265 925 1330 fuisse.
950 1268 1068 1329 Has
1100 1268 1417 1329 scribendo
1446 1269 1656 1351 lineas,
1684 1273 1904 1351 optime
1934 1272 2008 1333 de
2033 1274 2136 1351 ju-

490 1354 647 1421 stitia
674 1364 736 1417 ’ct
765 1356 1010 1417 veritate
1044 1356 1293 1418 meritus
1315 1367 1424 1419 est.
1454 1357 1711 1429 Quilibet
1745 1361 2138 1423 nihilominus

489 1446 921 1509 animadvertet
951 1446 1142 1525 ipsum
1188 1445 1480 1509 Wetstino
1535 1467 1774 1529 semper
1829 1452 2131 1512 contradi-

489 1538 666 1609 xisse,
694 1535 816 1595 sive
848 1534 1088 1615 quando
1123 1544 1343 1599 rectam
1388 1537 1543 1598 viam
1593 1539 1976 1619 sequebatur,
2013 1542 2136 1602 sive

490 1624 725 1707 quando
757 1623 827 1685 ab
861 1642 931 1685 ea
961 1624 1334 1688 deﬁectebat.
1361 1624 1697 1706 Optandum
1724 1640 1885 1690 certe
1919 1637 2045 1691 erat
2076 1639 2139 1691 ut

491 1715 586 1778 his
613 1712 835 1775 ultimis
864 1713 1132 1775 numeris
1162 1715 1309 1776 nihil
1344 1715 1675 1778 addidisset
1706 1720 1776 1780 D.
1802 1720 1876 1780 de
1901 1723 2136 1782 Prema-

2216 475 2347 527 rent
2370 465 2654 546 temporis
2677 467 3183 546 puncto,hostium
3212 469 3836 551 internecionem,duas

2217 554 2487 627 choreas,
2538 573 2714 615 unam
2772 556 3052 625 virorum,
3102 556 3349 617 alteram
3410 557 3741 631 mulierum.
3789 562 3835 621 in

2218 642 2416 704 littore
2476 644 2841 704 instituunt:
2900 653 2960 705 et
3020 648 3220 724 Moyse
3288 645 3427 706 viris
3482 650 3837 727 praecinente,

2220 731 2351 811 ejus
2375 749 2583 794 sorore
2610 733 3451 813 tnulieribus,gratulationem
3476 735 3598 797 Deo
3620 744 3838 799 cecine-

2221 830 2361 882 rnut
2384 821 2461 884 43.
2500 847 2525 877 n

2311 909 2579 973 Ultimam
2597 911 2748 971 adno
2761 914 2962 973 latoris
2978 911 3431 992 objectationem
3456 915 3529 975 de
3543 917 3683 976 mari
3698 919 3839 996 Suph

2226 999 2602 1078 attingamus.
2634 1003 2761 1062 Non
2806 1002 3032 1063 dubitat
3092 1002 3329 1063 criticus
3386 1004 3641 1083 scriptor
3687 1005 3842 1085 hujus

2230 1091 2431 1149 matris
2455 1109 2668 1151 nomen
2700 1092 2908 1151 nullihi
2934 1092 2989 1152 in
3015 1092 3214 1153 Exodo
3240 1092 3515 1157 inveniri.
3543 1093 3604 1155 Si
3627 1096 3695 1155 de
3722 1098 3842 1157 Vul-

2222 1190 2353 1257 gata
2384 1180 2655 1240 versione
2680 1180 2909 1242 lorutus
2942 1181 3171 1255 fuisset,
3200 1201 3400 1243 verum
3428 1185 3661 1263 quidem
3685 1186 3839 1247 dixis-

2224 1280 2351 1343 set;
2386 1269 2437 1329 si
2472 1288 2605 1330 vero
2637 1271 2710 1331 de
2761 1280 2920 1332 textu
2973 1272 3267 1333 Hebraico
3326 1282 3423 1332 aut
3473 1274 3729 1352 Syriaco,
3761 1284 3837 1335 te-

2224 1377 2387 1419 mere
2412 1369 2571 1419 certe
2596 1361 2831 1420 locutus
2871 1368 2980 1440 est,
3009 1363 3334 1437 praesertim
3368 1380 3503 1421 cum
3536 1374 3693 1424 esset
3721 1384 3841 1425 ata-

2219 1447 2487 1510 demicus
2524 1450 2644 1529 vir;
2688 1468 2988 1528 nunquam
3026 1452 3183 1510 enim
3238 1453 3362 1513 sive
3396 1452 3453 1511 in
3490 1454 3707 1533 Exodo,
3741 1457 3845 1515 sive

2220 1537 2278 1596 in
2304 1538 2453 1599 locis
2470 1539 2599 1598 aliis
2625 1557 2808 1600 sacrae
2833 1540 3845 1623 ScripturteﬂebraiceautSyrisce,

2219 1626 2347 1687 aliis
2386 1628 2579 1688 verbis
2616 1646 2776 1688 mare
2822 1628 3085 1689 Rubrum
3144 1630 3490 1707 designatur
3524 1651 3695 1711 quam
3728 1651 3846 1695 ver-

2230 1715 2319 1776 bis
2346 1716 2436 1779 Im
2462 1717 2647 1795 Suph,
2671 1737 2803 1794 quae
2835 1719 3034 1779 reddit
3064 1717 3313 1796 Vulgata
3334 1730 3535 1780 nostra
3571 1740 3673 1800 per
3703 1724 3848 1785 Mare

487 1823 623 1885 gny.
656 1803 766 1866 Sed
799 1802 1004 1882 altera,
1030 1803 1105 1864 de
1136 1806 1395 1885 quajam
1425 1806 1659 1868 locutus
1690 1826 1848 1883 sum,
1871 1807 2143 1889 opusculi
2172 1802 2206 1821 ν
2228 1804 2521 1867 Rubrum.

490 1896 621 1975 ejus
642 1893 823 1955 editio
848 1894 1014 1975 quasi
1031 1894 1414 1974 pcenitentem
1435 1897 1626 1975 ipsum
1651 1898 1896 1959 exhibet
1918 1899 2140 1979 optime

490 1984 716 2047 ﬁniisse
750 1984 902 2063 quod
927 1984 1080 2044 male
1109 1996 1393 2063 cmperat.
1420 1989 1582 2049 Duas
1607 2006 1747 2068 ergo
1769 2007 1949 2049 novas
1974 1989 2137 2068 prio—

489 2073 656 2135 ribus
682 2072 808 2133 suis
839 2072 1317 2137 adnotationibus
1342 2076 1585 2157 adjecit,
1616 2096 1748 2156 quce
1778 2078 1947 2139 famae
1977 2079 2137 2141 illius

492 2162 624 2245 plus
652 2161 951 2224 nocebunt
981 2182 1153 2242 quam
1192 2165 1538 2243 proderunt.

576 2252 772 2313 Prima
799 2253 1053 2314 refertur
1079 2253 1149 2314 ad
1197 2256 1633 2334 separationem
1682 2275 1854 2337 quam
1890 2273 2131 2320 sanctus

494 2342 771 2406 Clemens
816 2359 848 2401 a
898 2343 1093 2423 Moyse
1124 2344 1333 2404 factam
1366 2345 1547 2407 fuisse
1567 2347 1951 2409 asseritinter
1971 2352 2129 2410 viros

494 2440 552 2495 et
582 2429 890 2504 mulieres,
921 2431 1058 2492 dum
1094 2432 1441 2497 incederent
1481 2435 1782 2510 Israelitte,
1818 2437 2124 2518 [Egyptum

489 2521 1211 2600 relinquentes.Secunda
1234 2533 1459 2602 Spectat
1490 2545 1726 2587 nomem
1764 2528 1944 2588 maris
1974 2528 2129 2608 quod

492 2613 652 2678 sicco
680 2610 930 2689 vestigio
971 2611 1077 2672 lilii
1105 2612 1286 2674 Israel
1318 2615 1724 2677 transieriunt.

565 2708 632 2764 4ο
656 2702 832 2764 Juxta
862 2702 1295 2776 adnotatorem,
1324 2712 1564 2765 sanctus
1589 2705 1867 2767 Clemens
1897 2706 2129 2769 locutus

485 2800 579 2857 est
604 2792 680 2854 de
722 2790 981 2852 virorum
1042 2809 1109 2852 ac
1158 2792 1473 2856 mulierum
1532 2796 1901 2874 separatione
1954 2816 2125 2875 quam

485 2888 716 2963 Moyses
738 2880 1077 2942 nullatenus
1100 2900 1251 2944 me'n
1265 2884 1471 2944 oravit.
1492 2882 1807 2946 Probabile
1824 2905 1961 2965 ergo
1969 2887 1992 2966 j
2006 2887 2131 2947 udi-

486 2970 579 3037 c'a't
624 2972 883 3052 Moysen,
919 2969 1113 3031 virum
1166 2978 1283 3033 tam
1338 2972 1718 3052 prudentem,
1753 2977 2131 3038 consensisse

484 3074 549 3124 ut
581 3060 922 3143 promiscue
952 3069 1229 3122 sexcenta
1261 3062 1445 3124 millia
1475 3063 1732 3124 virorum
1766 3074 2127 3128 armatorum

484 3136 882 3234 procederent
931 3168 1065 3210 cum
1126 3152 1311 3211 multo
1359 3152 1653 3231 superiori
1686 3173 1933 3215 numero
1994 3136 2189 3217 mu-C

484 3240 722 3314 lierum,
758 3238 1090 3319 puellarum
1158 3247 1216 3300 et
1266 3240 1581 3302 infantium
1617 3243 1630 3303 l
1669 3242 1817 3316 Quis
1868 3264 2127 3325 unquam

485 3330 659 3392 talem
692 3327 1103 3391 confusionem
1135 3331 1454 3391 admissam
1481 3331 1994 3411 luisseimaginari
2029 3353 2130 3396 au-

486 3418 650 3481 debit
667 3424 695 3481 ?

562 3507 732 3570 Hanc
752 3526 889 3571 vero
901 3507 1446 3572 considerationem
1463 3510 1532 3572 ad
1545 3517 1971 3594 notator,quasi
1988 3535 2132 3595 puer

486 3598 850 3679 inexpertus,
884 3597 1082 3659 forsan
1115 3606 1316 3660 mente
1358 3600 1649 3663 revolvit:
1699 3599 1871 3665 Unde
1921 3605 2132 3667 didicit

484 3690 721 3749 sanctus
736 3684 1018 3750 Clemens
1053 3687 1206 3748 hanc
1237 3688 1453 3749 factam
1476 3688 1658 3751 fuisse
1693 3694 2129 3770 separationem

484 3776 559 3839 de
588 3794 703 3857 qua
730 3776 1040 3856 Scriptura
1075 3795 1191 3838 non
1224 3777 1534 3858 loquitur?

562 3866 739 3931 Nulla
762 3865 909 3928 mihi
936 3866 1201 3946 profecto
1237 3867 1562 3930 difﬁcultas
1592 3878 1749 3931 esset
1780 3872 2132 3936 admittendi

491 3965 759 4020 sanctum
794 3956 1159 4020 Clementem
1195 3974 1230 4019 a
1262 3956 1580 4020 traditione
1623 3958 1989 4043 Judaeorum,
2026 3965 2131 4025 hac

483 4047 557 4109 de
588 4046 1057 4127 circumstantia,
1092 4046 1278 4108 fuisse
1313 4046 1614 4110 edoctum.

561 4134 677 4200 Sed
710 4135 869 4197 nulla
901 4135 1075 4198 nobis
1106 4144 1196 4198 est
1227 4136 1565 4198 traditionis
1599 4156 1718 4199 non
1751 4141 1985 4221 scriptae
2018 4161 2129 4202 ne-

481 4226 746 4303 cessitas,
772 4226 1007 4306 quando
1041 4225 1529 4307 aequivalentibus
1579 4228 1782 4289 verbis
1832 4230 1985 4291 hanc
2037 4233 2122 4292 vi-~

477 4334 680 4379 rerum
695 4334 763 4379 ac
777 4315 1093 4377 mulierum
1110 4316 1549 4397 separationem
1573 4316 1803 4397 Moyses
1825 4319 2123 4399 exprimit.

2305 1894 2445 1967 Quis
2480 1915 2654 1975 porro
2692 1897 2835 1956 ferat
2869 1896 3171 1956 hominem
3207 1908 3671 1977 prazsumcutem
3707 1900 3846 1981 loqui

2223 1982 2296 2044 de
2330 1984 2421 2045 his
2455 2004 2583 2064 qua:
2616 1986 2883 2046 absolute
2915 1985 3194 2063 ignorat?

2302 2071 2560 2135 Verbum
2597 2074 2768 2154 Suph
2825 2083 3036 2154 quater
3086 2075 3386 2136 invenitur
3429 2078 3485 2136 in
3535 2087 3689 2138 textu
3738 2078 3844 2140 He-

2216 2161 2416 2224 braico
2449 2173 2508 2223 et
2548 2164 2786 2244 Syriaco
2822 2162 3022 2224 Exodi.
3069 2165 3129 2225 Si
3182 2166 3327 2226 recti
3380 2166 3606 2227 fuerint
3656 2169 3840 2229 calculi

2216 2252 2357 2325 mei,
2387 2252 2633 2313 vicesies
2667 2252 2871 2315 novies
2904 2254 3014 2313 hoc
3068 2254 3310 2315 verbum
3357 2258 3526 2334 δαρή
3586 2258 3839 2318 eumdem

2214 2359 2455 2402 sensum
2479 2345 2820 2422 exprimens
2847 2343 3145 2403 invenitur
3172 2344 3228 2405 in
3260 2344 3839 2407 VeleriTestamento

2214 2428 2601 2501 Hebraico,et
2622 2434 2752 2513 plus
2777 2452 2952 2510 quam
2988 2435 3259 2495 trieesies
3282 2435 3336 2494 in
3364 2433 3607 2514 Syriaco
3632 2437 3836 2497 Novum

2214 2522 2658 2584 Testamentum
2700 2524 3160 2601 complectente.
3196 2522 3407 2585 Santes
3463 2524 3758 2603 Pagninus
3787 2528 3837 2587 iu

2214 2630 2321 2672 sua
2366 2617 2645 2674 versione
2696 2613 2897 2673 Latina
2961 2613 3199 2673 litterali
3259 2631 3496 2692 semper
3556 2628 3841 2676 conservat

2215 2718 2430 2762 nomen
2465 2702 2850 2780 primitivum,
2887 2720 2954 2763 ac
2992 2702 3160 2762 vertit
3195 2722 3206 2763 :
3242 2702 3409 2763 Mare
3460 2705 3663 2783 Sup/t.

2295 2791 2661 2854 Existimavit
2693 2801 2933 2853 sanctus
2966 2791 3363 2871 Hieronymus
3395 2792 3581 2854 verbo
3606 2792 3749 2872 sup/1
3772 2793 3841 2852 si-

2212 2879 2481 2958 gniﬁcari
2529 2882 2809 2943 rubrum.
2851 2881 3039 2944 Graeci
3083 2881 3238 2942 idem
3278 2901 3437 2942 mare
3488 2882 3843 2962 Erylhrazum

2212 2980 2438 3045 vocant,
2471 2971 2627 3050 quod
2648 2971 2823 3031 etiam
2861 2974 3107 3031 rubrum
3132 2982 3319 3032 sonat.
3349 2973 3465 3033 Sed
3500 2973 3736 3052 quidam
3760 2974 3842 3030 isti

2215 3060 2363 3118 mari
2397 3061 2509 3120 hoc
2543 3080 2760 3121 nomen
2795 3062 2998 3121 datum
3045 3067 3353 3122 autumant
3384 3080 3414 3121 a
3444 3080 3589 3139 rege
3616 3063 3840 3140 Erythro

2214 3148 2312 3227 qui
2346 3150 2611 3227 regnavit
2645 3149 2703 3210 in
2737 3150 2930 3210 insula
2962 3150 3135 3229 hujus
3166 3153 3343 3210 maris
3370 3152 3646 3212 liuitima.

2294 3237 2402 3310 Qui
2422 3239 2661 3301 uberius
2680 3241 2854 3320 hujus
2868 3241 3137 3301 vocabuli
3156 3240 3658 3317 signiﬁcationem
3678 3237 3842 3301 calle-

2214 3346 2279 3388 re
2314 3329 2585 3407 cupiuut,
2620 3330 3029 3390 doctissimum
3083 3331 3297 3392 adeant
3332 3331 3620 3392 Drusium
3656 3332 3842 3408 (Coin-

2212 3428 2396 3479 me-nt.
2437 3419 2497 3479 in
2534 3418 2741 3480 Exod.
2772 3469 2787 3494 ,
2825 3438 2877 3482 c.
2910 3421 3027 3497 26).

2295 3506 2432 3568 Hinc
2456 3518 2590 3568 sunt
2614 3509 2740 3571 fere
2772 3528 2903 3589 qua:
2923 3530 2956 3571 a
2980 3509 3250 3589 pluribus
3276 3512 3452 3572 annis
3483 3509 3842 3591 scripsissem

2218 3595 2291 3657 de
2324 3597 2557 3659 duabus
2581 3598 2862 3679 Epistolis
2894 3601 3082 3661 sancti
3110 3600 3435 3663 Clementis
3459 3602 3535 3662 ad
3572 3601 3842 3677 Virgines,

2220 3687 2333 3747 nisi
2360 3688 2573 3768 partim
2602 3691 2892 3769 temporis
2921 3692 3212 3770 angustia,
3242 3694 3452 3771 partim
3476 3691 3692 3753 laboris
3720 3688 3847 3748 difﬁ-

2219 3776 2404 3837 cultas
2436 3779 2722 3839 voluntati
2759 3798 2907 3840 meae
2951 3781 3154 3842 obices
3187 3782 3551 3861 posuissent.

2296 3865 2419 3926 Has
2441 3865 2735 3947 Epistolas
2758 3870 3095 3931 ﬁrmissime
3118 3872 3294 3932 credo
3316 3890 3453 3932 esse
3477 3869 3849 3941 authenticas,

2218 3957 2599 4034 quantumvis
2628 3959 3005 4021 amarissime
3040 3959 3220 4021 feram
3259 3961 3531 4021 nondum
3570 3962 3851 4038 hucusque

2219 4055 2522 4126 repertum
2546 4047 2727 4109 fuisse
2756 4049 3174 4129 primigenium
3203 4051 3518 4111 textum.Si
3542 4049 3852 4110 inveniatur

2217 4135 2639 4213 tandem,quod
2660 4138 3106 4200 instantissimis
3126 4141 3399 4219 precibus
3417 4160 3449 4200 a
3470 4143 3597 4203 Deo
3614 4138 3844 4220 postulo.

2215 4225 2493 4287 omnibus
2520 4228 2855 4288 innotescet
2883 4248 3052 4289 verus
3076 4231 3261 4290 sancti
3295 4230 3603 4308 pontiﬁcis
3634 4246 3839 4291 sensus

2210 4316 2313 4395 qui
2334 4335 2441 4397 per
2467 4320 2872 4380 traductorem
2897 4319 3197 4399 Syriacum
3221 4320 3409 4381 vitiari
3436 4319 3647 4399 potuit.
3676 4316 3846 4397 Spero

558 4406 873 4471 Enimvero
899 4405 986 4469 sic
1019 4405 1239 4486 legitur
1266 4406 1327 4467 in
1364 4406 1554 4487 capite
1577 4424 1656 4468 xn
1690 4407 1902 4486 Exodi,
1925 4429 1980 4472 v.
2009 4412 2081 4473 57
2112 4432 2123 4473 ;
2152 4414 2193 4463 D
2218 4416 2410 4467 tamen
2446 4407 2842 4469 traductionis
2882 4411 3010 4470 vitia
3040 4428 3073 4470 a
3106 4428 3199 4470 me
3245 4429 3359 4469 non
3396 4410 3576 4470 modo
3626 4408 3848 4469 adautta

477 4497 746 4576 Profecti
775 4503 916 4557 sunt
944 4495 1062 4576 ﬁlii
1090 4495 1286 4559 Israel
1331 4497 1406 4559 de
1444 4495 1734 4559 Ramesse
1776 4499 1845 4559 in
1891 4500 2128 4575 Socoth,

475 4595 761 4650 sexcenta
779 4588 910 4666 fere
932 4586 1127 4648 millia
1147 4586 1417 4666 peditum
1434 4588 1961 4668 virorum,absque
1982 4609 2129 4669 par-

479 4676 657 4740 vulis.
692 4675 802 4738 Hic
833 4675 947 4737 soli
977 4675 1113 4751 viri,
1143 4677 1308 4757 quasi
1336 4676 1698 4758 emphatice,
1720 4677 2127 4757 designantur.

477 4764 679 4848 Capite
702 4783 779 4829 xv
802 4766 1147 4846 expressius
1180 4766 1449 4827 innuitur
1470 4766 1790 4847 separatio.
1822 4768 2129 4831 Canticum

476 4856 637 4918 enim
668 4856 903 4935 Moyses
934 4873 1067 4917 cum
1091 4854 1235 4917 viris
1257 4855 1542 4918 concinit.
1564 4855 1792 4920 Deinde
1816 4859 2131 4937 egrediun.

480 4955 576 5011 tur
606 4945 917 5027 mulieres,
945 4954 1007 5008 et
1038 4946 1183 5027 ipsae
1210 4945 1339 5008 vice
1392 4964 1497 5008 sua
1545 4944 1605 5007 id
1659 4947 1950 5010 canticum
1996 4968 2128 5011 cum

476 5036 659 5100 Maria
691 5036 907 5117 Moysis
937 5044 996 5098 et
1020 5036 1281 5100 Aaronis
1323 5054 1553 5111 sorore,
1585 5037 1885 5101 recinunt.

552 5125 724 5188 Philo
740 5124 1002 5204 Judaeus,
1030 5134 1237 5190 sancto
1261 5127 1554 5192 Clementi
1579 5136 1941 5203 coaetaneus,
1977 5129 2133 5193 hanc

476 5216 910 5298 separationem
936 5217 1097 5280 clare
1122 5217 1756 5299 exprimit.Postquam
1780 5218 1938 5279 enim
1964 5219 2135 5300 Egy-

477 5307 734 5387 ptiorum
782 5307 1044 5371 narravit
1093 5307 1357 5388 ruinam,
1390 5307 1596 5371 addit:
1639 5328 1667 5368 ‹
1698 5306 1939 5369 Factum
1978 5308 2130 5369 istud

475 5393 686 5475 ingens
705 5403 764 5459 et
781 5398 1145 5479 stupendum
1167 5396 1406 5459 Hebraai
1433 5395 1815 5478 mirati,quod
1843 5396 1975 5459 sine
2001 5416 2135 5459 san-

558 5552 612 5599 ”
640 5556 812 5621 Philo
833 5558 923 5622 De
945 5561 1073 5621 vita
1102 5557 1352 5641 Μονάς,
1394 5556 1501 5621 lib.
1539 5577 1583 5623 1.

2218 4514 2335 4556 non
2370 4496 2578 4566 fuisse,
2614 4497 2719 4557 sed
2753 4498 2919 4559 valde
2964 4498 3297 4560 imminuta.

2296 4584 2445 4647 Mira
2479 4585 2588 4647 fuit
2621 4604 2752 4647 sors
2791 4588 3149 4665 scriptorum
3187 4587 3375 4649 sancti
3433 4585 3751 4649 Clementis
3802 4585 3842 4645 Α

2218 4676 2396 4738 Juuio
2427 4674 2681 4736 Patricio
2705 4676 3030 4754 Anglicano
3055 4677 3296 4739 inventa
3319 4686 3408 4739 est
3442 4679 3574 4755 ejus
3605 4671 3843 4753 Epistula
3910 4680 3941 4755 J‘

2219 4766 2289 4826 ad
2326 4764 2664 4827 Corinthios
2695 4767 2915 4847 scripta
2945 4788 2959 4843 ;
2993 4787 3025 4826 a
3058 4766 3351 4828 Wetstiuo
3387 4787 3504 4827 non
3542 4767 3729 4827 minus
3759 4760 3846 4822 Ec-

2222 4854 2417 4916 clesiae
2448 4857 2735 4918 Romana)
2766 4856 2998 4917 infenso
3035 4858 3290 4918 iuventte
3321 4868 3460 4917 sunt
3494 4854 3681 4916 amba)
3710 4851 3845 4930 ejus-

2219 4944 2355 5005 dem
2390 4946 2581 5005 sancti
2612 4943 2935 5006 Clementis
2965 4947 3035 5007 ad
3070 4946 3346 5023 Virgines
3376 4944 3675 5025 Epistolze.

2299 5032 2464 5096 Nota:
2496 5033 2740 5095 Patricii
2794 5037 2849 5096 in
2908 5034 3230 5115 Epistolam
3286 5053 3462 5115 quam
3518 5031 3732 5094 invenit
3768 5030 3844 5089 vix

2219 5124 2608 5187 dissidentem
2629 5126 2928 5186 hominem
2947 5118 3845 5204 detegunt.ProlegomenaWet~

2219 5216 2382 5289 stini,
2404 5216 2642 5277 duobus
2668 5215 2813 5275 locis
2841 5214 3106 5294 exceptis
3130 5217 3187 5276 in
3213 5216 3428 5296 quibus
3461 5214 3660 5275 odium
3693 5227 3838 5272 suum

2220 5323 2359 5385 erga
2382 5306 2709 5367 Romanam
2733 5303 3063 5367 Ecclesiam
3089 5307 3300 5386 exerit,
3330 5302 3666 5366 testimonia
3690 5298 3838 5362 exhi-

2218 5396 2363 5459 bent
2392 5394 2762 5458 sinceritatis
2792 5413 2859 5457 ac
2888 5396 3175 5459 veritatis.
