3998 6202
58 44 80 214 π
229 191 368 257 δππ
717 185 722 188 ’
1183 196 1571 260 ΕΡῙΒἝΟΙΗΕ
1601 198 1637 258 Α

2000 191 2116 259 as.
2151 230 2228 242 -
2259 198 2652 260 PROOEMIA.
3155 151 3159 156 ’
3463 193 3579 260 378

315 327 585 392 Permisit
607 332 762 394 Deus
782 333 1318 394 bteet'nonumenta
1337 350 1371 394 a
1393 333 1531 394 viris
1561 333 1686 395 sedi
1717 351 1858 412 apo-
1879 341 1916 388 Α
2023 333 2154 394 Non
2172 329 2974 411 nocebltinventorquicerte
2989 339 3436 392 monumentum
3456 330 3583 408 ipse

233 419 454 480 stolicee
484 420 800 482 hostilibus
830 423 1022 502 delegi
1045 432 1102 484 et
1125 423 1434 502 publicari,
1461 422 1865 484 utasectariis
1951 440 2064 482 non
2098 421 2308 482 struxit
2341 420 2496 500 quod
2554 429 2634 482 tot
2683 428 2819 481 ante
2864 419 3028 480 illum
3079 421 3310 480 saeculis
3355 419 3582 482 existe-

236 509 430 570 minus
477 511 988 590 impugnarentur,
1022 522 1120 574 aut
1171 512 1330 574 fraus
1372 513 1690 576 Catholicis
1727 533 1864 580 .non
1951 509 2068 582 bat,
2104 511 2257 572 sicut
2314 512 2508 572 adhuc
2563 509 2783 589 existit,
2816 507 3189 589 antiquitatis
3241 528 3362 569 suae
3417 508 3586 585 signa

235 599 644 677 imputaretur.
683 600 856 662 Siluit
883 602 1241 678 generaliter
1265 603 1506 664 haeresis
1524 603 1597 664 de
1615 602 1868 683 epistola
1952 599 2292 681 praeferens.
2330 599 2453 661 Imo
2485 620 2600 680 quo
2635 600 2821 677 magis
2863 607 3154 679 suspectae
3199 597 3334 659 ﬁdei
3377 598 3588 659 inven-

234 688 466 749 aJunio
497 689 749 753 Patricio
791 691 1440 774 inventa:nullusque,
1472 693 1626 775 quod
1654 693 1864 767 sciam,
1951 699 2044 750 tor
2118 689 2488 772 probabitur,
2551 709 2621 751 eo
2698 689 2917 750 clarius
2983 687 3204 768 patebit
3279 685 3585 748 inimicum

235 788 475 839 novator
518 781 692 860 hujus
742 781 1244 845 anthenticitatem
1278 801 1588 862 aggressus
1621 793 1746 844 est:
1781 784 1874 847 vix
1957 779 2292 859 degmatum
2327 779 2819 860 orthodoxorum,
2856 797 2973 840 non
3019 787 3232 858 sponte
3276 777 3337 837 in
3384 794 3588 838 eorum

234 867 418 943 enim,
449 869 508 930 in
535 871 645 932 hac
665 870 943 951 Epistola,
967 883 1203 934 sanctus
1226 872 1490 935 Pontifex
1515 872 1877 937 delibaverat
1957 869 2212 930 favorem
2248 877 2363 930 tam
2398 868 2776 949 splendidum
2812 869 3125 950 protulisse
3155 866 3594 927 fulcimentum.

237 959 512 1021 veritates
545 960 754 1021 ha'resi
786 961 1040 1026 odiosas.
1066 963 1196 1026 Dixi
1227 961 1316 1024 vix
1348 962 1711 1028 delibaverat
1739 963 1877 1044 quia
1955 960 2082 1022 Nec
2103 958 2241 1022 illud
2277 959 2544 1020 exhibuit
2574 957 2706 1020 sine
2727 958 3010 1020 conviciis
3041 959 3099 1018 in
3133 955 3456 1018 Ecclesiam
3477 954 3593 1017 sibi

235 1067 351 1109 non
381 1049 653 1111 absolute
679 1051 752 1111 de
780 1051 868 1111 his
899 1053 1174 1114 omnibus
1201 1061 1484 1132 tacuerat,
1512 1052 1708 1133 utjam
1733 1053 1873 1114 alibi
1958 1048 2228 1111 invisam.

232 1147 494 1199 notatum
529 1149 639 1201 est.
675 1143 878 1219 Longe
905 1141 1076 1204 aliter
1104 1161 1168 1204 se
1202 1161 1300 1203 res
1333 1142 1537 1204 habuit
1565 1145 1624 1203 in
1655 1144 1869 1223 episto-
2041 1139 2366 1199 Atlnotator
2408 1137 2804 1218 Epistolarum
2855 1135 3286 1198 authenticitati
3327 1153 3442 1195 non
3478 1152 3591 1194 no-

235 1227 306 1288 lis
339 1228 414 1289 de
447 1229 779 1306 virginitate
813 1232 1204 1292 tractantibus
1235 1254 1248 1295 :
1282 1230 1682 1292 Protestantes
1715 1232 1871 1292 enim
1959 1237 2071 1288 cet.
2112 1227 2374 1300 Quilibet
2401 1228 2590 1290 lector
2630 1227 2924 1290 aestimare
2958 1225 3139 1306 potuit
3190 1225 3448 1286 valerem
3481 1223 3594 1284 ob—

236 1318 587 1397 virginitatis
611 1338 836 1396 osores,
872 1321 1040 1402 quasi
1075 1321 1338 1382 unanimi
1369 1338 1512 1384 voce
1543 1331 1747 1384 contra
1777 1341 1878 1384 au-
1955 1316 2346 1397 jectationum
2383 1316 2561 1396 illius,
2585 1335 2652 1378 ac
2685 1326 2995 1396 penetrare
3027 1314 3286 1376 animum
3322 1313 3594 1376 hostilem

234 1407 662 1470 tbentiritatem
692 1427 896 1470 earum
931 1410 1404 1473 insurrexerunt.
1429 1410 1549 1472 Nec
1568 1412 1876 1492 quisquam
1962 1425 2078 1487 quo
2114 1405 2489 1469 movebatur:
2520 1406 2656 1468 Non
2687 1407 2848 1468 enim
2879 1422 2987 1468 cor
3026 1405 3154 1484 ejus
3194 1412 3322 1466 erat
3372 1411 3599 1465 rectum

235 1495 374 1557 inde
405 1497 606 1558 mirari
637 1498 848 1559 debet:
879 1498 1154 1562 «Omnes
1186 1519 1442 1580 namque
1470 1510 1740 1581 quaerunt
1764 1501 1882 1580 pla-
1962 1513 2164 1558 coram
2198 1497 2454 1558 Domino
2482 1494 2556 1570 δι,
2592 1513 2728 1557 cum
2761 1504 2917 1556 esset
2945 1512 3176 1555 vesanm
3207 1492 3600 1572 philosophia

235 1586 713 1660 ceutia;omnes
762 1607 830 1659 ea
878 1590 1086 1651 audire
1134 1590 1400 1668 gestiunt
1440 1609 1571 1670 quae
1618 1591 1883 1653 habenas
1964 1583 2095 1646 labe
2128 1586 2434 1648 infectum.

234 1676 398 1737 carni
426 1676 645 1750 laxent,
678 1695 792 1740 non
817 1697 951 1759 quae
976 1679 1263 1741 inducant
1285 1680 1666 1742 conscientiae
1682 1689 1879 1742 rusto-
2045 1673 2312 1737 Tandem
2349 1674 2705 1736 inventionis
2734 1681 2872 1735 aetas
2904 1673 2998 1734 vix
3041 1691 3314 1754 campum
3346 1670 3600 1732 liberum

234 1765 468 1828 diendae
489 1767 779 1841 studium,
809 1768 1118 1848 religionis
1143 1789 1373 1845 curam,
1403 1770 1876 1833 Christianorum
1905 1794 1939 1842 Β
1963 1764 2338 1844 relinquebat
2356 1782 2507 1826 verae
2530 1763 3060 1842 eruditionizhujus
3080 1763 3237 1824 enim
3269 1760 3452 1823 aetatis
3477 1759 3604 1838 phi-

233 1871 461 1915 morum
544 1857 795 1935 pondus.
849 1882 873 1912 »
936 1858 1072 1920 Haec
1151 1859 1444 1921 Wicelius
1499 1859 1712 1922 Senior
1768 1851 1868 1940 qui
1952 1854 2726 1935 losopltiaundiquesannis
2748 1872 2816 1914 ac
2841 1852 3110 1914 dicteriis
3134 1850 3596 1940 veritatesetiam

235 1943 457 2024 optime
491 1955 735 2006 noverat
766 1956 983 2009 sectam
1019 1967 1149 2028 quae
1179 1949 1490 2011 seduxerat
1522 1949 1685 2010 illum
1709 1939 1801 2009 ιθ(
1953 1944 2365 2024 apertissimas
2417 1944 2704 2004 audacter
2755 1942 3244 2022 persequebatur.
3278 1939 3416 2001 [deo
3438 1955 3596 2028 con-

312 2037 495 2097 Certe
526 2034 574 2096 si
608 2027 1048 2118 qualiscunque
1085 2039 1357 2119 epistola,
1389 2039 1632 2101 nomine
1677 2037 1866 2101 sancti
1965 2052 2205 2097 versum
2236 2043 2322 2096 est
2353 2042 2695 2097 retrorsum
2715 2032 3046 2112 judicium,
3081 2040 3133 2093 et
3155 2031 3402 2109 justitia
3431 2027 3606 2106 longe

239 2123 560 2186 Clementis
587 2125 1127 2206 insignita,reperta
1149 2127 1881 2208 fuisset,cujusinterpre-
1965 2125 2128 2186 stetit
2152 2132 2205 2185 et
2236 2125 2473 2185 corruit
2515 2129 2578 2184 in
2602 2123 2801 2203 platea
2838 2123 3072 2184 veritas
3101 2129 3158 2184 et
3195 2119 3450 2198 aequitas
3481 2135 3604 2180 non

239 2217 374 2275 tatio
395 2231 646 2275 sensum
680 2215 1028 2294 praebuisset
1053 2216 1347 2278 caelibatui
1368 2217 1688 2289 infensum,
1720 2217 1884 2280 mille
1963 2214 2158 2292 potuit
2189 2213 2430 2292 ingredi
2450 2213 2524 2272 ‘5.
3380 2249 3385 2254 -

240 2304 653 2366 buccinatores
676 2305 1146 2387 adlaborassent,
1173 2307 1330 2367 inter
1351 2308 1878 2379 sectarios,uteant
2048 2299 2234 2362 llodie
2269 2319 2400 2362 vero
2434 2300 2700 2362 Ecclesia
2735 2307 2919 2362 mater
2945 2300 3134 2380 longis
3181 2295 3606 2387 explelsfasti-

237 2395 796 2473 superexlollereut,
850 2397 1097 2476 ejusque
1132 2385 1670 2458 authentieitatem
1720 2413 1882 2458 asse-
1967 2391 2082 2451 diis
2110 2396 2555 2471 contemptores
2579 2407 2722 2450 snos
2753 2391 3114 2470 contemptui
3137 2388 3381 2450 traditos
3411 2385 3606 2447 intue-

237 2492 459 2546 rerent.
1969 2480 2218 2560 tur.Ipsi
2227 2481 2358 2559 jam
2380 2479 2692 2541 comedunt
2711 2479 2957 2556 fruetus
2973 2484 3086 2540 via:
3107 2495 3232 2541 sum
3249 2484 3306 2539 et
3327 2481 3455 2540 suis
3470 2492 3608 2537 con-

315 2574 379 2634 ld
422 2573 667 2635 abunde
730 2573 941 2654 probat
998 2574 1404 2636 testimonium
1467 2573 1623 2654 quod
1680 2584 1882 2635 sancto
1971 2569 2128 2629 siliis
2178 2574 2541 2629 saturantur
2570 2565 2624 2610 ‘5
2670 2568 2726 2631 Si
2760 2567 3030 2648 quaedam
3072 2567 3262 2628 adhuc
3293 2569 3608 2627 remanent

241 2663 582 2742 Paphnucio
615 2662 894 2727 Socrates
928 2673 1040 2726 tam
1073 2664 1878 2744 mendaciter-imputat,tnn-
1970 2657 2178 2737 priscae
2209 2656 2431 2718 fraudis
2476 2665 2823 2732 sectatores,
2858 2655 3020 2718 ultra
3072 2675 3194 2716 non
3241 2656 3557 2744 proﬁcient
3587 2672 3604 2715 :

239 2770 404 2831 quam
448 2753 512 2813 in
549 2755 674 2833 ipso
700 2754 953 2814 concilio
977 2754 1218 2816 Nicmnn
1266 2743 1580 2834 prolatum,
1606 2755 1884 2835 quodque
1968 2746 2327 2822 insipientia
2360 2747 2526 2806 enim
2559 2763 2763 2807 eorum
2785 2747 3114 2822 manifesta
3146 2746 3264 2807 erit
3287 2743 3363 2802 τι.

239 2860 390 2903 nunc
423 2849 514 2902 tot
543 2831 993 2921 probationibus
1023 2844 1232 2905 tatsum
1267 2831 1734 2904 demonstratum
1768 2831 1875 2906 est.
2049 2835 2118 2896 Et
2149 2853 2325 2907 nunc,
2348 2835 2544 2898 divine
2564 2835 2863 2904 Clemens,
2889 2852 3238 2914 exsurgere,
3263 2843 3320 2896 et
3341 2831 3508 2915 quasi
3533 2833 3608 2894 de

314 2931 428 2993 Nec
465 2933 700 3011 negabo
736 2934 846 2993 tria
883 2934 1284 3007 concurrisse,
1310 2953 1426 2994 non
1452 2943 1517 2994 ut
1542 2935 1886 3013 pessumda-
1907 2996 1944 3013 Λ
1972 2924 2236 2986 tenebris
2269 2941 2543 3003 erumpe.
2569 2922 2752 2986 Sonet
2777 2927 2985 2984 iterum
3015 2943 3118 2984 vox
3146 2933 3242 2985 tua
3265 2923 3454 2985 dulcis
3477 2940 3608 3013 quae

239 3033 413 3099 retur,
439 2996 651 3084 sedum
687 3023 1026 3083 differretur
1047 2996 1750 3100 agnitio'authenticitatis
1776 2996 1883 3085 no-
1905 2996 1945 3045 Ο
1975 3015 2163 3096 prima
2184 2996 2678 3091 virginitatislilia
2702 3013 3079 3074 immaculato
3095 3016 3387 3074 etintacto
3407 2996 3609 3092 splen-

239 3123 485 3172 strarum
509 3111 914 3191 Epistolarum
945 3134 957 3170 :
986 3114 1178 3191 primo
1210 3113 1598 3185 inventorem,
1621 3115 1885 3175 secundo
1972 3108 2117 3164 dore
2136 3104 2273 3164 olim
2297 3103 2586 3164 ὃάοΐιιίὶτθ
2613 3103 2930 3183 gestiebat.
2958 3104 3040 3165 Te
3067 3103 3352 3182 perﬂante
3371 3103 3606 3162 hortum

243 3202 684 3276 adnotatorem,
722 3202 898 3262 tertio
950 3201 1314 3262 inventionis
1345 3210 1596 3263 aetatem.
1974 3194 2280 3266 Ecclesiae,
2316 3195 2502 3256 ﬂuant
2531 3205 2795 3256 aromata
2825 3194 3024 3273 illius;
3062 3193 3204 3254 novi
3245 3211 3483 3271 semper
3515 3211 3612 3271 ap-

317 3291 1009 3372 lnventorem,quiapud
1025 3309 1167 3352 suos
1184 3291 1362 3352 etiam
1387 3301 1674 3371 suspecta
1691 3293 1890 3354 adma-
1975 3292 2215 3364 pareant
2240 3285 2416 3344 ﬂores
2440 3283 2496 3343 in
2534 3292 2690 3345 terra
2722 3293 2946 3346 nostra.
2980 3281 3100 3346 Hos
3131 3284 3309 3344 ﬂores
3342 3290 3606 3372 protege,

238 3380 366 3440 dum
402 3380 554 3442 ﬁdei
589 3389 714 3441 erat
745 3369 1228 3460 {adnotatoretm
1257 3381 1354 3460 qui
1391 3369 1604 3441 nomen
1638 3381 1890 3444 habebat
1975 3391 2274 3454 nunquam
2310 3373 2626 3444 deﬁciant;
2675 3393 2971 3454 nunquam
3008 3383 3394 3434 marcescant.
3428 3369 3614 3432 Sacer

243 3470 389 3530 inter
411 3469 616 3531 ultimi
642 3469 842 3530 saeculi
871 3469 1257 3550 philosophos
1280 3484 1329 3529 et
1363 3470 1420 3529 in
1443 3471 1744 3531 academia
1765 3469 1886 3532 Rn-
1976 3463 2267 3544 pontifex,
2303 3464 2469 3541 virgo
2524 3463 2827 3537 sacerdos,
2862 3463 3130 3524 caelestis
3159 3480 3297 3523 rore
3329 3461 3615 3522 doctrinm

237 3559 613 3637 thomagensi
668 3568 730 3618 ut
779 3559 1087 3620 oraculum
1131 3557 1503 3620 audiebatur.
1538 3557 1893 3620 lnventionis
1979 3571 2152 3634 pasce
2176 3551 2659 3631 clericos;pasce
2687 3551 3611 3632 presbyteros;pascepraesules;

235 3663 676 3728 mtatemguam
694 3667 902 3709 vocare
924 3648 1888 3728 possemusincredulitatiswram.
1983 3659 2156 3725 pasce
2189 3640 2471 3702 candidas
2517 3661 2763 3722 sponsas
2793 3643 3032 3705 Christi.
3068 3643 3160 3702 cui
3189 3661 3321 3702 cum
3356 3640 3528 3702 Patre
3557 3647 3616 3701 et

233 3739 362 3802 Haec
422 3758 594 3802 nunc
653 3739 929 3818 podesse,
965 3757 1079 3798 non
1132 3756 1349 3798 nocere
1392 3737 1616 3800 debent
1658 3740 1885 3816 judtcio
1973 3732 2197 3812 Spiritu
2233 3739 2438 3791 sancto
2469 3731 2542 3792 sit
2571 3731 2761 3792 honor
2791 3738 2849 3793 et
2872 3731 3060 3812 gloria
3091 3732 3148 3792 in
3180 3731 3394 3794 saecula
3421 3748 3616 3791 saecu-

234 3832 637 3892 eruditorum.
1970 3827 2190 3888 lorutn.
2234 3822 2454 3885 Amen.

307 4107 360 4151 ⁸³
391 4107 590 4190 Epist.
631 4110 668 4170 8
700 4108 866 4185 Jun,
898 4103 1071 4167 1533.
1163 4102 1216 4146 ⁴⁴
1245 4103 1394 4168 Psal.
1436 4122 1652 4180 Lxxvtl,
1688 4106 1789 4168 37.
1877 4104 1886 4143 ⁴

1905 4105 2060 4164 515.1.
2093 4115 2214 4175 ιιι,
2257 4095 2349 4157 14.
2435 4100 2490 4145 ιο
2520 4104 2694 4161 Prov.
2723 4119 2766 4174 ι,
2804 4098 2901 4162 3t.
2991 4098 3043 4143 ⁸⁷
3071 4097 3122 4162 II
3148 4097 3303 4162 Tim.
3338 4100 3484 4172 111,9.
