4110 6202
452 249 575 316 463

1304 263 1363 328 S.
1410 256 1840 329 CLEMENTIS
1882 256 1907 320 Ι
1950 258 2132 321 ROM.
2181 259 2402 324 PONT.
2451 263 2697 331 OPERA
2745 263 2998 326 DUBIA.

3712 261 3832 323 464

1743 461 2342 556 EPISTOLA
2425 465 2494 556 1.

1531 671 1633 732 AD
1672 669 2012 733 JACOBUM
2058 669 2424 734 FRATREM
2470 675 2769 738 DOMINI.

447 841 996 924 EnqrrantClemem,
1035 860 1140 924 quo
1171 846 1383 924 ratioge
1410 845 1600 924 Petrus
1631 847 1798 924 brevi
1818 849 2136 924 moriturus,
2166 849 2495 924 congregatis
2527 851 2813 923 fratribus,
2874 857 2924 908 et
2967 852 3215 924 concione
3234 852 3552 924 praemissa,
3585 865 3700 923 qua
3735 849 3821 924 ip-

513 915 625 995 sius
662 915 947 995 Clementis
978 915 1224 995 meritum
1264 917 1439 988 effert,
1471 927 1517 974 et
1548 921 1722 995 multa
1750 920 1798 975 ei
1818 919 2003 995 tradit
2031 915 2284 995 regendae:
2296 915 2556 995 Ecclesiae
2597 915 2889 995 pracepta,
2922 925 3098 995 ipsum
3137 915 3266 980 sibi.
3287 915 3631 980 successorem
3665 915 3820 978 ον·ᾱί-

515 994 630 1053 nat,
668 1003 732 1044 ac
749 989 970 1059 jubetur
1003 989 1242 1046 Clemens
1263 997 1384 1060 post
1414 998 1646 1047 mortem
1678 992 1828 1048 Petri
1849 989 2110 1062 epitomeri
2128 991 2575 1064 praedicationum
2597 989 3158 1067 ἶρεὶαεάιίαᾶεοὸυω
3192 996 3419 1060 mittere,

518 1114 746 1192 (Eadem
777 1125 862 1192 est
895 1131 960 1173 ac
985 1131 1257 1192 sequens,
1287 1117 1398 1173 nisi
1429 1117 1581 1192 quod
1624 1117 1812 1192 multis
1879 1117 2411 1187 interpolationibus
2471 1120 2541 1176 ab
2599 1120 2818 1177 Isidoro
2876 1121 3202 1184 Mercatore,
3236 1137 3335 1178 seu
3373 1121 3564 1192 potius
3600 1120 3670 1177 ab
3700 1121 3820 1177 alio

445 1186 693 1258 quodam
719 1187 897 1244 multo
939 1186 1111 1258 quam
1141 1188 1395 1246 Isidorus
1425 1186 1747 1260 antiquiore
1777 1198 1995 1246 accreta
2024 1186 2153 1258 est.)

1560 1503 1977 1596 EADl‘IM
2063 1504 2654 1599 EPISTOLA

1352 1697 1546 1770 Ruﬁno
1579 1697 1804 1772 Torona,
1833 1701 2172 1772 Aquileiam
2196 1701 2519 1775 presbytero,
2555 1705 2844 1776 interprete
2876 1701 2930 1744 ⁸8

520 1984 800 2045 CLEMENS
829 1982 1053 2043 JACOBO
1084 1980 1204 2052 (28)
1225 1977 1390 2038 fratri
1421 1976 1680 2054 Domini,
1706 1946 2076 2066 etllilpiscopo
2096 1987 2140 2036 Α
2161 1979 2281 2040 sius
2316 1982 2594 2041 Romana;
2625 1979 2789 2042 urbis
2822 1980 2996 2060 hujus
3046 1981 3338 2056 notitiam,
3372 1990 3435 2042 ut
3466 1982 3642 2044 etiam
3676 1985 3810 2064 ipsa

442 2074 880 2152 episcoporum.
909 2067 1136 2143 regenti
1172 2066 1554 2128 Hebraeorum
1590 2078 1850 2130 sanctam
1884 2068 2083 2131 Eccle-

440 2164 590 2224 siam
626 2158 1082 2238 Hierosolymis,
1117 2157 1218 2217 sed
1250 2166 1307 2218 et
1355 2177 1565 2218 omnes
1596 2159 1918 2229 Ecclesias,
1952 2176 2084 2238 qua:

439 2253 655 2331 ubique
685 2249 790 2312 Dei
818 2247 1183 2327 providentia
1213 2247 1471 2307 fundata:
1496 2257 1810 2331 suntﬂcum
1845 2249 2085 2329 presby-

437 2315 577 2404 teris
610 2352 669 2401 et
701 2315 1074 2412 diadonibus,
1112 2342 1172 2399 et
1203 2337 1435 2397 caeteris
1467 2315 1746 2399 omnibus
1775 2315 2074 2401 fratribus.

435 2435 552 2494 Pax
586 2431 692 2492 tibi
725 2429 802 2490 sit
831 2445 1092 2506 semper.

513 2612 733 2673 Notum
778 2607 840 2657 49
875 2605 982 2668 tibi
1029 2605 1204 2678 facio,
1238 2604 1502 2684 domine,
1536 2605 1673 2685 quia
1725 2603 1929 2667 Simon
1965 2607 2076 2666 Pe-

433 2711 556 2764 trus
586 2703 730 2781 (59),
760 2700 860 2779 qui
899 2715 1056 2758 verte
1088 2695 1227 2757 ﬁdei
1261 2697 1496 2770 merito,
1525 2710 1576 2755 et
1602 2695 1844 2772 integrae
1870 2695 2085 2774 praidi-

434 2792 682 2854 cationis
713 2787 1438 2861 obtentu,fumlamentum
1461 2803 1592 2846 esse
1619 2785 1902 2847 Ecclesiae
1929 2785 2079 2846 deﬁ-

434 2885 590 2944 nitus
617 2888 727 2961 est,
760 2898 876 2959 qua
907 2878 982 2938 de
1014 2895 1192 2938 causa
1225 2877 1400 2936 etiam
1438 2874 1676 2937 Domini
1721 2894 1826 2934 ore
1880 2874 2079 2936 divino

434 2971 887 3052 cognominatus
910 2976 1001 3030 est
1025 2969 1256 3041 Petrus,
1285 2985 1381 3044 qui
1405 2965 1509 3026 fuit
1535 2965 1809 3044 primitiw
1827 2963 2078 3025 electio-

430 3063 523 3124 nis
548 3056 1215 3138 Domini,apostolorum
1245 3055 1595 3135 primus,cni
1629 3061 1685 3114 et
1709 3055 1898 3133 primo
1921 3052 2080 3114 Deus

434 3156 602 3214 Pater
631 3150 845 3211 Filium
879 3147 1184 3220 revelavit,
1218 3145 1311 3205 cui
1344 3152 1402 3204 et
1431 3145 1704 3205 Christus
1737 3151 2080 3222 competen-

2166 2070 2514 2142 salvaretur,
2543 2071 2794 2144 invexit;
2830 2071 2947 2138 hic,
2985 2071 3252 2151 inquam,
3288 2091 3394 2151 pro
3431 2073 3647 2150 pietate
3691 2075 3804 2152 pati

2167 2159 2372 2220 volens
2407 2169 2755 2239 praesentem
2793 2160 2969 2222 vitam
3004 2161 3188 2221 ﬁnivit
3217 2163 3298 2222 50.
3335 2164 3399 2223 In
3435 2162 3580 2241 ipsis
3609 2173 3806 2224 autem

2165 2249 2626 2330 diebus,qoibus
2649 2253 2777 2311 vita;
2800 2251 2976 2312 ﬁnem
2997 2251 3109 2310 sibi
3137 2251 3453 2313 imminere
3472 2254 3803 2331 praesensit,

2163 2339 2222 2398 in
2281 2349 2571 2400 conventn
2622 2340 2870 2402 fratrum
2928 2341 3175 2420 positus,
3208 2343 3580 2422 apprehensa
3631 2363 3807 2404 manu

2165 2446 2317 2508 mea,
2341 2438 2588 2508 repente
2619 2448 3005 2506 consurgens,
3032 2429 3089 2490 in
3120 2430 3364 2491 auribus
3397 2433 3573 2493 totius
3595 2431 3806 2494 Eccle-

2161 2517 2263 2578 siae
2295 2519 2420 2579 haec
2475 2519 2715 2596 protulit
2762 2518 2983 2582 verba:
3027 2544 3052 2574 ε
3081 2519 3300 2582 Audite
3349 2539 3444 2582 me
3491 2520 3700 2583 fratres
3747 2530 3808 2583 et

2161 2608 2434 2668 conservi
2460 2609 2578 2669 mei
2604 2629 2617 2668 :
2647 2608 2950 2688 quoniam,
2977 2616 3035 2668 ut
3071 2608 3317 2669 edocms
3347 2627 3479 2669 sum
3510 2609 3581 2670 ab
3600 2629 3671 2672 eo
3703 2614 3803 2691 qui

2171 2698 2329 2758 misit
2363 2716 2479 2770 me,
2515 2697 2762 2759 Domiuo
2795 2706 2856 2759 et
2889 2698 3168 2776 magistro
3205 2717 3335 2760 meo
3365 2699 3501 2760 .Iesu
3541 2699 3800 2776 Christo,

2165 2785 2293 2848 dies
2314 2793 2518 2848 mortis
2534 2806 2676 2848 mea;
2697 2787 3264 2867 instat,Clementem
3287 2789 3446 2848 hunc
3459 2789 3803 2870 episcopum

2166 2876 2329 2937 vobis
2352 2877 2588 2948 ordino,
2616 2877 2708 2937 cui
2735 2877 2840 2937 soli
2869 2894 3016 2937 meae
3039 2876 3472 2955 przedicationis
3497 2887 3554 2938 et
3584 2879 3804 2941 doctri-

2165 2985 2256 3027 nae
2287 2967 2632 3027 cathedram
2667 2965 2829 3026 trado
2860 2965 2907 3007 ⁵¹
2941 2984 2953 3028 ;
2988 2967 3088 3045 qui
3123 2966 3264 3026 mihi
3298 2966 3369 3026 ab
3421 2967 3585 3027 initio
3615 2987 3805 3050 usque

2165 3056 2224 3116 in
2255 3059 2432 3116 tinem
2458 3074 2660 3117 comes
2692 3055 2751 3116 in
2783 3055 3061 3116 omnibus
3084 3056 3211 3129 fuit,
3239 3065 3296 3116 et
3323 3075 3428 3135 per
3449 3059 3561 3118 hoc
3581 3059 3798 3120 verita-

2164 3153 2280 3206 tem
2309 3146 2485 3206 totius
2517 3163 2660 3205 meee
2692 3144 3129 3224 praedicationis
3157 3150 3426 3224 agnovit:
3461 3150 3559 3227 qui
3589 3147 3648 3208 in
3679 3168 3799 3210 om-

433 3251 519 3303 ter
545 3239 972 3302 beatitudinem
1008 3233 1278 3307 contulit,
1307 3233 1408 3313 qui
1432 3241 1491 3294 et
1515 3240 1751 3292 vocatus
1777 3241 1938 3291 estet
1960 3233 2074 3292 ele-
2102 3278 2136 3326 Β
2164 3234 2336 3295 nibus
2370 3235 2796 3296 tentationibos
2837 3235 2985 3295 meis
3019 3234 3218 3326 socius
3269 3235 3512 3310 exstitit,
3549 3237 3804 3300 ﬁdeliter

431 3343 582 3406 ctus,
609 3341 667 3392 et
683 3329 926 3392 conviva
946 3326 1182 3387 Domini
1207 3336 1266 3387 et
1288 3341 1488 3385 comes
1511 3324 1775 3396 effectus,
1798 3331 2072 3402 tanquam
2104 3324 2116 3326 ί
2161 3343 2548 3405 perseverans
2565 3347 2577 3388 :
2593 3344 2767 3405 quem
2787 3343 2904 3404 prae
2925 3324 3156 3387 caeteris
3170 3343 3236 3386 ex
3249 3335 3588 3405 pertussum
3611 3329 3796 3390 Deum

431 3425 620 3485 bonus
653 3428 710 3481 et
741 3415 1192 3498 probatissimus
1244 3413 1594 3492 discipulus,
1627 3412 1727 3490 qui
1757 3412 2070 3474 obscurio-

429 3531 556 3573 rem
592 3508 794 3570 mundi
829 3505 1054 3583 plagam
1091 3502 1434 3565 Occidentis
1461 3502 1641 3583 (velut
1673 3502 1936 3561 omnium
1972 3520 2072 3581 po-

431 3601 665 3674 tentior)
687 3596 1024 3657 illuminare
1048 3601 1380 3673 praeceptus
1405 3591 1746 3672 est,quique
1769 3599 1825 3651 et
1847 3591 2076 3670 integre

430 3689 619 3772 potuit
648 3687 898 3764 implere
930 3692 1314 3764 praiceptum.
1352 3683 1464 3743 Sed
1512 3701 1828 3772 quousque
1851 3699 2075 3741 sermo-

431 3799 564 3841 nem
603 3777 906 3859 protraho,
940 3772 1236 3850 refugiens
1268 3772 1536 3833 indicare
1565 3771 1721 3850 quod
1755 3771 1926 3859 triste
1959 3779 2067 3851 est,

2157 3416 2476 3495 colentem,
2512 3414 2787 3476 homines
2829 3414 3200 3493 diligentem,
3237 3423 3491 3495 castum,
3525 3415 3800 3479 discendi

2156 3505 2369 3566 studiis
2399 3503 2688 3578 deditum,
2723 3503 3015 3584 sobrium,
3043 3503 3388 3585 benignum,
3405 3505 3661 3584 justum,
3689 3525 3798 3586 pa-

2161 3593 2429 3674 tientem,
2456 3603 2514 3655 et
2545 3593 2834 3657 scientem
2866 3593 3024 3654 ferre
3049 3594 3474 3656 nonnullorum
3501 3596 3697 3667 (etiam
3728 3616 3799 3658 ex

2157 3683 2251 3744 his
2280 3683 2379 3764 qui
2410 3684 2470 3744 in
2502 3681 2685 3744 verbo
2722 3682 2829 3745 Dei
2869 3683 3285 3764 instituuntur)
3320 3685 3594 3764 injurias.

2234 3771 2483 3853 Propter
2503 3775 2660 3853 quod
2691 3772 2805 3852 ipsi
2838 3772 3054 3834 tradoa
3079 3774 3332 3836 Domino
3355 3775 3501 3836 mihi
3524 3776 3796 3839 traditam

427 3868 587 3948 quod
614 3862 851 3946 quidem
875 3881 1121 3922 necesse
1149 3861 1407 3934 est,licet
1431 3858 1941 3948 tarde,proferrer?
1961 3859 2070 3921 Hic
2155 3871 2505 3942 potestatem
2531 3861 2752 3940 ligandi
2777 3871 2834 3922 et
2854 3862 3158 3935 solvendi;
3185 3874 3250 3926 ut
3270 3863 3344 3924 de
3362 3864 3644 3928 omnibus
3666 3867 3800 3946 qui-

425 3947 684 4036 denique
715 3956 841 4034 ipse
865 3955 1096 4024 Petrus,
1130 3950 1244 4040 qui
1285 3970 1391 4031 pro
1443 3950 1736 4010 immensa
1760 3947 2065 4022 charitate,
2154 3950 2504 4040 buscunque
2518 3951 2859 4040 decreverit
2879 3951 2939 4012 in
2972 3951 3295 4028 terris,hoc
3316 3954 3624 4016 decretum
3643 3957 3797 4017 sitet

426 4065 603 4127 quam
647 4063 784 4122 erga
837 4059 1046 4103 omnes
1089 4039 1363 4101 homines
1411 4039 1678 4119 gerebat,
1715 4040 1903 4118 palam
1934 4057 2068 4098 cum
2111 4039 2214 4106 ,in
2245 4036 2692 4118 coelisﬁLigabit
2722 4038 2879 4102 enim
2913 4041 3070 4120 quod
3101 4048 3336 4121 oportet
3366 4043 3554 4123 ligari,
3589 4053 3647 4104 et
3676 4043 3828 4114 sol-‘2

425 4137 582 4198 omni
645 4132 902 4195 ﬁuducia
926 4131 1302 4207 (adversante
1359 4132 1532 4191 etiam
1596 4139 1840 4209 tyranno
1895 4128 2072 4188 totius
2122 4153 2124 4155 ’
2154 4136 2251 4215 vet
2280 4130 2439 4209 quod
2471 4131 2710 4210 expedit
2740 4129 2910 4214 solvi,
2947 4140 3226 4211 tanquam
3259 4133 3356 4213 qui
3389 4133 3463 4193 ad
3497 4134 3788 4215 liquidum

425 4224 646 4298 mundi)
678 4225 895 4284 bonum
918 4219 1244 4302 praedicare
1266 4240 1381 4281 non
1397 4218 1926 4296 destitit,etregem
1947 4235 2070 4276 om-
2153 4214 2440 4281 Ecclesiae
2467 4220 2732 4298 regulam
2768 4220 3000 4281 noverit
3025 4221 3109 4284 ὅθ.
3145 4220 3344 4302 Ipsum
3389 4241 3529 4301 ergo
3567 4224 3791 4305 audite,

423 4316 586 4378 nium
609 4315 962 4376 saeculorum
989 4329 1092 4390 per
1116 4310 1321 4373 orbem
1349 4320 1540 4383 terra),
1568 4317 1626 4370 et
1660 4328 1846 4390 usque
1878 4306 1948 4366 ad
1975 4306 2070 4386 ip-
2157 4309 2416 4370 scientes
2445 4309 2582 4390 quia
2631 4310 2970 4391 quicunque
3019 4311 3453 4374 contristaverit
3485 4313 3790 4375 doctorem

490 4493 545 4536 ‘8
569 4493 720 4555 Vide
745 4491 908 4572 praef.
935 4490 994 4550 in
1031 4489 1281 4572 Recogn.
1315 4487 1387 4572 ad
1418 4487 1840 4572 Gaudentium,
1868 4488 1969 4572 ubi
1992 4488 2246 4572 ait_hﬁanc
2278 4506 2310 4548 a
2333 4505 2399 4572 se
2422 4487 2561 4548 olim
2595 4488 3046 4572 interpretatam
3069 4499 3250 4572 atque
3268 4489 3512 4572 editam.
3557 4489 3611 4533 ⁸9
3633 4489 3784 4552 Vide

413 4575 566 4636 infra
601 4583 667 4650 (t.
703 4568 768 4643 ll)
811 4574 1125 4652 Epitomen
1163 4571 1435 4652 historiae
1468 4568 1875 4652 Clementinaz,
1907 4570 2028 4652 sive
2057 4568 2331 4652 Librum
2361 4569 2434 4652 de
2482 4571 2659 4652 gestis
2709 4571 2905 4652 sancti
2936 4568 3167 4652 ΔΡειιρφὶζ
3209 4588 3363 4631 anno
3387 4571 3576 4652 1555,
3608 4589 3793 4650 opera

416 4647 662 4717 Adriani
692 4647 956 4714 Turnebi
987 4655 1194 4714 Graece
1219 4650 1534 4730 editum,et
1562 4651 1763 4731 Latine
1794 4647 2090 4712 redditum
2111 4669 2143 4710 a
2172 4647 2482 4731 Joachimo
2517 4648 2796 4711 Perionio
2829 4647 2898 4731 Ο.
2933 4648 3000 4731 Β.
3047 4648 3108 4700 50
3136 4652 3319 4714 Gesta
3350 4650 3473 4712 sive
3505 4647 3790 4731 Epit—ante

413 4737 542 4811 cit.,
578 4754 635 4815 p.
672 4735 811 4815 412,
847 4732 1003 4815 edit.
1033 4731 1404 4815 Coloniensis
1434 4728 1572 4790 ann.
1614 4730 1786 4795 1569.
1832 4731 1881 4773 ⁵¹
1916 4732 2120 4794 Const.
2146 4746 2249 4807 vn,
2275 4730 2371 4793 46.
2413 4728 2467 4771 ⁸⁸2
2504 4732 2564 4793 11
2601 4738 2806 4810 quaest.
2843 4729 2900 4804 3,
2941 4729 3300 4812 Quicunque
3328 4728 3600 4794 contrist.
3634 4729 3704 4793 Et
3733 4735 3790 4792 in

413 4811 594 4897 epist:
618 4817 646 4875 1
686 4812 1008 4874 Alexandri
1045 4828 1208 4891 papae
1241 4811 1286 4872 Ι.

495 4950 614 5029 (28)
654 4949 797 5010 Cum
824 4950 952 5010 haec
976 4947 1224 5028 epistola
1250 4946 1474 5029 scripta
1495 4948 1590 5029 sit,
1616 4947 1759 5029 utin
1789 4949 1981 5010 fronte
2005 4956 2063 5010 et

415 5027 610 5111 capite
643 5029 806 5090 illius
833 5027 1270 5111 apparet,_post
1303 5027 1542 5111 obitum
1567 5027 1628 5091 S.
1657 5027 1844 5111 Petri,
1878 5029 2058 5090 adeo-

456 5106 531 5173 ue
565 5120 694 5192 post
719 5127 824 5172 xm
855 5106 1072 5171 annum
1105 5106 1379 5192 Neronis,
1407 5108 1478 5169 ad
1508 5106 1793 5192 Jacobum
1820 5111 2060 5192 fratrem

456 5131 531 5173 ue
565 5131 694 5192 posr
719 5131 824 5172 xm
855 5131 1072 5171 annum
1106 5131 1379 5189 neroms,
1407 5131 1478 5169 au
1508 5131 1793 5172 Jaconum
1820 5131 2060 5171 iratrem

415 5131 652 5252 Domini
686 5192 899 5270 scripta
925 5209 1058 5251 esse
1085 5189 1289 5267 nequit
1319 5212 1330 5246 :
1371 5198 1574 5268 utpote
1598 5190 1719 5270 qui,
1751 5198 1898 5251 teste
1922 5188 2060 5251 Hie-

419 5291 546 5334 ron.
567 5273 649 5332 De
669 5273 820 5332 viris
844 5270 1469 5350 illustribus,septimo
1483 5288 1637 5330 anno
1653 5270 1906 5331 Neronis
1926 5270 2062 5350 Hie-

419 5353 732 5433 rosolymis
764 5352 996 5414 occisus
1028 5361 1156 5431 est;
1194 5349 1363 5433 unde
1385 5357 1565 5433 patet,
1597 5351 1751 5433 quod
1786 5349 2062 5433 haicepi-

423 5429 708 5494 stola'vel
767 5451 884 5492 non
944 5433 1017 5492 sit
1077 5429 1424 5511 Cleuentis,
1457 5430 1549 5491 vel
1579 5431 1801 5511 potius
1849 5432 1920 5492 ad
1971 5429 2056 5492 Si-

422 5531 684 5587 monem,
725 5513 826 5593 qui
859 5513 1254 5593 etiamfraler
1298 5508 1533 5593 Domini
1566 5508 1695 5593 fuit,
1728 5511 1945 5593 scripta
1969 5512 2064 5593 sit,

420 5602 479 5655 et
503 5594 565 5655 in
599 5590 828 5655 titulum
853 5592 1119 5673 epistola;
1148 5591 1435 5654 mendose
1466 5608 1608 5668 vox,
1636 5590 2066 5668 Jacobum,ir-

2145 4947 2420 5032 repserit.
2453 4946 2538 5009 Ita
2595 4947 2950 5032 Pos_sevinus
3009 4948 3069 5032 in
3122 4949 3452 5032 Agparatu
3497 4967 3697 5032 sacro,
3725 4952 3786 5012 in

2146 5027 2326 5090 verbo
2359 5030 2640 5090 CLEust
2690 5027 2991 5090 Romus.
3026 5026 3418 5094 Sev.'Buvms.

2228 5106 2722 5194 l29)__Sequentes_
2750 5108 3043 5194 variantes
3092 5109 3399 5194 lectiones,
3437 5111 3788 5194 notulasque

2146 5188 2543 5272 suppeditavit
2566 5188 3172 5272 Harduinus,qui_non
3191 5192 3296 5251 has
3313 5191 3636 5272 Clementis
3653 5188 3786 5272 epi-

2143 5268 2324 5350 stolas
2341 5276 2589 5341 tantum,
2616 5269 2718 5330 sed
2745 5268 2923 5330 etiam
2954 5268 3212 5350 reliquas
3237 5271 3581 5335 [sidorianw
3609 5268 3791 5335 colle-

2141 5349 2357 5431 ctionis
2381 5350 2630 5412 contulit
2651 5368 2786 5410 cum
2805 5368 2915 5431 ms.
2943 5349 3323 5413 Bibliotheca;
3340 5353 3574 5431 collegii
3595 5352 3785 5418 Paris.

2149 5426 2478 5533 §oc.{esu;
2506 5431 2705 5533 in'quo
2728 5430 3212 5533 ‘hujuls'epistqlae
3238 5426 3568 5533 hi'c'titullus
3598 5434 3788 5533 habe-

2152 5518 2278 5571 tur:
2309 5512 2542 5593 Incipit
2564 5512 2847 5590 Epistola
2873 5512 3202 5593 Clementis
3226 5515 3307 5573 ad
3333 5512 3623 5578 Iacobum
3647 5516 3788 5593 fra-

2150 5598 2306 5652 trem
2339 5591 2610 5655 Dorm'm'.
2647 5593 2826 5654 Deest
2871 5599 3091 5671 autem,
3124 5591 3368 5669 Petrus,
3398 5603 3582 5656 recte.
