2055 3101
166 65 235 98 529

582 64 912 100 CONSTITUTIONES
933 62 1185 97 APOSTOLIGE.
1209 80 1248 89 -ι
1269 64 1468 97 ΡΗΟΕΕΜΙΑ.

1808 66 1869 99 530

161 146 259 167 cauto.
277 135 387 167 Adhuc
398 138 580 174 arguuntur
591 134 761 168 Arianismi
775 134 987 174 crimine,qu0t

1031 154 1033 158 .
1046 132 1198 170 Πνεύματος
1211 133 1365 169 τετιμήσθω
1378 133 1454 170 ὑμῖν,
1470 132 1555 170 μηδὲν
1577 132 1638 169 ἄνευ
1665 138 1713 164 τοῦ
1741 133 1865 164 διακόνου

158 181 294 211 nonnisi
301 180 401 212 violcn
406 184 451 211 ter
459 180 528 220 quis
534 181 641 219 poterit
650 177 801 219 depellere
809 177 999 218 (49).οαοοὶ-

161 233 217 255 am
241 234 313 256 vero
342 229 459 256 constat
486 224 517 255 in
532 223 654 255 Oriente
667 223 776 254 vixisse
791 226 998 263 corruptorem

160 269 536 307 Constitutionum,alium
549 268 854 301 aPauloSamosateno
866 267 997 307 assigna-

160 323 198 345 re
214 324 276 345 non
295 323 466 354 possumus.
475 313 550 345 Huic
559 313 661 345 omnia
672 313 997 353 conveniunt,maxime

163 369 236 399 quae
250 359 577 399 sapiuntludaismum,
592 358 733 390 velutiest
743 357 909 397 exaequatio
919 356 997 389 Sab-

165 404 230 435 hati
254 414 324 435 cum
349 404 396 434 die
414 403 568 441 Dominico
584 403 647 443 (50)
658 412 726 434 cum
742 403 805 444 ipse
828 403 858 433 in
871 402 995 442 gratiam

166 449 282 488 reginas
294 448 537 488 Palmyrenorum
550 447 689 479 Zenobiae
697 447 728 478 in
740 451 894 488 comperto
906 447 996 479 fuerit

163 493 339 533 judaizans.
370 492 473 524 Patres
502 496 583 524 certe
612 492 663 533 qui
689 492 792 523 ultimo
809 491 995 523 Antiocheno

166 538 300 570 concilio
316 536 691 569 adversusSamosatcnum
707 537 919 574 interfuerunt,
936 545 996 567 non

167 592 272 614 mores
283 582 505 618 tantummodo,
523 581 577 613 sed
589 586 620 613 et
630 582 766 622 spuriam
779 581 922 612 damnant
931 581 996 621 fal-

167 636 298 668 samque
313 628 482 658 doctrinam
496 635 503 658 :
522 626 617 656 ’Ὅπου
645 625 672 654 δὲ
688 627 807 659 ἀποστὰς
823 630 869 655 τοῦ
883 627 994 658 κανόνος

168 672 211 700 ἐπὶ
229 671 344 705 κίϐδηλα
360 673 402 700 καὶ
419 673 481 700 νόοι
495 671 642 711 διδάγματα
657 670 845 709 μετελήλυθεν,
864 669 937 700 οὐδὲν
953 670 995 699 δεῖ

166 728 212 745 τω
235 717 286 749 ἔξω
301 717 376 748 ὄντος
391 718 439 747 τὰς
461 716 566 756 πράξεις
582 717 688 755 κρίνειν,
719 714 781 746 Sed
807 716 948 755 quoniam
975 724 994 746 a

167 761 238 800 ﬁdei
252 761 360 800 regula
373 760 528 797 recedens,
546 760 586 791 ad
596 760 732 799 spuriam
747 763 774 790 et
783 759 993 790 adulterinum

1041 175 1204 217 πράττουσα,
1233 176 1249 211 ἢ
1280 177 1461 217 φθεγγομένη,
1502 178 1538 210 ὡς
1561 177 1618 207 οὐδὲ
1647 179 1661 207 ὁ
1689 179 1865 220 Παρᾶκλητος

1040 220 1088 261 ἀφ’
1102 221 1195 250 ἑαυτοῦ
1209 233 1234 250 τι
1245 221 1334 260 λαλεῖ,
1352 221 1370 256 ἢ
1381 227 1466 262 ποιεῖ,
1479 221 1549 256 ἀλλὴ
1564 221 1676 258 δοξάζων
1691 224 1734 252 τὸν
1749 224 1864 264 Χριστὸν

1040 266 1172 304 περιμένει
1189 267 1220 295 τὸ
1235 265 1335 295 ἐκείνου
1349 265 1466 304 θέλημα.
1480 265 1539 303 Qui
1549 266 1706 307 episcopus
1720 271 1801 299 est...
1816 268 1866 299 hic

1036 309 1178 350 princeps
1192 313 1221 341 et
1231 310 1295 342 dua:
1305 310 1468 342 vester:hic
1479 313 1581 342 vester
1591 319 1647 342 rex
1662 314 1690 342 et
1704 308 1863 351 dynastes:

1038 354 1088 385 hic
1100 354 1184 386 vobis
1197 358 1265 395 post
1279 355 1379 386 Deum
1390 359 1528 387 terrenus
1538 354 1628 396 Deus,
1653 356 1704 387 cui
1717 355 1865 389 honorem

1036 402 1186 438 praestare
1200 400 1468 441 debetis...lgitur
1487 402 1643 440 episcopus
1659 399 1743 432 vobis
1755 402 1864 441 prasi-

1037 444 1107 475 deat
1115 448 1262 484 tanquam
1268 444 1322 476 Dei
1332 444 1485 484 dignitate
1495 445 1764 484 condecoralus,ob
1770 455 1864 487 quam

1037 488 1117 520 clero
1128 493 1249 529 praeest,
1268 493 1295 521 et
1304 489 1388 530 plebi
1398 491 1551 521 universae
1564 490 1863 531 imperat.Diaconus

1038 537 1141 564 autem
1153 534 1291 574 episcopo
1301 534 1436 571 assistat,
1447 538 1479 565 ut
1489 533 1628 566 Christus
1635 535 1736 576 Patri,
1744 536 1864 577 ipsique

1038 580 1071 609 in
1086 578 1228 610 omnibus
1251 578 1408 618 inculpata
1421 580 1589 615 ministret,
1605 579 1860 619 quemadmodum

1040 622 1188 663 Christus,
1206 622 1289 654 nihil
1303 632 1321 654 a
1332 632 1364 654 se
1380 624 1446 663 ipso
1455 624 1580 665 faciens,
1597 632 1664 664 qua
1671 625 1863 665 placitasunt

1036 667 1123 699 Patri
1137 676 1253 708 semper
1268 671 1424 709 operatur.
1449 669 1483 700 At
1498 669 1670 701 diaeom'ssa
1693 678 1711 700 α
1728 670 1812 702 vobis
1828 671 1862 703 in

1033 712 1165 752 ﬁguram
1174 713 1271 744 sancti
1281 713 1411 753 Spiritus
1420 713 1667 755 honoratur,un
1675 714 1787 755 absque
1798 716 1862 748 dia-

1033 766 1106 788 cono
1119 757 1197 789 nihil
1212 761 1295 798 agat,
1307 762 1362 790 aut
1378 759 1617 800 loquatur-,sicut
1626 759 1861 793 necParacletus

166 806 342 837 doctrinam
354 814 386 836 se
399 804 702 845 tranetulit,hominis
714 803 889 835 abEcclesia
899 804 995 835 alieni
1007 809 1026 835 Β
1037 811 1055 833 ιι
1067 811 1100 834 se
1114 803 1282 843 quidquam
1298 802 1438 844 loquitur
1451 807 1504 835 aut
1522 805 1611 844 facit,
1627 804 1679 836 sed
1704 805 1860 838 Christum

168 855 254 882 actus
268 851 460 882 examinare
474 849 554 881 nihil
571 850 680 881 attinet
698 848 760 888 (51)
774 847 879 880 Nostra
904 848 995 888 igitur

168 896 332 932 accusatio,
352 905 418 936 quae
429 899 487 925 tam
514 894 659 935 praeclaro
683 893 789 924 nititur
804 893 990 931 testimonio,

169 940 279 981 alioqui
296 944 355 970 tam
372 939 447 970 levis
463 942 508 970 est
532 939 556 970 si
581 948 648 969 cum
679 938 794 969 caeteris
809 938 994 977 Lcont‘eratur

169 984 356 1017 Ssmosateni
373 983 562 1021 criminibus,
575 987 607 1014 ut
634 982 735 1014 haberi
762 992 815 1024 pro
840 983 991 1014 calumnia

168 1039 225 1060 non
244 1029 339 1069 possit
354 1029 498 1066 Quamvis
509 1033 608 1060 autem
622 1037 681 1059 non
690 1028 764 1059 adeo
781 1028 989 1068 reprehenda—

165 1078 211 1104 tur
221 1077 306 1104 vetus
316 1074 369 1104 illa
381 1073 710 1110 consuetudo,illustria
721 1072 855 1115 quadam
867 1072 990 1104 nomina

166 1117 367 1157 praemittendi
379 1117 466 1148 novis
482 1117 673 1158 operibus,ac
689 1116 838 1149 statuendi
850 1121 990 1149 auctores

166 1164 245 1193 inter
259 1172 292 1194 se
308 1162 527 1203 colloquentes;
543 1162 674 1202 profecto
690 1171 724 1193 ea
739 1161 819 1192 ﬁctio
846 1166 991 1202 perpetua

169 1207 332 1238 inducendi
353 1207 502 1244 apostolos
514 1207 611 1238 adhuc
634 1206 727 1243 vivos,
755 1215 844 1247 quam
869 1206 991 1238 Photius

169 1252 367 1280 κακοπλαστίαη
393 1251 562 1292 appellavit,
590 1251 735 1292 duxitque
763 1251 988 1283 accusationum

1035 847 1228 886 gloriﬁcans,
1242 852 1395 889 exspectat
1404 847 1488 880 illius
1499 848 1686 881 voluntatem
1694 849 1861 890 (53).Haud

1036 891 1144 922 frustra
1159 891 1221 923 haec
1237 892 1330 932 impie
1346 893 1467 934 scripsit
1484 893 1712 936 Samosstenus,
1737 905 1805 927 cum
1823 905 1860 928 ea

1035 945 1101 977 quae
1115 937 1214 968 animo
1234 936 1387 969 volutabat
1412 938 1557 980 effecerit,
1584 942 1673 978 atque
1704 940 1858 972 Anomaais

1034 990 1100 1012 eam
1117 982 1273 1022 puritatem
1289 983 1450 1023 reliquerit
1466 994 1473 1013 :
1491 983 1588 1022 Ἠμετς
1609 984 1723 1025 λέγομεν
1753 985 1858 1025 Πατέρα

1031 1028 1075 1054 καὶ
1092 1027 1150 1055 new
1181 1028 1223 1055 καὶ
1245 1026 1320 1067 ἅγιον
1336 1031 1454 1068 Πνεῦμα,
1485 1030 1521 1060 ὡς
1538 1029 1695 1069 ἐπίσκοπον,
1713 1031 1757 1058 καὶ
1785 1041 1863 1070 πρεσ-

1031 1070 1171 1111 σϐύτερον,
1193 1072 1237 1100 καὶ
1252 1071 1372 1101 διάκονον
1391 1083 1398 1102 :
1415 1072 1477 1104 N08
1505 1073 1637 1105 dicimus
1665 1073 1802 1115 Patrem,
1832 1078 1860 1106 et

1033 1115 1158 1152 Filium,
1175 1120 1201 1146 et
1218 1116 1370 1155 Spiritum
1383 1121 1524 1149 sanctum
1541 1127 1603 1149 esse
1617 1120 1715 1150 instar
1729 1121 1860 1160 episcopi

1034 1163 1061 1191 et
1068 1160 1238 1200 presbyteri
1249 1164 1277 1192 et
1293 1161 1492 1203 diaconil54).
1505 1163 1550 1194 Ac
1563 1171 1668 1194 revera
1682 1165 1860 1196 Samosata-

1035 1213 1090 1249 nus
1100 1213 1153 1244 pro
1165 1205 1306 1245 episcopo
1322 1206 1540 1237 Antichristum
1552 1207 1583 1238 in
1595 1209 1757 1249 semetipso
1771 1209 1859 1240 exhi-

1033 1248 1198 1284 buit,homo
1211 1251 1431 1290 peccati,ﬁlius
1446 1251 1636 1291 perditionis,
1649 1248 1858 1293 quiadversa-

169 1305 234 1326 esse
246 1296 439 1336 levissimam,
456 1295 536 1327 illico
553 1295 674 1335 planum
704 1295 854 1326 hominem
876 1295 988 1336 prodit,
1033 1297 1083 1324 tur
1097 1298 1124 1325 et
1142 1294 1297 1325 extollitur
1312 1305 1405 1335 supra
1422 1305 1511 1328 omne
1537 1297 1619 1337 quod
1634 1298 1749 1330 dicitur
1763 1298 1853 1337 Deus,

166 1350 201 1372 ac
221 1340 456 1380 ineptissimum,
477 1340 528 1381 qui
555 1339 697 1377 absurda,
716 1339 801 1380 plura
825 1344 855 1371 et
885 1349 988 1371 secum
1031 1342 1084 1370 aut
1100 1339 1357 1379 quodcolitur,ita
1369 1345 1402 1372 ut
1414 1342 1447 1372 in
1458 1343 1570 1382 templo
1582 1342 1636 1373 Dei
1646 1343 1748 1374 sedeat
1760 1347 1857 1375 osten-

169 1385 330 1425 pugnantia
346 1394 381 1415 eo
398 1384 537 1415 narrandi
566 1384 655 1424 modo
680 1393 713 1415 se
741 1384 901 1417 admittere
927 1394 987 1416 non

1031 1383 1104 1414 dens
1115 1392 1146 1414 se
1163 1387 1303 1424 tanquam
1314 1385 1354 1416 sit
1367 1385 1448 1416 Deus
1463 1386 1539 1425 (55).
1553 1389 1632 1425 Βῆμα
1643 1388 1692 1425 μὲν
1706 1390 1750 1417 καὶ
1764 1389 1856 1428 θρόνον

167 1429 304 1470 pervidit.
320 1429 403 1465 Quod
417 1438 490 1460 sane
501 1429 604 1460 vitium
618 1428 705 1460 facile
717 1429 816 1460 sanari
828 1433 938 1469 potest,
948 1430 985 1467 si,

1031 1428 1133 1465 υψηλὸν
1149 1429 1234 1466 ἑαυτῷ
1249 1430 1556 1468 κατασκευασάμενος...
1570 1439 1629 1464 τοῖς
1644 1431 1671 1460 δὲ
1688 1434 1725 1463 ὡς
1740 1433 1768 1460 ἐν
1785 1434 1853 1471 οἴκῳ

168 1484 201 1506 ea
216 1474 339 1506 ﬁctione
351 1474 479 1511 sublata,
497 1483 557 1504 non
573 1474 603 1504 in
619 1478 768 1506 conventu
790 1474 890 1515 aliquo
912 1484 987 1515 apo-

1032 1476 1096 1501 Θεοῦ
1120 1478 1312 1514 σεμνοπρεπὼς
1336 1475 1380 1503 καὶ
1402 1476 1536 1508 εὐτάκτως
1552 1476 1704 1518 ἀκούουσιν,
1721 1477 1852 1516 ἐπιτιμῶν

166 1520 310 1550 stolarum
324 1519 407 1559 quasi
425 1518 585 1550 viventium
600 1518 708 1559 oratio,
721 1524 750 1550 at
765 1519 828 1560 ipsa
840 1519 987 1551 referatur

1031 1519 1074 1545 καὶ
1089 1517 1264 1558 ἐνυϐρίζων...
1284 1519 1526 1559 μεγαλοῤῥημονῶν
1542 1521 1601 1561 περὶ
1626 1522 1718 1551 ἑαυτοῦ
1733 1523 1852 1562 καθάπερ

165 1564 285 1595 traditio
302 1564 579 1602 ;quemadmodum
596 1573 655 1595 non
678 1564 850 1596 dubitamus
876 1563 987 1595 fecisse

1031 1562 1077 1590 οὒκ
1092 1562 1246 1600 ἐπίσκοπος,
1261 1563 1330 1593 ἀλλὰ
1346 1565 1474 1604 σοφιστὴς
1496 1566 1539 1593 καὶ
1565 1566 1644 1604 γόης.
1674 1565 1803 1604 Ψαλμοὺς
1823 1566 1850 1594 δὲ

165 1608 350 1640 Clementem
368 1613 458 1648 atque
482 1608 688 1649 Hippolytum,
704 1608 895 1648 gravissimos
910 1609 987 1640 viros

1031 1607 1090 1639 τοὺς
1101 1608 1149 1644 μὲν
1159 1608 1194 1640 είς
1207 1609 1252 1636 τὸν
1265 1608 1358 1648 Κύριον
1371 1609 1449 1646 ἡμῶν
1464 1609 1567 1643 Ἰησοῦν
1578 1611 1693 1648 Χρίστὸν
1705 1611 1848 1643 παύσας...

165 1658 194 1684 et
205 1652 421 1684 sanctissimos.
434 1653 482 1683 An
492 1661 562 1684 vero
578 1652 716 1684 adhibito
731 1653 872 1685 examine
885 1653 989 1685 critico

167 1698 528 1736 accuratissimo,possint
541 1697 739 1736 supposititia
750 1708 768 1727 a
777 1698 918 1738 genuinis
929 1698 990 1729 dis-

169 1742 311 1782 lingui,ct
319 1743 363 1772 sic
370 1742 453 1772 nobis
464 1744 635 1782 appareant
645 1741 740 1773 multa
745 1743 886 1782 genuina
898 1751 988 1782 apos-

164 1787 297 1818 tolorum
310 1790 517 1826 monumenta,
533 1785 610 1826 quod
628 1785 685 1816 sibi
700 1787 794 1818 suasit
805 1787 863 1818 hoc
876 1787 987 1818 saeculo

161 1832 205 1863 vir
219 1831 426 1872 antiquitatem
440 1830 700 1862 Constitutionum
718 1831 795 1862 ultra
810 1841 899 1871 quam
930 1841 983 1872 par

158 1881 221 1906 erat
236 1875 393 1912 extollens,
407 1875 435 1906 id
450 1873 626 1915 hujusmodi
644 1875 740 1906 critici
770 1875 902 1907 viderint
926 1885 978 1907 ac-

157 1921 337 1952 curatissimi
356 1921 423 1959 (52).

196 1965 236 1997 II.
248 1965 363 1996 Paulus
377 1965 597 1996 Samosatenus
612 1973 672 1996 non
684 1973 745 1996 uno
760 1965 823 1997 loco
837 1974 867 1997 se
875 1967 981 2006 prodit

156 2012 188 2041 in
200 2009 628 2041 Constitutionibus.—Nobis
642 2010 896 2042 Constitutionum
908 2020 978 2041 cor-

156 2059 313 2094 ruptorem
324 2058 420 2085 satest
434 2054 595 2093 indicasse,
605 2062 693 2094 quem
704 2053 792 2085 etiam
805 2054 979 2095 loquentem

159 2099 274 2137 audire,
287 2108 323 2130 ac
341 2108 433 2139 prope
445 2098 540 2129 oculis
554 2098 664 2129 intueri
678 2098 703 2129 si
720 2099 786 2139 quis
797 2099 867 2131 velit
877 2100 906 2131 in
916 2100 980 2132 haec

160 2143 387 2175 animadvertat.
402 2143 431 2172 Ὀ
447 2143 615 2174 ἐπίσκοπος..
624 2167 643 2174 ,,
653 2144 728 2175 οὗτος
740 2143 832 2184 ἂρχων
844 2146 888 2173 καὶ
902 2146 982 2185 ἡγού-

161 2200 239 2227 μενος
251 2189 338 2222 ὓμῶν.
355 2189 435 2219 Οὗτος
451 2189 524 2225 ὒμῶν
547 2187 670 2226 βασιλεὺς
686 2189 729 2216 καὶ
744 2187 886 2222 δυνάστης.
898 2191 980 2222 Οὗτος

159 2236 233 2272 ὑμῶν
249 2234 364 2272 ἐπίγειος
386 2234 450 2264 Θεὸς
464 2233 532 2270 μετὰ
557 2234 634 2268 Θεὸν,
658 2232 686 2263 ὅς
715 2232 813 2270 ὀφείλει
841 2234 888 2268 τῆς
918 2235 978 2274 παρ’

158 2280 232 2315 ὑμῶν
246 2281 326 2315 τιμῆς
353 2277 548 2308 (muluium...
580 2278 594 2305 ὁ
625 2278 675 2316 γὰρ
703 2277 847 2310 ἰπίσκοπος
875 2290 979 2317 προκα-

158 2324 271 2359 Θεζέσθω
284 2324 369 2362 ὑμῶν,
388 2323 425 2353 ὼς
449 2323 513 2350 Θεοῦ
534 2322 592 2358 ἀξίᾳ
614 2322 805 2360 τετιμημένος,
835 2322 854 2361 ᾖ
886 2331 981 2362 κρατεῖ

157 2368 202 2396 τοῦ
236 2367 348 2406 κλήρου,
365 2367 410 2394 καὶ·
430 2366 475 2395 τοῦ
490 2366 556 2396 λαοῦ
584 2367 683 2398 παντὸς
710 2365 802 2407 ἄρχει.
819 2367 849 2396 ’0
871 2367 898 2395 δὲ
920 2368 980 2397 διά.

158 2423 233 2444 novo:
263 2412 346 2448 τούτῳ
373 2412 545 2450 παριπάσθω
574 2412 610 2443 ὡς
636 2413 650 2439 ὃ
679 2412 789 2450 Χριστὶς
819 2416 857 2449 τῷ
886 2415 979 2453 lla-Q1,

158 2458 200 2485 καὶ
230 2457 417 2496 λειτουργείτω
441 2456 512 2492 αὖτῷ
541 2456 568 2484 ἐν
599 2459 679 2484 πᾶσιν
713 2455 873 2497 ἀμέμπτως,
903 2459 940 2490 ὡς
965 2460 978 2487 ὁ

159 2503 271 2540 Χριστὸς
301 2501 346 2541 ἀφ’
363 2501 456 2529 ἑαυτου
472 2503 555 2529 ποιῶν
580 2500 665 2537 οὒδὲν,
689 2500 721 2528 τὰ
736 2500 832 2539 ἀρεστᾶ
844 2509 920 2531 ποιεῖ
941 2507 980 2541 τῷ

161 2545 383 2585 Πατρὶπάντοτε,
415 2544 447 2573 Ἦ
460 2543 487 2572 δὲ
503 2544 623 2576 διάκονος
653 2545 689 2576 εἷς
720 2545 806 2573 τύπον¹
829 2549 875 2574 τοῦ
906 2548 980 2587 ἁγίου

199 2612 259 2652 (49)
278 2611 379 2652 Phot.,
397 2611 464 2642 cod.
481 2618 561 2652 cun.

196 2651 258 2690 (50)
273 2652 406 2684 Constit.
423 2659 485 2688 vni,
499 2651 549 2684 33.

196 2693 257 2731 (51)
276 2693 336 2731 Ap.
354 2691 465 2723 Euseb.
484 2693 525 2731 Η.⁴
540 2691 580 2723 Ε.
599 2699 650 2728 vn,
666 2691 716 2723 30.

160 2728 263 2807 28(452)
275 2728 438 2771 Bai-auch,
454 2728 614 2765 lie-Const.
624 2735 721 2773 etpost.
740 2732 901 2766 dissertr2.
911 2744 978 2776 pag.

1032 1653 1067 1683 εἰς
1084 1653 1176 1680 ἑαυτὸν
1191 1652 1218 1680 δὲ
1232 1653 1258 1680 ἐν
1274 1653 1343 1692 μέσῃ
1358 1657 1392 1692 τῇ
1407 1653 1536 1690 ἐκκλησίᾳ
1548 1658 1582 1693 τῇ
1597 1655 1703 1694 μεγάλῃ
1717 1658 1763 1684 τοῦ
1773 1656 1849 1684 Πάσ-

1031 1708 1069 1736 χα
1084 1697 1169 1736 ἡμέρᾳ
1185 1697 1342 1735 ψαλμῳδετν
1369 1705 1496 1736 γυναῖκας
1511 1700 1728 1740 παρασκευάζων,
1745 1700 1782 1728 ὦ)
1807 1702 1851 1729 καὶ

1031 1741 1143 1774 ἀκούσας
1158 1742 1187 1769 ἅν
1198 1754 1238 1774 τις
1254 1742 1455 1782 φρίξειεν.Ναηι
1466 1746 1494 1774 et
1501 1742 1639 1775 tribunal
1650 1747 1680 1774 et
1691 1743 1851 1776 sublimem

1030 1785 1172 1817 thronum
1183 1786 1242 1818 sibi
1247 1790 1312 1828 ipse
1323 1790 1534 1820 construxit...
1547 1797 1596 1819 eos
1607 1791 1662 1829 qui
1671 1797 1737 1820 cum
1748 1792 1839 1829 gravi

1030 1833 1089 1861 late
1100 1839 1134 1861 ac
1145 1831 1292 1863 modestia
1301 1832 1382 1863 sicut
1390 1833 1422 1863 in
1434 1833 1521 1864 domo
1534 1833 1589 1865 Dei
1598 1833 1842 1872 decet,audirent

1023 1876 1203 1916 increpabat
1214 1880 1242 1908 et
1250 1877 1441 1908 contumeliis
1452 1878 1636 1917 afﬁciebat...
1655 1879 1690 1910 de
1700 1887 1732 1910 se
1744 1882 1846 1910 autem

1021 1921 1084 1960 ipso
1095 1921 1256 1961 magniﬁce
1267 1921 1448 1962 loquebatur
1457 1932 1517 1954 non
1528 1927 1561 1955 ut
1571 1924 1740 1964 episcopus,
1749 1923 1800 1955 sed
1809 1927 1843 1955 ut

1021 1966 1156 2005 sophista
1166 1970 1194 1997 et
1205 1969 1360 2006 impostor.
1367 1968 1449 2004 Quin
1459 1968 1551 1999 etiam
1560 1968 1694 2009 psalmos
1706 1968 1739 1999 in
1750 1965 1828 2000 horto
1835 1986 1846 1993 -

1021 2011 1209 2042 remDomini
1219 2012 1386 2043 nostriJesu
1398 2013 1512 2045 Christi
1523 2013 1675 2045 aboleuit..
1683 2037 1690 2045 .
1699 2014 1844 2045 mulieres

1020 2064 1090 2086 vero
1103 2058 1134 2085 in
1146 2056 1247 2086 medio
1257 2057 1389 2087 ecclesia!
1399 2066 1507 2097 magno
1520 2058 1641 2089 Paschee
1650 2059 1698 2090 die
1708 2058 1842 2099 psalmos

1041 2101 1168 2131 uotdam
1184 2109 1293 2132 canere
1317 2101 1356 2132 ad
1371 2102 1421 2132 sui
1435 2102 1529 2142 ipsius
1558 2102 1681 2134 laudem
1697 2103 1843 2140 instituit,

1041 2109 1168 2131 uoiaam
1184 2109 1293 2132 canere
1317 2109 1356 2132 ea
1371 2110 1420 2132 sui
1435 2111 1529 2142 tpstus
1558 2109 1681 2134 tandem
1697 2109 1843 2140 instituit,

1022 2109 1104 2185 ἔτισα
1119 2145 1240 2185 quidem
1255 2145 1447 2177 audientibus
1475 2148 1634 2179 horrorem
1660 2149 1766 2179 merito
1795 2149 1845 2178 in-

1023 2191 1167 2221 cusserit.
1180 2189 1248 2221 Haec
1265 2191 1368 2223 Patres
1381 2191 1423 2223 illi
1433 2192 1600 2231 gravissimi
1613 2197 1772 2232 postremae
1782 2192 1846 2223 An-

1024 2235 1170 2266 tiochense
1186 2235 1290 2275 synodi
1305 2235 1448 2268 damnare
1461 2241 1588 2276 pergunt
1597 2237 1628 2268 in
1642 2236 1731 2269 Paulo
1743 2236 1846 2268 Samo-

1023 2283 1126 2310 sateno
1146 2279 1208 2319 (56,
1225 2289 1291 2320 quae
1307 2279 1377 2311 licet
1389 2281 1526 2322 protrita,
1542 2290 1641 2321 operae
1653 2281 1780 2321 pretium
1796 2281 1845 2311 hic

1023 2324 1079 2355 fuit
1093 2324 1226 2360 referre;
1253 2329 1286 2355 ut
1309 2333 1346 2356 eo
1361 2326 1454 2366 magis
1467 2334 1534 2356 vera
1565 2325 1841 2366 deprehendantur,

1025 2369 1184 2409 lucemque
1197 2369 1346 2409 accipiant
1360 2379 1395 2401 ex
1425 2369 1633 2410 praameditato
1658 2368 1845 2401 Samosateni

1024 2413 1225 2454 consilio,quo
1233 2414 1538 2446 inConstitutionibus
1544 2414 1749 2455 apostolorum
1758 2423 1844 2446 suum

1023 2459 1104 2489 virus
1135 2458 1319 2491 occuluerat.
1336 2458 1438 2499 Neque
1459 2459 1540 2490 enim
1569 2457 1734 2490 Ecclesiam
1761 2459 1842 2490 illam

1024 2503 1267 2534 ﬂorentissimam
1307 2508 1374 2544 post
1397 2504 1622 2535 Demetrianum
1648 2513 1845 2544 corrumpere

1022 2549 1096 2579 adeo
1114 2548 1269 2589 potuisset,
1287 2553 1318 2579 ut
1334 2548 1434 2589 plures
1447 2548 1571 2581 haberet
1582 2549 1670 2580 etiam
1685 2549 1843 2590 episcopos

1068 2617 1132 2656 (53)
1148 2616 1276 2648 Constit.
1293 2625 1342 2657 ap.
1358 2626 1387 2654 ιι,
1404 2617 1455 2649 26.

1063 2658 1125 2696 (54)
1145 2656 1279 2698 Αοοιηγω.
1295 2656 1397 2698 Ᾱζὶαιι.
1412 2657 1487 2698 Dial.
1504 2656 1527 2695 Ι,
1548 2657 1590 2688 De
1618 2657 1702 2689 Trin.
1721 2657 1776 2690 int.
1793 2666 1843 2698 op.

1022 2699 1054 2729 S.
1079 2699 1156 2738 Max:
1175 2697 1254 2738 conf.
1272 2702 1293 2729 ι.
1313 2697 1347 2738 ll,
1366 2706 1396 2738 p.
1410 2697 1480 2730 406.

1066 2738 1128 2776 (55)
1140 2737 1166 2769 Ii
1178 2737 1286 2770 Thess.
1304 2737 1377 2776 11,47.

1062 2778 1128 2818 (56)
1142 2777 1199 2818 Ap.
1217 2777 1327 2811 Euseb.
1343 2778 1382 2811 Η.
1398 2778 1440 2813 Ε.
1454 2786 1506 2820 vu,
1518 2777 1568 2812 30.
