4110 6202
456 272 572 339 539

1267 273 1324 332 S.
1371 271 1802 334 CLEMENTIS
1846 267 1867 330 Ι
1919 273 2093 332 ROM.
2148 271 2367 334 ΡΟΝΤ.
2415 271 2658 334 OPERA
2707 273 2960 333 DUBIA.

3692 273 3798 338 540

451 412 631 489 pheta
653 417 678 472 ?
696 409 823 486 (81)
843 406 1070 470 Deinde
1089 405 1159 464 ad
1182 405 1576 468 coercendam
1595 405 2084 468 muliercularum
2109 421 2146 464 ί.
2174 407 2428 468 maxime
2460 405 2805 468 nitebantur
2835 405 3204 468 Montanistaa
3232 423 3245 468 :
3281 415 3340 469 at
3366 416 3524 468 certa
3543 409 3800 488 jejunis,

455 498 778 578 licentiam,
806 515 939 579 qua
953 495 1136 557 nimia
1161 501 1288 556 erat
1307 493 1462 576 apud
1491 497 1898 564 Montanistas,
1928 496 2098 576 plura

456 587 932 667 congerunturin
948 585 1140 666 primo
1160 585 1669 647 Constitutionum
1685 583 2091 650 libro.eadem-

454 697 570 760 que
631 685 750 740 toto
803 694 986 757 opere
1035 675 1252 756 saepius
1312 674 1714 735 inculcantur.
1776 675 2093 736 Maximilla

455 777 619 830 certe
665 766 1148 829 Montanistarum
1186 763 1584 843 prophetissa,
1618 763 1843 824 nullum
1885 763 2096 825 habuit

456 857 843 920 infensiorem
889 854 1224 935 Hippolyto,
1260 854 1358 933 qui
1411 870 1619 914 novam
1662 852 1997 915 Jesabelem
2033 854 2092 914 in

453 944 810 1026 Apocalypsi
849 951 1260 1018 memoratam,
1297 942 1424 1023 ipsa
1455 942 1636 1003 fuisse
1665 943 2092 1024 interpretatus

453 1042 542 1097 est
572 1035 729 1115 (85).

536 1123 632 1187 IV.
648 1123 907 1186 Errores
927 1121 1068 1184 Mon
1078 1124 1452 1185 lanistarum
1468 1123 1826 1200 singillatim
1844 1123 1918 1184 ab
1940 1122 2094 1204 Hip-

449 1215 630 1286 polgto
653 1214 918 1286 rejecti.—
931 1211 1038 1269 Sed
1056 1226 1240 1284 neque
1254 1212 1407 1270 ullus
1420 1227 1581 1270 error
1596 1213 1863 1284 proprius
1885 1214 2096 1271 Monta-

455 1299 742 1360 nistarum
775 1295 904 1377 fuit,
931 1299 1028 1375 qui
1063 1315 1182 1358 non
1216 1297 1527 1360 relellatur
1547 1296 1607 1357 in
1631 1295 2097 1360 Constitutioni-

454 1387 587 1451 bus.
619 1387 714 1450 Illi
737 1385 1029 1466 negabant
1058 1385 1343 1448 Ecclesiae
1377 1391 1730 1466 potestatem
1755 1385 2096 1448 dimittendi

453 1477 726 1557 graviora
747 1476 1022 1556 crimina,
1048 1475 1526 1539 Constitutiones
1547 1474 1769 1556 ubique
1795 1485 2091 1537 asserunt:

458 1571 556 1626 Καὶ
591 1581 709 1631 τοῖς
743 1578 1088 1642 μετανοοῦσιν
1149 1565 1330 1646 ἄφεσιν
1389 1564 1581 1622 διδόναι
1628 1567 1810 1646 χρή...
1877 1568 2097 1646 Γνώριζε

451 1658 563 1730 οὖν,
599 1659 643 1714 ὦ
676 1658 951 1731 ἐπίσκοπε,
984 1659 1046 1713 τὸ
1078 1657 1282 1732 ἀξίωμά
1344 1678 1458 1735 σου,
1493 1655 1572 1712 ὅτι
1616 1659 1687 1720 ὡς
1731 1662 1822 1713 τοῦ
1878 1655 2093 1730 δεσμεῖν
2122 1670 2156 1719 Β
2181 1661 2272 1711 τοῦ
2349 1655 2556 1732 Κυρίου,
2647 1651 3135 1729 προσλαμϐάνεσθε.

453 1746 743 1824 ὶκληρώσω
801 1747 900 1814 τὴν
946 1746 1202 1818 ἐξουσίαν,
1235 1748 1371 1802 οὓτω
1413 1747 1496 1802 καὶ
1543 1753 1634 1802 τοῦ
1681 1745 1843 1804 λύειν.
1883 1745 2092 1806 Paeni-

454 1834 714 1899 tentibus
725 1844 935 1898 autem
948 1840 1131 1898 venia
1142 1835 1520 1898 concedenda
1533 1843 1640 1898 est.
1653 1883 1664 1896 .
1684 1837 1968 1914 .Agnosce
1982 1836 2095 1915 igi-

456 1925 1242 2006 tur,episcope,dignitatem
1261 1931 1454 2004 tuam,
1478 1925 1641 2004 quod
1661 1925 1818 1985 sicut
1837 1925 2094 1986 sortitus

452 2033 513 2079 es
530 2022 888 2094 potestatem
910 2015 1174 2094 ligandi,
1204 2015 1293 2076 ita
1314 2021 1373 2077 et
1394 2014 2093 2077 solvendiMontanistas

454 2113 650 2166 autem
685 2103 865 2182 digito
900 2112 1189 2166 monstrat
1238 2113 1468 2173 auctor,
1505 2102 1604 2164 ubi
1637 2103 1758 2164 ait:
1801 2105 1952 2169 Δέξαι
2004 2104 2090 2160 οὖν

457 2195 544 2250 τὸν
580 2204 934 2268 μετανοοῦντες
984 2197 1062 2267 μὴ
1112 2194 1366 2264 διστάζων
1416 2193 1578 2266 ὅλως,
1612 2191 1750 2268 μηδέ
1802 2215 2092 2272 παρεμπο-

455 2282 729 2358 διζόμενος
760 2284 862 2338 ὑπὸ
894 2289 1000 2337 τῶν
1043 2281 1283 2348 ἀνηλεῶς
1329 2282 1615 2358 λεγόντων,
1648 2306 1724 2350 μγ,
1767 2280 1878 2337 δεῖν
1911 2284 2091 2338 τοιού-

459 2396 568 2435 τοις
626 2370 1069 2445 συμμολύνεσθαι,
1117 2374 1251 2446 μήτε
1314 2374 1473 2449 Λόγου
1535 2386 1836 2433 κοινωνεῖν,
1897 2369 2096 2450 Igitur

451 2461 790 2534 panitentem
818 2459 996 2532 recipe
1018 2478 1036 2523 ,·
1062 2475 1156 2516 nec
1192 2465 1242 2518 te
1280 2461 1555 2518 ullatenus
1592 2459 1838 2517 dubitare
1856 2461 2092 2533 faciant,

455 2553 552 2604 aut
605 2564 637 2599 ο
688 2547 963 2617 proposito
1005 2545 1303 2608 retrahunt.
1347 2546 1444 2618 qui
1473 2545 1972 2602 immisericorditer
2007 2546 2097 2600 di-

451 2635 598 2696 cunt,
627 2636 996 2702 nonoportere
1043 2645 1168 2685 cum
1214 2629 1516 2700 huiusmodi
1542 2629 1898 2704 coinquinari,
1929 2646 2092 2702 neque

455 2715 548 2777 vel
569 2731 838 2777 sermone
857 2719 1301 2777 communicare
1323 2714 1441 2795 (86)
1455 2717 1611 2776 .Haac
1629 2713 1698 2775 ad
1708 2731 1911 2776 versus
1936 2718 2096 2778 Mon-

455 2803 698 2866 tanistas
727 2803 884 2866 dicta
913 2821 1044 2864 esse
1094 2803 1392 2864 adnotavit
1437 2803 1898 2876 Cotelerius,aut
1923 2813 2094 2865 vetu-

455 2894 669 2956 stiores
721 2893 897 2956 etiam
946 2893 1284 2969 haereticos,
1318 2894 1590 2974 quamvis
1621 2894 1990 2956 Mosbemius
2019 2896 2092 2956 ad

452 2983 1147 3083 Novatianosperpersm
1196 2983 1496 3083 distulerit
1529 2983 1674 3083 (87).
1711 2985 1874 3083 Neve
1907 2984 2090 3083 ullum
2113 3034 2153 3083 ο

453 3075 680 3137 crimen
702 3072 895 3154 excipi
930 3071 2089 3154 posset,exemplaproferunturDavidis,

451 3174 509 3226 et
543 3165 851 3237 Manassis,
877 3182 1127 3243 quorum
1161 3182 1318 3224 unus
1355 3163 1627 3225 mmchia:
1653 3171 1827 3243 atque
1851 3163 2098 3225 homici-

450 3254 555 3319 dii.
596 3254 749 3315 alter
779 3252 1132 3314 idolulatriae
1161 3272 1302 3313 reus
1335 3251 1529 3314 fuerat
1557 3274 1569 3310 :
1597 3253 1722 3313 haec
1757 3252 1914 3312 enim
1952 3271 2095 3331 pec-

452 3352 579 3404 cata
604 3341 979 3422 excipiebant
997 3342 1546 3422 Montanistm,quos
1565 3341 1741 3402 veluti
1766 3339 2098 3420 alloquitur

450 3432 967 3496 Constitutionum
999 3439 1205 3492 auctor
1235 3449 1368 3492 cum
1403 3431 1524 3493 ait:
1558 3433 1760 3502 Μείζων
1799 3429 2094 3488 εἰδωλολα-

450 3525 622 3602 τρείας
669 3523 764 3578 οὐκ
795 3523 932 3578 ἔστιν
967 3523 1217 3598 ἁμαρτία.
1267 3524 1351 3584 Εἰς
1410 3523 1538 3577 Θεὸν
1598 3521 1697 3598 γάρ
1747 3520 1856 3576 ἐστι
1900 3518 2089 3576 δυσσέ-

451 3610 597 3672 ϐεια.
636 3610 780 3668 Ἀλλ’
838 3612 985 3685 ὅμως
1049 3614 1134 3667 καὶ
1199 3613 1328 3678 αὐτὴ
1388 3609 1470 3667 διὰ
1530 3611 1750 3689 γνησίας
1809 3611 2090 3686 μετανοίας

451 3702 880 3780 συγκεχώρηται.
894 3701 1160 3762 Gravius
1173 3699 1316 3761 delic
1330 3708 1456 3762 tum
1477 3699 1830 3762 idololatria
1853 3717 1974 3760 non
1994 3715 2092 3760 re-

447 3793 684 3870 peritur
709 3810 723 3851 :
746 3798 832 3853 est
859 3796 1022 3853 enim
1045 3793 1112 3851 in
1131 3789 1318 3851 Deum
1347 3793 1659 3870 impietas:
1688 3786 2091 3850 nihilominus

449 3889 624 3937 tamen
653 3887 700 3934 et
728 3878 869 3936 illud
891 3895 992 3951 per
1018 3880 1284 3936 sinceram
1326 3879 1701 3952 paenitentiam
1735 3877 2094 3934 condonatum

449 3966 710 4046 est(88).
747 3965 836 4028 llli
867 3965 1161 4028 secundas
1193 3966 1429 4046 nuptias
1460 3963 1848 4036 damnabant,
1875 3982 2006 4044 quae
2033 3965 2092 4025 in

451 4055 996 4120 Constitutionibus
1015 4055 1092 4115 ita
1114 4074 1231 4116 non
1257 4057 1332 4118 im
1343 4062 1762 4135 probantur,ut
1785 4053 2095 4115 manifeste

451 4153 733 4226 arguatur
791 4145 1132 4208 contrarius
1182 4163 1390 4208 error:
1429 4146 1597 4223 Λόγον
1629 4143 1800 4224 ὑφέξει
1831 4152 1907 4219 τῷ
1953 4150 2092 4222 Θεῷ,

450 4223 551 4316 οὖῇ⁵
583 4235 663 4292 ὅτι
695 4234 918 4312 δευτέρῳ
968 4233 1126 4312 γάμῳ
1163 4237 1426 4314 συνήφθη,
1474 4233 1592 4291 ἀλλ’
1641 4223 1719 4290 δτι
1771 4241 1868 4300 τὴν
1903 4235 2094 4300 ἑαυτῆς
2120 4223 2159 4274 D

453 4326 772 4403 ἐπαγγελίαν
805 4327 894 4382 οὖν
929 4323 1169 4405 ἐφύλαξε.
1206 4325 1526 4387 Rationem
1561 4325 1680 4386 Deo
1709 4323 1947 4392 reddet,
1976 4339 2099 4384 non

450 4416 606 4495 quod
636 4414 907 4476 secundis
937 4414 1168 4494 nuptiis
1199 4414 1485 4495 copulata
1510 4416 1612 4493 sit,
1640 4413 1745 4474 sed
1776 4411 1934 4490 quod
1961 4427 2098 4491 pro-

447 4506 766 4583 fessionem
795 4522 971 4566 suam
1015 4522 1131 4566 non
1156 4505 1417 4566 servarit
1443 4503 1555 4581 (89,
1587 4525 1599 4561 :
1636 4520 1835 4563 sermo
1869 4507 1996 4562 erat
2029 4500 2102 4561 de

453 4594 664 4673 viduis,
692 4612 822 4675 quae
843 4594 1175 4656 castitatem
1194 4592 1430 4654 fuerant
1463 4593 1768 4673 professae.
1804 4589 2101 4662 Quoniam

448 4703 584 4745 vero
609 4683 918 4746 Montanus
938 4683 1345 4744 dissolvendas
1369 4700 1505 4743 esse
1522 4682 1762 4762 nuptias
1783 4680 2095 4752 docuerat,

450 4773 508 4834 id
542 4791 776 4853 quoque
810 4773 868 4832 in
902 4771 1454 4835 Constitutionibus
1512 4785 1602 4832 est
1650 4769 1926 4849 vetitum,
1961 4770 2105 4842 μήτε

453 4865 560 4929 ιιὴν
616 4865 748 4937 μετά
820 4863 991 4940 γάμον
1074 4861 1350 4922 ἒκῗάλλειν
1410 4863 1819 4938 ἀκατάγνωστον
1885 4857 2098 4921 ἐξέστω.

459 4951 588 5012 Non
617 4969 759 5031 ergo
792 4959 922 5025 post
954 4953 1204 5032 nuptias
1239 4954 1415 5014 liceat
1447 4953 1668 5028 ejicere
1699 4946 2102 5026 inculpatum.

457 5040 870 5122 Multiplicatis
889 5040 1165 5120 jejuniis,
1201 5040 1346 5118 quin
1381 5043 1553 5103 etiam
1589 5034 2102 5114 Quadragesimis.

529 5200 647 5276 (84)
677 5200 784 5279 Ap.
817 5200 1037 5266 Euseb.
1071 5221 1129 5276 v,
1174 5203 1265 5266 18.

527 5281 654 5363 (85)
691 5282 805 5363 Ap.
839 5280 902 5345 S.
941 5282 1235 5363 Epiphan.
1277 5283 1423 5344 hear.
1457 5298 1540 5354 LI,
1570 5281 1672 5343 33.

535 5361 656 5443 (86)
691 5361 948 5424 Constit.
987 5361 1065 5435 it,’
1094 5363 1185 5439 14,
1225 5366 1296 5423 18
1327 5371 1384 5423 et
1422 5380 1552 5441 seq.

529 5439 658 5520 (87)
700 5443 993 5505 Mosbem.
1032 5443 1237 5505 Instit.
1272 5449 1422 5504 mai.
1461 5439 1523 5520 ρ.
1558 5439 1700 5500 319.

533 5522 658 5596 (88)
690 5521 944 5585 Constit.
985 5539 1071 5595 Ill,
1110 5527 1168 5586 1.

529 5599 657 5684 (89)
695 5599 849 5668 Ibid.
889 5620 965 5686 vr,
998 5603 1099 5667 14.

637 5282 658 5518 ἒ

2179 503 2356 574 atque
2381 515 2556 558 unam
2590 495 3116 574 Quadragesimam
3139 496 3336 575 prisco
3368 515 3532 559 more
3560 515 3810 561 servan-

2180 585 2312 646 dam
2347 584 2812 648 Constitutiones
2873 592 3242 646 memorant:
3280 586 3439 662 Τμτν
3471 586 3737 668 φυλακτέα
3777 593 3809 658 ἡ

2180 677 2395 741 νηστεία
2425 682 2522 742 τῆς
2576 682 3035 755 Τεσσαρακοστῆς,
3063 678 3289 750 μνήμην
3345 677 3667 757 περιέιουσα
3713 680 3808 747 τῆς

2179 772 2270 822 τοῦ
2304 767 2489 843 Κυρίου
2519 764 2785 830 πολιτείας
2834 787 2888 820 τε
2926 767 3013 821 καὶ
3063 767 3396 839 νομοθεσίας.
3429 765 3816 830 Servandus”

2178 853 2339 916 vobis
2351 862 2438 915 est
2438 856 2527 933 jej
2534 855 2747 916 unium
2762 852 3609 935 Quadragesimm,continens
3626 873 3813 919 recor-

2175 941 2443 999 dationem
2473 944 2890 999 conversationis
2939 941 3241 1008 Dominiew,
3273 949 3324 999 et
3363 942 3492 1015 legis
3529 943 3649 999 lata
3689 944 3813 1014 (90).

2178 1027 2448 1108 Denique
2471 1027 2848 1090 Montanistae
2866 1026 3031 1088 nefas
3053 1044 3186 1088 esse
3215 1026 3453 1092 aiebant
3483 1027 3815 1092 Christiano

2179 1118 2654 1195 persecutionem
2688 1117 2928 1194 fugere;
2961 1117 3436 1180 Constitutinnes
3484 1125 3713 1195 contra,
3749 1137 3818 1182 ex

2179 1205 2272 1266 bis
2295 1225 2427 1286 quae
2455 1206 2750 1287 Hippolyti
2781 1222 3000 1266 nomen
3033 1206 3442 1284 praeseferunt,
3483 1227 3603 1269 non
3639 1209 3810 1271 modo

2181 1312 2248 1356 ex
2281 1294 2588 1374 Evangelii
2617 1294 2960 1375 praescripto
3012 1293 3305 1373 fugientes
3339 1299 3813 1376 persecutionem

2181 1392 2444 1459 tuentur,
2479 1384 2582 1446 sed
2618 1384 2858 1445 laudant
2891 1384 3066 1444 etiam
3092 1403 3160 1446 ac
3191 1384 3471 1448 fratribus
3503 1405 3816 1449 commen-

2181 1475 2358 1536 dant:
2413 1477 2544 1538 Τοὺς
2608 1473 2961 1550 διωκομένους
3019 1474 3103 1530 διὰ
3159 1474 3370 1548 πίστιν,
3403 1478 3492 1532 καὶ
3546 1479 3622 1539 εἱς
3664 1478 3817 1534 πόλιν

2182 1565 2240 1621 ὲκ
2277 1564 2486 1630 πόλεως
2539 1565 2850 1642 φεύγοντας,
2890 1562 2972 1619 διὰ
3018 1566 3072 1618 τὸ
3118 1565 3414 1638 μεμνῆσθαι
3474 1567 3578 1622 τῶν
3640 1566 3813 1644 λόγων

3229 1654 3606 1728 Ἐπιστάμενοι
3694 1659 3815 1734 γὰρ,

2175 1742 2256 1799 ὅτι
2310 1744 2372 1798 τὸ
2407 1744 2504 1802 μὲν
2563 1749 2768 1818 πνεῦμα
2837 1742 3124 1821 πρόθυμον,
3167 1745 3201 1810 ἦ
3259 1741 3312 1798 δὲ
3384 1743 3509 1822 σάρξ
3569 1747 3812 1818 ἀσθενὴς,

2175 1831 2636 1911 ἀποδιδράσκουσι,
2693 1834 2778 1888 καὶ
2822 1832 2920 1898 τὴν
2991 1833 3237 1911 ἁρπαγὴν
3297 1835 3402 1889 τῶν
3458 1836 3812 1914 ὑπαρχόντων

2175 1922 2590 2000 προ’ίενται,ῗνα
2640 1921 2987 2000 ἀνεξάρνητον
3039 1921 3092 1976 ἐν
3144 1924 3355 1985 ἑαυτοῖς
3395 1923 3456 1978 τὸ
3497 1920 3668 1997 ὄνομα
3725 1925 3816 1981 τοῦ

2177 2018 2398 2089 Χριστοῦ
2443 2012 2860 2088 ὀιατηρήσωσιν.
2935 2009 3300 2089 Ἐπικουρεϊεε
3361 2012 3448 2067 οὖν
3508 2016 3695 2076 αὺτοῖς
3750 2013 3809 2069 τὰ

2176 2103 2304 2177 πρὸς
2336 2101 2548 2180 χρείαν,
2581 2099 2800 2167 ἐντολὴν
2855 2101 3120 2176 Κυριακὴν
3172 2099 3523 2178 πληροῦντες.
3561 2099 3687 2162 Εοε
3717 2106 3821 2181 qui

2173 2191 2641 2266 persecutionem
2663 2189 2986 2266 patiuntur
3002 2188 3144 2266 ﬁdei
3164 2206 3368 2260 causa.
3393 2197 3451 2252 et
3480 2189 3553 2251 de
3577 2191 3822 2253 civitate

2177 2279 2241 2338 in
2270 2279 2581 2340 civitatem
2605 2278 2872 2357 fugiunt,
2900 2279 3054 2357 quod
3086 2279 3472 2341 meminerint
3502 2279 3822 2342 verborum

2179 2368 2421 2429 Domini
2455 2366 2582 2446 (9t)
2607 2368 2917 2446 suscipite.
2945 2368 3096 2428 Cum
3122 2369 3284 2429 enim
3310 2371 3515 2430 norint
3536 2371 3823 2447 spiritum

2176 2455 2417 2535 quidem
2448 2462 2801 2536 promptum
2834 2472 2977 2533 esse,
3013 2472 3263 2517 carnem
3312 2473 3452 2518 vero
3482 2457 3819 2537 inﬁrmam,

2178 2544 2535 2623 aufugiuut,
2587 2551 2642 2606 et
2695 2542 3056 2623 [acultatum
3126 2562 3383 2606 suarum
3428 2545 3821 2626 direptionem

2174 2637 2542 2713 permittunt
2590 2652 2662 2696 ac
2718 2634 3062 2713 negligant,
3097 2643 3165 2696 ut
3196 2635 3259 2695 in
3290 2653 3353 2695 se
3402 2636 3554 2714 ipsis
3614 2653 3826 2698 nomen

2182 2723 2413 2785 Christi
2466 2722 2786 2802 itlibatum,
2832 2729 2888 2785 et
2943 2725 3266 2804 negatione
3325 2742 3446 2786 non
3501 2725 3820 2805 proditum

2179 2819 2552 2874 conservent.
2585 2812 2980 2893 Suppeditate
3023 2830 3167 2893 ergo
3213 2811 3337 2875 illis
3364 2831 3496 2892 quas
3536 2821 3680 2877 sunt
3709 2833 3818 2877 ne-

2175 2902 2819 2975 cessaria,mandatum
2849 2900 3237 2964 Dominicum
3259 2902 3817 2984 adimplentes(92).

2262 2989 2596 3071 V.Proprii
2621 2989 2979 3053 Tertulliani
2995 3008 3229 3054 errores
3241 2993 3313 3053 ab
3328 2991 3671 3072 Hippolyto
3687 3011 3821 3056 con-

2181 3081 2473 3158 futati.—
2495 3079 2581 3143 Ad
2609 3081 2733 3142 hac
2753 3078 3160 3142 Tertullianus
3183 3082 3640 3156 Montanista,ex
3661 3101 3823 3144 nova:

2182 3177 2361 3232 sectae
2385 3169 2670 3232 institutis
2693 3169 3064 3231 consectaria
3089 3169 3356 3250 quadam
3383 3170 3822 3246 deduxit,unde

2181 3268 2237 3321 et
2255 3259 2525 3341 privatim
2551 3277 2784 3320 errores
2802 3259 2950 3320 alios
2971 3259 3205 3323 ascivit.
3228 3258 3576 3339 Cujusmodi
3599 3261 3702 3323 ille
3728 3270 3815 3323 est

2180 3367 2358 3428 quem
2371 3347 2532 3411 edito
2557 3347 2708 3410 libro
2729 3350 2812 3410 De
2823 3350 2971 3427 fuga
2987 3350 3049 3411 iu
3064 3352 3485 3429 persecutione
3507 3349 3813 3425 docet,sui

2184 3437 2765 3511 Paracleti,Montani
2789 3437 3025 3500 scilicet
3051 3438 3400 3501 auctoritate
3429 3439 3821 3515 fretus,nulla

2174 3529 2486 3590 occasione
2511 3532 2881 3607 martyrium
2913 3529 3203 3590 redimere
3223 3530 3323 3606 fas
3340 3547 3486 3592 esse.
3513 3528 3819 3592 Adversus

2175 3635 2303 3678 eam
2321 3618 2677 3678 sententiam
2695 3618 2819 3678 haec
2835 3617 3585 3697 profertConstitutionum
3598 3627 3818 3681 auctor:

2177 3709 2234 3765 Et
2265 3705 2317 3762 δὲ
2348 3709 2436 3763 καὶ
2467 3709 2582 3772 οἷός
2615 3706 2672 3764 τέ
2703 3707 2842 3763 ἐστιν
2892 3707 3100 3763 ἅπαντα
3145 3711 3234 3764 τὸν
3282 3711 3396 3785 βίον
3434 3711 3621 3768 ἑαυτοῦ
3672 3710 3804 3766 ἀπο.

2176 3796 2396 3872 δόμενος
2431 3797 2679 3873 ῥύσασθαι
2722 3799 2906 3860 αὖτούς
2957 3797 3016 3854 ἐκ
3067 3798 3157 3853 τοῦ
3210 3797 3598 3878 δεσμωτηρίου,
3633 3799 3815 3873 μακά-

2177 3910 2286 3966 ριος
2319 3886 2465 3943 ἔσται
2497 3889 2582 3942 καὶ
2625 3887 2774 3966 φίλος
2827 3890 2920 3945 τοῦ
2969 3894 3218 3964 Χριστοῦ.
3252 3889 3308 3945 Ei
3347 3889 3444 3966 γὰρ
3477 3891 3503 3944 ὁ
3553 3891 3620 3945 τὰ
3650 3889 3818 3967 ὑπάρ-

2178 3998 2348 4056 χοντα
2409 3989 2661 4056 πτωχοῖς
2719 3973 2861 4054 δοὺς,
2922 3973 3146 4056 τέλειος,
3208 3977 3342 4051 μετὰ
3385 3978 3483 4044 τὴν
3537 3979 3656 4048 περὶ
3713 3983 3816 4033 τῶν

2175 4067 2326 4122 θείων
2398 4073 2614 4142 γνῶσιν,
2676 4064 2861 4139 πολλῴ
2937 4064 3142 4138 μᾶλλον
3219 4067 3246 4121 ὁ
3303 4067 3432 4138 ὑπὲρ
3505 4067 3812 4144 μαρτύρων.

2175 4155 2312 4217 Jam
2330 4171 2470 4216 vero
2489 4156 2546 4216 si
2562 4155 2698 4235 quis
2708 4160 2898 4233 potest
2923 4153 3149 4216 tradita
3166 4153 3332 4214 omni
3351 4154 3693 4216 substantia
3708 4170 3818 4215 sua

2180 4261 2277 4304 eos
2301 4245 2625 4322 [martyres]
2666 4260 2743 4304 ea:
2771 4259 3014 4305 carcere
3036 4240 3334 4323 liberare,
3367 4243 3570 4305 beatus
3601 4244 3724 4305 erit
3748 4261 3819 4304 ac

2183 4331 2391 4388 Christi
2417 4333 2641 4388 amicus.
2665 4331 2803 4386 Nam
2833 4347 2953 4388 cum
2985 4331 3031 4386 is
3067 4331 3164 4402 qui
3211 4331 3346 4388 bona
3373 4347 3475 4390 sua
3500 4332 3822 4405 pauperibus

2181 4417 2290 4478 dat,
2329 4416 2699 4488 per/ectas;sit
2727 4422 2848 4487 post
2883 4416 3241 4487 cognitionem
3277 4432 3456 4473 rerum
3484 4416 3822 4480 divinarum,

2187 4502 2349 4559 multo
2378 4500 2481 4555 erit
2519 4500 2812 4571 perfectior
2846 4500 2936 4572 qui
2959 4515 3061 4572 pro
3115 4501 3437 4572 martyribus
3481 4508 3669 4558 cuncta
3707 4502 3826 4558 lor-

2186 4589 2392 4664 gietur
2427 4582 2577 4661 (93).
2613 4583 3016 4645 Christianum
3067 4584 3225 4647 salva
3269 4585 3385 4647 ﬁde
3417 4586 3678 4649 militare
3709 4604 3826 4647 non

2189 4693 2362 4757 posse
2411 4672 2811 4736 Tertullianus
2861 4673 3262 4752 pronuntiavit
3296 4674 3446 4753 (94),
3479 4674 3828 4755 Hippolytus

2190 4764 2469 4826 contrain
2485 4760 3142 4843 hisquaaacorruptore
3156 4764 3826 4841 scrvatasuntmzpmé.

2197 4877 2295 4919 της
2355 4853 2589 4928 προσιὼν
2649 4849 2967 4908 διδασκέσθω
3027 4853 3103 4928 μὴ
3161 4851 3389 4927 ἀδικεῖν,
3430 4854 3508 4928 μὴ
3558 4876 3824 4931 συκοφαν-

2190 4957 2331 5017 τεῖν,
2364 4943 2638 5020 ἀρκεῖσθαι
2697 4939 2750 4996 δὲ
2801 4955 2918 5004 τοῖς
2979 4939 3273 5016 διδομένοις
3330 4943 3603 5018 ὀψωνίοις·
3641 4943 3823 4998 πειθό-

2193 5054 2350 5108 μενος
2441 5029 2837 5109 προσδεχέσθω,
2926 5030 3214 5108 ἀντιλέγων
3302 5029 3358 5086 δὲ
3443 5028 3825 5087 ἀποϐαΑλέσθω

2265 5191 2388 5271 (9ο)
2418 5187 2655 5271 Ibid._v,
2692 5187 2791 5249 13.

2265 5191 2366 5271 (90
2418 5191 2570 5250 Ibid.
2599 5206 2655 5262 ν,
2692 5191 2791 5249 13.

2260 5191 2391 5349 (91)
2422 5268 2626 5331 Matth.
2661 5284 2822 5341 τινι,
2858 5270 2959 5331 41.

2266 5351 2394 5432 (92)
2421 5351 2686 5432 gonstit.
2719 5365 2841 5420 vnI,
2874 5351 2977 5413 45.

2262 5428 2390 5512 (93)
2421 5428 2571 5512 I_bid.
2606 5445 2679 5512 γ.
2710 5436 2763 5491 1.

2261 5507 2390 5595 (94)
2427 5507 2532 5572 Te.
2558 5508 2786 5574 tullian.
2821 5507 2913 5572 De
2941 5527 3070 5573 cor.
3107 5510 3266 5586 mil.,
3308 5529 3386 5576 χι.
