4110 6202
517 277 632 344 547
1363 279 1422 342 8.
1471 271 1902 345 CLEMENTIS
1944 271 1968 342 Ι
2013 275 2195 345 ROM.
2241 281 2466 346 PONT.
2513 281 2758 346 OPERA
2805 281 3060 346 DUBIA.
3765 283 3870 347 548

519 417 634 489 bas,
659 433 857 497 neque
884 413 1294 494 usurpandum
1322 414 1726 476 meretricium
1747 424 2152 496 ornatum,ne~

2262 415 2374 484 ιηδὲ
2428 417 2725 496 ἑταιρισμῷ
2799 419 3241 497 κατακομεῖσθαι,
3314 417 3456 494 μήτε
3529 416 3875 496 ὑπερηφανίας

518 524 634 586 que
664 503 890 566 debere
913 501 1161 582 justitim
1207 504 1503 564 incessum
1561 504 1858 583 superbia:
1905 505 2161 586 speciem

2262 505 2539 585 ›πόδειγμα
2569 507 2904 576 δικαιοσύνης
2936 509 3034 575 τὴν
3063 505 3408 586 προσέλευσιν
3439 504 3608 586 ἔχειν.

519 595 759 657 habere.
795 593 1070 660 Constit..
1105 590 1222 654 lib.
1245 609 1289 666 ι,
1320 609 1456 670 cap.
1490 597 1551 654 3.

802 719 1036 776 Auctor
1064 710 1276 793 Operis
1311 714 1646 794 imperfecti
1671 717 1740 776 in
1777 714 2153 797 Matthaum,
2183 715 2344 797 apud
2376 717 2442 781 S.
2491 716 3007 798 Cbrysostomum.
3070 717 3165 781 Ad
3195 717 3408 780 Matth.
3440 731 3520 793 vi,
3553 713 3614 778 3.

601 852 791 915 Aliter
821 858 984 910 certe
1014 850 1166 909 sicut
1198 848 1446 927 apostoli
1469 848 1941 930 interpretantur
1972 851 2030 912 in
2059 851 2207 912 libro
2229 852 2559 922 Canonum,
2594 849 2692 929 qui
2719 857 2808 911 est
2835 848 2910 910 de
2939 847 3264 930 episcopis;
3287 848 3500 909 dextra
3525 853 3616 908 est
3637 842 3884 925 populus

519 941 914 1015 Christianus,
951 938 1049 1017 qui
1075 946 1162 999 est
1193 937 1264 997 ad
1298 937 1570 997 dextram
1594 939 2092 1006 Christi;sinistra
2119 949 2340 1014 autem,
2377 939 2573 1000 omnis
2599 938 2982 1018 populus,qui
3015 944 3105 999 est
3136 937 3207 998 ad
3240 935 3570 998 sinistram.
3604 932 3728 994 Hoc
3748 949 3880 1011 ergo

519 1030 664 1090 dicit
698 1050 712 1088 :
748 1027 832 1089 Ne
853 1027 1246 1091 Christianum
1272 1025 1584 1087 facientem
1610 1026 2072 1107 eleemosynam,
2097 1028 2200 1108 qui
2233 1037 2325 1090 est
2345 1027 2574 1108 dextra,
2603 1026 2863 1088 inﬁdelis
2888 1027 3153 1106 aspiciat,
3189 1026 3294 1105 qui
3319 1033 3412 1087 est
3438 1020 3882 1084 sinistra.Cbri-

520 1117 746 1178 stianus
769 1125 969 1177 autem
993 1115 1041 1175 si
1071 1114 1475 1177 Christianum
1508 1114 1722 1178 viderit
1754 1116 2166 1196 eleemosynas
2199 1118 2550 1192 iacientem,
2582 1135 2702 1178 non
2739 1123 2832 1178 est
2851 1124 3060 1178 contra
3084 1114 3304 1179 Christi
3336 1118 3722 1194 praeceptum,
3753 1128 3888 1190 quo-

523 1208 675 1267 niam
699 1204 872 1267 ambo
903 1204 1110 1266 dextra
1142 1213 1305 1264 sunt.
1341 1202 1480 1264 Vide
1510 1203 1648 1267 Νοε.
1684 1205 1768 1266 ad
1792 1203 2000 1269 Const.
2030 1224 2155 1286 ap.,

2262 1227 2288 1267 ν.
2325 1223 2409 1281 ιιι,
2442 1224 2494 1269 c.
2536 1207 2628 1269 14.

1892 1368 1976 1429 Ad
2009 1367 2225 1429 Matth.
2265 1383 2397 1446 xxv,
2435 1366 2532 1426 ιε.

604 1525 714 1598 Qui
747 1524 1142 1586 ministerium
1178 1545 1349 1586 suum
1377 1524 1528 1587 bene
1560 1527 2086 1598 consummaverit,
2120 1533 2365 1606 apparet
2395 1525 2534 1606 quia
2559 1545 2629 1587 ex
2658 1528 2778 1586 Deo
2808 1525 3002 1586 luerat
3029 1523 3473 1603 ordinatus;qui
3503 1527 3698 1583 autem
3723 1518 3885 1580 mini-

521 1617 700 1676 steriu
713 1634 764 1674 ιιι
785 1633 954 1675 suum
981 1634 1096 1675 non
1125 1615 1277 1675 bene
1301 1617 1828 1691 consummaverit,
1857 1637 1925 1677 ex
1942 1613 2284 1677 hominibus
2307 1615 2614 1676 ordinatus
2634 1622 2744 1678 est.
2768 1617 2896 1688 Quo
2927 1614 3103 1676 modo
3125 1623 3322 1676 autem
3347 1611 3591 1694 quidam
3611 1608 3884 1670 sacerdo-

521 1715 609 1767 tes
639 1723 707 1766 ex
742 1704 1086 1764 hominibus
1118 1704 1493 1779 ordinantur,
1523 1705 1910 1768 manil‘estein
1952 1704 2103 1766 libro
2136 1716 2341 1766 octavo
2373 1703 2682 1767 Canonum
2715 1704 3123 1786 apostolorum
3153 1703 3399 1765 dicitur.
3435 1697 3550 1774 Qui
3598 1707 3790 1760 autem
3819 1711 3884 1786 ex

524 1793 868 1857 hominibus
899 1793 1206 1854 ordinatus
1239 1802 1348 1870 est,
1375 1803 1656 1874 quantum
1689 1794 1761 1855 ad
1801 1799 1984 1858 Deum
2021 1813 2138 1855 non
2169 1803 2260 1856 est
2291 1793 2574 1856 diaconus
2599 1803 2701 1856 aut
2723 1785 3025 1858 sacerdos.
3065 1794 3348 1873 Constit.,
3377 1791 3485 1855 lib.
3520 1805 3643 1866 vin,
3674 1804 3800 1866 cap.
3828 1785 3880 1847 2.

1240 1953 1572 2036 Maximus,
1608 1957 1674 2018 in
1707 1955 2037 2035 epistolam
2070 1964 2348 2018 octavam
2380 1953 2682 2037 Dionysii,
2711 1963 2846 2037 post
2877 1954 3164 2017 medium.

613 2116 792 2175 Porro
817 2114 876 2174 in
903 2113 1090 2176 sacris
1116 2114 1508 2176 institutorem
1532 2125 1697 2177 vocat
1720 2117 1957 2178 beatum
1988 2135 2166 2197 apos-

2335 2106 2622 2192 ἰεροθέτην
2664 2115 2717 2172 δὲ
2761 2116 2919 2173 καλεῖ
2959 2117 3050 2172 τὸν
3111 2116 3264 2192 ἅγιον
3313 2111 3614 2171 ἀπόστολον
3667 2106 3882 2184 Παῦλον,

529 2205 709 2266 tolum
743 2204 1016 2275 Paulum,
1052 2213 1115 2266 ut
1139 2221 1273 2264 eum
1333 2205 1436 2284 qui
1469 2205 1659 2285 ipsum
1697 2205 2073 2268 ordinaverat
2104 2208 2162 2269 in

2262 2208 2322 2269 bc
2353 2207 2806 2284 χειροτονήσαντα
2838 2205 2979 2278 αὗτῷ
3031 2205 3128 2271 τὴν
3161 2205 3567 2284 ἀρχιερωσύνην
3609 2201 3705 2269 τῆς
3761 2205 3883 2263 Ἐγ-

528 2293 930 2375 pontiﬁcatum
964 2292 1250 2354 Ecclesiae
1279 2294 1690 2373 Atheniensis,
1717 2296 1868 2356 sicut
1893 2296 1952 2356 in
1985 2297 2166 2357 sacris

2262 2294 2468 2362 ιλησίας
2499 2294 2603 2350 τῶν
2650 2293 2910 2373 Ἀθηνῶν,
2942 2295 3113 2356 καθὼς
3135 2293 3196 2348 λέν
3226 2308 3348 2356 ταῖς
3377 2298 3550 2373 ἱεραῖς
3605 2297 3708 2351 τῶν
3750 2296 3880 2350 ἀπο-

524 2383 926 2465 apostolorum
964 2382 1496 2444 Constitutionibus
1546 2384 1833 2464 scriptum
1883 2393 1989 2446 est.
2034 2384 2164 2448 Lib.

2262 2382 2455 2440 πτόλων
2477 2382 2769 2463 γέγραπται
2802 2382 3101 2461 διαταγαῐς.
3139 2384 3296 2459 Lege
3326 2380 3397 2444 ad
3424 2400 3559 2464 cap.
3593 2388 3652 2458 2,
3686 2383 3772 2446 De
3785 2382 3883 2444 Ec-

527 2489 632 2546 vn,
660 2491 791 2553 cap.
831 2473 931 2534 46.
2251 2472 2390 2536 cles.
2426 2470 2750 2553 hierarclz.,
2785 2480 2843 2533 et
2873 2471 2933 2534 in
2960 2470 3231 2552 Prologo.

530 2621 873 2687 Timotheus
898 2619 1229 2701 presbyter,
1266 2627 1526 2683 tractatu
1558 2623 1628 2682 de
1661 2622 1737 2702 iis
1765 2624 1869 2702 qui
1901 2621 2192 2684 accedunt
2220 2621 2301 2684 ad
2334 2620 2798 2702 Ecclesium,_in
2850 2621 3142 2685 Λυσιαήο
3199 2623 3596 2688 Bibliotheca:
3643 2627 3880 2689 Patrum

1651 2699 2122 2783 Conibeﬁsiano,
2158 2708 2300 2766 tom.
2333 2699 2406 2764 ΙΙ.
2441 2721 2508 2783 p.
2551 2699 2774 2765 453D.

607 2851 760 2915 Audi
785 2851 1186 2932 apostolorum
1209 2850 1415 2916 verba:
1453 2850 1691 2926 Videte,
1727 2859 1843 2915 etc.
1877 2850 2166 2932 Constit.,

527 2943 631 3007 lib.
666 2959 743 3017 γι,
769 2959 900 3023 cap.
935 2941 1033 3004 l6.

2332 2849 2541 2913 "Ancus
2599 2856 2703 2909 τῶν
2754 2849 3120 2909 ἀποστολικῶν
3155 2871 3170 2887 ⁸
3249 2842 3433 2931 Ὀρᾶτε
3499 2857 3566 2910 τὰ
3637 2853 3719 2911 ἐπ’
3762 2855 3876 2912 ὀνό-

2253 2963 2405 3018 ματι,
2439 2948 2534 3002 etc
2549 2989 2561 3002 .

1749 3092 1961 3154 Conon
2000 3089 2322 3155 Trullanus
2368 3088 2687 3152 secundus.

609 3236 836 3300 Placuit
864 3245 1062 3298 autem
1110 3245 1167 3297 et
1193 3235 1306 3297 hoc
1333 3246 1551 3298 sanctae
1584 3237 1724 3300 huic
1778 3238 1999 3318 synodo
2031 3238 2169 3319 pul-

2338 3237 2537 3304 ’Ἔδοξε
2566 3237 2620 3295 δὲ
2651 3239 2737 3295 καὶ
2780 3241 2930 3297 τοῦτο
2974 3245 3041 3316 τῇ
3069 3242 3192 3319 ἁγίᾳ
3236 3245 3400 3318 ταύτῃ
3453 3242 3658 3318 συνόδῳ
3701 3242 3879 3300 κάλλι-

528 3327 826 3389 cherrime
849 3345 918 3388 ac
941 3324 1264 3406 optitne,ut
1293 3325 1366 3387 ab
1387 3325 1500 3388 hoc
1523 3335 1795 3407 tempore
1817 3327 1975 3389 ﬁrmi
1993 3327 2172 3390 stabi-

2262 3328 2355 3386 na'
2381 3349 2438 3384 τε
2481 3329 2568 3384 καὶ
2625 3325 3032 3401 σπουδαιότατα,
3094 3329 3229 3386 ὥστε
3275 3331 3459 3406 μένειν
3517 3334 3604 3389 καὶ
3653 3332 3752 3388 ἀπὸ
3797 3339 3882 3387 τοῦ

529 3417 735 3498 lesqne
755 3423 1035 3477 maneant
1067 3415 1138 3475 ad
1163 3414 1499 3476 animarum
1526 3416 1817 3477 medelam
1845 3425 1903 3477 et
1931 3424 2167 3498 pertur-

2262 3424 2342 3473 νῦν
2395 3415 2660 3496 βεϐαίους,
2703 3418 2791 3473 καὶ
2852 3415 3108 3496 ἀσφαλεῖς
3180 3421 3309 3498 πρὸς
3382 3425 3577 3501 ψυχῶν
3620 3422 3881 3498 θεραπείαν

530 3506 833 3568 bationum
862 3504 1565 3582 curationem,octoginta
1592 3505 1859 3585 quinque
1883 3523 2168 3583 canones,

2262 3507 2338 3562 mi
2367 3507 2596 3581 ἰατρείαν
2626 3508 2827 3579 παθῶν,
2886 3506 3005 3569 τοὺς
3060 3509 3160 3563 ὑπὸ
3217 3515 3324 3564 τῶν
3378 3513 3482 3589 πρὸ
3526 3513 3678 3586 ἡμῶν
3733 3509 3882 3588 ἁγίων

529 3594 739 3655 sanciti
770 3612 802 3655 a
853 3593 1075 3655 sanctis
1107 3603 1167 3655 et
1214 3593 1488 3671 gloriosis
1521 3594 1826 3676 apostolis,
1883 3597 1980 3676 qui
2014 3613 2171 3676 prae-

531 3689 840 3744 cesserunt
871 3700 1000 3742 nos.
1036 3681 1322 3753 Quoniam
1356 3690 1551 3745 autem
1577 3682 1638 3744 in
1669 3682 1788 3746 illis
1842 3684 2172 3748 canonibus

532 3779 893 3852 praeceptum
931 3777 1042 3845 est,
1080 3777 1141 3831 ut
1167 3772 1531 3851 recipiamus
1555 3771 1907 3834 eorumdem
1933 3779 2168 3834 sancto-

529 3878 662 3921 rum
692 3859 1092 3941 apostolorum
1127 3878 1236 3940 per
1289 3860 1658 3924 Clementem
1687 3861 2170 3944 constitutiones,

532 3949 748 4030 quibus
784 3951 908 4028 jam
941 3949 1082 4010 olim
1108 3952 1182 4010 ab
1218 3949 1598 4012 beterodoxis
1632 3950 1702 4013 ad
1723 3951 2008 4014 Ecclesia;
2032 3968 2170 4029 per-

535 4038 754 4100 niciem
787 4039 1010 4100 inserta
1043 4047 1180 4100 sunt
1232 4038 1500 4120 quaedam
1531 4040 1867 4103 adulterina
1895 4048 1953 4103 et
1979 4041 2174 4105 aliena

531 4148 565 4190 a
596 4128 842 4209 pietate,
876 4146 1010 4209 quas
1057 4127 1391 4206 elegantem
1448 4147 1517 4190 ac
1565 4129 1845 4192 decoram
1906 4130 2171 4211 speciem

535 4217 873 4279 divinorum
930 4216 1269 4296 dogmatum
1326 4218 1501 4281 nobis
1566 4219 2007 4302 obscurarum;
2069 4223 2175 4284 has

538 4307 998 4368 constitutiones
1087 4307 1550 4371 conducibiliter
1604 4309 1676 4369 ad
1743 4309 2177 4372 Christianismi

535 4401 736 4476 gregis
761 4393 1220 4458 aediﬁcationem
1249 4416 1318 4459 ac
1359 4396 1768 4478 securitatem,
1803 4399 2125 4478 rejecimus
2153 4418 2169 4478 ;

530 4487 829 4548 haeretica
860 4485 1133 4548 falsitatis
1163 4486 1318 4548 fetus
1343 4503 1713 4566 nequaquam
1748 4490 2175 4568 Immiscentes,

2252 3597 2338 3652 καὶ
2399 3593 2616 3661 ἐνδόξων
2660 3593 2976 3652 ἀποστόλων
3027 3594 3354 3674 ὀγδοήκοντα
3429 3601 3586 3657 πέντε
3649 3597 3878 3658 κανόνας.

2255 3684 2474 3753 Ἐπειδὴ
2530 3682 2583 3740 δὲ
2627 3683 2682 3740 ἐν
2725 3685 2926 3749 τούτοις
2971 3697 3088 3748 τοῖς
3148 3688 3362 3743 κανόσιν
3396 3687 3698 3746 ἐντέταλται
3727 3686 3875 3765 δέχε-

2255 3777 2372 3830 σθαι
2405 3776 2573 3853 ἡμᾶς,
2617 3773 2712 3836 τὰς
2746 3779 2852 3829 τῶν
2884 3777 3056 3832 αὐτῶν
3089 3775 3252 3853 ἁγίων
3281 3777 3598 3835 ἀποστόλων
3628 3776 3708 3832 διὰ
3740 3775 3879 3843 Κλή-

2255 3885 2446 3939 μεντος
2478 3860 2757 3936 διατάξεις,
2789 3865 2880 3925 αἷς
2909 3885 3015 3920 τισι
3047 3860 3212 3920 πάλαι
3262 3867 3363 3923 ὑπό
3415 3873 3525 3924 τῶν
3581 3863 3876 3945 ἑτεροδόξων

2254 3952 2338 4010 ἔπι
2382 3951 2545 4029 λοίμῃ
2591 3955 2690 4020 τῆς
2749 3948 3096 4032 Ἐκκλησίας,
3144 3954 3266 4011 νόθα
3313 3957 3428 4012 τινὰ
3485 3958 3577 4014 καὶ
3633 3955 3746 4021 ξένα
3792 3951 3878 4018 τῆς

2256 4040 2576 4110 Ἐκκλησίας
2620 4036 2768 4087 ἠε-³9
2817 4040 3262 4118 παρενετέθησαν,
3306 4046 3367 4100 τὸ
3415 4045 3670 4124 εὐπρεπὲς
3699 4039 3878 4103 κάλλος

2257 4139 2362 4188 τῶν
2404 4133 2555 4188 Θείων
2613 4128 2892 4209 δογμέτων
2953 4133 3087 4206 ἡμῖν
3147 4132 3559 4213 ἀμαυρώσαντα,
3643 4136 3736 4200 τὴν
3785 4129 3879 4187 τῶν

2257 4223 2505 4278 τοιούτων
2537 4219 2822 4286 διατάξεων
2871 4221 3187 4301 προσφόρως
3216 4220 3488 4292 ἀποϐολὴν
3538 4223 3876 4296 πεποιήμεθα,

2258 4313 2388 4388 πρὸς
2445 4316 2544 4377 τὴν
2600 4320 2694 4369 τοῦ
2739 4312 3253 4389 Χριστιανικωτάτου
3309 4317 3560 4380 ποιμνίου
3614 4308 3876 4382 οἰκοδομὴν

2259 4403 2346 4455 καὶ
2397 4398 2710 4478 ἀσφάλειαν,
2771 4397 3012 4474 οὐδαμῶς
3073 4400 3399 4478 ἐγκρίνοντες
3455 4405 3520 4459 τὰ
3563 4404 3654 4469 τῆς
3699 4400 3879 4471 αἱρετι-

2259 4493 2360 4553 κῆς
2415 4485 2760 4565 ψευδολογίας
2821 4490 3090 4563 κυήματα,
3144 4492 3232 4546 καὶ
3290 4497 3356 4566 τῇ
3387 4495 3580 4570 γνησίᾳ
3610 4499 3709 4547 αὼν
3749 4487 3874 4542 ἀπο-

533 4586 592 4638 et
623 4593 922 4656 germanas
948 4592 1015 4636 ac
1038 4575 1290 4654 integrae
1318 4573 1723 4655 apostolorum
1757 4576 2046 4638 doctrinae
2071 4577 2169 4637 in-

2262 4577 2456 4634 ττόλων
2482 4578 2569 4632 καὶ
2602 4574 2884 4656 ὁλοκλήρῳ
2913 4575 3112 4657 διδαχῇ
3141 4584 3562 4659 παρενείροντες,
3597 4588 3707 4642 etc.

533 4673 833 4744 serentes,
868 4673 984 4726 etc.

615 4785 991 4867 Nicephorus
1021 4780 1730 4863 Constantinopolitanus
1767 4785 2151 4867 patriarcha,
2189 4787 2254 4847 in
2283 4783 2402 4865 ﬁne
2437 4780 2885 4864 Cbronologiw,
2921 4783 3026 4846 ubi
3054 4784 3128 4846 de
3156 4785 3332 4847 libris
3359 4786 3806 4867 Scrtpturamm

713 4919 818 4983 Ea:
842 4920 1119 4983 versione
1147 4919 1468 4982 Anastasii
1489 4916 1629 4981 Bibl
1642 4919 1990 4984 iotbecarii.

614 5013 688 5078 Et
717 5030 852 5092 qum
873 5010 1019 5074 Novi
1051 5010 1463 5090 (Testamenti)
1495 5020 1635 5073 sunt
1664 5013 2025 5096 apocrypha,
2061 5022 2178 5078 etc.

532 5106 811 5171 Doctrina
842 5101 1275 5183 apostolorum,
1315 5119 1522 5163 versus
1546 5100 1686 5178 200,
1722 5109 1836 5163 etc.

2349 5015 2445 5072 Καὶ
2499 5012 2597 5069 ὅσα
2651 5018 2748 5080 τῆς
2809 5015 2945 5078 Νέας
3005 5015 3131 5071 εἰσὶν
3180 5011 3480 5093 ἀπόκρυφα,
3542 5021 3654 5076 etc.
3693 5003 3875 5085 Διδαχὴ

2269 5101 2581 5160 ἀποστόλων
2619 5119 2632 5132 ’
2670 5103 2848 5182 στίχοι
2882 5101 2932 5159 σ¹
2967 5100 3041 5178 ⁸ο,
3077 5109 3192 5166 etc.

1619 5237 1894 5319 Photius,
1918 5237 2310 5301 Bibliotheca
2342 5240 2471 5302 cod.
2500 5255 2642 5321 cm,
2669 5255 2833 5301 cxnr.

620 5368 793 5428 Lecta
823 5373 961 5427 sunt
981 5361 1304 5428 Clementis
1326 5364 1578 5428 Romani
1622 5363 1737 5426 duo
1772 5363 2070 5425 volumina
2097 5363 2177 5425 li—

539 5454 808 5530 brorum;
831 5471 1088 5534 quorum
1119 5452 1292 5516 alteri
1326 5452 1532 5516 titulus
1554 5461 1666 5534 est,
1702 5453 2180 5515 Constitutiones

540 5541 1532 5626 apostolorumperCtementem;in
1550 5560 1665 5624 quo
1679 5543 1856 5603 etiam
1874 5541 2180 5603 continen-

620 5680 1173 5751 “”al.s€m6m¢,
1259 5685 1314 5731 ω
1347 5687 1425 5750 al.
1459 5687 1542 5760 ς.

2344 5364 2681 5443 Ἀνεγνώσθη
2730 5365 3034 5441 Κλήμεντος
3081 5372 3174 5423 τοῦ
3223 5364 3438 5442 Ῥώμης
3479 5365 3648 5441 τεύχη
3685 5351 3875 5443 βιϐλίων

2264 5453 2350 5510 δύο
2386 5473 2398 5490 ο
2430 5442 2504 5509 ὦν
2535 5457 2596 5510 τὸ
2653 5456 2750 5528 μὲν
2807 5453 3177 5535 ἐπιγράφεται,
3229 5457 3487 5533 Διαταγαὶ
3518 5462 3619 5512 τῶν
3660 5442 3874 5535 am”?

2264 5541 2370 5598 λων
2402 5541 2485 5600 διὰ
2520 5543 2854 5619 Κλήμεντος,
2906 5542 2959 5598 ἑν
2997 5551 3043 5617 ᾧ
3089 5532 3176 5600 καί
3207 5545 3254 5601 οἱ
3287 5550 3394 5600 τῶν
3416 5532 3703 5603 νωνοδικῶν
3731 5532 3874 5593 λανδ·
