4110 6202
297 275 426 342 549
1097 274 1756 343 CONSTITUTIONES
1798 274 2310 340 APOSTOLlC/E.
2360 308 2432 322 -
2480 273 2870 338 PRO€EMIA.
3546 273 3667 339 550

301 435 408 469 νων
464 417 541 487 τῷ
605 413 915 493 ἀθροίσματι
964 419 1070 470 τῶν
1124 412 1436 471 ἀποστόλων
1465 414 1682 479 κανόνες
1723 412 1924 493 ἐπιγρα·

2026 419 2117 471 tur
2145 408 2225 471 illi
2261 406 2661 490 canones,qui
2684 408 2839 469 inter
2865 407 3177 488 synodicos
3195 411 3380 474 οωιυί
3411 422 3649 492 aposto-

298 503 522 581 γόμενοι
554 502 915 583 περιέχονται.
977 500 1048 563 Ει
1098 501 1291 566 infra:
1338 505 1396 559 Al
1455 500 1510 559 δέ
1558 524 1619 580 γε
1687 510 1921 581 Διαταγα

2028 499 2218 557 lorum
2249 496 2650 561 ascribuntur.
2672 497 2745 557 Et
2766 494 3147 574 infrazporro
3171 498 3651 578 Constitutiones,

298 593 434 669 τρισὶ
494 594 675 655 μόνοις
734 591 975 649 δοκοῦσιν
1003 593 1302 672 ἐνέχεσθαι*
1336 590 1726 671 χακοπλαστίᾳ,
1765 591 1830 661 ἢν
1886 596 1921 647 οἱ

2035 607 2097 648 ex
2124 586 2310 648 tribus
2342 586 2624 648 duntaxat
2651 584 2941 665 capitibus
2971 586 3427 665 reprehensioni
3460 590 3658 653 viden-

299 679 541 759 χαλεπὸν
598 682 1085 739 ἆποσγευάσασθαι³
1156 683 1241 738 καὶ
1271 681 1352 739 ὅτι
1396 685 1483 739 καὶ
1540 688 1633 739 τοῦ
1694 691 1922 761 Δευτεροι

2040 688 2123 739 [ιη’
2152 675 2440 739 obnoxias:
2476 694 2552 738 ex
2588 675 2738 737 mala
2761 675 3209 757 ﬁctione,quam
3231 687 3509 741 excutere
3544 698 3663 743 non

299 770 483 844 νομίου
511 768 684 849 ὕϐρεις
717 772 862 835 τινὰς
915 770 1198 850 ἐπαφίησιν
1231 769 1305 845 Η,
1338 772 1374 828 ἅ
1406 768 1460 813 ⁸³
1488 773 1575 827 καὶ
1602 770 1794 842 ῥᾷστον
1825 768 1922 826 δια-

2043 776 2117 829 ast
2140 766 2404 829 difﬁcile:
2438 774 2496 828 et
2514 766 2671 847 quod
2696 767 3428 828 contraDeuteronomium
3456 768 3666 830 crimi-

296 857 579 916 λύσασθαι·
644 863 731 917 καὶ
790 860 866 916 ἔτι
961 857 1339 937 Ἀρειανισμῷ,
1415 859 1547 938 ὅπερ
1602 862 1663 916 ἄν
1721 881 1800 925 τις
1857 882 1919 915 κα

2041 856 2297 918 nationes
2325 856 2608 937 quasdam
2641 854 2959 932 adducant;
2992 855 3147 936 quod
3177 855 3354 918 etiam
3384 855 3664 921 facillime

295 949 478 1025 βιαίως
553 947 947 1029 διακρούσαιτο,
999 951 1068 1007 Ἦ
1099 952 1198 1026 μέν
1250 953 1329 1008 τοί
1371 972 1431 1029 γε
1460 950 1565 1007 τῶν
1608 960 1703 1010 τοῦ
1748 949 1918 1028 Πέτροι

2037 946 2171 1007 Jilui
2202 954 2412 1025 potest:
2441 952 2500 1007 et
2529 944 2723 1006 adhuc
2745 963 2813 1006 ex
2844 945 3208 1014 Arianismo;
3244 946 3398 1026 quod
3424 946 3660 1028 aliquis,

300 1037 542 1118 Πράξεων
598 1036 780 1116 βίϐλος
840 1047 914 1114 τῷ
943 1062 999 1096 τε
1030 1040 1261 1119 λαμπρῷ
1282 1042 1368 1097 καὶ
1399 1046 1462 1112 τᾷ
1508 1040 1820 1115 σεμνότητι,
1854 1062 1922 1096 κα

2039 1036 2164 1097 :icet
2184 1035 2472 1096 violenter
2488 1035 2702 1116 poterit
2722 1032 3345 1114 depellere.C:eterum
3368 1036 3520 1097 liber
3544 1037 3662 1098 Ac-

296 1129 369 1184 ἔτι
428 1134 505 1201 τῷ
555 1133 769 1207 καθαρῷ
834 1131 921 1186 καὶ
965 1130 1220 1206 συντόνῳ,
1249 1131 1335 1186 καὶ
1365 1135 1433 1206 τῇ
1478 1127 1617 1205 ἄλλῃ
1644 1129 1807 1208 ἐιρέτῇ
1848 1129 1919 1187 τοέ

2050 1144 2217 1186 orum
2252 1123 2429 1205 Petri,
2465 1124 2783 1205 splendore
2816 1132 2871 1185 et
2897 1125 3319 1203 majestate,ad
3348 1125 3470 1187 haec
3505 1128 3664 1206 puri-

293 1216 476 1297 λόγου,
504 1220 594 1275 καὶ
624 1218 954 1295 πολυμαθείᾳ
982 1226 1203 1276 τοσοῦτο
1234 1219 1352 1299 ἔχει
1380 1220 1511 1295 πρὸς
1536 1220 1631 1282 τὰς
1672 1219 1916 1297 Διαταγὰ

2038 1225 2143 1277 tate
2177 1224 2235 1275 et
2294 1212 2694 1293 vehementia,
2749 1212 3002 1294 aliisque
3062 1214 3349 1275 orationis
3402 1214 3661 1297 dotibus,

293 1308 352 1362 τὸ
407 1305 809 1385 παραλλάττον,
852 1309 925 1370 ὡς
995 1304 1134 1383 μηδὲ
1179 1308 1446 1387 συγκρϋει
1518 1313 1585 1382 τῇ
1639 1307 1775 1364 κατὰ
1816 1307 1916 1363 τοὺε

2041 1314 2195 1385 itque
2232 1303 2546 1384 multiplici
2595 1303 2895 1377 doctrina,
2934 1311 3158 1365 tantum
3196 1303 3664 1368 Constitutiones

294 1394 491 1474 λόγους
524 1397 653 1475 πρὸς
671 1394 908 1466 ἀλλήλας
938 1394 1367 1474 παραϐάλλεσθαι
1399 1395 1493 1459 τὰς
1549 1393 1788 1475 βίϐλους,
1819 1403 1907 1457 etc

2037 1402 2283 1475 superat,
2315 1400 2377 1453 ut
2407 1393 2516 1453 hos
2542 1393 2698 1454 inter
2729 1392 2912 1454 libros
2944 1393 3106 1453 nulla
3155 1395 3542 1474 comparatio,
3587 1395 3660 1456 ad

2019 1498 2364 1545 sermouem
2395 1481 2553 1562 quod
2584 1481 2816 1555 attinet,
2848 1480 3078 1543 institui
3111 1482 3353 1564 debeat,
3382 1494 3497 1545 etc.

292 1641 538 1705 Nicetas
560 1643 929 1724 Pectoratus,
958 1643 1090 1706 Lib.
1115 1645 1621 1724 contraiLatinos.
1639 1648 1777 1724 post
1797 1644 2085 1705 medium.
2115 1642 2297 1724 Tanto
2318 1650 2493 1704 senato
2522 1643 2804 1719 Antiqua
2825 1643 3368 1724 Lectionis,flenr.
3394 1646 3664 1722 Canisii;

295 1692 1621 1806 5'3;inanimae:"exmia:
1639 1692 2933 1804 :3:xststzgaénanaut};nam;
2941 1692 3084 1786 23.1:
3092 1692 3661 1805 ’ίιῖιῦἱῖῲὶὧὶὶῖἑέἶ

372 1883 799 1962 Apostolorum
822 1886 1102 1959 vertices,
1128 1884 1191 1946 in
1214 1884 1418 1966 quinto
1435 1883 1678 1965 quidem
1702 1881 1855 1945 libro
1872 1882 2464 1963 Ordinationum,qui
2491 1883 2564 1943 du
2588 1881 2943 1963 martyribus
2960 1882 3328 1952 inscribitur.
3344 1883 3513 1963 juxta
3537 1883 3666 1947 Cle-

300 1982 558 2034 mentem
580 1970 656 2036 ‘3:
680 1976 976 2049 Quartam
992 1974 1219 2051 feriam
1236 1981 1295 2036 et
1309 1981 1545 2037 sextam
1556 1979 1842 2053 prrecepit
1855 1972 2029 2036 nobis
2046 1975 2323 2051 ieiunare
2334 1974 2840 2037 Dominuszunam
2854 1974 3363 2052 quidem,propter
3376 1975 3665 2037 traditio-

298 2061 753 2138 nem;alteram,
764 2069 1013 2143 propter
1024 2068 1397 2144 passionem:
1416 2066 1622 2145 ipsum
1643 2070 1842 2125 autem
1873 2061 2204 2127 Sabbatum
2227 2060 2283 2104 υ
2304 2061 2695 2124 nontradidit
2721 2063 2891 2123 nobis
2896 2064 3202 2141 jejunare,
3228 2063 3516 2141 quoniam
3543 2081 3667 2125 non

295 2158 544 2229 oportet,
560 2160 792 2231 prater
811 2151 966 2214 illud
985 2152 1202 2227 solum,
1231 2154 1295 2215 in
1320 2170 1439 2234 quo
1472 2155 1731 2215 Creutor
1753 2153 2178 2227 omnium,sub
2196 2161 2366 2214 terra
2390 2152 2712 2231 fuit.Unde
2734 2151 2900 2230 juxta
2936 2150 3159 2212 calcem
3212 2152 3477 2229 ejusdem
3504 2152 3663 2227 libri,

296 2240 506 2301 iterum
521 2241 611 2303 sic
637 2241 903 2322 loquitur
921 2238 994 2305 ‘5:
1006 2240 1457 2323 Omnequidem
1471 2240 1805 2305 Sabbatum
1826 2250 1882 2304 et
1902 2259 2137 2304 omnem
2164 2242 2552 2304 Dominicum
2566 2240 2986 2303 celebrandum
3008 2237 3064 2282 ⁸ο
3075 2258 3203 2303 esse
3218 2241 3496 2304 dicimus.
3507 2245 3669 2305 Gau-

294 2327 430 2390 dere
453 2331 613 2393 enim
637 2338 870 2411 oportet
892 2334 957 2394 in
976 2331 1094 2404 his,
1123 2341 1181 2392 et
1210 2350 1334 2394 non
1364 2331 1597 2413 lugere.
1625 2331 1893 2412 Septimo
1913 2330 2153 2412 quidem
2179 2331 2331 2392 libro
2357 2348 2558 2392 earum
2584 2330 3107 2400 Constitutionum,
3129 2330 3300 2409 juxta
3322 2330 3665 2393 vicesimum

291 2426 563 2497 quartum
583 2428 758 2500 caput
780 2419 856 2501 ⁸⁷,
880 2423 991 2483 hoc
1014 2420 1310 2502 inquiunt:
1344 2421 1685 2485 Sabbatum
1708 2437 1968 2501 namque
1990 2429 2044 2483 et
2066 2421 2444 2484 ﬂaminicam
2476 2419 2845 2483 celebramus
2864 2416 3116 2498 ‘7';quia
3138 2418 3291 2482 illud
3311 2420 3556 2499 quidem
3574 2420 3664 2483 di-

287 2508 447 2568 vina
468 2511 837 2587 operationis
864 2519 949 2574 est
978 2512 1293 2592 memoria,
1320 2511 1418 2572 hic
1444 2508 1497 2553 ⁵⁸
1523 2529 1662 2574 vero
1684 2513 2175 2575 resurrectionis.
2202 2510 2399 2573 Unum
2428 2528 2567 2573 vero
2600 2517 2837 2571 tantum
2856 2508 3185 2571 Sabbatum
3208 2510 3665 2573 custodiendum

290 2605 376 2659 est
398 2598 465 2659 in
482 2606 607 2660 toto
635 2617 820 2680 anno,
846 2598 1192 2680 Sepultum
1222 2600 1494 2676 Domini;
1517 2602 1931 2682 quojejunare
1960 2607 2215 2681 oportet.
2262 2600 2525 2676 Quando
2549 2605 2721 2662 enim
2742 2598 3017 2661 Christus
3046 2601 3111 2661 in
3155 2600 3430 2678 sepulcro
3448 2602 3663 2680 jacuit,

291 2684 582 2768 discipuli
611 2689 1012 2767 potentiorem
1041 2692 1199 2753 circa
1216 2706 1354 2753 eum
1379 2690 1589 2767 ﬂetum
1612 2688 1931 2771 habebant,
1956 2707 2134 2770 quam
2156 2689 2449 2771 gaudium
2471 2706 2545 2752 ea:
2560 2690 2851 2751 memoria
2881 2687 3106 2750 divina
3123 2704 3249 2768 ape:
3265 2690 3509 2764 ationis,
3545 2698 3664 2753 etc.

1780 2846 1979 2917 Μαιεο
1995 2858 2130 2932 post
2164 2872 2177 2914 :

376 3010 441 3071 In
475 3018 651 3071 sexto
675 3007 827 3070 libro
856 3008 1179 3073 Clementis
1205 3010 1663 3075 Ordinationum
1678 3059 1695 3086 ,
1715 3028 1847 3093 quae
1869 3009 1941 3074 ab
1962 3028 2031 3072 eo
2052 3009 2409 3093 conscripta;
2430 3019 2590 3091 sunt,
2609 3012 2778 3091 juxta
2798 3009 3008 3089 septin.
3024 3028 3121 3071 um
3148 3011 3446 3075 decimum
3463 3022 3667 3093 caput,

298 3098 549 3178 apostoli
580 3100 706 3161 hac
734 3097 959 3163 dicunt:
988 3098 1355 3182 Episcopum
1385 3107 1444 3165 et
1472 3099 1891 3182 presbyterum
1924 3108 1981 3163 et
2002 3101 2363 3173 diaconum,
2396 3101 2684 3173 dicimus,
2745 3102 2854 3179 qui
2904 3117 3087 3161 unam
3142 3100 3358 3163 habent
3385 3120 3665 3178 uxorem,

298 3188 609 3266 ordinari,
642 3190 919 3269 quamvis
938 3190 1154 3253 vivant
1181 3206 1397 3253 eorum
1424 3193 1740 3275 conjuges,
1771 3196 2047 3271 quamvis
2078 3190 2381 3270 defuncta
2415 3212 2428 3249 :
2464 3207 2586 3252 non
2637 3188 2774 3253 licet
2802 3206 2898 3252 eos
2919 3195 3051 3271 post
3079 3205 3293 3253 manus
3316 3188 3371 3233 ⁸ο
3414 3194 3664 3274 imposi-

299 3278 517 3341 tionem
550 3284 840 3359 innuptas
866 3295 1017 3354 esse,
1047 3296 1156 3342 nec
1182 3280 1436 3361 insuper
1465 3281 1545 3344 ad
1573 3285 1824 3361 nuptias
1853 3280 1991 3360 ire;
2026 3288 2133 3343 aut
2162 3286 2220 3344 si
2240 3282 2577 3361 nupserint,
2613 3279 2847 3341 alteras
2884 3279 3190 3359 amplecti,
3222 3281 3327 3344 sed
3380 3281 3668 3361 sufficere

301 3384 444 3445 quas
468 3366 695 3431 habent
721 3385 860 3431 cum
890 3368 969 3431 ad
1011 3369 1465 3435 ordinationem
1494 3380 1808 3436 venerunt.

1768 3503 1948 3567 Circa
1977 3505 2192 3585 ﬁnem:

379 3660 625 3744 Reliqui
646 3669 844 3724 autem
874 3662 1205 3739 Verticum,
1228 3662 1290 3724 in
1313 3665 1570 3743 septimo
1601 3667 1656 3712 ω
1683 3664 1838 3726 libro
1860 3661 2338 3739 Institutionum,
2388 3668 2555 3743 juxta
2584 3673 2814 3728 sextum
2845 3662 3147 3725 decimum
3176 3673 3353 3743 caput
3384 3661 3667 3744 liquidius

301 3750 619 3815 dixerunt:
657 3751 893 3817 Scimus
922 3753 1110 3834 enim,
1134 3753 1328 3836 inquit
1356 3750 1508 3836 5U",
1535 3756 1686 3834 quia
1730 3756 1797 3817 hi
1817 3757 1923 3834 qui
1947 3754 2107 3816 circa
2133 3756 2469 3832 Simonem,
2495 3764 2548 3819 et
2574 3754 2911 3829 Cleobium,
2945 3759 2999 3816 et
3048 3751 3299 3828 ludam,
3359 3755 3669 3835 conscrip-

296 3847 505 3904 serunt
540 3840 729 3905 libros
748 3843 817 3904 in
839 3842 1081 3905 nomine
1103 3843 1403 3907 Christiet
1431 3844 1874 3925 discipulorum
1904 3843 2054 3923 ejus,
2086 3844 2524 3923 circumferunt
2542 3846 2621 3908 ad
2649 3844 3059 3907 seductionem
3072 3849 3358 3918 vestram,
3376 3852 3432 3906 et
3460 3858 3667 3907 eorum

297 3934 402 4007 qui
424 3928 696 4011 diligunt
727 3930 1061 4012 Christum,
1092 3938 1149 3995 et
1175 3948 1285 3995 nos
1312 3950 1516 3996 servos
1545 3935 1762 4013 ipsius.
1796 3932 1875 3995 Et
1904 3934 1976 3995 in
2006 3932 2312 3996 veteribus
2361 3934 2604 4014 quidam
2647 3934 3141 4013 conscripserunt
3167 3932 3357 3995 libros
3407 3948 3670 4014 apocry-

296 4019 450 4099 phas
483 4020 695 4101 Moysi,
728 4026 786 4084 et
809 4018 1046 4097 Enoeh,
1078 4028 1137 4084 et
1165 4020 1385 4103 Adam,
1417 4021 1620 4105 Isaia,
1653 4029 1711 4087 et
1738 4020 1957 4097 David,
1990 4028 2047 4085 et
2075 4021 2263 4103 Elia,
2314 4032 2371 4087 et
2430 4026 2621 4087 trium
2671 4020 3190 4103 patriarcharum,
3246 4023 3671 4103 corruptiones

298 4109 586 4189 facientes
615 4117 796 4190 atque
825 4111 1100 4173 veritatis
1123 4110 1403 4175 inimicos
1427 4109 1632 4177 libros.

310 4250 678 4317 Humbertus
695 4253 1007 4334 episcopus
1032 4251 1238 4335 Sylva
1271 4252 1587 4331 Candida,
1614 4257 1685 4317 in
1703 4254 2092 4336 responsione
2116 4255 2195 4317 ad
2221 4254 2451 4319 Niseia
2468 4256 2721 4334 librum,
2747 4254 2934 4319 multo
2953 4264 3087 4337 post
3108 4257 3353 4319 initium
3379 4274 3398 4330 ;
3422 4254 3666 4329 ibidem,

381 4386 863 4468 Reprehendens
890 4388 1047 4449 enim
1072 4406 1205 4471 nos,
1234 4406 1345 4452 cur
1363 4388 1713 4470 jejunemus
1733 4387 2028 4469 Sabbatis,
2061 4387 2211 4453 dicis
2238 4411 2251 4455 :
2283 4389 2511 4464 Quarta
2538 4398 2592 4453 et
2614 4398 2787 4454 seata
2806 4390 2966 4469 feria
2977 4391 3215 4472 iugiter
3231 4390 3666 4470 jejunaudum;

302 4495 431 4540 una
458 4483 707 4559 propter
732 4476 1152 4556 traditionem,
1175 4478 1375 4542 altera
1401 4485 1647 4561 propter
1663 4481 2011 4562 passionem
2038 4477 2291 4543 Domini
2314 4502 2339 4552 ;
2396 4479 2657 4544 Sabbato
2686 4488 2887 4542 autem
2908 4496 3247 4560 nunquam,
3278 4480 3404 4542 nisi
3423 4496 3568 4541 uno.
3599 4476 3671 4541 Et

302 4567 415 4628 hoc
445 4583 718 4629 asserere
742 4566 977 4629 conaris
1009 4585 1081 4630 ex
1108 4568 1463 4649 apocryphis
1490 4568 1662 4632 libris
1693 4576 1753 4631 et
1779 4569 2130 4649 canonibus,
2168 4568 2295 4650 pari
2327 4570 2624 4631 sententia
2654 4577 2993 4633 sancton
3025 4567 3264 4631 Patrum
3312 4566 3667 4647 repudiatis.

303 4656 453 4720 Nam
484 4655 811 4720 Clementis
836 4654 989 4719 liber
1010 4654 1085 4731 53,
1119 4657 1177 4719 id
1210 4666 1301 4720 est
1332 4656 1708 4722 Itinerarium
1732 4658 1894 4723 Petri
1922 4658 2200 4740 apostoli,
2233 4668 2291 4719 et
2315 4660 2593 4721 Canones
2617 4657 3022 4739 apostolorum
3056 4663 3403 4720 numeratur
3428 4652 3486 4698 ⁵⁸
3513 4656 3671 4719 inter

303 4745 657 4828 apocrypha,
693 4744 956 4827 exceptis
987 4744 1265 4827 capitulis
1297 4746 1759 4829 quinquaginta,
1791 4764 1924 4829 quas
1953 4746 2346 4812 decreverunt
2378 4746 2604 4827 regulis
2634 4746 2981 4810 orthodoxis
3003 4745 3472 4825 “adjungenda.
3500 4740 3668 4808 Unde

304 4853 411 4898 nos
437 4853 678 4918 quoque
707 4852 885 4897 omne
911 4834 1293 4917 apocryphon
1321 4834 1379 4881 ⁵ο
1406 4836 1780 4917 abjicientes,
1827 4836 2224 4918 dedignamur
2253 4836 2462 4900 audire
2495 4854 2705 4900 eorum
2764 4834 3061 4899 fabulosae
3114 4833 3489 4913 traditiones,
3525 4835 3667 4916 quia

304 4942 424 4988 non
452 4933 593 4988 sunt
622 4932 689 4986 ut
708 4923 804 4987 lex
831 4923 1092 4989 Domini.

423 5085 721 5168 Georgius
751 5084 1091 5168 Cedrenus,
1114 5087 1180 5149 in
1213 5087 1588 5171 Compendio
1614 5089 2082 5171 Historiarum;
2123 5089 2414 5171 editionis
2443 5087 2760 5169 Xglandri
2786 5106 2932 5171 pag.
2973 5087 3108 5165 173,
3140 5090 3258 5153 lin.
3290 5088 3390 5161 52,
3424 5098 3541 5151 etc.

1293 5168 1609 5232 Editionis
1634 5170 1817 5251 regia
1850 5178 1989 5233 tam.
2020 5168 2074 5242 Ι,
2094 5187 2244 5251 pag.
2272 5170 2414 5249 2H,
2449 5168 2529 5243 A,
2562 5176 2677 5232 etc.

386 5302 509 5381 Πιρὶ
528 5307 589 5359 οὗ
609 5302 662 5360 ἐν
683 5306 807 5368 ταῖς
821 5299 1206 5366 ἂποστολικαϊς
1232 5301 1537 5369 Διατάεεσιν
1560 5305 1587 5361 ὁ
1610 5303 1779 5381 μέγας
1800 5305 1939 5361 ἀπό-

2100 5305 2188 5367 De
2206 5323 2322 5386 quo
2346 5303 2405 5365 in
2430 5301 2961 5366 Constitutionibus
2977 5301 3320 5383 apostolicis
3337 5318 3588 5382 magnus
3608 5319 3666 5366 a-

307 5388 493 5456 στολος
540 5390 735 5472 Πέτρος
785 5390 925 5450 οὕτω
951 5392 1165 5471 φάσκει.
1200 5389 1263 5448 Ἦ
1302 5390 1357 5448 δὲ
1398 5395 1648 5474 καταρχὶ,
1671 5394 1778 5451 τῶν
1809 5392 1930 5450 νέων

2045 5394 2287 5457 »οειοιιιε
2312 5396 2527 5458 Petrus
2544 5392 2625 5455 ita
2638 5390 2897 5454 disserit:
2919 5390 3191 5454 Hareses
3202 5408 3339 5455 vero
3360 5408 3531 5455 nova
3552 5392 3668 5454 ini-

383 5551 448 5633 it
471 5550 510 5615 ί,
545 5551 873 5633 inﬁmum,
897 5549 979 5633 ΑΒ
1007 5551 1307 5633 acciret,
1335 5552 1399 5633 ᾧ
1423 5552 1568 5633 Cap.
1602 5553 1703 5617 15.
1748 5553 2006 5633 *ιιι-1⁸1

2041 5572 2214 5617 mare
2242 5553 2575 5617 Sabbatum
2618 5553 2682 5603 45
2708 5550 2853 5633 Cap.
2883 5552 2979 5615 20.
3031 5551 3094 5601 46
3148 5551 3227 5615 al.
3276 5552 3664 5633 Dominicam

306 5628 747 5694 celebrandam.
795 5631 857 5681 47
887 5628 1027 5711 Cap.
1059 5629 1183 5711 23.,
1224 5630 1311 5680 4⁷⁸
1342 5632 1417 5694 al.
1445 5628 1818 5696 ﬂaminicam
1850 5628 2241 5698 celebremus.
2303 5636 2365 5685 ‘8
2393 5634 2471 5697 al.
2507 5634 2653 5696 hac.
2716 5628 2883 5694 49's].
2918 5648 3239 5694 manuum.
3300 5632 3365 5685 50
3394 5632 3433 5695 l.
3472 5638 3662 5696 sexto.

308 5711 461 5765 διοδί
483 5712 561 5776 al.
596 5714 910 5794 inquiunt.
956 5710 1021 5763 53
1052 5713 1132 5774 al.
1165 5710 1416 5776 librum.
1463 5715 1525 5765 54
1552 5715 1628 5778 al.
1663 5731 2058 5779 πωλεῖ-αυενο
2106 5718 2170 5768 55
2195 5715 2273 5781 al.
2308 5714 2703 5779 orthodozia.
2746 5712 2929 5789 ςξϐιιι.
2958 5729 3203 5787 omnem.
3227 5715 3665 5795 apocryphum.
