4110 6202
311 212 430 277 559

1134 214 1194 276 s.
1244 215 1680 278 CLEMENTIS
1713 181 1744 275 ι
1795 215 1977 276 nou.

3307 103 3312 106 -
3375 89 3406 110 κ

2029 214 2257 277 PONT.
2306 211 2550 276 OPERA
2596 214 2851 277 DUBIA.
3401 187 3406 190 ’
3767 195 3780 201 ”

305 353 365 408 et
399 364 533 428 qum
561 345 666 408 Del
691 347 984 410 voluntati
1019 346 1268 428 adversa
1320 356 1458 408 sunt
1509 348 1715 426 faciat;
1760 347 1858 407 ille
1888 364 1928 404 at

2041 341 2275 420 ταδιώκῃ
2306 343 2491 400 καὶτὰ
2547 344 2754 398 ἐναντία
2802 349 2877 418 τῷ
2919 341 3189 418 θελήματι
3233 350 3324 400 106
3369 344 3502 402 Θεοῦ
3541 347 3696 424 ποιῇ,

303 434 352 496 si
389 425 459 498 ex
490 443 666 516 gente
696 435 903 517 iniqua
936 425 1118 514 esset,
1156 455 1188 497 a
1213 436 1332 498 Deo
1368 425 1762 516 reputabitur.

826 613 1078 678 CAPUM
1120 613 1244 677 PBI
1253 613 1407 678 MUM
1422 661 1436 675 .

917 706 1006 764 De
1034 706 1329 766 avaritia.

379 807 690 869 Abstinete
722 807 906 887 igitur
940 811 1012 866 ab
1045 805 1209 866 omni
1261 805 1510 867 avaritia
1537 813 1596 866 et
1627 805 1913 885 injustitia
1943 832 1950 864 ;

305 898 531 960 etenim
581 898 641 958 in
686 897 816 974 lege
837 897 1128 971 scriptum
1165 905 1255 955 est
1292 917 1304 954 :
1347 921 1372 948 «
1408 915 1525 955 non
1564 895 1958 972 concupisces

299 1005 546 1048 uxorem
580 987 833 1066 proximi
891 985 996 1056 tui,
1065 1002 1262 1064 neque
1309 1002 1514 1060 agrum
1574 984 1727 1062 ejus,
1761 1003 1957 1058 neque

297 1093 530 1137 servum
585 1077 736 1156 ejus,
770 1093 964 1154 neque
996 1075 1273 1135 ancillam
1308 1075 1462 1153 ejus,
1513 1093 1708 1153 neque
1745 1077 1951 1132 bovem

297 1164 653 1246 ejus,neque
677 1162 988 1242 subjugale
1013 1163 1674 1242 ejus,necquzecunque
1704 1162 1952 1240 proximi

297 1253 377 1315 tui
409 1251 660 1328 sunt”;
700 1277 725 1308 »
752 1252 889 1332 quia
932 1252 1128 1312 omnis
1170 1252 1383 1313 horum
1430 1251 1774 1329 cupiditasa
1802 1252 1952 1311 mulo

291 1351 405 1404 est.
443 1342 555 1414 Qui
586 1342 744 1403 enim
781 1360 1054 1420 uxorem,
1092 1351 1194 1402 aut
1224 1361 1484 1414 servum,
1522 1352 1623 1402 aut
1673 1342 1948 1402 ancillam

293 1433 542 1514 proximi
575 1431 965 1511 concupiscit;
986 1431 1109 1510 jam
1141 1442 1344 1492 mente
1383 1430 1616 1492 adulter
1638 1451 1702 1490 ac
1723 1432 1814 1490 fur
1839 1441 1946 1510 est;

291 1523 403 1585 nisi
427 1520 1067 1602 resipiscat,judicatus
1102 1529 1189 1581 est.
1220 1539 1253 1579 a
1290 1520 1539 1583 Domino
1577 1530 1774 1582 nostro
1805 1523 1946 1580 .lesu

2045 434 2118 494 ὡς
2163 433 2470 510 παράνομον
2532 431 2698 508 ἔθνος,
2761 438 2838 507 τῷ
2899 433 3014 506 Θεῷ
3071 435 3099 488 ὁ
3157 441 3392 499 τοιοῦτος
3435 434 3697 513 λογισθή-

2045 542 2191 578 σεται
2202 570 2216 586 ,

2602 615 2991 670 ΚΕΦΑΛΑΙΟΝ
3039 610 3132 672 ι’.

2635 702 2758 780 Περὶ
2791 699 3117 766 πλεονεξίας,

2125 803 2422 886 Ἀπέχεσθε
2479 807 2564 862 οὖν
2621 805 2798 870 πάσης
2844 803 3147 869 πλεονεξίας
3187 805 3276 861 καὶ
3307 803 3510 869 ἀδικίας
3540 821 3554 836 ’
3603 808 3693 863 καὶ

2039 894 2139 972 γὰρ
2171 894 2224 948 ἐν
2271 900 2344 968 τῷ
2388 895 2536 968 νόμῳ
2577 891 2872 972 γέγραπται
2905 909 2920 923 ⁶
2991 913 3014 948 α
3053 897 3161 952 Οὔκ
3217 893 3560 971 ἐπιθυμήσεις
3606 894 3688 972 (9)

2039 987 2138 1050 τὴν
2168 996 2394 1062 γυναῖκα
2425 991 2517 1041 τοῦ
2559 981 2787 1049 πλησίον
2831 1004 2950 1057 σου,
2997 981 3112 1039 οὐδὲ
3157 984 3248 1040 τὸν
3301 983 3460 1061 ἂγρὸν
3505 984 3684 1063 αὐτοῦ,

2040 1072 2158 1131 οὐδὲ
2199 1074 2290 1129 τὸν
2319 1070 2487 1130 παῖδα
2517 1077 2695 1146 αὐτοῦ,
2729 1072 2845 1128 οὔτε
2889 1072 2985 1139 τὴν
3037 1069 3318 1139 παιδίσκην
3351 1075 3532 1147 αὐτοῦ,
3567 1071 3687 1129 οὔτε

2037 1163 2128 1218 τὸν
2181 1164 2302 1239 βοῦν
2358 1164 2538 1242 αὐτοῦ,
2595 1160 2711 1218 οὔτε
2760 1162 2820 1218 τὸ
2865 1161 3142 1239 ὑποζύγιον
3190 1161 3367 1236 αὐτοῦ,
3418 1161 3535 1219 οὔτε
3587 1161 3688 1218 ὅσα

2035 1259 2129 1308 τοῦ
2157 1253 2382 1320 πλησίον
2428 1275 2518 1309 σου
2548 1250 2686 1308 ἐστίν
2725 1271 2738 1285 ⁶
2779 1274 2807 1306 ι)
2844 1249 2924 1306 ὅτι
2952 1253 2986 1319 ἡ
3026 1257 3171 1307 πᾶσα
3213 1251 3412 1308 τούτων
3440 1251 3688 1328 ἐπιθυμία

2035 1341 2095 1398 ἐκ
2124 1342 2218 1399 106
2246 1350 2481 1419 πονηροῦ
2533 1341 2786 1420 ὑπάρχει.
2826 1331 2884 1398 Ὀ
2944 1343 3044 1420 γὰρ
3092 1341 3420 1416 ἐπιθυμήσας
3453 1342 3551 1409 τὴν
3583 1365 3687 1419 γυ·-

2034 1444 2215 1506 ναῖκα,
2276 1431 2313 1499 ἢ
2369 1433 2458 1487 τὸν
2501 1428 2690 1502 παῖδα,
2755 1430 2789 1497 ἢ
2839 1430 2938 1496 τὴν
2968 1429 3251 1496 παιδίσκην
3293 1437 3387 1487 τοῦ
3428 1429 3684 1506 πλησίον,

2033 1519 2135 1588 ἤδη
2164 1521 2300 1578 κατὰ
2331 1519 2562 1577 διάνοιαν
2593 1520 2792 1598 μοιχὸς
2824 1522 2911 1575 καὶ
2944 1519 3178 1586 κλέπτης
3225 1521 3388 1582 ἐστίν,
3424 1519 3547 1579 Ἐὰν
3605 1522 3686 1595 μὴ

289 1611 524 1674 Christo
555 1632 571 1688 ;
606 1629 716 1692 per
746 1629 924 1690 quem
959 1609 1080 1670 Deo
1113 1609 1324 1688 gloria,
1363 1610 1422 1669 in
1456 1609 1692 1670 szecula.
1732 1610 1915 1670 Amen

2031 1615 2303 1689 μεταγνῷ,
2337 1610 2578 1688 κέκριται
2635 1607 2759 1689 (10)
2826 1610 2924 1665 ὕπὸ
2980 1616 3072 1665 106
3104 1609 3292 1685 Κυρίου
3321 1611 3475 1684 ἡμῶν
3506 1609 3689 1677 ἰησοῦ

3245 55 3348 86 ,ει-,ζ
3377 55 3434 86 κε
3499 55 3768 92 "_-:'.'-'_-r‘
3805 83 3812 86 _
3845 55 3905 84 ,Ἤ

3375 89 3400 100 δ-
3521 89 3538 96 .-
3577 87 3588 92 -
3631 95 3654 100 __
3731 89 3752 96 -—
3785 95 3792 100 .
3893 87 3905 100 ι

3123 121 3140 128 κ
3231 131 3240 136 η
3307 103 3312 106 “
3383 101 3406 110 ³
3447 109 3458 118 ι
3597 101 3678 140 ειῖ-
3707 101 3776 132 ab"
3843 117 3846 124 .

284 1701 349 1763 ln
372 1701 690 1780 Evangelia
712 1699 1031 1780 siquidem,
1060 1707 1361 1779 repetens,
1395 1698 1637 1758 ﬁrmans
1666 1707 1721 1758 et
1749 1698 1928 1757 adim-

2030 1707 2274 1779 Χριστοῦ,
2307 1696 2374 1755 δι’
2397 1700 2456 1756 οὗ
2477 1698 2595 1778 (11)
2621 1698 2658 1765 ἡ
2681 1697 2801 1762 δόξα
2825 1701 2900 1772 τῷ
2922 1701 3038 1772 Θεῴ
3060 1695 3186 1775 (12)
3218 1699 3291 1760 εἷς
3315 1700 3435 1762 τοὺς
3461 1700 3680 1762 αἰῶνας,

286 1790 458 1872 plens
492 1791 638 1869 legis
661 1787 1170 1866 Decalogum,ait:
1205 1786 1387 1860 «Quia
1421 1787 1474 1847 in
1505 1788 1634 1866 lege
1660 1790 1922 1864 St'ripluu

2029 1785 2232 1865 Ἀμήν,
2274 1789 2427 1868 Λέγει
2483 1789 2582 1866 γὰρ
2639 1788 2690 1844 ἐν
2750 1796 2825 1862 τῷ
2884 1787 3206 1866 Εὐαγγελίῳ,
3254 1787 3685 1869 ἀνακεφαλαιούο

283 1889 376 1941 est
400 1902 412 1944 :
440 1879 568 1942 Non
595 1878 1019 1952 moechaberis;
1045 1897 1150 1955 ego
1174 1887 1372 1938 autem
1414 1877 1548 1938 dico
1585 1875 1749 1937 Vobis
1776 1875 1831 1917 7‘
1861 1897 1874 1937 :
1916 1905 1928 1931 ι

2028 1901 2187 1952 μενος
2217 1880 2308 1935 καὶ
2344 1884 2602 1948 στηρίζων
2656 1879 2742 1932 καὶ
2800 1875 3018 1954 πληρῶν
3072 1879 3170 1944 τὴν
3229 1877 3531 1955 Δεκάλογον
3587 1884 3685 1934 τοῦ

282 1970 340 2030 id
368 1979 478 2043 est,
514 1968 633 2047 Ego
662 1986 768 2048 per
799 1967 998 2029 Mosen
1049 1967 1105 2026 in
1143 1967 1270 2045 lege
1311 1966 1544 2026 locutus
1576 1984 1706 2025 sum
1737 1986 1749 2038 ;
1787 1987 1928 2027 ιιιιιι(

2029 1967 2212 2043 νόμου·
2256 1987 2278 2023 I
2318 1956 2447 2025 εὈτι
2479 1965 2533 2021 ἐν
2566 1970 2642 2037 σῷ
2673 1965 2820 2041 νόμῳ
2879 1965 3197 2044 γέγραπται·
3231 1971 3303 2026 Οὒ
3335 1967 3679 2046 μοιχεύσεις·

284 2077 424 2120 vero
457 2059 614 2119 idem
640 2059 768 2137 ipse
817 2057 947 2117 dico
997 2055 1202 2118 vobis:
1237 2077 1264 2113 ιι
1301 2055 1656 2132 Quicunque
1689 2075 1928 2136 aspexe-

2026 2056 2133 2135 ἐγὼ
2163 2053 2218 2112 δὲ
2249 2055 2391 2134 λέγω
2417 2057 2544 2131 ὑμῖν
2583 2074 2596 2090 ⁸
2635 2076 2661 2114 n
2698 2055 2991 2128 τουτέστιν,
3046 2055 3096 2112 ἐν
3147 2061 3224 2130 τῷ
3255 2057 3403 2132 νόμῳ
3429 2055 3510 2112 διὰ
3539 2063 3676 2112 Μω-

285 2149 624 2209 rituxorem
653 2146 902 2226 proximi
929 2145 1003 2206 ad
1041 2145 1592 2224 concupiscendum
1629 2163 1779 2217 eam,
1810 2147 1928 2224 jam

2023 2146 2156 2211 σέως
2201 2147 2309 2222 ἐγὼ
2339 2144 2602 2216 ἐλάλησα,
2650 2152 2736 2200 νῦν
2764 2142 2817 2199 δὲ
2849 2147 2877 2200 ὁ
2923 2147 3077 2209 αὐτὸς
3108 2147 3238 2220 ὑμῖν
3269 2145 3408 2224 λέγω
3443 2164 3458 2178 ο
3497 2169 3524 2200 α
3562 2153 3674 2210 Πᾶς

286 2239 617 2299 mmchatus
646 2243 736 2296 est
766 2254 894 2296 eam
930 2236 988 2294 in
1021 2233 1206 2295 corde
1240 2252 1388 2308 suo;
1431 2259 1450 2290 υ
1520 2235 1614 2294 hic
1645 2234 1745 2314 qui
1787 2255 1928 2295 con-

2023 2236 2163 2300 ὅστις
2203 2233 2458 2310 ἐμϐλέψει
2493 2236 2567 2297 εἰς
2597 2234 2695 2301 τὴν
2728 2247 2959 2312 γυναῖκα
2990 2242 3082 2292 106
3139 2234 3366 2300 πλησίον
3422 2237 3553 2314 πρὸς
3610 2239 3674 2293 τὸ

281 2327 526 2408 cupivit,
563 2325 750 2386 animi
773 2325 1008 2385 adulter
1054 2322 1357 2402 judicatus
1383 2335 1494 2385 est.
1525 2322 1637 2395 Qui
1669 2343 1804 2384 vero
1840 2325 1928 2385 bo-

2023 2325 2343 2400 ἐπιθυμῆσαι
2403 2325 2584 2394 αὖτὴν,
2641 2321 2748 2390 ἤδη
2813 2323 3124 2403 ἐμοίχευσεν
3156 2325 3320 2390 αὐτὴν
3351 2324 3404 2380 ἐν
3434 2332 3501 2401 τῇ
3533 2346 3671 2405 καρ-

279 2435 410 2478 vem
431 2415 780 2478 autasinum
811 2414 997 2494 cupit,
1026 2431 1224 2472 nonne
1260 2413 1473 2491 cogitat
1504 2415 1700 2479 furari.
1742 2421 1801 2473 et
1831 2433 1928 2475 sua

2023 2412 2098 2486 δία
2144 2417 2342 2471 αεῦτεῦ·
2399 2437 2421 2468 ι
2487 2413 2637 2477 οὗτος
2692 2412 2869 2490 ἐκρίθη
2933 2416 3129 2492 μοιχὸς
3191 2413 3309 2469 κατ’
3367 2413 3592 2494 ἔννοιαν,
3644 2418 3672 2471 ὁ

279 2509 498 2588 facere,
534 2504 908 2567 etabducere
935 2502 960 2565 ?
1001 2501 1225 2563 Rursus
1248 2503 1572 2579 quiagrum
1599 2503 1845 2582 appetit,
1879 2513 1928 2563 et

2023 2504 2374 2576 ἒπιθυμήσας,
2433 2503 2491 2559 Ὀ
2548 2502 2601 2558 δὲ
2638 2504 2728 2558 τὸν
2773 2503 2896 2577 βοὺν
2942 2503 2975 2569 ἢ
3027 2506 3115 2558 τὸν
3162 2502 3279 2558 ξένον
3309 2503 3666 2577 ἐπιθυμήσας,

285 2597 346 2658 in
387 2615 458 2658 eo
491 2595 709 2656 aﬂectu
743 2600 1319 2674 perseverat,nonne
1355 2593 1610 2670 maligne
1645 2593 1699 2652 id
1728 2593 1928 2670 agit,ul

2023 2596 2114 2649 οὒκ
2145 2594 2226 2649 ἐπὶ
2262 2601 2337 2666 τῷ
2378 2591 2596 2668 κλέψαι,
2660 2595 2748 2648 καὶ
2793 2591 3243 2666 ἰδιοποιήσασθαι,
3305 2593 3338 2659 ἢ
3371 2595 3458 2648 καὶ
3514 2593 3664 2648 ἀπα-

280 2687 568 2748 terminos
585 2684 708 2763 agri
728 2681 1076 2763 scalpendo,
1115 2692 1286 2759 cogat
1311 2700 1746 2762 possessorem.
1778 2683 1928 2742 nullo

2023 2697 2209 2761 γαγεῒν
2239 2682 2372 2737 αὐτὰ
2402 2680 2690 2738 διανοεῖται
2725 2703 2739 2762 ς
2789 2682 2823 2750 ἢ
2885 2685 2911 2736 ὁ
2960 2685 3051 2737 τὸν
3087 2683 3244 2760 ἀγρὸν
3292 2679 3450 2738 πάλιν
3480 2680 3667 2738 ἐπιθυ-

283 2775 397 2837 sibi
430 2775 622 2855 pretio
657 2771 926 2835 tradere?
957 2771 1109 2832 Dicit
1144 2771 1304 2832 enim
1338 2769 1560 2832 alicubi
1594 2772 1882 2850 propheta
1918 2792 1928 2830 :

2023 2776 2220 2849 μήσας,
2273 2774 2355 2827 καὶ
2413 2773 2690 2846 ἐπιμείνας
2753 2778 2821 2848 τῇ
2879 2769 3050 2843 τοιᾷδε
3111 2769 3363 2843 διαθέσει,
3415 2772 3473 2828 οὔ
3503 2795 3671 2838 πονη-

292 2889 318 2922 α
351 2863 451 2926 Va:
469 2864 567 2944 qui
590 2863 923 2942 adjungunt
947 2860 1188 2921 domum
1215 2859 1289 2920 ad
1328 2860 1597 2935 domum,
1644 2870 1706 2920 et
1730 2879 1928 2938 agrum

2023 2863 2245 2939 ρεύεται,
2304 2860 2449 2923 ὅπως
2534 2860 2903 2940 ὁρογλυφήσας
2963 2861 3241 2937 ἀναγκάσῃ
3322 2862 3412 2916 τὸν
3470 2860 3670 2941 ἔχοντα

281 2972 422 3033 agro
455 2943 826 3032 continuant,
862 2958 927 3011 ut
953 2948 1172 3029 aliquid
1207 2950 1459 3029 proximi
1483 2951 1869 3010 auferant'ib':
1906 2977 1926 3009 ι)

2023 2955 2110 3008 τοῦ
2141 2949 2366 3026 μηδενὸς
2414 2950 2699 3006 ἀποδόσθαι
2746 2949 2929 3022 αὒτῷ;
2992 2952 3120 3026 φησί
3179 2950 3277 3027 γάρ
3324 2971 3423 3004 που
3455 2953 3481 3005 ὁ
3528 2973 3670 3027 προ-

282 3045 504 3106 idcirco
537 3044 617 3104 ait
650 3064 663 3100 :
703 3067 728 3096 α
758 3039 1033 3120 Nunquid
1069 3036 1418 3099 habitabilis
1449 3039 1560 3098 soli
1613 3059 1673 3099 ιιι
1729 3049 1887 3100 terra
1909 3051 1928 3104 ἰ

2023 3042 2193 3120 φήτης
2231 3037 2378 3118 (13)’
2423 3062 2442 3091 σ
2485 3040 2610 3096 Οὐαὶ
2641 3043 2686 3096 οἱ
2722 3040 3072 3099 συνάπτοντες
3113 3039 3278 3094 οἰκίαν
3310 3040 3442 3117 πρὸς
3474 3040 3667 3115 οἷκίάν,

278 3133 492 3195 Audita
516 3149 773 3212 namque
818 3138 955 3190 sunt
998 3129 1125 3188 baac
1186 3127 1246 3187 in
1279 3127 1519 3188 auribus
1553 3128 1788 3188 Domini
1821 3132 1933 3191 Sa-

277 3221 454 3285 baoth
477 3219 592 3282 7h.»
619 3221 689 3282 Et
711 3221 821 3281 alio
857 3219 915 3279 in
951 3219 1079 3281 loco
1111 3237 1124 3276 :
1187 3217 1567 3278 «Maledictus
1597 3219 1696 3296 qui
1734 3230 1929 3280 trans-

277 3313 390 3375 fert
425 3312 712 3374 terminos
740 3307 993 3390 proximi
1016 3307 1137 3375 sui;
1169 3315 1227 3368 et
1251 3306 1405 3369 dicet
1432 3308 1623 3367 omnis
1647 3310 1924 3388 populus:

271 3401 423 3464 Fiat.
460 3427 488 3458 »
512 3400 682 3464 Unde
707 3401 977 3461 etMoses
1025 3396 1127 3456 ait:
1186 3419 1206 3450 ι
1241 3394 1370 3456 Non
1401 3397 1832 3458 transmovebis
1858 3399 1931 3458 li-

277 3509 383 3554 nes
411 3490 661 3572 proximi
687 3489 953 3568 tui,quos
986 3495 1182 3564 patres
1216 3486 1298 3544 tui
1325 3494 1648 3566 posuerunt
1680 3487 1803 3544 77.»
1840 3485 1929 3550 Ob

276 3581 430 3642 hanc
493 3580 670 3658 igitur
719 3595 957 3640 causam
1037 3578 1303 3648 timores,
1374 3583 1616 3644 mortes,
1675 3576 1926 3660 judicia,

276 3670 688 3732 damnationes
718 3663 1065 3728 hominibus
1129 3663 1471 3753 hujusmodi
1504 3665 1788 3726 divinitus
1816 3665 1926 3753 im;

280 3759 567 3838 pendent;
589 3757 660 3818 iis
679 3763 877 3818 autem
909 3753 1010 3833 qui
1036 3755 1156 3815 Deo
1191 3752 1500 3825 obediunt,
1532 3773 1650 3814 una
1679 3755 1803 3816 haec
1835 3752 1927 3817 lex

276 3849 384 3912 Dei
407 3848 824 3930 simplex,vera
859 3863 926 3905 ac
952 3844 1078 3904 viva
1111 3842 1287 3902 insita
1312 3851 1402 3904 est
1431 3860 1441 3901 :
1483 3841 1687 3914 «Quod
1713 3845 1784 3905 ab
1815 3845 1929 3907 alio

272 3939 475 4001 oderis
507 3937 612 3998 tibi
643 3936 800 4012 fieri,
832 3943 888 3995 tu
916 3932 1085 3994 alteri
1124 3950 1198 3992 ne
1229 3932 1445 3992 feceris
1481 3932 1563 3994 78.
1618 3957 1637 3988 ι
1682 3932 1810 3994 Non
1845 3936 1930 3996 vis

273 4036 332 4089 ut
361 4027 514 4090 alius
545 4045 791 4090 uxorem
839 4034 993 4084 tuam
1028 4021 1310 4101 nequiter
1341 4023 1409 4082 ad
1437 4032 1711 4102 stuprum
1746 4027 1931 4105 respi-

268 4120 406 4193 ciat,
449 4135 643 4198 neque
668 4115 794 4196 ipse
812 4113 873 4174 in
898 4129 1137 4174 uxorem
1161 4111 1417 4190 proximi
1444 4111 1526 4171 tui
1551 4112 1787 4172 oculum
1817 4114 1894 4175 im
1917 4152 1932 4163 -

343 4249 609 4395 7313mm.
641 4267 741 4330 xx,
776 4248 876 4310 17.
962 4245 1019 4290 ⁷⁸
1046 4246 1254 4308 Matth.
1294 4264 1354 4325 ν,
1379 4246 1475 4308 27.

263 4350 343 4409 1v,
386 4350 484 4396 ιθ.

1572 4245 1625 4288 ’⁷⁵
1657 4248 1768 4312 lsa.
1810 4253 1951 4332 v;8.

2021 3131 2106 3184 καὶ
2156 3130 2314 3207 ἀγρὸν
2360 3130 2488 3204 πρὸς
2541 3128 2701 3206 ἀγρὸν
2762 3127 3080 3206 ἐγγίζοντες,
3144 3127 3237 3181 Ἵνα
3289 3127 3384 3182 τοῦ
3441 3127 3669 3194 πλησίον

2022 3217 2316 3297 ἀφέλωνταί
2347 3240 2393 3272 τι
2421 3235 2434 3248 ⁸
2483 3241 2503 3270 ι
2541 3215 2620 3273 διὸ
2651 3216 2796 3294 λέγει
2833 3235 2847 3250 ⁸
2908 3237 2929 3270 ιι
2970 3217 3056 3282 Μὴ
3109 3217 3363 3284 οἷκήσητε
3396 3216 3546 3291 μόνοι
3579 3217 3669 3273 ἐπὶ

2015 3313 2112 3373 τῆς
2173 3307 2326 3384 γῆς;
2388 3309 2626 3374 ἠκούσθη
2675 3308 2776 3384 γὰρ
2837 3307 2908 3367 εἰς
2959 3306 3025 3362 τὰ
3055 3307 3168 3362 ὦτα
3214 3307 3399 3383 Κυρίου
3442 3303 3667 3362 Σαϐαὼθ

2013 3404 2196 3456 ταῦτα.
2237 3419 2263 3451 »
2304 3397 2399 3453 Καὶ
2450 3395 2694 3476 ἀλλαχοῦ
2729 3414 2744 3430 ·
2812 3419 2835 3451 ιι
2888 3392 3308 3474 Ἐπικατάρατος
3361 3397 3388 3450 ὁ
3438 3415 3664 3469 μετατι-

2012 3488 2114 3548 θεὶς
2174 3484 2290 3562 ὅρια
2349 3495 2442 3545 τοῦ
2493 3485 2722 3552 πλησίον
2771 3486 2950 3559 αὐτοῦ,
3003 3485 3090 3541 καὶ
3136 3487 3251 3561 ἐρεῖ
3299 3490 3401 3547 πᾶς
3434 3486 3460 3539 ὁ
3504 3482 3660 3560 λαὸς,

2013 3575 2242 3652 γένοιτο,
2279 3597 2301 3630 ι
2335 3574 2426 3630 Διό
2456 3597 2583 3655 φησι
2618 3576 2705 3633 καὶ
2736 3574 2916 3655 (14)_6
2946 3579 3168 3640 Μωσῆς⁶
3211 3593 3238 3632 (
3275 3574 3345 3630 Οὑ
3376 3576 3664 3648 μετακινή.

2015 3687 2122 3730 σεις
2154 3664 2271 3742 ὅρια
2300 3665 2391 3720 τοῦ
2421 3664 2648 3732 πλησίον
2678 3685 2793 3744 σου,
2821 3664 2852 3718 ἃ
2884 3662 3059 3720 ἔθεντο
3092 3663 3314 3734 πατέρες
3349 3686 3440 3719 σου
3461 3663 3654 3744 (15).»

2021 3755 2117 3810 Διὰ
2147 3753 2300 3810 τοῦτο
2341 3755 2428 3810 οὖν
2461 3752 2634 3834 φόϐοι,
2690 3755 2926 3833 θάνατοι,
2983 3751 3318 3831 δικαστήρια,
3353 3751 3657 3828 καταδίκαι,

2016 3844 2157 3922 παρὰ
2205 3850 2295 3900 106
2335 3850 2467 3900 Θεου
2523 3856 2639 3907 τοῖς
2672 3843 2930 3907 τοιούτοις
2963 3842 3375 3901 ἐπακολουθοῦσι
3415 3861 3430 3877 ’
3460 3857 3576 3907 τοϊς
3603 3843 3661 3900 δὲ

2012 3933 2277 3999 ὑπηκόοις
2337 3936 2453 4006 Θεῴ
2509 3933 2800 4010 ἀνθρώποις
2886 3931 2973 3994 εἷς
3023 3933 3186 4010 νόμος
3255 3931 3388 3990 Θεοῦ
3435 3933 3655 4006 ἁπλοῦς,

2015 4022 2242 4098 ἀληθὴς,
2290 4005 2615 4096 ζιῦν,νοῦτος
2667 4020 2953 4100 ἐνυπάρχει
2992 4043 3002 4054 ·
3061 4005 3097 4076 «-
3128 4005 3209 4079 μΟ
3241 4023 3301 4078 σὺ
3347 4027 3528 4097 μισεῖς
3572 4024 3662 4106 ὑφ’

2019 4113 2198 4180 ἐτέρου
2251 4135 2332 4169 σοι
2386 4112 2649 4188 γενέσθαι,
2685 4112 2746 4166 σὺ
2776 4110 2922 4185 ἄλλῳ
2953 4113 3011 4167 οὕ
3041 4113 3287 4182 ποιήσεις
3321 4112 3472 4193 (16),
3510 4137 3538 4168 π
3593 4116 3667 4171 Οὔ

2044 4249 2311 4312 73Deut.
2362 4264 2565 4328 xxvm,
2603 4247 2696 4310 17.
2780 4245 2832 4288 77
2865 4248 3036 4310 Deut.
3085 4247 3340 4324 xxx,14.
3426 4245 3661 4313 73Tob.

1619 4407 2019 4476 VARIORUM
2069 4408 2322 4476 ΝΟΤΛΕ.

350 4547 434 4628 (9)
469 4551 575 4628 ρῦἕ
633 4542 998 4628 ἐπιθυμτίεεις.
1055 4539 1564 4628 Convenientibus
1613 4540 1922 4628 Hebraicae

2023 4545 2269 4628 iensi,_et
2294 4540 2499 4628 debuit
2540 4540 2755 4603 abesse
2786 4547 3008 4602 mutato
3037 4540 3106 4598 δι’
3138 4544 3198 4598 οὗ
3243 4541 3306 4603 in
3337 4546 3383 4616 ᾧ
3412 4561 3446 4604 a
3477 4560 3656 4606 manu

266 4620 940 4702 verit'ati,Exod.xx,17,
974 4640 1039 4683 ac
1061 4621 1301 4681 nuncin
1330 4620 1540 4702 LXX,a
1563 4623 1777 4700 quibus
1805 4625 1914 4685 ad-

265 4708 388 4769 dita
415 4707 697 4769 videntur
715 4701 1004 4764 nonnulla
1041 4702 1203 4763 velut
1227 4701 1670 4780 paraphrastice
1694 4723 1762 4765 ex
1785 4706 1918 4766 aliis

263 4787 590 4866 Scripturaa
646 4783 1032 4866 testimoniis.
1104 4780 1337 4860 Optime
1393 4791 1584 4866 autem
1624 4783 1914 4866 cumnam

267 4862 456 4930 nostri
511 4870 790 4944 ὑποζύγιον
850 4863 1023 4944 paulo
1074 4870 1205 4944 post
1264 4868 1493 4944 mutam
1528 4862 1584 4921 in
1613 4863 1754 4928 ὄνον,
1794 4862 1916 4928 Μοε

265 4949 424 5010 enim
459 4944 606 5008 LXX
632 4941 790 5010 1152.1
825 4941 1203 5024 interpretari
1259 4943 1376 5024 ονον
1411 4952 1467 5002 et
1495 4945 1798 5024 ὑποζύγιον.
1847 4945 1918 5006 Et,

266 5047 402 5090 cum
433 5026 727 5088 Zachariaa
787 5042 872 5100 ix,
931 5021 999 5096 9,
1049 5021 1230 5082 iidem
1265 5021 1544 5100 habeant,
1581 5021 1912 5092 ἐπιϐεϐηκὼς

264 5111 350 5165 ἐπὶ
381 5110 665 5187 ὑποζύγιον
698 5104 995 5187 καὶῗπιῦλον
1053 5105 1189 5174 νέον,
1225 5101 1428 5162 Matth.
1480 5120 1621 5187 XXI,
1658 5105 1717 5180 5,
1767 5107 1914 5166 cita-

265 5196 383 5261 tur,
416 5184 754 5254 ἐπιϐεϐηκὼς
791 5186 876 5242 ἐπὶ
927 5184 1048 5241 ὄνον
1106 5189 1193 5238 καὶ
1244 5190 1422 5238 πωλον
1469 5186 1576 5239 οἷον
1607 5186 1911 5263 ὑποζυγίου.

263 5267 673 5348 Similiterque
696 5265 957 5331 Balaami
980 5264 1095 5326 ὄνος
1129 5261 1521 5348 Numantini,
1558 5269 1654 5334 2|,
1687 5261 1916 5329 etc.Pe-

268 5356 355 5409 tro
389 5344 671 5428 epistfll,
707 5366 838 5427 cap.
876 5364 942 5428 ιι,
965 5344 1647 5428 νειε.16,εςιὺποζύγιον.
1681 5348 1910 5422 Legen-

264 5427 378 5490 dus
406 5425 618 5491 Suidas
645 5431 702 5490 in
741 5425 879 5489 vace
905 5425 1215 5499 ’i'wzo’gtS-m.
1243 5426 1380 5485 Co'r.

348 5509 470 5589 (ill)
505 5511 771 5589 Κέκριται.
807 5507 956 5568 Huic
982 5503 1110 5567 voci
1165 5504 1487 5583 praeﬁgitur
1518 5505 1606 5560 καί
1637 5504 1693 5563 in
1728 5503 1906 5567 Vind.

264 5605 378 5649 ms.
407 5586 810 5650 incommode.
848 5590 1027 5651 CLBR.

341 5667 577 5759 μυχοῦ
611 5671 691 5729 οὗ.
729 5667 894 5759 idem
924 5685 1036 5759 ms.
1070 5669 1138 5745 ᾧ,
1164 5662 1906 5728 incommode.0rthodoxi

261 5746 517 5811 Librarii
538 5766 670 5811 esse
692 5747 942 5809 videtur.
980 5749 1068 5809 In.

343 5826 460 5903 (12)
488 5837 575 5902 Τῷ
606 5834 742 5900 Θεῷ.
803 5828 986 5888 Abest
1012 5824 1086 5888 ab
1129 5829 1393 5901 utroque
1423 5826 1558 5888 cod.
1589 5823 1899 5889 Vindobo-

2002 4624 2350 4688 orthodoxa.
2388 4624 2472 4684 In.

2087 4705 2209 4786 (13)
2244 4705 2304 4786 ’ρ
2339 4704 2641 4782 προφήτης.
2674 4701 2778 4764 MS.
2815 4701 3073 4764 Vindob.
3111 4703 3366 4780 Ἠσαίας,
3399 4722 3533 4784 qum
3563 4715 3656 4769 est

2001 4784 2218 4867 glossa.
2253 4784 2340 4846 ID.

2079 4867 2213 4945 (l4)
2246 4865 2366 4922 Καί.
2419 4861 2732 4945 omittitur
2785 4861 2846 4945 in
2904 4870 3162 4945 utroque
3195 4862 3332 4928 cod.
3379 4871 3437 4926 et
3471 4866 3655 4930 debet

2000 4942 2215 5028 omitti,
2245 4947 2367 5024 jam
2400 4942 2556 5005 enim
2592 4943 2667 5004 ad
2701 4943 3112 5005 testimonium
3159 4945 3374 5006 citatus
3395 4953 3488 5007 est
3520 4948 3650 5010 Mo-

2068 5047 2117 5090 S.
2154 5045 2242 5089 1D-

2068 5047 2117 5090 S.
2183 5045 2242 5088 D-

1999 5030 2204 5188 εθινίεξ)
2240 5105 2321 5163 ”Λ
2381 5105 2554 5161 ἔθεντο
2630 5104 2850 5184 πατέρες
2909 5127 3024 5188 σου.
3105 5103 3342 5166 Absunt
3399 5107 3527 5188 haec
3579 5109 3653 5170 ab

2001 5186 2254 5264 utroque
2287 5202 2624 5266 perperam,
2660 5193 2798 5266 sunt
2828 5186 2988 5246 enim
3014 5203 3133 5246 non
3169 5193 3394 5248 tantum
3429 5187 3490 5249 in
3525 5188 3647 5250 He-

1975 5269 2204 5329 ‘braico
2233 5265 2622 5340 textu,verum
2651 5265 2826 5326 etiam
2858 5266 2916 5325 in
2949 5267 3105 5328 LXX
3145 5266 3284 5328 lntt.
3307 5267 3454 5332 Male
3475 5269 3650 5330 etiam

1998 5351 2070 5410 ab
2098 5349 2171 5409 iis
2203 5347 2370 5408 abest
2400 5364 2503 5406 vox
2527 5346 2750 5417 ἀπλοῦς,
2790 5347 2964 5424 paulo
2997 5354 3152 5426 post.
3189 5345 3275 5409 ID.

2075 5430 2195 5505 (16)
2227 5427 2304 5485 ’Ὀ
2337 5429 2397 5482 σὺ
2429 5440 2610 5498 μισεῖς
2643 5428 2728 5481 ὐπ’
2765 5427 2965 5506 ἑτέρου,
3000 5451 3054 5485 κ.
3090 5451 3140 5486 1.
3176 5426 3230 5488 λ,
3258 5427 3537 5490 Proxime
3557 5448 3651 5490 ac.

1993 5508 2244 5570 ceditad
2271 5507 2580 5585 Vulgatam
2613 5506 2760 5566 Tob.
2798 5523 2880 5581 Iv,
2915 5509 2992 5568 46
3020 5524 3033 5568 :
3065 5507 3237 5582 Quod
3267 5510 3341 5570 ab
3357 5510 3478 5570 alio
3503 5511 3646 5572 ode-

1992 5593 2077 5650 ris
2099 5593 2237 5669 fieri
2274 5590 2403 5668 tibi,
2458 5587 2595 5648 vide
2625 5605 2697 5648 uc
2727 5595 2793 5669 tu
2845 5587 3180 5668 aliquando
3214 5591 3397 5650 alteri
3425 5592 3644 5667 facias,

1993 5667 2210 5751 Graeci,
2238 5671 2327 5751 καὶ
2359 5667 2395 5723 ὃ
2419 5683 2620 5751 tuam,
2685 5667 2876 5751 μηδεγὶ
2931 5667 3382 5751 ἐποιήσῃςηιιιῐια
3413 5669 3518 5730 lib.
3549 5689 3639 5751 ιιι,

1988 5771 2120 5834 cap.
2156 5749 2236 5812 15
2265 5747 2344 5808 ”Ο
2376 5748 2556 5826 μισεῖς
2607 5745 2694 5804 ⁷σοι
2727 5747 2994 5830 γενέσθαι,
3026 5745 3142 5806 οὐδὲ
3193 5747 3341 5824 ἄλλῳ
3371 5752 3432 5806 σὺ
3467 5745 3636 5823 non};
