4098 6214
389 223 504 291 575

1227 231 1286 294 s.
1335 219 1770 298 CLEMENTIS
1813 231 1834 294 ι
1878 233 2060 294 non.

2109 231 2331 295 PONT.
2375 227 2620 303 OPERA
2667 232 2922 293 DUBIA.
3639 195 3759 291 576

389 381 510 424 non
540 362 614 422 ob
648 361 803 421 aliud
840 365 1016 432 venit.
1053 365 1168 426 nisi
1202 373 1264 426 ut
1294 383 1430 426 reos
1482 366 1554 427 ab
1601 367 1690 428 ira
1731 375 2029 430 reservata

2123 367 2196 421 ui
2228 367 2342 442 (47)
2375 366 2636 444 πληρώσῃ
2668 368 2758 423 τὸν
2810 365 2971 441 νόμον
3016 367 3102 422 καὶ
3146 366 3268 430 τοὺς
3323 366 3626 444 προφήτας,
3673 365 3762 422 καὶ

390 450 700 528 liberaret,
735 453 925 529 legem
952 461 1011 515 et
1038 456 1357 534 prophetas
1385 454 1664 536 impleret
1693 465 1791 532 ;et
1815 456 2036 519 adscita

391 541 496 603 illa
524 540 920 603 Deuteroseos
953 544 1208 617 vincula,
1244 544 1336 606 vel
1394 545 1690 608 adimeret
1716 546 1808 608 vel
1839 555 2033 608 trans-

386 631 595 693 ferret.
617 631 848 693 Idcirco
885 632 1043 693 enim
1079 634 1331 695 invitans
1366 653 1475 718 nos
1503 636 1697 697 aiebat
1726 657 1738 699 :
1767 660 1794 691 (ι
1821 637 2036 701 Venite

394 721 464 782 ad
501 738 596 781 me
626 738 838 781 omnes
868 721 967 800 qui
991 720 1274 784 laboratis
1308 730 1365 784 et
1397 724 1626 785 onerati
1658 725 1822 804 estis,
1848 733 1907 786 et
1928 743 2035 803 ego

387 809 652 871 reﬁciam
689 827 790 870 vos
821 807 922 869 ‘00.
957 833 984 865 iu
1021 811 1106 872 Tu
1158 811 1339 890 igitur
1393 831 1526 873 cum
1574 813 1793 892 legeris
1845 817 2039 878 Evan-

393 897 544 978 gelio
577 915 644 959 ac
679 899 992 978 prephetis
1021 900 1489 964 concordantem
1512 901 1729 981 legem,
1756 903 1934 964 etiam
1960 903 2013 965 le

393 987 513 1067 gito
535 986 760 1066 Regum
793 987 1092 1063 historias,
1120 995 1186 1052 ut
1216 991 1373 1052 scire
1404 991 1618 1072 possis,
1641 992 1800 1073 quod
1831 1011 2040 1055 omnes

399 1095 571 1154 reges
603 1077 705 1156 qui
731 1077 882 1156 justi
916 1077 1106 1153 fuere,
1145 1098 1177 1140 a
1205 1079 1329 1141 Deo
1361 1081 1517 1141 aucti
1563 1090 1740 1156 sunt;
1778 1090 1835 1143 et
1883 1082 2038 1164 apud

394 1165 564 1228 illum
590 1174 826 1227 aeterna:
858 1165 986 1229 vita;
1007 1169 1322 1248 promissio
1348 1189 1448 1230 eos
1475 1171 1725 1233 mansit:
1750 1180 2041 1252 quotquot

396 1264 591 1316 autem
645 1273 820 1332 reges
847 1275 880 1316 a
911 1259 1034 1318 Deo
1076 1257 1349 1319 fornicati
1405 1268 1564 1339 sunt,
1601 1260 1658 1320 in
1705 1259 2039 1323 defectione

396 1363 522 1415 sua,
553 1345 713 1423 justo
750 1344 855 1406 Dei
882 1344 1136 1425 judicio,
1171 1347 1334 1408 brevi
1380 1348 1778 1429 interierunt;
1816 1358 1872 1411 et
1921 1350 2041 1414 vita

395 1435 528 1513 ejus
552 1434 764 1515 privati
787 1444 947 1508 sunt,
975 1439 1406 1515 sempiternum
1434 1439 1788 1518 supplicium
1811 1457 1916 1520 pro
1938 1458 2039 1501 rc-

397 1524 537 1604 quie
568 1524 786 1586 sortiti.
821 1527 963 1587 Haec
1007 1525 1188 1603 igitur
1235 1545 1367 1587 cum
1421 1527 1606 1605 leges,
1640 1529 1889 1589 multum
1925 1530 2041 1592 ﬁde

394 1621 624 1685 auctus,
662 1613 1122 1695 Christo,cujus
1154 1634 1217 1677 es
1275 1633 1494 1697 corpus
1549 1636 1617 1678 ac
1675 1619 2037 1694 membrum,

2118 455 2184 511 τά
2219 454 2384 532 δεσμά
2427 462 2525 524 τῆς
2562 456 2936 534 Δευτερώσεως
2989 460 3094 511 τῶν
3123 453 3450 510 ἐπεισάκτων
3498 453 3532 522 ἢ
3581 457 3759 532 παύσῃ

2123 545 2153 612 ἢ
2221 550 2445 622 μεταθῇ.
2534 547 2629 601 Διά
2687 547 2787 623 γὰρ
2871 547 3023 602 τοῦτο
3089 542 3552 620 προσκαλούμενος
3610 545 3757 620 ἡμᾶς

2119 633 2269 711 ἔλεγε
2302 651 2317 666 ⁶
2372 643 2568 693 «Δεῦτε
2599 635 2728 715 πρός
2762 657 2826 708 με
2865 634 2993 714 (48)
3026 635 3217 696 πάντες
3248 637 3294 689 οἱ
3339 639 3630 697 κοπιῶντες
3674 635 3763 690 καὶ

2120 725 2556 804 πεφορτισμένοι,
2590 724 2740 801 κᾶγῶ
2769 723 3059 780 ἀναπαύσω
3113 725 3274 798 ὑμᾶς.
3326 746 3354 779 »
3404 724 3476 780 Σὺ
3507 725 3594 780 οὖν
3625 723 3762 780 ἀνα-

2121 813 2273 890 γνοὺς
2319 815 2414 870 τὸν
2470 813 2633 890 νόμον
2677 814 2956 893 σύμφωνον
3005 811 3129 869 ὅντα
3189 817 3268 886 τῷ
3313 813 3618 890 Εὒαγγελίῳ
3674 812 3763 869 καὶ

2118 915 2234 964 τοῖς
2296 904 2620 982 προφήταις,
2711 903 3038 980 ἀναγίνωσκε
3110 903 3197 958 καὶ
3269 902 3366 964 τὰς
3431 900 3733 966 Βασιλείους

2120 990 2265 1056 ὅπως
2323 991 2510 1048 εἰδέναι
2583 991 2760 1071 ἔχοις,
2819 991 3004 1048 ὁπόσοι
3065 990 3254 1047 δικαίοι
3313 991 3556 1068 ἐγένοντο
3599 991 3765 1068 βασι-

2121 1079 2262 1162 λετς,
2309 1084 2395 1140 καὶ
2439 1079 2740 1151 ηῦξήθησαν
2798 1083 2900 1136 im}.
2933 1088 3084 1155 Θεοῦ,
3120 1082 3208 1137 καὶ
3251 1083 3285 1149 ἡ
3331 1079 3620 1158 ἐπαγγελία
3663 1085 3762 1146 τῆς

2121 1171 2330 1226 αἰωνίου
2361 1176 2503 1240 ζωῆς
2537 1171 2719 1234 αὑτοῖς
2748 1169 2973 1244 διέμεινε
3005 1170 3130 1247 παρ’
3162 1173 3326 1243 αὐτῷ·
3374 1170 3486 1227 ὅσοι
3518 1168 3572 1225 δὲ
3600 1171 3765 1246 βασι-

2120 1257 2238 1324 λεῖς
2291 1260 2663 1338 ἐξεπόρνευσαν
2734 1259 2837 1314 ἀιιὸ
2906 1267 3061 1339 Θεοῦ,
3141 1260 3193 1314 ἐν
3253 1260 3549 1332 ἀποστασία
3591 1261 3765 1316 αὐτῶν

2123 1349 2392 1423 συντόμως
2439 1349 2716 1405 ἀπώλοντο
2778 1355 2846 1425 τῇ
2911 1355 3004 1405 τοῦ
3059 1357 3190 1408 Θεοῦ
3245 1347 3617 1426 δικαιοκρισίᾳ,
3679 1349 3765 1403 καὶ

2121 1442 2219 1506 τῆς
2245 1440 2404 1494 αὺτοῦ
2429 1444 2569 1509 ζωῆς
2628 1439 3012 1518 ἐστερήθησαν,

2122 1528 2230 1581 νίαν
2277 1527 2498 1583 κόλασιν
2544 1526 2975 1606 κληρωσάμενοι,
3014 1537 3187 1585 Ταῦτα
3240 1528 3327 1582 οὖν
3357 1526 3764 1605 ἀναγινώσκων,

2120 1615 2256 1672 πολύ
2292 1622 2353 1693 τῇ
2383 1618 2554 1673 πίστει
2613 1615 2872 1687 αὕξηῦεὶς,
2937 1614 3474 1694 προσοικοδυμηϐήσῃ
3531 1620 3764 1694 Χριστῷ,

3071 1439 3186 1494 ἀντὶ
3236 1439 3580 1500 ἀναπαύσεως
3628 1438 3763 1493 αἰω-

390 1701 752 1782 adjungeris.
787 1703 1186 1767 Deambulans
1234 1716 1430 1767 autem
1464 1705 1523 1767 in
1572 1708 1724 1783 foro,
1761 1718 1817 1769 et
1848 1709 2032 1770 lavare

2123 1709 2181 1762 οὗ
2210 1712 2367 1779 σῶμα
2416 1729 2502 1762 και
2550 1705 2710 1781 μέλος
2773 1707 3082 1785 τυγχάνεις,
3132 1712 3440 1783 Περιπατῶν
3492 1703 3546 1760 δὲ
3599 1705 3653 1759 ἐν
3696 1705 3766 1778 τῇ

397 1791 668 1872 cupiens,
703 1801 869 1854 utere
913 1794 1174 1856 virorum
1212 1795 1427 1858 balneo
1456 1816 1473 1873 ;
1502 1815 1600 1870 ne,
1652 1798 1786 1877 quia
1819 1816 2039 1878 corpus

394 1881 650 1961 turpiter
682 1882 903 1944 nudum
954 1884 1304 1945 mulieribus
1356 1886 1713 1959 ostenderis,
1749 1896 1850 1948 aut
1881 1887 2036 1967 quod

398 1990 518 2032 non
551 1973 723 2033 decet
772 1972 931 2034 viros
987 1974 1210 2050 videre,
1247 1976 1630 2054 Spectaveris,
1665 1977 1753 2037 vel
1809 1986 1863 2038 tu
1897 1977 2032 2038 illa-

399 2061 656 2140 queeris,
683 2061 776 2121 vel
807 2061 867 2121 in
904 2071 957 2122 te
1000 2063 1282 2142 illaquees
1314 2063 1564 2125 feminas
1593 2084 1724 2146 quae
1757 2066 1833 2126 ita
1866 2066 2039 2128 facile

395 2149 737 2228 capiuntur.
773 2150 889 2211 Ista
947 2170 1087 2231 ergo
1148 2171 1309 2228 cave,
1342 2172 1416 2214 ne
1476 2155 1688 2216 animze
1750 2155 2036 2235 tuaeinji-

394 2236 625 2299 ciantur
656 2238 876 2320 laquei.

892 2512 976 2572 De
1007 2513 1270 2573 muliere
1300 2530 1524 2591 prava.

471 2596 797 2659 Audiamus
820 2600 1155 2681 enim,quid
1184 2602 1242 2660 in
1268 2602 1586 2679 Sapientiae
1617 2601 1768 2662 libro
1795 2611 2038 2663 sanctus

393 2702 588 2746 sermo
623 2688 817 2750 dicat:
850 2712 871 2745 (ι
909 2688 1043 2769 Fili,
1069 2691 1298 2751 custodi
1324 2709 1634 2751 sermones
1665 2710 1870 2770 meos;
1908 2710 2040 2752 mea

394 2793 532 2835 vero
569 2777 845 2840 mandata
882 2779 1142 2840 reconde
1173 2780 1327 2859 apud
1363 2782 1640 2860 teipsum.
1683 2779 1786 2840 Dic
1811 2784 2042 2859 sapien-

390 2865 530 2925 tiam
563 2881 829 2928 sororem
855 2877 1013 2929 tuam
1042 2887 1196 2943 esse,
1225 2869 1600 2949 prudentiam
1638 2877 1831 2930 autem
1866 2871 2041 2932 fami-

391 2953 597 3014 liarem
628 2955 732 3016 tibi
759 2975 998 3029 assere;
1035 2966 1099 3019 ut
1127 2969 1179 3019 te
1204 2967 1398 3019 servet
1421 2979 1449 3019 a
1476 2960 1730 3020 muliere
1761 2959 1954 3020 aliena
1988 2967 2042 3021 et

391 3042 565 3118 mala,
593 3045 641 3105 si
669 3055 725 3108 te
751 3047 953 3108 verbis
979 3046 1210 3108 blandis
1235 3049 1440 3109 adorta
1463 3048 1758 3111 fuerit.De
1781 3050 2044 3111 fenestra

2121 1797 2308 1874 ἀγορᾷ,
2358 1797 2444 1850 καὶ
2503 1795 2786 1851 λούσασθαι
2851 1794 3198 1873 βουλόμενος,
3263 1793 3444 1873 χρήσῃ
3503 1792 3766 1869 βαλανείῳ

2122 1884 2338 1959 ἀνδρείῳ
2399 1885 2550 1962 (49),
2607 1883 2698 1942 ἵνα
2741 1886 2818 1958 μὴ
2877 1881 2961 1940 διὰ
3009 1885 3072 1940 τὸ
3125 1881 3473 1939 ἐπιδεικνύναι
3519 1905 3577 1937 σε
3609 1889 3764 1955 σῶμα

2121 1977 2175 2030 ἒν
2219 1975 2457 2056 ἀσγῆμῳ
2518 1974 2852 2049 ἀποκαλύψει
2918 1973 3166 2051 γυναιξὶν,
3230 1973 3265 2040 ἢ
3323 1974 3600 2029 Θεάσασθαι
3643 1971 3764 2028 Θὲαν

2122 2067 2226 2145 οὐχ
2299 2066 2628 2143 ἁρμόζουσαν
2715 2062 2990 2143 ἀνδράσιν,
3077 2063 3112 2130 ἢ
3171 2063 3233 2118 σὺ
3317 2060 3651 2139 παγιδευῡῇς,
3728 2060 3764 2128 ἢ

2122 2153 2447 2230 παγιδετέσῃς
2512 2153 2596 2209 ἐπὶ
2669 2161 2843 2227 σαυτῷ
2917 2153 3011 2216 τὰς
3083 2151 3248 2215 οὕτως
3321 2150 3613 2213 εὕαλώτοος
3666 2173 3764 2226 γυ-

2123 2257 2315 2308 ναῖκας
2367 2243 2515 2323 (50),
2563 2243 2837 2301 Φυλάσσου
2881 2243 2968 2300 οὖν
3011 2243 3078 2303 τὰ
3119 2251 3356 2320 τοιαῦτα,
3402 2241 3493 2296 ’ίνα
3539 2241 3615 2316 μὴ
3657 2239 3761 2300 λά·-

2115 2330 2213 2408 ϐῃς
2237 2335 2468 2414 βρόχους
2495 2339 2561 2409 τῇ
2592 2335 2775 2389 ἑαυτοῦ
2805 2337 2983 2411 ψυχῇ,

2676 2430 3064 2480 ΚΕΦΑΛΑΙΟΝ
3109 2422 3192 2484 z’.

2602 2512 2724 2590 Περὶ
2762 2514 3008 2589 γυναικὸς
3046 2511 3276 2592 φαύλης.

2203 2600 2467 2674 Μαθωμεν
2513 2602 2636 2679 γὰρ,
2670 2603 2723 2655 ἐν
2755 2606 2821 2677 τῇ
2854 2602 3018 2680 Σοφίᾳ
3049 2603 3097 2658 τί
3143 2601 3287 2680 λέγει
3319 2604 3344 2657 ὁ
3376 2602 3523 2678 ἅγιος
3557 2599 3712 2678 λόγος
3750 2620 3763 2634 ·

2129 2715 2156 2744 ι(
2192 2689 2300 2764 Υἱὲ,
2360 2690 2590 2767 φύλασσε
2648 2691 2806 2764 ἐμοὺς
2858 2690 3076 2770 λόγους,
3135 2692 3226 2752 τὰς
3288 2689 3340 2746 δὲ
3378 2693 3514 2766 ἡμας
3546 2689 3765 2750 ἐντολὰς

2123 2781 2323 2855 κρύψον
2374 2780 2516 2857 παρά
2561 2787 2787 2853 σεαυτῷ.
2845 2781 3004 2837 Εἷπὸν
3060 2781 3157 2847 τὴν
3206 2782 3390 2860 σοφίαν
3448 2782 3547 2847 σὴν
3605 2778 3764 2836 ἀδελ-

2127 2869 2230 2944 φὴν
2262 2871 2425 2946 εἶναι,
2481 2869 2577 2934 τῂν
2605 2867 2658 2922 δὲ
2692 2869 2945 2948 φρόνησιν
2975 2869 3241 2947 γνώριμον
3296 2871 3638 2946 περιποίησαι
3670 2890 3767 2925 σε-

2410 2916 2425 2946 9

2129 2965 2290 3030 αυτῷ,
2324 2957 2415 3012 ’ίνα
2447 2979 2504 3012 σε
2538 2956 2745 3033 τηρήσῃ
2803 2957 2906 3013 ἀπὸ
2937 2961 3184 3036 γυναικὸς
3230 2958 3509 3036 ἀλλοτρίας
3540 2959 3628 3015 καὶ
3658 2981 3765 3015 πο-

2127 3054 2314 3125 νηρᾶς,
2362 3046 2449 3102 ἐάν
2509 3069 2566 3102 σε
2625 3045 2806 3123 λόγοις
2849 3061 2968 3110 τοῖς
3028 3050 3158 3124 πρὸς
3213 3049 3370 3127 χάριν
3406 3045 3762 3122 ἐμϐάλληται,

389 3133 549 3192 enim
581 3133 798 3198 domus
828 3138 1025 3198 suaiiu
1054 3138 1275 3213 plateas
1291 3138 1682 3218 prospiciens,
1706 3159 2032 3218 quemcun-

2125 3135 2261 3192 Ἀπὸ
2307 3137 2405 3214 γὰρ
2462 3135 2662 3212 Ουρίδος
2695 3138 2847 3192 οἴκου
2879 3139 3042 3203 αὐτῆς
3088 3139 3161 3201 εἷς
3212 3139 3306 3200 τάς
3351 3135 3603 3198 πλατείας
3654 3159 3764 3192 πα-

391 3240 509 3302 que
532 3223 748 3284 viderit
797 3226 1181 3306 insipientum
1242 3228 1496 3288 ﬁliorum
1552 3229 2029 3309 adolescentem,

390 3313 590 3374 cordis
615 3314 875 3394 inepem.
901 3325 1352 3396 prietereuntem
1384 3335 1488 3396 per
1509 3317 1724 3399 forum,
1758 3318 1815 3377 in
1845 3327 2033 3378 trans-

391 3401 572 3463 itihus
600 3404 815 3465 aedium
847 3424 1110 3484 suarum,
1149 3415 1206 3466 et
1255 3407 1599 3487 loquentem
1656 3407 1713 3466 in
1769 3407 2030 3468 tenebris

393 3494 763 3571 vespertinis,
791 3513 925 3555 cum
953 3505 1041 3556 est
1077 3505 1365 3557 nocturna
1387 3497 1556 3577 quies
1583 3504 1643 3557 et
1669 3496 2026 3575 caliginosa:

478 3637 565 3688 ‘00
595 3640 803 3702 Matth.
837 3656 916 3712 xu,
951 3640 1049 3701 ‘28.

2125 3226 2479 3299 ρακύπτουσα,
2519 3227 2575 3281 ὃν
2635 3225 2696 3281 ἂν
2739 3224 2830 3302 ’ἔδῃ
2862 3227 2965 3282 τῶν
3011 3225 3246 3304 ἀφρόνων
3305 3225 3500 3282 τέκνων
3560 3228 3767 3281 νεανίαν

2123 3313 2272 3380 ἐνδεῆ
2335 3321 2557 3393 φρενῶν,
2626 3315 3121 3393 παραπορευόμενον
3197 3317 3251 3371 ἐν
3303 3316 3491 3394 ἀγορᾷ,
3539 3315 3591 3369 ἐν
3648 3313 3763 3370 διό-

2123 3403 2229 3466 δοις
2265 3405 2431 3461 οἴκων
2478 3407 2663 3475 αὕῖῆς,
2726 3407 2812 3460 γαὶ
2871 3404 3132 3462 λαλοῦντα
3187 3405 3240 3460 ὲν
3291 3407 3469 3462 σκότει
3505 3408 3767 3482 ἒσπερι-νῷ

2124 3495 2275 3575 (51),
2311 3497 2464 3561 ἡνίκα
2523 3495 2583 3549 ἂν
2642 3493 2677 3569 ᾗ
2734 3494 2933 3573 ἡσυχία
2993 3495 3265 3574 νυκτερινὴ
3320 3496 3406 3550 καὶ
3461 3493 3760 3574 γνοφώδηςο

1739 3733 1841 3793 VA
1853 3728 2136 3796 RIORUM
2182 3732 2231 3795 Ν
2237 3729 2430 3792 ΟΤΙΕ.

472 3883 601 3962 (47)
639 3883 888 3949 Ῥύσηται
921 3883 1039 3947 τοὺς
1071 3882 1343 3945 ὐποὸίκους
1396 3891 1492 3951 τῆς
1549 3885 1906 3958 ἀποκειμένης
1939 3886 2028 3962 ὁρ-

388 3970 519 4042 γῆς,
550 3962 831 4046 καί-Πίος
884 3963 1087 4025 omnia
1120 3964 1329 4046 desunt
1361 3964 1418 4023 in
1453 3964 1627 4046 codd.
1663 3964 1838 4027 Vind.
1876 3983 2027 4046 quae,

389 4042 830 4124 perspicuitatis
861 4062 1060 4124 causa,
1095 4043 1227 4104 addi
1266 4052 1534 4122 potuere.
1570 4045 1747 4107 CLER.

473 4125 593 4205 (48t
631 4124 765 4201 Πρός
799 4146 886 4198 με.
922 4123 1099 4185 Deest
1125 4124 1182 4182 in
1219 4133 1488 4205 utroque.
1521 4129 1609 4188 ID.

478 4203 602 4285 (49)
691 4205 981 4260 Λούσασοαι
1059 4203 1401 4284 βουλόμενος,
1513 4205 1694 4284 χρήσῃ
1769 4204 2029 4280 βαλανείῳ

394 4283 630 4361 ἀνδρείῳ.
668 4285 847 4344 Erant
890 4283 1030 4343 olim
1066 4285 1132 4364 in
1186 4283 1482 4364 ﬁdelibus,
1519 4283 1658 4346 tum
1713 4285 1944 4346 luxuria
1975 4295 2030 4345 et

2115 3882 2410 3943 adversus
2426 3880 2828 3940 Jovim'anum
2851 3877 3126 3957 cap.ult.,
3161 3896 3272 3939 nec
3303 3896 3419 3939 non
3453 3877 3617 3940 Nilus
3650 3882 3758 3946 lib.

2116 3980 2178 4031 tt,
2213 3960 2386 4040 epist.
2416 3961 2520 4040 ΞΗ
2543 4004 2556 4018 .
2595 3959 2933 4040 Quidquod
2988 3957 3242 4040 ethnicis
3275 3960 3477 4020 multis
3501 3979 3601 4024 res
3634 3963 3763 4022 dis-

2117 4037 2364 4122 plicuit?
2388 4049 2448 4100 ut
2472 4037 2735 4122 Hesiodo
2763 4037 2822 4122 in
2857 4040 2972 4100 ﬁne
2996 4037 3132 4122 libri
3164 4057 3202 4101 ιι
3252 4041 3513 4122 Operam
3537 4050 3590 4104 et
3615 4042 3757 4105 Die-

2114 4119 2446 4210 rympujus
2461 4138 2663 4210 versus
2677 4119 2988 4210 laudatur-3
3001 4119 3310 4210 Clemente
3327 4120 3758 4210 Alesandrino.

2113 4201 2298 4262 Varro
2325 4200 2560 4271 lib.vnt,
2579 4200 2658 4260 De
2681 4201 2892 4278 lingua
2925 4201 3319 4280 Latiumpost
3349 4200 3764 4266 mediumUbi

2113 4283 2252 4342 bina
2272 4290 2458 4342 essent
2472 4282 2789 4359 conjuncta
2805 4279 3344 4358 wdiﬁciaJavandt'
3357 4298 3762 4358 causu;unum

391 4365 649 4434 lascivia,
681 4382 845 4444 more
877 4362 1207 4444 inﬁdelium
1234 4360 1569 4426 diﬁluentes
1598 4387 1613 4440 ;
1647 4375 1767 4426 tum
1801 4366 2032 4444 simpli-
2060 4371 2098 4420 D
2119 4362 2222 4422 ubi
2239 4361 2647 4432 viri,ulterum
2665 4360 3056 4444 ubimulieres
3077 4360 3760 4444 lauaren.tu_r.EtinHis~

393 4447 672 4526 cioresac
706 4443 926 4519 idiota),
957 4463 989 4504 a
1014 4443 1231 4524 quibus
1268 4446 1481 4526 (inquit
1514 4445 1885 4526 Epiphanius
1917 4443 2031 4506 hie-

386 4526 506 4587 resi
539 4524 638 4598 30,
675 4543 808 4599 cap.
844 4528 902 4602 7)
940 4533 1203 4605 propter
1258 4524 1669 4605 negligentiam
1720 4525 2028 4586 doctorum

386 4605 630 4682 ignaris,
669 4625 784 4665 non
817 4603 1113 4664 vitabatur
1159 4603 1366 4665 lavatio
1419 4603 1550 4668 cum
1586 4606 1829 4666 alterius
1857 4625 2034 4666 sexus

390 4683 995 4748 hominibus.ldcirco
1028 4686 1453 4748 constitutione
1480 4688 1676 4760 hac,et
1701 4686 1794 4746 illa
1828 4686 2033 4765 capitis

387 4768 443 4838 9,
474 4765 868 4845 prohibentur
902 4765 1112 4826 balnea
1149 4766 1486 4843 promiscua
1517 4767 1774 4826 virorum
1803 4774 1860 4827 et
1893 4785 2028 4826 mu—

383 4845 976 4925 lierum.Eademque
1001 4845 1344 4925 interdictio
1378 4847 1596 4925 legitur
1617 4847 1675 4907 in
1704 4845 2030 4907 canonibus

383 4927 720 4989 Laodiceno
755 4926 853 4997 30,
883 4924 948 5007 et
981 4924 1265 5007 Trullano
1295 4924 1474 5007 77,ad
1509 4947 1684 5007 quem
1715 4927 2026 5007 Balsatnon

387 5007 688 5087 improbat
716 5007 892 5087 etiam
925 5006 1307 5087 lavationem_
1335 5006 1541 5068 balnei
1578 5008 1693 5068 viro
1741 5006 2028 5086 uxorique

385 5084 786 5148 communem.
823 5084 937 5148 Sed
973 5091 1033 5148 et
1064 5087 1252 5146 sancti
1286 5085 1489 5147 Patres
1535 5084 2027 5148 consuetudinem

389 5166 795 5247 turpitudinis,
833 5165 1086 5247 periculi
1117 5175 1170 5225 et
1201 5167 1465 5228 scandali
1501 5168 1733 5247 plenam
1766 5167 2026 5246 proscri-

385 5245 650 5329 pserunt:
678 5247 956 5329 Clemens
978 5245 1419 5329 Alexandrinus
1441 5245 1778 5329 Ptedagogt
1797 5264 2024 5327 Itt,t.ap.

387 5327 916 5409 5;Cyprianusllc
958 5326 1384 5409 (lisct’ptinaﬂet
1436 5326 1649 5390 habitu
1687 5326 2023 5409 uirginum,

386 5406 545 5470 circa
567 5406 844 5480 Einem,et
867 5406 926 5466 in
950 5407 1206 5486 antiquis
1231 5408 1593 5470 editionibus
1615 5409 1768 5470 libro
1787 5406 1883 5470 De
1906 5408 2027 5485 lap-

383 5490 633 5568 svis,aute
660 5487 864 5561 ﬁnem;
892 5487 1346 5568 Clirysostomus
1375 5497 1618 5550 tractatu
1659 5491 1741 5550 De
1757 5491 2024 5551 educan-

382 5566 718 5638 dis’liberis,
759 5586 861 5645 per
899 5566 1083 5627 virutn
1140 5569 1605 5629 eruditissimum
1641 5571 2021 5631 Franciscum

382 5649 802 5710 Combeﬁsium
829 5653 1086 5723 vulgato,
1125 5668 1180 5726 p.
1215 5651 1292 5708 73
1319 5671 1332 5721 ',
1356 5650 1653 5710 Palladius
1687 5649 1915 5726 dialogo
1950 5651 2028 5709 lie

383 5729 508 5793 vita
527 5727 1016 5807 S.Chrysostomi
1039 5745 1178 5805 cap.
1215 5728 1314 5803 13,
1341 5739 1398 5788 et
1425 5728 1814 5812 Hieronymus
1846 5729 1951 5789 lib.
1989 5746 2026 5790 ιι

2117 4444 2271 4523 toria
2297 4445 2576 4520 Augusta
2601 4441 2854 4523 refertur
2876 4442 3033 4523 quod
3066 4440 3364 4523 Adrianus
3385 4441 3618 4504 lavacra
3653 4463 3760 4523 pro

2116 4519 3107 4597 sexibussuperaverit,Aotoninus
3125 4519 3758 4662 philosoghuslava'cra

2119 4603 2291 4662 mista
2315 4599 3054 4662 submoverit.Alexander
3078 4602 3333 4662 Severus
3398 4603 3567 4662 alnea
3589 4605 3758 4662 mista

2119 4603 2291 4663 mista
2315 4599 3054 4673 submoverit,Alexander
3078 4599 3333 4662 severus
3355 4599 3567 4665 balnea
3589 4605 3763 4666 mista

2118 4681 2718 4764 Bottiaeprultibuerit
2733 4680 3219 4764 exhiberi.Den_iq
3230 4699 3303 4743 ue
3321 4701 3426 4762 per
3447 4684 3609 4764 leges
3621 4684 3763 4746 civi-

2115 4761 2435 4824 leslicebat
2459 4762 2668 4821 marito
2711 4761 3028 4840 repudium
3090 4761 3335 4824 mittere
3354 4761 3548 4837 uxori,
3585 4764 3638 4826 si
3685 4784 3758 4827 ea

2113 4853 2321 4905 contra
2343 4842 2529 4922 ipsius
2563 4840 2918 4902 voluntatem
2945 4860 3078 4903 cum
3104 4843 3244 4903 viris
3275 4846 3573 4906 extraneis
3605 4845 3761 4906 lava-

2113 4922 2883 5007 retLAbsititaqueutpost
2908 4922 3223 5007 Evagriutn
3269 4923 3374 5007 lib.
3411 4944 3453 5006 t,
3489 4944 3618 5007 cap.
3649 4926 3755 5007 21,

2114 5012 2170 5064 et
2195 5005 2592 5082 Nicephorum
2620 5001 2702 5082 lib
2770 5019 2888 5075 xw,
2922 5020 3052 5081 cap.
3079 5003 3179 5082 50,
3205 5001 3515 5068 laudemus
3546 5001 3760 5069 stultos

2115 5084 2246 5144 illos
2268 5081 2627 5162 asCetasqui
2652 5081 2791 5141 dum
2814 5082 2927 5142 sibi
2956 5081 3181 5147 ἀπαθεῖς
3213 5101 3345 5145 esse
3377 5087 3754 5161 videbantur,

2113 5163 2382 5225 solebant
2414 5163 2656 5224 balneas
2687 5163 2951 5239 adire,ut
2983 5181 3100 5224 una
3130 5181 3264 5224 cum
3301 5165 3761 5228 mulieribusla-

2114 5252 2414 5308 vareutur.
2454 5246 2596 5305 Cor.

2191 5327 2313 5403 (50)
2348 5327 2448 5405 Τὰς
2500 5323 2665 5405 οὕτως
2712 5323 3013 5405 ᾃεῦ-αλώτους
3075 5337 3355 5405 γυναῖκας,
3417 5329 3644 5391 Desunt
3695 5327 3756 5389 in

2109 5402 2363 5486 utroque
2388 5404 2542 5486 libro
2573 5402 2912 5486 Vindobon.
2947 5402 3134 5467 CLER.

2192 5484 2306 5554 (51)
2361 5487 2455 5544 Καὶ
2511 5484 2772 5568 λαλοῦντα
2836 5485 2889 5539 ἐν
2921 5487 3097 5568 σκότει
3131 5485 3408 5564 ἑσπερινῷ.
3442 5488 3550 5550 Ms.
3603 5488 3755 5568 Reg.

2109 5563 2726 5636 495.καλοῦνῖα.ΙλΧΧ,
2759 5563 3758 5644 δυιβιιτὶρδριύιιῐειὶοῦιτῃενναιῖ-

2109 5655 2246 5716 tem,
2263 5655 2576 5722 vagantem
2589 5643 2770 5726 ,unod
2787 5643 3020 5726 accedit
3033 5645 3105 5707 ad
3120 5647 3614 5726 signiﬁcationem
3629 5668 3758 5712 ver—

2110 5726 2167 5787 bi
2199 5741 2315 5789 ·ιαῖ
2343 5726 2550 5805 gradi,
2589 5725 2772 5806 itare,
2803 5733 2905 5786 aut
2927 5725 3201 5804 legerunt
3223 5744 3371 5822 pyri
3405 5747 3439 5791 a
3468 5746 3593 5825 pm:
3619 5733 3752 5792 cla-
