  <div class='ocr_page' id='page_1' title='image "/cluster/home/n/w/nwhite01/storage/ocr_20150623/1/hvd.32044054121090/314.png"; bbox 0 0 4098 6214; ppageno 0'>
   <div class='ocr_carea' id='block_1_1' title="bbox 237 172 3630 250">
    <p class='ocr_par' dir='ltr' id='par_1_1' title="bbox 237 172 3630 250">
     <span class='ocr_line' id='line_1_1' title="bbox 237 172 3630 250; baseline -0.004 0"><span class='ocrx_word' id='word_1_1' title='bbox 237 181 354 250; x_wconf 77' lang='lat'><strong>589</strong></span> <span class='ocrx_word' id='word_1_2' title='bbox 1099 179 1759 245; x_wconf 85' lang='lat' dir='ltr'><strong>CONSTITUTIONES</strong></span> <span class='ocrx_word' id='word_1_3' title='bbox 1799 175 2310 242; x_wconf 69' lang='lat' dir='ltr'><strong>APOSTOLICzE.</strong></span> <span class='ocrx_word' id='word_1_4' title='bbox 2343 209 2422 222; x_wconf 88' lang='lat'><strong>—-</strong></span> <span class='ocrx_word' id='word_1_5' title='bbox 2455 176 2613 240; x_wconf 90' lang='lat' dir='ltr'><strong>LIB.</strong></span> <span class='ocrx_word' id='word_1_6' title='bbox 2655 172 2732 238; x_wconf 88' lang='lat' dir='ltr'><strong>II.</strong></span> <span class='ocrx_word' id='word_1_7' title='bbox 3504 172 3630 240; x_wconf 86' lang='lat'><strong>590</strong></span> 
     </span>
    </p>
   </div>
   <div class='ocr_carea' id='block_1_2' title="bbox 236 306 1854 396">
    <p class='ocr_par' dir='ltr' id='par_1_2' title="bbox 236 311 1854 396">
     <span class='ocr_line' id='line_1_2' title="bbox 236 311 1854 396; baseline -0.002 -24"><span class='ocrx_word' id='word_1_8' title='bbox 236 314 339 391; x_wconf 73' lang='grc' dir='ltr'>ς’,</span> <span class='ocrx_word' id='word_1_9' title='bbox 390 317 517 396; x_wconf 76' lang='grc' dir='ltr'>Περὶ</span> <span class='ocrx_word' id='word_1_10' title='bbox 545 325 636 374; x_wconf 83' lang='grc' dir='ltr'>τοῦ</span> <span class='ocrx_word' id='word_1_11' title='bbox 683 315 760 389; x_wconf 73' lang='grc' dir='ltr'><strong>μὴ</strong></span> <span class='ocrx_word' id='word_1_12' title='bbox 803 313 950 371; x_wconf 72' lang='grc' dir='ltr'>εἶναι</span> <span class='ocrx_word' id='word_1_13' title='bbox 1005 314 1098 370; x_wconf 77' lang='grc' dir='ltr'><strong>τὸν</strong></span> <span class='ocrx_word' id='word_1_14' title='bbox 1156 313 1444 369; x_wconf 72' lang='grc' dir='ltr'>ὶπίσκοπον</span> <span class='ocrx_word' id='word_1_15' title='bbox 1500 311 1854 393; x_wconf 71' lang='grc' dir='ltr'><strong>αἰσχροκερδῆ</strong></span> 
     </span>
    </p>
   </div>
   <div class='ocr_carea' id='block_1_3' title="bbox 2011 306 3629 396">
    <p class='ocr_par' dir='ltr' id='par_1_3' title="bbox 2011 306 3629 389">
     <span class='ocr_line' id='line_1_3' title="bbox 2011 306 3629 389; baseline -0.001 -16"><span class='ocrx_word' id='word_1_16' title='bbox 2011 308 2073 373; x_wconf 77' lang='lat' dir='ltr'><strong>&#39;I.</strong></span> <span class='ocrx_word' id='word_1_17' title='bbox 2112 308 2441 389; x_wconf 77' lang='lat' dir='ltr'><strong>Episcopus</strong></span> <span class='ocrx_word' id='word_1_18' title='bbox 2470 325 2547 370; x_wconf 89' lang='lat' dir='ltr'><strong>ne</strong></span> <span class='ocrx_word' id='word_1_19' title='bbox 2574 307 2651 368; x_wconf 92' lang='lat' dir='ltr'><strong>sit</strong></span> <span class='ocrx_word' id='word_1_20' title='bbox 2677 306 2838 388; x_wconf 83' lang='lat' dir='ltr'><strong>turpi</strong></span> <span class='ocrx_word' id='word_1_21' title='bbox 2868 306 3032 369; x_wconf 90' lang='lat' dir='ltr'><strong>lucro</strong></span> <span class='ocrx_word' id='word_1_22' title='bbox 3057 307 3320 385; x_wconf 86' lang='lat' dir='ltr'><strong>deditus,</strong></span> <span class='ocrx_word' id='word_1_23' title='bbox 3342 326 3455 374; x_wconf 88' lang='lat' dir='ltr'><strong>nec</strong></span> <span class='ocrx_word' id='word_1_24' title='bbox 3487 310 3629 373; x_wconf 79' lang='lat' dir='ltr'><strong>Iide-</strong></span> 
     </span>
    </p>
   </div>
   <div class='ocr_carea' id='block_1_4' title="bbox 313 398 1931 484">
    <p class='ocr_par' dir='ltr' id='par_1_4' title="bbox 313 402 1345 484">
     <span class='ocr_line' id='line_1_4' title="bbox 313 402 1345 484; baseline -0.005 -22"><span class='ocrx_word' id='word_1_25' title='bbox 313 407 456 481; x_wconf 78' lang='grc' dir='ltr'>μήτε</span> <span class='ocrx_word' id='word_1_26' title='bbox 485 404 541 461; x_wconf 78' lang='grc' dir='ltr'>δὲ</span> <span class='ocrx_word' id='word_1_27' title='bbox 585 404 894 484; x_wconf 72' lang='grc' dir='ltr'>ἐγγυᾶσθαι,</span> <span class='ocrx_word' id='word_1_28' title='bbox 944 402 980 471; x_wconf 70' lang='grc' dir='ltr'>ἢ</span> <span class='ocrx_word' id='word_1_29' title='bbox 1005 416 1345 481; x_wconf 76' lang='grc' dir='ltr'>συνηγορεῖν,</span> 
     </span>
    </p>
   </div>
   <div class='ocr_carea' id='block_1_5' title="bbox 1181 398 2799 484">
    <p class='ocr_par' dir='ltr' id='par_1_5' title="bbox 1181 398 2799 481">
     <span class='ocr_line' id='line_1_5' title="bbox 1181 398 2799 481; baseline -0.001 -23"><span class='ocrx_word' id='word_1_30' title='bbox 1181 416 1345 481; x_wconf 83' lang='grc' dir='ltr'>ορεϊν.</span> <span class='ocrx_word' id='word_1_31' title='bbox 2041 400 2274 479; x_wconf 90' lang='lat' dir='ltr'><strong>jussor,</strong></span> <span class='ocrx_word' id='word_1_32' title='bbox 2316 417 2427 460; x_wconf 92' lang='lat' dir='ltr'><strong>nec</strong></span> <span class='ocrx_word' id='word_1_33' title='bbox 2458 398 2799 460; x_wconf 76' lang='lat' dir='ltr'><strong>advocatus.</strong></span> 
     </span>
    </p>
   </div>
   <div class='ocr_carea' id='block_1_6' title="bbox 231 487 1849 590">
    <p class='ocr_par' dir='ltr' id='par_1_6' title="bbox 231 492 1303 574">
     <span class='ocr_line' id='line_1_6' title="bbox 231 492 1303 574; baseline -0.003 -20"><span class='ocrx_word' id='word_1_34' title='bbox 231 492 301 566; x_wconf 83' lang='grc' dir='ltr'><strong>ζ’.</strong></span> <span class='ocrx_word' id='word_1_35' title='bbox 340 498 473 553; x_wconf 78' lang='grc' dir='ltr'>Οἷον</span> <span class='ocrx_word' id='word_1_36' title='bbox 502 494 614 574; x_wconf 74' lang='grc' dir='ltr'><strong>χρὴ</strong></span> <span class='ocrx_word' id='word_1_37' title='bbox 642 498 781 550; x_wconf 77' lang='grc' dir='ltr'>εἶναι</span> <span class='ocrx_word' id='word_1_38' title='bbox 812 495 904 549; x_wconf 82' lang='grc' dir='ltr'>τὸν</span> <span class='ocrx_word' id='word_1_39' title='bbox 935 492 1303 569; x_wconf 77' lang='grc' dir='ltr'><strong>μεμυημένον.</strong></span> 
     </span>
    </p>
   </div>
   <div class='ocr_carea' id='block_1_7' title="bbox 2000 487 3618 590">
    <p class='ocr_par' dir='ltr' id='par_1_7' title="bbox 2000 487 3618 590">
     <span class='ocr_line' id='line_1_7' title="bbox 2000 487 3618 590; baseline 0.004 -44"><span class='ocrx_word' id='word_1_40' title='bbox 2000 488 2097 552; x_wconf 65' lang='grc' dir='ltr'><strong>ΙΙΙ.</strong></span> <span class='ocrx_word' id='word_1_41' title='bbox 2142 489 2387 590; x_wconf 76' lang='lat' dir='ltr'><strong>Qualem</strong></span> <span class='ocrx_word' id='word_1_42' title='bbox 2422 495 2658 569; x_wconf 76' lang='lat' dir='ltr'><strong>oportet</strong></span> <span class='ocrx_word' id='word_1_43' title='bbox 2681 506 2812 550; x_wconf 82' lang='lat' dir='ltr'><strong>esse</strong></span> <span class='ocrx_word' id='word_1_44' title='bbox 2839 505 2973 550; x_wconf 92' lang='lat' dir='ltr'><strong>eum</strong></span> <span class='ocrx_word' id='word_1_45' title='bbox 3010 493 3112 569; x_wconf 89' lang='lat' dir='ltr'><strong>qui</strong></span> <span class='ocrx_word' id='word_1_46' title='bbox 3134 506 3240 569; x_wconf 92' lang='lat' dir='ltr'><strong>per</strong></span> <span class='ocrx_word' id='word_1_47' title='bbox 3262 487 3618 570; x_wconf 83' lang='lat' dir='ltr'><strong>baptismum</strong></span> 
     </span>
    </p>
   </div>
   <div class='ocr_carea' id='block_1_8' title="bbox 230 586 1848 768">
    <p class='ocr_par' dir='ltr' id='par_1_8' title="bbox 230 667 1736 752">
     <span class='ocr_line' id='line_1_8' title="bbox 230 667 1736 752; baseline -0.005 -20"><span class='ocrx_word' id='word_1_48' title='bbox 230 670 312 741; x_wconf 84' lang='grc' dir='ltr'><strong>η’.</strong></span> <span class='ocrx_word' id='word_1_49' title='bbox 371 673 498 752; x_wconf 83' lang='grc' dir='ltr'>Περὶ</span> <span class='ocrx_word' id='word_1_50' title='bbox 555 670 1046 752; x_wconf 81' lang='grc' dir='ltr'>συκοφαντουμένου</span> <span class='ocrx_word' id='word_1_51' title='bbox 1080 716 1098 745; x_wconf 85' lang='grc'><strong>,</strong></span> <span class='ocrx_word' id='word_1_52' title='bbox 1166 668 1284 736; x_wconf 73' lang='grc' dir='ltr'>ἦτοι</span> <span class='ocrx_word' id='word_1_53' title='bbox 1351 667 1736 750; x_wconf 79' lang='grc' dir='ltr'>ἐλεγχομένου,</span> 
     </span>
    </p>
   </div>
   <div class='ocr_carea' id='block_1_9' title="bbox 2007 586 3625 768">
    <p class='ocr_par' dir='ltr' id='par_1_9' title="bbox 2007 586 3625 768">
     <span class='ocr_line' id='line_1_9' title="bbox 2053 586 2468 641; baseline -0.002 -1"><span class='ocrx_word' id='word_1_54' title='bbox 2053 588 2145 641; x_wconf 90' lang='lat' dir='ltr'><strong>est</strong></span> <span class='ocrx_word' id='word_1_55' title='bbox 2177 586 2468 641; x_wconf 79' lang='lat' dir='ltr'><strong>initiatus.</strong></span> 
     </span>
     <span class='ocr_line' id='line_1_10' title="bbox 2007 665 3625 768; baseline 0.001 -40"><span class='ocrx_word' id='word_1_56' title='bbox 2007 665 2118 768; x_wconf 64' lang='grc' dir='ltr'><strong>νιιι.</strong></span> <span class='ocrx_word' id='word_1_57' title='bbox 2141 667 2227 730; x_wconf 92' lang='lat' dir='ltr'><strong>De</strong></span> <span class='ocrx_word' id='word_1_58' title='bbox 2253 686 2322 768; x_wconf 79' lang='lat' dir='ltr'><strong>eo</strong></span> <span class='ocrx_word' id='word_1_59' title='bbox 2355 667 2456 747; x_wconf 88' lang='lat' dir='ltr'><strong>qui</strong></span> <span class='ocrx_word' id='word_1_60' title='bbox 2487 669 2545 729; x_wconf 93' lang='lat' dir='ltr'><strong>in</strong></span> <span class='ocrx_word' id='word_1_61' title='bbox 2576 668 2958 749; x_wconf 86' lang='lat' dir='ltr'><strong>calumniam,</strong></span> <span class='ocrx_word' id='word_1_62' title='bbox 2978 666 3070 729; x_wconf 82' lang='lat' dir='ltr'><strong>vel</strong></span> <span class='ocrx_word' id='word_1_63' title='bbox 3092 665 3625 748; x_wconf 83' lang='lat' dir='ltr'><strong>reprehensionem</strong></span> 
     </span>
    </p>
   </div>
   <div class='ocr_carea' id='block_1_10' title="bbox 2054 765 2335 818">
    <p class='ocr_par' dir='ltr' id='par_1_10' title="bbox 2054 765 2335 818">
     <span class='ocr_line' id='line_1_11' title="bbox 2054 765 2335 818; baseline 0.007 -2"><span class='ocrx_word' id='word_1_64' title='bbox 2054 765 2335 818; x_wconf 76' lang='lat' dir='ltr'><strong>incurrit.</strong></span> 
     </span>
    </p>
   </div>
   <div class='ocr_carea' id='block_1_11' title="bbox 229 774 1847 946">
    <p class='ocr_par' dir='ltr' id='par_1_11' title="bbox 229 847 1847 931">
     <span class='ocr_line' id='line_1_12' title="bbox 229 847 1847 931; baseline -0.004 -21"><span class='ocrx_word' id='word_1_65' title='bbox 229 851 304 917; x_wconf 81' lang='grc' dir='ltr'><strong>θ’.</strong></span> <span class='ocrx_word' id='word_1_66' title='bbox 373 851 512 911; x_wconf 83' lang='grc' dir='ltr'>’Ὅτι</span> <span class='ocrx_word' id='word_1_67' title='bbox 610 848 1012 931; x_wconf 77' lang='grc' dir='ltr'><strong>ἀδωροδόκητον</strong></span> <span class='ocrx_word' id='word_1_68' title='bbox 1092 849 1241 908; x_wconf 77' lang='grc' dir='ltr'>εἶναι</span> <span class='ocrx_word' id='word_1_69' title='bbox 1317 850 1428 930; x_wconf 77' lang='grc' dir='ltr'>χρὴ</span> <span class='ocrx_word' id='word_1_70' title='bbox 1505 848 1596 905; x_wconf 80' lang='grc' dir='ltr'>τὸν</span> <span class='ocrx_word' id='word_1_71' title='bbox 1666 847 1847 906; x_wconf 78' lang='grc' dir='ltr'>ἑπίσκο</span> 
     </span>
    </p>
   </div>
   <div class='ocr_carea' id='block_1_12' title="bbox 2014 774 3632 946">
    <p class='ocr_par' dir='ltr' id='par_1_12' title="bbox 2014 774 3632 946">
     <span class='ocr_line' id='line_1_13' title="bbox 2054 774 2335 818; baseline 0.007 -2"><span class='ocrx_word' id='word_1_72' title='bbox 2054 774 2335 818; x_wconf 83' lang='lat' dir='ltr'><strong>incurrit.</strong></span> 
     </span>
     <span class='ocr_line' id='line_1_14' title="bbox 2014 843 3632 946; baseline 0.003 -41"><span class='ocrx_word' id='word_1_73' title='bbox 2014 843 2072 908; x_wconf 77' lang='grc' dir='ltr'>Κ.</span> <span class='ocrx_word' id='word_1_74' title='bbox 2098 844 2471 946; x_wconf 42' lang='lat' dir='ltr'><strong>.EpiscOpum</strong></span> <span class='ocrx_word' id='word_1_75' title='bbox 2505 864 2624 908; x_wconf 88' lang='lat' dir='ltr'><strong>non</strong></span> <span class='ocrx_word' id='word_1_76' title='bbox 2656 846 2881 910; x_wconf 89' lang='lat' dir='ltr'><strong>debere</strong></span> <span class='ocrx_word' id='word_1_77' title='bbox 2929 864 3063 911; x_wconf 88' lang='lat' dir='ltr'><strong>esse</strong></span> <span class='ocrx_word' id='word_1_78' title='bbox 3109 846 3461 910; x_wconf 84' lang='lat' dir='ltr'><strong>muneribus</strong></span> <span class='ocrx_word' id='word_1_79' title='bbox 3490 863 3632 928; x_wconf 89' lang='lat' dir='ltr'><strong>per-</strong></span> 
     </span>
    </p>
   </div>
   <div class='ocr_carea' id='block_1_13' title="bbox 232 954 1850 1108">
    <p class='ocr_par' dir='ltr' id='par_1_13' title="bbox 232 964 1850 1108">
     <span class='ocr_line' id='line_1_15' title="bbox 232 964 1850 1108; baseline -0.002 -22"><span class='ocrx_word' id='word_1_80' title='bbox 232 964 483 1090; x_wconf 54' lang='lat' dir='ltr'><strong>t..ﬂ33tt</strong></span> <span class='ocrx_word' id='word_1_81' title='bbox 510 1031 538 1086; x_wconf 81' lang='grc' dir='ltr'>ὁ</span> <span class='ocrx_word' id='word_1_82' title='bbox 568 1028 886 1108; x_wconf 76' lang='grc' dir='ltr'>ξπισκοπος,</span> <span class='ocrx_word' id='word_1_83' title='bbox 919 1027 1145 1106; x_wconf 76' lang='grc' dir='ltr'><strong>ἀκρίτως</strong></span> <span class='ocrx_word' id='word_1_84' title='bbox 1175 1025 1483 1108; x_wconf 79' lang='grc' dir='ltr'>φειδόμενος</span> <span class='ocrx_word' id='word_1_85' title='bbox 1515 1033 1608 1084; x_wconf 81' lang='grc' dir='ltr'><strong>τοῦ</strong></span> <span class='ocrx_word' id='word_1_86' title='bbox 1634 1029 1850 1107; x_wconf 83' lang='grc' dir='ltr'>ἡμαρτη</span> 
     </span>
    </p>
   </div>
   <div class='ocr_carea' id='block_1_14' title="bbox 2003 954 3621 1108">
    <p class='ocr_par' dir='ltr' id='par_1_14' title="bbox 2003 954 3621 1108">
     <span class='ocr_line' id='line_1_16' title="bbox 2057 954 2242 998; baseline 0.022 -4"><span class='ocrx_word' id='word_1_87' title='bbox 2057 954 2088 994; x_wconf 75' lang='grc' dir='ltr'><strong>ν</strong></span> <span class='ocrx_word' id='word_1_88' title='bbox 2229 983 2242 998; x_wconf 90' lang='grc'><strong>.</strong></span> 
     </span>
     <span class='ocr_line' id='line_1_17' title="bbox 2003 954 3621 1108; baseline 0.001 -20"><span class='ocrx_word' id='word_1_89' title='bbox 2003 1026 2050 1088; x_wconf 83' lang='lat'><strong>(.</strong></span> <span class='ocrx_word' id='word_1_90' title='bbox 2087 954 2255 1097; x_wconf 56' lang='grc' dir='ltr'>διόξεί</span> <span class='ocrx_word' id='word_1_91' title='bbox 2289 1025 2630 1104; x_wconf 91' lang='lat' dir='ltr'><strong>episcopus,</strong></span> <span class='ocrx_word' id='word_1_92' title='bbox 2665 1026 2764 1106; x_wconf 91' lang='lat' dir='ltr'><strong>qui</strong></span> <span class='ocrx_word' id='word_1_93' title='bbox 2805 1033 3033 1088; x_wconf 88' lang='lat' dir='ltr'><strong>temere</strong></span> <span class='ocrx_word' id='word_1_94' title='bbox 3086 1029 3276 1104; x_wconf 87' lang='lat' dir='ltr'><strong>parcit</strong></span> <span class='ocrx_word' id='word_1_95' title='bbox 3299 1027 3621 1108; x_wconf 86' lang='lat' dir='ltr'><strong>peccatori,</strong></span> 
     </span>
    </p>
   </div>
   <div class='ocr_carea' id='block_1_15' title="bbox 316 1113 1934 1196">
    <p class='ocr_par' dir='ltr' id='par_1_15' title="bbox 316 1119 1024 1196">
     <span class='ocr_line' id='line_1_18' title="bbox 316 1119 1024 1196; baseline -0.004 -19"><span class='ocrx_word' id='word_1_96' title='bbox 316 1119 500 1194; x_wconf 86' lang='grc' dir='ltr'>κότος,</span> <span class='ocrx_word' id='word_1_97' title='bbox 530 1120 770 1183; x_wconf 57' lang='lat' dir='ltr'><strong>bucina;</strong></span> <span class='ocrx_word' id='word_1_98' title='bbox 798 1119 1000 1196; x_wconf 83' lang='grc' dir='ltr'>γίνεται</span> <span class='ocrx_word' id='word_1_99' title='bbox 1011 1163 1024 1177; x_wconf 94' lang='grc'><strong>.</strong></span> 
     </span>
    </p>
   </div>
   <div class='ocr_carea' id='block_1_16' title="bbox 1044 1113 2662 1196">
    <p class='ocr_par' dir='ltr' id='par_1_16' title="bbox 2055 1113 2662 1194">
     <span class='ocr_line' id='line_1_19' title="bbox 2055 1113 2662 1194; baseline 0.008 -20"><span class='ocrx_word' id='word_1_100' title='bbox 2055 1113 2232 1194; x_wconf 89' lang='lat' dir='ltr'><strong>culpa</strong></span> <span class='ocrx_word' id='word_1_101' title='bbox 2264 1133 2382 1175; x_wconf 87' lang='lat' dir='ltr'><strong>non</strong></span> <span class='ocrx_word' id='word_1_102' title='bbox 2417 1123 2638 1177; x_wconf 92' lang='lat' dir='ltr'><strong>careat.</strong></span> <span class='ocrx_word' id='word_1_103' title='bbox 2659 1177 2662 1179; x_wconf 93' lang='lat'><em>_</em></span> 
     </span>
    </p>
   </div>
   <div class='ocr_carea' id='block_1_17' title="bbox 234 1202 1852 1354">
    <p class='ocr_par' dir='ltr' id='par_1_17' title="bbox 234 1204 1852 1354">
     <span class='ocr_line' id='line_1_20' title="bbox 234 1204 1852 1290; baseline 0 -24"><span class='ocrx_word' id='word_1_104' title='bbox 234 1209 336 1273; x_wconf 83' lang='grc' dir='ltr'>ια’.</span> <span class='ocrx_word' id='word_1_105' title='bbox 375 1207 579 1275; x_wconf 86' lang='grc' dir='ltr'>’Ὅπως</span> <span class='ocrx_word' id='word_1_106' title='bbox 609 1210 724 1290; x_wconf 73' lang='grc' dir='ltr'>χρὴ</span> <span class='ocrx_word' id='word_1_107' title='bbox 751 1209 842 1264; x_wconf 74' lang='grc' dir='ltr'>τὸν</span> <span class='ocrx_word' id='word_1_108' title='bbox 870 1209 1160 1264; x_wconf 65' lang='grc' dir='ltr'>ἐπισκοπον</span> <span class='ocrx_word' id='word_1_109' title='bbox 1204 1207 1400 1284; x_wconf 84' lang='grc' dir='ltr'>κρίνειν</span> <span class='ocrx_word' id='word_1_110' title='bbox 1457 1207 1579 1268; x_wconf 76' lang='grc' dir='ltr'>τοὺς</span> <span class='ocrx_word' id='word_1_111' title='bbox 1642 1204 1852 1284; x_wconf 74' lang='grc' dir='ltr'>ἁμαρτά</span> 
     </span>
     <span class='ocr_line' id='line_1_21' title="bbox 321 1321 536 1354; baseline 0 0"><span class='ocrx_word' id='word_1_112' title='bbox 321 1321 536 1354; x_wconf 82' lang='grc' dir='ltr'>νοντας.</span> 
     </span>
    </p>
   </div>
   <div class='ocr_carea' id='block_1_18' title="bbox 2009 1202 3627 1354">
    <p class='ocr_par' dir='ltr' id='par_1_18' title="bbox 2009 1202 3627 1354">
     <span class='ocr_line' id='line_1_22' title="bbox 2009 1202 3627 1354; baseline 0.002 -89"><span class='ocrx_word' id='word_1_113' title='bbox 2009 1205 2086 1304; x_wconf 57' lang='lat'><strong>(1.</strong></span> <span class='ocrx_word' id='word_1_114' title='bbox 2123 1202 2248 1354; x_wconf 61' lang='lat' dir='ltr'><strong>guo</strong></span> <span class='ocrx_word' id='word_1_115' title='bbox 2286 1203 2458 1305; x_wconf 81' lang='lat' dir='ltr'><strong>modo</strong></span> <span class='ocrx_word' id='word_1_116' title='bbox 2514 1208 2788 1284; x_wconf 78' lang='lat' dir='ltr'><strong>Oporteat</strong></span> <span class='ocrx_word' id='word_1_117' title='bbox 2838 1211 3189 1284; x_wconf 88' lang='lat' dir='ltr'><strong>peccatores</strong></span> <span class='ocrx_word' id='word_1_118' title='bbox 3219 1203 3293 1266; x_wconf 92' lang='lat' dir='ltr'><strong>ab</strong></span> <span class='ocrx_word' id='word_1_119' title='bbox 3343 1204 3627 1288; x_wconf 88' lang='lat' dir='ltr'><strong>episcopo</strong></span> 
     </span>
     <span class='ocr_line' id='line_1_23' title="bbox 2061 1309 2337 1354; baseline -0.007 0"><span class='ocrx_word' id='word_1_120' title='bbox 2061 1310 2122 1354; x_wconf 85' lang='grc' dir='ltr'><strong>ιιι</strong></span> <span class='ocrx_word' id='word_1_121' title='bbox 2171 1309 2337 1354; x_wconf 77' lang='lat' dir='ltr'><strong>icart.</strong></span> 
     </span>
    </p>
   </div>
   <div class='ocr_carea' id='block_1_19' title="bbox 521 1310 2337 1357">
    <p class='ocr_par' dir='ltr' id='par_1_19' title="bbox 521 1310 2337 1357">
     <span class='ocr_line' id='line_1_24' title="bbox 521 1310 2337 1357; baseline -0.003 0"><span class='ocrx_word' id='word_1_122' title='bbox 521 1341 536 1357; x_wconf 85' lang='lat'><strong>.</strong></span> <span class='ocrx_word' id='word_1_123' title='bbox 2053 1310 2313 1357; x_wconf 71' lang='grc'><strong>,11101081⁸1</strong></span> <span class='ocrx_word' id='word_1_124' title='bbox 2325 1339 2337 1352; x_wconf 92' lang='grc'><strong>.</strong></span> 
     </span>
    </p>
   </div>
   <div class='ocr_carea' id='block_1_20' title="bbox 237 1309 1855 1467">
    <p class='ocr_par' dir='ltr' id='par_1_20' title="bbox 237 1321 1852 1467">
     <span class='ocr_line' id='line_1_25' title="bbox 237 1321 1852 1467; baseline -0.005 -18"><span class='ocrx_word' id='word_1_125' title='bbox 237 1321 751 1458; x_wconf 45' lang='grc' dir='ltr'>ιϐ’ῗονέῗδϊσκαλία,</span> <span class='ocrx_word' id='word_1_126' title='bbox 809 1385 953 1450; x_wconf 75' lang='grc' dir='ltr'>ὅπως</span> <span class='ocrx_word' id='word_1_127' title='bbox 1015 1387 1128 1466; x_wconf 79' lang='grc' dir='ltr'><strong>χρὴ</strong></span> <span class='ocrx_word' id='word_1_128' title='bbox 1184 1385 1566 1467; x_wconf 81' lang='grc' dir='ltr'>προσφέρεσθαι</span> <span class='ocrx_word' id='word_1_129' title='bbox 1620 1398 1736 1449; x_wconf 75' lang='grc' dir='ltr'>τοῖς</span> <span class='ocrx_word' id='word_1_130' title='bbox 1787 1405 1852 1460; x_wconf 85' lang='grc' dir='ltr'><strong>με</strong></span> 
     </span>
    </p>
   </div>
   <div class='ocr_carea' id='block_1_21' title="bbox 2007 1309 3625 1467">
    <p class='ocr_par' dir='ltr' id='par_1_21' title="bbox 2007 1309 3625 1464">
     <span class='ocr_line' id='line_1_26' title="bbox 2007 1309 3625 1464; baseline 0.002 -22"><span class='ocrx_word' id='word_1_131' title='bbox 2007 1309 2421 1444; x_wconf 46' lang='grc' dir='ltr'>[ΙίίιἙδέίιῖίηει</span> <span class='ocrx_word' id='word_1_132' title='bbox 2451 1381 2527 1445; x_wconf 90' lang='lat' dir='ltr'><strong>de</strong></span> <span class='ocrx_word' id='word_1_133' title='bbox 2559 1381 2734 1443; x_wconf 90' lang='lat' dir='ltr'><strong>modo</strong></span> <span class='ocrx_word' id='word_1_134' title='bbox 2773 1400 2890 1464; x_wconf 90' lang='lat' dir='ltr'><strong>quo</strong></span> <span class='ocrx_word' id='word_1_135' title='bbox 2934 1382 3289 1464; x_wconf 69' lang='lat' dir='ltr'><strong>pwnitentes</strong></span> <span class='ocrx_word' id='word_1_136' title='bbox 3338 1385 3625 1447; x_wconf 85' lang='lat' dir='ltr'><strong>tractandi</strong></span> 
     </span>
    </p>
   </div>
   <div class='ocr_carea' id='block_1_22' title="bbox 490 1480 2218 1537">
    <p class='ocr_par' dir='ltr' id='par_1_22' title="bbox 490 1480 2218 1537">
     <span class='ocr_line' id='line_1_27' title="bbox 490 1480 2218 1537; baseline -0.001 -2"><span class='ocrx_word' id='word_1_137' title='bbox 490 1486 601 1537; x_wconf 83' lang='grc' dir='ltr'>ὗσι.</span> <span class='ocrx_word' id='word_1_138' title='bbox 2060 1480 2218 1534; x_wconf 91' lang='lat' dir='ltr'><strong>sunt.</strong></span> 
     </span>
    </p>
   </div>
   <div class='ocr_carea' id='block_1_23' title="bbox 235 1500 1853 1652">
    <p class='ocr_par' dir='ltr' id='par_1_23' title="bbox 235 1500 1853 1649">
     <span class='ocr_line' id='line_1_28' title="bbox 391 1501 601 1537; baseline 0.014 -3"><span class='ocrx_word' id='word_1_139' title='bbox 391 1501 420 1534; x_wconf 91' lang='grc' dir='ltr'><strong>ν</strong></span> <span class='ocrx_word' id='word_1_140' title='bbox 583 1519 601 1537; x_wconf 89' lang='grc'><strong>.</strong></span> 
     </span>
     <span class='ocr_line' id='line_1_29' title="bbox 235 1500 1853 1649; baseline -0.007 -20"><span class='ocrx_word' id='word_1_141' title='bbox 235 1500 808 1649; x_wconf 42' lang='grc' dir='ltr'><strong>ιγ’ἷαέἕζῖιφεύγειν</strong></span> <span class='ocrx_word' id='word_1_142' title='bbox 866 1564 978 1644; x_wconf 74' lang='grc' dir='ltr'><strong>χρὴ</strong></span> <span class='ocrx_word' id='word_1_143' title='bbox 1038 1569 1145 1620; x_wconf 84' lang='grc' dir='ltr'><strong>τῶν</strong></span> <span class='ocrx_word' id='word_1_144' title='bbox 1193 1564 1595 1644; x_wconf 77' lang='grc' dir='ltr'><strong>ἁμαρτημάτων</strong></span> <span class='ocrx_word' id='word_1_145' title='bbox 1624 1563 1723 1631; x_wconf 69' lang='grc' dir='ltr'><strong>τὴν</strong></span> <span class='ocrx_word' id='word_1_146' title='bbox 1765 1575 1853 1620; x_wconf 77' lang='grc' dir='ltr'><strong>κεῖ</strong></span> 
     </span>
    </p>
   </div>
   <div class='ocr_carea' id='block_1_24' title="bbox 2004 1500 3622 1652">
    <p class='ocr_par' dir='ltr' id='par_1_24' title="bbox 2004 1500 3622 1643">
     <span class='ocr_line' id='line_1_30' title="bbox 2004 1500 3622 1643; baseline 0.002 -21"><span class='ocrx_word' id='word_1_147' title='bbox 2004 1500 2530 1640; x_wconf 51' lang='grc' dir='ltr'><strong>[Ιῗὶυέυεὶθιιὼιω</strong></span> <span class='ocrx_word' id='word_1_148' title='bbox 2581 1579 2714 1625; x_wconf 90' lang='lat' dir='ltr'><strong>esse</strong></span> <span class='ocrx_word' id='word_1_149' title='bbox 2769 1561 3124 1625; x_wconf 85' lang='lat' dir='ltr'><strong>delictorum</strong></span> <span class='ocrx_word' id='word_1_150' title='bbox 3169 1562 3622 1643; x_wconf 81' lang='lat' dir='ltr'><strong>experientiam.</strong></span> 
     </span>
    </p>
   </div>
   <div class='ocr_carea' id='block_1_25' title="bbox 242 1682 1860 1826">
    <p class='ocr_par' dir='ltr' id='par_1_25' title="bbox 242 1682 1860 1826">
     <span class='ocr_line' id='line_1_31' title="bbox 242 1682 1860 1826; baseline -0.006 -20"><span class='ocrx_word' id='word_1_151' title='bbox 242 1682 515 1826; x_wconf 50' lang='grc' dir='ltr'>ιδ’ῗαῐέερὶ</span> <span class='ocrx_word' id='word_1_152' title='bbox 565 1751 674 1801; x_wconf 83' lang='grc' dir='ltr'>τῶν</span> <span class='ocrx_word' id='word_1_153' title='bbox 729 1742 997 1823; x_wconf 80' lang='grc' dir='ltr'>λεγοντων</span> <span class='ocrx_word' id='word_1_154' title='bbox 1050 1742 1128 1818; x_wconf 80' lang='grc' dir='ltr'>μὴ</span> <span class='ocrx_word' id='word_1_155' title='bbox 1184 1739 1238 1798; x_wconf 85' lang='grc' dir='ltr'>δέ</span> <span class='ocrx_word' id='word_1_156' title='bbox 1245 1745 1430 1822; x_wconf 51' lang='grc' dir='ltr'>Αεσθαι</span> <span class='ocrx_word' id='word_1_157' title='bbox 1511 1748 1860 1817; x_wconf 83' lang='grc' dir='ltr'>μετανοοῦντα</span> 
     </span>
    </p>
   </div>
   <div class='ocr_carea' id='block_1_26' title="bbox 2005 1682 3623 1826">
    <p class='ocr_par' dir='ltr' id='par_1_26' title="bbox 2005 1735 3623 1822">
     <span class='ocr_line' id='line_1_32' title="bbox 2005 1735 3623 1822; baseline 0.002 -22"><span class='ocrx_word' id='word_1_158' title='bbox 2005 1735 2134 1801; x_wconf 87' lang='lat' dir='ltr'><strong>(IV.</strong></span> <span class='ocrx_word' id='word_1_159' title='bbox 2177 1742 2258 1800; x_wconf 87' lang='lat' dir='ltr'><strong>De</strong></span> <span class='ocrx_word' id='word_1_160' title='bbox 2289 1737 2362 1800; x_wconf 90' lang='lat' dir='ltr'><strong>iis</strong></span> <span class='ocrx_word' id='word_1_161' title='bbox 2386 1739 2487 1820; x_wconf 90' lang='lat' dir='ltr'><strong>qui</strong></span> <span class='ocrx_word' id='word_1_162' title='bbox 2510 1740 2809 1802; x_wconf 81' lang='lat' dir='ltr'><strong>afﬁrmant</strong></span> <span class='ocrx_word' id='word_1_163' title='bbox 2837 1758 2956 1801; x_wconf 89' lang='lat' dir='ltr'><strong>non</strong></span> <span class='ocrx_word' id='word_1_164' title='bbox 3002 1739 3225 1802; x_wconf 87' lang='lat' dir='ltr'><strong>debere</strong></span> <span class='ocrx_word' id='word_1_165' title='bbox 3272 1739 3462 1822; x_wconf 88' lang='lat' dir='ltr'><strong>recipi</strong></span> <span class='ocrx_word' id='word_1_166' title='bbox 3493 1759 3623 1822; x_wconf 77' lang='lat' dir='ltr'><strong>poe-</strong></span> 
     </span>
    </p>
   </div>
   <div class='ocr_carea' id='block_1_27' title="bbox 330 1828 1948 1912">
    <p class='ocr_par' dir='ltr' id='par_1_27' title="bbox 330 1829 1898 1912">
     <span class='ocr_line' id='line_1_33' title="bbox 330 1829 1898 1912; baseline -0.006 -18"><span class='ocrx_word' id='word_1_167' title='bbox 330 1839 418 1894; x_wconf 73' lang='grc' dir='ltr'><strong>καὶ</strong></span> <span class='ocrx_word' id='word_1_168' title='bbox 489 1835 569 1891; x_wconf 80' lang='grc' dir='ltr'>ὅτι</span> <span class='ocrx_word' id='word_1_169' title='bbox 649 1831 872 1907; x_wconf 87' lang='grc' dir='ltr'>δίκαιος,</span> <span class='ocrx_word' id='word_1_170' title='bbox 959 1837 1058 1890; x_wconf 74' lang='grc' dir='ltr'>κᾶν</span> <span class='ocrx_word' id='word_1_171' title='bbox 1129 1831 1368 1889; x_wconf 78' lang='grc' dir='ltr'><strong>σύνεστιν</strong></span> <span class='ocrx_word' id='word_1_172' title='bbox 1453 1830 1776 1912; x_wconf 76' lang='grc' dir='ltr'>ἁμαρτωλῷ,</span> <span class='ocrx_word' id='word_1_173' title='bbox 1838 1829 1898 1886; x_wconf 70' lang='grc' dir='ltr'>οὔ</span> 
     </span>
    </p>
   </div>
   <div class='ocr_carea' id='block_1_28' title="bbox 2009 1828 3627 1912">
    <p class='ocr_par' dir='ltr' id='par_1_28' title="bbox 2067 1828 3627 1910">
     <span class='ocr_line' id='line_1_34' title="bbox 2067 1828 3627 1910; baseline 0.003 -22"><span class='ocrx_word' id='word_1_174' title='bbox 2067 1828 2392 1909; x_wconf 88' lang='lat' dir='ltr'><strong>nitentem;</strong></span> <span class='ocrx_word' id='word_1_175' title='bbox 2423 1840 2483 1890; x_wconf 89' lang='lat' dir='ltr'><strong>et</strong></span> <span class='ocrx_word' id='word_1_176' title='bbox 2509 1829 2584 1890; x_wconf 91' lang='lat' dir='ltr'><strong>de</strong></span> <span class='ocrx_word' id='word_1_177' title='bbox 2605 1829 2784 1905; x_wconf 86' lang='lat' dir='ltr'><strong>iusto,</strong></span> <span class='ocrx_word' id='word_1_178' title='bbox 2811 1830 2967 1910; x_wconf 89' lang='lat' dir='ltr'><strong>quod</strong></span> <span class='ocrx_word' id='word_1_179' title='bbox 2993 1829 3137 1891; x_wconf 88' lang='lat' dir='ltr'><strong>licet</strong></span> <span class='ocrx_word' id='word_1_180' title='bbox 3158 1847 3292 1890; x_wconf 88' lang='lat' dir='ltr'><strong>cum</strong></span> <span class='ocrx_word' id='word_1_181' title='bbox 3317 1839 3627 1910; x_wconf 83' lang='lat' dir='ltr'><strong>peccatore</strong></span> 
     </span>
    </p>
   </div>
   <div class='ocr_carea' id='block_1_29' title="bbox 335 1922 1953 1999">
    <p class='ocr_par' dir='ltr' id='par_1_29' title="bbox 335 1922 952 1997">
     <span class='ocr_line' id='line_1_35' title="bbox 335 1922 952 1997; baseline -0.01 -13"><span class='ocrx_word' id='word_1_182' title='bbox 335 1923 729 1984; x_wconf 83' lang='grc' dir='ltr'>συναπόλλυται</span> <span class='ocrx_word' id='word_1_183' title='bbox 785 1922 952 1997; x_wconf 70' lang='grc' dir='ltr'>αὐτῷ,</span> 
     </span>
    </p>
   </div>
   <div class='ocr_carea' id='block_1_30' title="bbox 1651 1922 3269 1999">
    <p class='ocr_par' dir='ltr' id='par_1_30' title="bbox 2065 1926 3269 1999">
     <span class='ocr_line' id='line_1_36' title="bbox 2065 1926 3269 1999; baseline -0.002 -19"><span class='ocrx_word' id='word_1_184' title='bbox 2065 1926 2358 1997; x_wconf 83' lang='lat' dir='ltr'><strong>versetur,</strong></span> <span class='ocrx_word' id='word_1_185' title='bbox 2399 1935 2516 1978; x_wconf 91' lang='lat' dir='ltr'><strong>non</strong></span> <span class='ocrx_word' id='word_1_186' title='bbox 2548 1927 2745 1980; x_wconf 88' lang='lat' dir='ltr'><strong>tamen</strong></span> <span class='ocrx_word' id='word_1_187' title='bbox 2777 1936 2909 1980; x_wconf 88' lang='lat' dir='ltr'><strong>cum</strong></span> <span class='ocrx_word' id='word_1_188' title='bbox 2945 1936 3015 1980; x_wconf 91' lang='lat' dir='ltr'><strong>eo</strong></span> <span class='ocrx_word' id='word_1_189' title='bbox 3047 1926 3269 1999; x_wconf 79' lang='lat' dir='ltr'><strong>pereat.</strong></span> 
     </span>
    </p>
   </div>
   <div class='ocr_carea' id='block_1_31' title="bbox 250 2003 1868 2093">
    <p class='ocr_par' dir='ltr' id='par_1_31' title="bbox 250 2011 1868 2093">
     <span class='ocr_line' id='line_1_37' title="bbox 250 2011 1868 2093; baseline -0.005 -19"><span class='ocrx_word' id='word_1_190' title='bbox 250 2015 348 2078; x_wconf 76' lang='grc' dir='ltr'>ιε’.</span> <span class='ocrx_word' id='word_1_191' title='bbox 421 2015 556 2082; x_wconf 83' lang='grc' dir='ltr'>’Ὅτι</span> <span class='ocrx_word' id='word_1_192' title='bbox 614 2015 676 2072; x_wconf 72' lang='grc' dir='ltr'>οὗ</span> <span class='ocrx_word' id='word_1_193' title='bbox 745 2013 857 2093; x_wconf 76' lang='grc' dir='ltr'><strong>χρὴ</strong></span> <span class='ocrx_word' id='word_1_194' title='bbox 916 2015 1006 2069; x_wconf 83' lang='grc' dir='ltr'>τὸν</span> <span class='ocrx_word' id='word_1_195' title='bbox 1061 2011 1204 2089; x_wconf 78' lang='grc' dir='ltr'>ἱερέα</span> <span class='ocrx_word' id='word_1_196' title='bbox 1262 2012 1473 2088; x_wconf 82' lang='grc' dir='ltr'>μήποτε</span> <span class='ocrx_word' id='word_1_197' title='bbox 1544 2016 1777 2091; x_wconf 82' lang='grc' dir='ltr'>παρορᾷν</span> <span class='ocrx_word' id='word_1_198' title='bbox 1833 2032 1868 2065; x_wconf 62' lang='grc' dir='ltr'>τι</span> 
     </span>
    </p>
   </div>
   <div class='ocr_carea' id='block_1_32' title="bbox 2004 2003 3622 2093">
    <p class='ocr_par' dir='ltr' id='par_1_32' title="bbox 2004 2003 3622 2087">
     <span class='ocr_line' id='line_1_38' title="bbox 2004 2003 3622 2087; baseline 0.001 -19"><span class='ocrx_word' id='word_1_199' title='bbox 2004 2006 2104 2070; x_wconf 91' lang='lat' dir='ltr'><strong>(V.</strong></span> <span class='ocrx_word' id='word_1_200' title='bbox 2135 2003 2304 2078; x_wconf 89' lang='lat' dir='ltr'><strong>Quod</strong></span> <span class='ocrx_word' id='word_1_201' title='bbox 2335 2006 2614 2068; x_wconf 89' lang='lat' dir='ltr'><strong>sacerdos</strong></span> <span class='ocrx_word' id='word_1_202' title='bbox 2645 2025 2757 2069; x_wconf 92' lang='lat' dir='ltr'><strong>nec</strong></span> <span class='ocrx_word' id='word_1_203' title='bbox 2790 2015 3027 2087; x_wconf 88' lang='lat' dir='ltr'><strong>peccata</strong></span> <span class='ocrx_word' id='word_1_204' title='bbox 3057 2005 3356 2087; x_wconf 79' lang='lat' dir='ltr'><strong>negligere</strong></span> <span class='ocrx_word' id='word_1_205' title='bbox 3385 2008 3622 2085; x_wconf 88' lang='lat' dir='ltr'><strong>debeat,</strong></span> 
     </span>
    </p>
   </div>
   <div class='ocr_carea' id='block_1_33' title="bbox 333 2097 1951 2184">
    <p class='ocr_par' dir='ltr' id='par_1_33' title="bbox 333 2099 1898 2184">
     <span class='ocr_line' id='line_1_39' title="bbox 333 2099 1898 2184; baseline -0.004 -22"><span class='ocrx_word' id='word_1_206' title='bbox 333 2105 716 2184; x_wconf 78' lang='grc' dir='ltr'>ἁμαρτήματα,</span> <span class='ocrx_word' id='word_1_207' title='bbox 777 2103 916 2178; x_wconf 78' lang='grc' dir='ltr'>μήτε</span> <span class='ocrx_word' id='word_1_208' title='bbox 968 2102 1254 2181; x_wconf 87' lang='grc' dir='ltr'>πρόχειρον</span> <span class='ocrx_word' id='word_1_209' title='bbox 1311 2100 1454 2158; x_wconf 74' lang='grc' dir='ltr'>εἶναι</span> <span class='ocrx_word' id='word_1_210' title='bbox 1498 2099 1553 2157; x_wconf 75' lang='grc' dir='ltr'>ὲν</span> <span class='ocrx_word' id='word_1_211' title='bbox 1589 2101 1667 2175; x_wconf 78' lang='grc' dir='ltr'>τῷ</span> <span class='ocrx_word' id='word_1_212' title='bbox 1721 2121 1898 2176; x_wconf 86' lang='grc' dir='ltr'>τιμω-</span> 
     </span>
    </p>
   </div>
   <div class='ocr_carea' id='block_1_34' title="bbox 1538 2097 3156 2184">
    <p class='ocr_par' dir='ltr' id='par_1_34' title="bbox 1538 2097 3156 2176">
     <span class='ocr_line' id='line_1_40' title="bbox 1538 2097 3156 2176; baseline 0.002 -19"><span class='ocrx_word' id='word_1_213' title='bbox 1538 2123 1553 2157; x_wconf 73' lang='grc' dir='ltr'><strong>ν</strong></span> <span class='ocrx_word' id='word_1_214' title='bbox 1589 2101 1667 2175; x_wconf 79' lang='grc' dir='ltr'>τῷ</span> <span class='ocrx_word' id='word_1_215' title='bbox 1721 2121 1898 2176; x_wconf 85' lang='grc' dir='ltr'>τιμω-</span> <span class='ocrx_word' id='word_1_216' title='bbox 2068 2114 2178 2157; x_wconf 90' lang='lat' dir='ltr'><strong>nec</strong></span> <span class='ocrx_word' id='word_1_217' title='bbox 2211 2102 2522 2176; x_wconf 90' lang='lat' dir='ltr'><strong>promptus</strong></span> <span class='ocrx_word' id='word_1_218' title='bbox 2548 2114 2682 2158; x_wconf 90' lang='lat' dir='ltr'><strong>esse</strong></span> <span class='ocrx_word' id='word_1_219' title='bbox 2711 2099 2786 2159; x_wconf 90' lang='lat' dir='ltr'><strong>ad</strong></span> <span class='ocrx_word' id='word_1_220' title='bbox 2818 2097 3156 2160; x_wconf 84' lang='lat' dir='ltr'><strong>vindictam.</strong></span> 
     </span>
    </p>
   </div>
   <div class='ocr_carea' id='block_1_35' title="bbox 365 2197 562 2256">
    <p class='ocr_par' dir='ltr' id='par_1_35' title="bbox 365 2197 562 2256">
     <span class='ocr_line' id='line_1_41' title="bbox 365 2197 562 2256; baseline -0.015 -5"><span class='ocrx_word' id='word_1_221' title='bbox 365 2197 562 2256; x_wconf 74' lang='grc' dir='ltr'>εἶσθαι,</span> 
     </span>
    </p>
   </div>
   <div class='ocr_carea' id='block_1_36' title="bbox 254 2217 1872 2361">
    <p class='ocr_par' dir='ltr' id='par_1_36' title="bbox 254 2217 1870 2361">
     <span class='ocr_line' id='line_1_42' title="bbox 254 2217 1870 2361; baseline -0.006 -20"><span class='ocrx_word' id='word_1_222' title='bbox 254 2217 878 2361; x_wconf 51' lang='grc' dir='ltr'>ις’ςῗῖἶιῖἒίμετανοίας,</span> <span class='ocrx_word' id='word_1_223' title='bbox 909 2280 999 2336; x_wconf 82' lang='grc' dir='ltr'><strong>καὶ</strong></span> <span class='ocrx_word' id='word_1_224' title='bbox 1027 2279 1105 2342; x_wconf 90' lang='grc' dir='ltr'><strong>τίς</strong></span> <span class='ocrx_word' id='word_1_225' title='bbox 1139 2281 1303 2345; x_wconf 77' lang='grc' dir='ltr'>αὒτῆς</span> <span class='ocrx_word' id='word_1_226' title='bbox 1329 2280 1357 2335; x_wconf 81' lang='grc' dir='ltr'>ὁ</span> <span class='ocrx_word' id='word_1_227' title='bbox 1383 2277 1606 2358; x_wconf 90' lang='grc' dir='ltr'>τρόπος,</span> <span class='ocrx_word' id='word_1_228' title='bbox 1631 2299 1720 2334; x_wconf 88' lang='grc' dir='ltr'><strong>και</strong></span> <span class='ocrx_word' id='word_1_229' title='bbox 1753 2276 1870 2333; x_wconf 77' lang='grc' dir='ltr'>ὅπω</span> 
     </span>
    </p>
   </div>
   <div class='ocr_carea' id='block_1_37' title="bbox 2005 2217 3623 2361">
    <p class='ocr_par' dir='ltr' id='par_1_37' title="bbox 2005 2272 3623 2357">
     <span class='ocr_line' id='line_1_43' title="bbox 2005 2272 3623 2357; baseline 0.002 -21"><span class='ocrx_word' id='word_1_230' title='bbox 2005 2272 2141 2336; x_wconf 81' lang='lat' dir='ltr'><strong>(Vl.</strong></span> <span class='ocrx_word' id='word_1_231' title='bbox 2179 2276 2265 2337; x_wconf 89' lang='lat' dir='ltr'><strong>De</strong></span> <span class='ocrx_word' id='word_1_232' title='bbox 2299 2273 2665 2355; x_wconf 74' lang='lat' dir='ltr'><strong>pmnitentia,</strong></span> <span class='ocrx_word' id='word_1_233' title='bbox 2700 2283 2758 2337; x_wconf 90' lang='lat' dir='ltr'><strong>et</strong></span> <span class='ocrx_word' id='word_1_234' title='bbox 2798 2275 2930 2355; x_wconf 87' lang='lat' dir='ltr'><strong>quis</strong></span> <span class='ocrx_word' id='word_1_235' title='bbox 2961 2275 3116 2338; x_wconf 88' lang='lat' dir='ltr'><strong>illius</strong></span> <span class='ocrx_word' id='word_1_236' title='bbox 3150 2276 3387 2356; x_wconf 87' lang='lat' dir='ltr'><strong>modus,</strong></span> <span class='ocrx_word' id='word_1_237' title='bbox 3422 2285 3481 2338; x_wconf 91' lang='lat' dir='ltr'><strong>et</strong></span> <span class='ocrx_word' id='word_1_238' title='bbox 3505 2295 3623 2357; x_wconf 90' lang='lat' dir='ltr'><strong>quo</strong></span> 
     </span>
    </p>
   </div>
   <div class='ocr_carea' id='block_1_38' title="bbox 332 2371 1950 2443">
    <p class='ocr_par' dir='ltr' id='par_1_38' title="bbox 332 2375 700 2443">
     <span class='ocr_line' id='line_1_44' title="bbox 332 2375 700 2443; baseline 0 -15"><span class='ocrx_word' id='word_1_239' title='bbox 332 2375 700 2443; x_wconf 73' lang='grc' dir='ltr'>κατορθοῦται.</span> 
     </span>
    </p>
   </div>
   <div class='ocr_carea' id='block_1_39' title="bbox 980 2371 2598 2443">
    <p class='ocr_par' dir='ltr' id='par_1_39' title="bbox 2069 2371 2598 2443">
     <span class='ocr_line' id='line_1_45' title="bbox 2069 2371 2598 2443; baseline 0.004 -19"><span class='ocrx_word' id='word_1_240' title='bbox 2069 2372 2236 2443; x_wconf 91' lang='lat' dir='ltr'><strong>pacto</strong></span> <span class='ocrx_word' id='word_1_241' title='bbox 2266 2371 2598 2443; x_wconf 78' lang='lat' dir='ltr'><strong>peragatur.</strong></span> 
     </span>
    </p>
   </div>
   <div class='ocr_carea' id='block_1_40' title="bbox 252 2452 1870 2539">
    <p class='ocr_par' dir='ltr' id='par_1_40' title="bbox 252 2453 1870 2535">
     <span class='ocr_line' id='line_1_46' title="bbox 252 2453 1870 2535; baseline -0.004 -19"><span class='ocrx_word' id='word_1_242' title='bbox 252 2459 347 2531; x_wconf 81' lang='grc' dir='ltr'><strong>ιζ’.</strong></span> <span class='ocrx_word' id='word_1_243' title='bbox 380 2459 518 2517; x_wconf 83' lang='grc' dir='ltr'>’Ὅτι</span> <span class='ocrx_word' id='word_1_244' title='bbox 575 2456 935 2524; x_wconf 81' lang='grc' dir='ltr'>ἀνεπίληπτον</span> <span class='ocrx_word' id='word_1_245' title='bbox 979 2459 1118 2512; x_wconf 82' lang='grc' dir='ltr'>εἶναι</span> <span class='ocrx_word' id='word_1_246' title='bbox 1170 2455 1281 2535; x_wconf 77' lang='grc' dir='ltr'><strong>χρὴ</strong></span> <span class='ocrx_word' id='word_1_247' title='bbox 1332 2456 1424 2512; x_wconf 81' lang='grc' dir='ltr'>τὸν</span> <span class='ocrx_word' id='word_1_248' title='bbox 1480 2453 1793 2528; x_wconf 68' lang='grc' dir='ltr'>ἐπίσκοπον,</span> <span class='ocrx_word' id='word_1_249' title='bbox 1826 2456 1870 2509; x_wconf 84' lang='grc' dir='ltr'><strong>ὡ</strong></span> 
     </span>
    </p>
   </div>
   <div class='ocr_carea' id='block_1_41' title="bbox 2006 2452 3624 2539">
    <p class='ocr_par' dir='ltr' id='par_1_41' title="bbox 2006 2452 3624 2539">
     <span class='ocr_line' id='line_1_47' title="bbox 2006 2452 3624 2539; baseline 0.004 -25"><span class='ocrx_word' id='word_1_250' title='bbox 2006 2452 2171 2516; x_wconf 82' lang='lat' dir='ltr'><strong>(VII.</strong></span> <span class='ocrx_word' id='word_1_251' title='bbox 2201 2453 2556 2533; x_wconf 90' lang='lat' dir='ltr'><strong>Episcopum</strong></span> <span class='ocrx_word' id='word_1_252' title='bbox 2588 2452 2812 2516; x_wconf 87' lang='lat' dir='ltr'><strong>debere</strong></span> <span class='ocrx_word' id='word_1_253' title='bbox 2843 2471 2977 2516; x_wconf 90' lang='lat' dir='ltr'><strong>esse</strong></span> <span class='ocrx_word' id='word_1_254' title='bbox 3006 2454 3624 2539; x_wconf 85' lang='lat' dir='ltr'><strong>irreprehensibilem,</strong></span> 
     </span>
    </p>
   </div>
   <div class='ocr_carea' id='block_1_42' title="bbox 340 2541 1958 2625">
    <p class='ocr_par' dir='ltr' id='par_1_42' title="bbox 340 2545 1016 2625">
     <span class='ocr_line' id='line_1_48' title="bbox 340 2545 1016 2625; baseline 0 -21"><span class='ocrx_word' id='word_1_255' title='bbox 340 2549 509 2604; x_wconf 79' lang='grc' dir='ltr'>τύπον</span> <span class='ocrx_word' id='word_1_256' title='bbox 537 2552 644 2602; x_wconf 81' lang='grc' dir='ltr'><strong>τῶν</strong></span> <span class='ocrx_word' id='word_1_257' title='bbox 677 2545 1016 2625; x_wconf 76' lang='grc' dir='ltr'>ἀρχομένων.</span> 
     </span>
    </p>
   </div>
   <div class='ocr_carea' id='block_1_43' title="bbox 1399 2541 3017 2625">
    <p class='ocr_par' dir='ltr' id='par_1_43' title="bbox 2071 2541 3017 2622">
     <span class='ocr_line' id='line_1_49' title="bbox 2071 2541 3017 2622; baseline 0.001 -20"><span class='ocrx_word' id='word_1_258' title='bbox 2071 2550 2274 2622; x_wconf 90' lang='lat' dir='ltr'><strong>utpote</strong></span> <span class='ocrx_word' id='word_1_259' title='bbox 2305 2541 2553 2603; x_wconf 83' lang='lat' dir='ltr'><strong>formam</strong></span> <span class='ocrx_word' id='word_1_260' title='bbox 2587 2543 3017 2622; x_wconf 87' lang='lat' dir='ltr'><strong>subjectorum.</strong></span> 
     </span>
    </p>
   </div>
   <div class='ocr_carea' id='block_1_44' title="bbox 264 2629 1882 2719">
    <p class='ocr_par' dir='ltr' id='par_1_44' title="bbox 264 2629 1882 2714">
     <span class='ocr_line' id='line_1_50' title="bbox 264 2629 1882 2714; baseline -0.004 -21"><span class='ocrx_word' id='word_1_261' title='bbox 264 2637 351 2706; x_wconf 81' lang='grc' dir='ltr'>ιη’</span> <span class='ocrx_word' id='word_1_262' title='bbox 385 2634 523 2694; x_wconf 79' lang='grc' dir='ltr'>’Ὅτι</span> <span class='ocrx_word' id='word_1_263' title='bbox 583 2635 692 2714; x_wconf 73' lang='grc' dir='ltr'><strong>χρὴ</strong></span> <span class='ocrx_word' id='word_1_264' title='bbox 744 2637 835 2692; x_wconf 81' lang='grc' dir='ltr'><strong>τὸν</strong></span> <span class='ocrx_word' id='word_1_265' title='bbox 890 2633 1178 2691; x_wconf 71' lang='grc' dir='ltr'>ἐπίσκοπον</span> <span class='ocrx_word' id='word_1_266' title='bbox 1227 2631 1541 2712; x_wconf 77' lang='grc' dir='ltr'>φροντίζειν,</span> <span class='ocrx_word' id='word_1_267' title='bbox 1587 2629 1730 2696; x_wconf 76' lang='grc' dir='ltr'>ὅπως</span> <span class='ocrx_word' id='word_1_268' title='bbox 1775 2631 1882 2690; x_wconf 65' lang='grc' dir='ltr'>λαὸς</span> 
     </span>
    </p>
   </div>
   <div class='ocr_carea' id='block_1_45' title="bbox 2011 2629 3629 2719">
    <p class='ocr_par' dir='ltr' id='par_1_45' title="bbox 2011 2629 3629 2719">
     <span class='ocr_line' id='line_1_51' title="bbox 2011 2629 3629 2719; baseline 0.006 -28"><span class='ocrx_word' id='word_1_269' title='bbox 2011 2629 2198 2695; x_wconf 91' lang='lat' dir='ltr'><strong>(VIII.</strong></span> <span class='ocrx_word' id='word_1_270' title='bbox 2228 2631 2392 2704; x_wconf 84' lang='lat' dir='ltr'><strong>Quod</strong></span> <span class='ocrx_word' id='word_1_271' title='bbox 2427 2639 2660 2712; x_wconf 91' lang='lat' dir='ltr'><strong>oportet</strong></span> <span class='ocrx_word' id='word_1_272' title='bbox 2690 2632 3036 2713; x_wconf 86' lang='lat' dir='ltr'><strong>episcopum</strong></span> <span class='ocrx_word' id='word_1_273' title='bbox 3065 2652 3298 2717; x_wconf 88' lang='lat' dir='ltr'><strong>curare,</strong></span> <span class='ocrx_word' id='word_1_274' title='bbox 3326 2653 3399 2700; x_wconf 91' lang='lat' dir='ltr'><strong>ne</strong></span> <span class='ocrx_word' id='word_1_275' title='bbox 3426 2647 3629 2719; x_wconf 87' lang='lat' dir='ltr'><strong>peccet</strong></span> 
     </span>
    </p>
   </div>
   <div class='ocr_carea' id='block_1_46' title="bbox 345 2720 1963 2804">
    <p class='ocr_par' dir='ltr' id='par_1_46' title="bbox 345 2721 1602 2804">
     <span class='ocr_line' id='line_1_52' title="bbox 345 2721 1602 2804; baseline -0.005 -22"><span class='ocrx_word' id='word_1_276' title='bbox 345 2728 424 2802; x_wconf 77' lang='grc' dir='ltr'><strong>μη</strong></span> <span class='ocrx_word' id='word_1_277' title='bbox 465 2722 785 2804; x_wconf 79' lang='grc' dir='ltr'>πλημμελῇ,</span> <span class='ocrx_word' id='word_1_278' title='bbox 823 2721 907 2781; x_wconf 81' lang='grc' dir='ltr'><strong>διὰ</strong></span> <span class='ocrx_word' id='word_1_279' title='bbox 934 2725 994 2780; x_wconf 85' lang='grc' dir='ltr'>τὸ</span> <span class='ocrx_word' id='word_1_280' title='bbox 1026 2723 1168 2780; x_wconf 76' lang='grc' dir='ltr'>εἶναι</span> <span class='ocrx_word' id='word_1_281' title='bbox 1195 2724 1351 2780; x_wconf 79' lang='grc' dir='ltr'>αὐτὸν</span> <span class='ocrx_word' id='word_1_282' title='bbox 1378 2721 1602 2784; x_wconf 85' lang='grc' dir='ltr'>σκοπόν.</span> 
     </span>
    </p>
   </div>
   <div class='ocr_carea' id='block_1_47' title="bbox 1487 2720 3105 2804">
    <p class='ocr_par' dir='ltr' id='par_1_47' title="bbox 1487 2720 3105 2803">
     <span class='ocr_line' id='line_1_53' title="bbox 1487 2720 3105 2803; baseline 0.003 -24"><span class='ocrx_word' id='word_1_283' title='bbox 1487 2721 1602 2784; x_wconf 84' lang='grc' dir='ltr'>πόν.</span> <span class='ocrx_word' id='word_1_284' title='bbox 2073 2720 2264 2799; x_wconf 89' lang='lat' dir='ltr'><strong>plebs,</strong></span> <span class='ocrx_word' id='word_1_285' title='bbox 2301 2722 2440 2800; x_wconf 85' lang='lat' dir='ltr'><strong>quia</strong></span> <span class='ocrx_word' id='word_1_286' title='bbox 2469 2720 2597 2800; x_wconf 90' lang='lat' dir='ltr'><strong>ipse</strong></span> <span class='ocrx_word' id='word_1_287' title='bbox 2625 2731 2715 2783; x_wconf 88' lang='lat' dir='ltr'><strong>est</strong></span> <span class='ocrx_word' id='word_1_288' title='bbox 2748 2722 3105 2803; x_wconf 88' lang='lat' dir='ltr'><strong>speculator.</strong></span> 
     </span>
    </p>
   </div>
   <div class='ocr_carea' id='block_1_48' title="bbox 261 2808 1879 2893">
    <p class='ocr_par' dir='ltr' id='par_1_48' title="bbox 261 2810 1879 2890">
     <span class='ocr_line' id='line_1_54' title="bbox 261 2810 1879 2890; baseline -0.004 -18"><span class='ocrx_word' id='word_1_289' title='bbox 261 2814 356 2879; x_wconf 68' lang='grc' dir='ltr'><strong>ω’,</strong></span> <span class='ocrx_word' id='word_1_290' title='bbox 394 2813 534 2872; x_wconf 85' lang='grc' dir='ltr'>’Ὅτι</span> <span class='ocrx_word' id='word_1_291' title='bbox 565 2814 650 2869; x_wconf 88' lang='grc' dir='ltr'><strong>καὶ</strong></span> <span class='ocrx_word' id='word_1_292' title='bbox 682 2816 709 2870; x_wconf 84' lang='grc' dir='ltr'>ὁ</span> <span class='ocrx_word' id='word_1_293' title='bbox 737 2813 940 2879; x_wconf 72' lang='grc' dir='ltr'>ποιμὴν</span> <span class='ocrx_word' id='word_1_294' title='bbox 973 2811 1187 2887; x_wconf 80' lang='grc' dir='ltr'>ἀμελῶς</span> <span class='ocrx_word' id='word_1_295' title='bbox 1219 2811 1505 2890; x_wconf 85' lang='grc' dir='ltr'>φερόμενος</span> <span class='ocrx_word' id='word_1_296' title='bbox 1527 2810 1646 2889; x_wconf 80' lang='grc' dir='ltr'>περὶ</span> <span class='ocrx_word' id='word_1_297' title='bbox 1671 2811 1737 2870; x_wconf 79' lang='grc' dir='ltr'><strong>τὰ</strong></span> <span class='ocrx_word' id='word_1_298' title='bbox 1768 2812 1879 2890; x_wconf 69' lang='grc' dir='ltr'>πρός</span> 
     </span>
    </p>
   </div>
   <div class='ocr_carea' id='block_1_49' title="bbox 2008 2808 3626 2893">
    <p class='ocr_par' dir='ltr' id='par_1_49' title="bbox 2008 2808 3626 2893">
     <span class='ocr_line' id='line_1_55' title="bbox 2008 2808 3626 2893; baseline 0.004 -21"><span class='ocrx_word' id='word_1_299' title='bbox 2008 2808 2148 2872; x_wconf 72' lang='lat' dir='ltr'><strong>XIX.</strong></span> <span class='ocrx_word' id='word_1_300' title='bbox 2173 2808 2342 2881; x_wconf 89' lang='lat' dir='ltr'><strong>Quod</strong></span> <span class='ocrx_word' id='word_1_301' title='bbox 2363 2818 2560 2890; x_wconf 89' lang='lat' dir='ltr'><strong>pastor</strong></span> <span class='ocrx_word' id='word_1_302' title='bbox 2581 2809 2778 2872; x_wconf 87' lang='lat' dir='ltr'><strong>ovium</strong></span> <span class='ocrx_word' id='word_1_303' title='bbox 2804 2810 3135 2893; x_wconf 88' lang='lat' dir='ltr'><strong>negligens,</strong></span> <span class='ocrx_word' id='word_1_304' title='bbox 3165 2830 3368 2893; x_wconf 71' lang='lat' dir='ltr'><strong>poenas</strong></span> <span class='ocrx_word' id='word_1_305' title='bbox 3397 2814 3626 2892; x_wconf 85' lang='lat' dir='ltr'><strong>solvat;</strong></span> 
     </span>
    </p>
   </div>
   <div class='ocr_carea' id='block_1_50' title="bbox 341 2898 1959 2982">
    <p class='ocr_par' dir='ltr' id='par_1_50' title="bbox 341 2898 1906 2980">
     <span class='ocr_line' id='line_1_56' title="bbox 341 2898 1906 2980; baseline -0.002 -20"><span class='ocrx_word' id='word_1_306' title='bbox 341 2902 499 2978; x_wconf 82' lang='grc' dir='ltr'>ϐατα,</span> <span class='ocrx_word' id='word_1_307' title='bbox 531 2902 681 2970; x_wconf 83' lang='grc' dir='ltr'>δίκην</span> <span class='ocrx_word' id='word_1_308' title='bbox 723 2903 974 2974; x_wconf 84' lang='grc' dir='ltr'>τίννυσιν,</span> <span class='ocrx_word' id='word_1_309' title='bbox 1009 2903 1098 2958; x_wconf 81' lang='grc' dir='ltr'><strong>καὶ</strong></span> <span class='ocrx_word' id='word_1_310' title='bbox 1154 2902 1218 2957; x_wconf 83' lang='grc' dir='ltr'>τὸ</span> <span class='ocrx_word' id='word_1_311' title='bbox 1271 2898 1538 2980; x_wconf 79' lang='grc' dir='ltr'>πρόϐατον</span> <span class='ocrx_word' id='word_1_312' title='bbox 1569 2901 1647 2977; x_wconf 78' lang='grc' dir='ltr'><strong>μὴ</strong></span> <span class='ocrx_word' id='word_1_313' title='bbox 1683 2905 1906 2980; x_wconf 85' lang='grc' dir='ltr'>πειθαρ-</span> 
     </span>
    </p>
   </div>
   <div class='ocr_carea' id='block_1_51' title="bbox 1776 2898 3394 2982">
    <p class='ocr_par' dir='ltr' id='par_1_51' title="bbox 1776 2899 3394 2982">
     <span class='ocr_line' id='line_1_57' title="bbox 1776 2899 3394 2982; baseline 0.006 -25"><span class='ocrx_word' id='word_1_314' title='bbox 1776 2905 1906 2980; x_wconf 83' lang='grc' dir='ltr'>θαρ-</span> <span class='ocrx_word' id='word_1_315' title='bbox 2071 2908 2130 2960; x_wconf 91' lang='lat' dir='ltr'><strong>et</strong></span> <span class='ocrx_word' id='word_1_316' title='bbox 2161 2899 2306 2979; x_wconf 92' lang='lat' dir='ltr'><strong>ovis,</strong></span> <span class='ocrx_word' id='word_1_317' title='bbox 2345 2918 2462 2960; x_wconf 91' lang='lat' dir='ltr'><strong>non</strong></span> <span class='ocrx_word' id='word_1_318' title='bbox 2493 2899 2785 2962; x_wconf 88' lang='lat' dir='ltr'><strong>obediens</strong></span> <span class='ocrx_word' id='word_1_319' title='bbox 2816 2903 3060 2982; x_wconf 85' lang='lat' dir='ltr'><strong>pastori,</strong></span> <span class='ocrx_word' id='word_1_320' title='bbox 3095 2903 3394 2982; x_wconf 89' lang='lat' dir='ltr'><strong>puniatur.</strong></span> 
     </span>
    </p>
   </div>
   <div class='ocr_carea' id='block_1_52' title="bbox 342 2989 1193 3073">
    <p class='ocr_par' dir='ltr' id='par_1_52' title="bbox 342 2989 1193 3073">
     <span class='ocr_line' id='line_1_58' title="bbox 342 2989 1193 3073; baseline -0.002 -24"><span class='ocrx_word' id='word_1_321' title='bbox 342 2999 475 3073; x_wconf 81' lang='grc' dir='ltr'>χοῦν</span> <span class='ocrx_word' id='word_1_322' title='bbox 502 2999 581 3066; x_wconf 85' lang='grc' dir='ltr'>τῷ</span> <span class='ocrx_word' id='word_1_323' title='bbox 618 2991 859 3067; x_wconf 80' lang='grc' dir='ltr'>ποιμένι,</span> <span class='ocrx_word' id='word_1_324' title='bbox 892 2989 1193 3061; x_wconf 81' lang='grc' dir='ltr'>κολάζεται.</span> 
     </span>
    </p>
   </div>
   <div class='ocr_carea' id='block_1_53' title="bbox 257 3073 1875 3180">
    <p class='ocr_par' dir='ltr' id='par_1_53' title="bbox 257 3078 1875 3160">
     <span class='ocr_line' id='line_1_59' title="bbox 257 3078 1875 3160; baseline -0.003 -20"><span class='ocrx_word' id='word_1_325' title='bbox 257 3084 338 3146; x_wconf 86' lang='grc' dir='ltr'><strong>κ’,</strong></span> <span class='ocrx_word' id='word_1_326' title='bbox 397 3080 596 3145; x_wconf 82' lang='grc' dir='ltr'>’Ὅπως</span> <span class='ocrx_word' id='word_1_327' title='bbox 669 3081 782 3160; x_wconf 79' lang='grc' dir='ltr'><strong>χρὴ</strong></span> <span class='ocrx_word' id='word_1_328' title='bbox 825 3079 946 3143; x_wconf 79' lang='grc' dir='ltr'>τοὺς</span> <span class='ocrx_word' id='word_1_329' title='bbox 997 3078 1330 3160; x_wconf 79' lang='grc' dir='ltr'>ἀρχομένους</span> <span class='ocrx_word' id='word_1_330' title='bbox 1397 3082 1712 3160; x_wconf 80' lang='grc' dir='ltr'>πειθαρχεῖν</span> <span class='ocrx_word' id='word_1_331' title='bbox 1784 3091 1875 3137; x_wconf 78' lang='grc' dir='ltr'><strong>τοτ</strong></span> 
     </span>
    </p>
   </div>
   <div class='ocr_carea' id='block_1_54' title="bbox 2012 3073 3630 3180">
    <p class='ocr_par' dir='ltr' id='par_1_54' title="bbox 2012 3073 3630 3180">
     <span class='ocr_line' id='line_1_60' title="bbox 2012 3073 3630 3180; baseline 0.005 -43"><span class='ocrx_word' id='word_1_332' title='bbox 2012 3073 2125 3180; x_wconf 48' lang='grc' dir='ltr'><strong>ΚΧ..</strong></span> <span class='ocrx_word' id='word_1_333' title='bbox 2151 3075 2276 3180; x_wconf 66' lang='lat' dir='ltr'><strong>Quo</strong></span> <span class='ocrx_word' id='word_1_334' title='bbox 2311 3078 2484 3180; x_wconf 78' lang='lat' dir='ltr'><strong>modo</strong></span> <span class='ocrx_word' id='word_1_335' title='bbox 2517 3077 2772 3180; x_wconf 79' lang='lat' dir='ltr'><strong>subjecti</strong></span> <span class='ocrx_word' id='word_1_336' title='bbox 2798 3080 3131 3160; x_wconf 63' lang='lat' dir='ltr'><strong>praepositis</strong></span> <span class='ocrx_word' id='word_1_337' title='bbox 3174 3080 3285 3143; x_wconf 89' lang='lat' dir='ltr'><strong>sibi</strong></span> <span class='ocrx_word' id='word_1_338' title='bbox 3335 3081 3630 3163; x_wconf 89' lang='lat' dir='ltr'><strong>episcopis</strong></span> 
     </span>
    </p>
   </div>
   <div class='ocr_carea' id='block_1_55' title="bbox 343 3165 1961 3251">
    <p class='ocr_par' dir='ltr' id='par_1_55' title="bbox 343 3165 1961 3251">
     <span class='ocr_line' id='line_1_61' title="bbox 343 3165 1961 3251; baseline -0.007 -22"><span class='ocrx_word' id='word_1_339' title='bbox 343 3173 600 3251; x_wconf 75' lang='grc' dir='ltr'>ἄρχουσιν</span> <span class='ocrx_word' id='word_1_340' title='bbox 658 3169 970 3233; x_wconf 68' lang='grc' dir='ltr'>ἐπισκόποις</span> <span class='ocrx_word' id='word_1_341' title='bbox 981 3209 993 3224; x_wconf 92' lang='grc'><strong>.</strong></span> <span class='ocrx_word' id='word_1_342' title='bbox 1926 3165 1961 3180; x_wconf 80' lang='grc'><strong><em>“</em></strong></span> 
     </span>
    </p>
   </div>
   <div class='ocr_carea' id='block_1_56' title="bbox 1007 3165 2625 3251">
    <p class='ocr_par' dir='ltr' id='par_1_56' title="bbox 1926 3165 2625 3230">
     <span class='ocr_line' id='line_1_62' title="bbox 1926 3165 2625 3230; baseline 0.007 -5"><span class='ocrx_word' id='word_1_343' title='bbox 1926 3165 1967 3180; x_wconf 77' lang='lat'><strong>&quot;</strong></span> <span class='ocrx_word' id='word_1_344' title='bbox 2072 3165 2318 3228; x_wconf 91' lang='lat' dir='ltr'><strong>obedire</strong></span> <span class='ocrx_word' id='word_1_345' title='bbox 2350 3167 2625 3230; x_wconf 87' lang='lat' dir='ltr'><strong>debeant.</strong></span> 
     </span>
    </p>
   </div>
   <div class='ocr_carea' id='block_1_57' title="bbox 259 3253 1877 3341">
    <p class='ocr_par' dir='ltr' id='par_1_57' title="bbox 259 3256 1876 3336">
     <span class='ocr_line' id='line_1_63' title="bbox 259 3256 1876 3336; baseline -0.004 -16"><span class='ocrx_word' id='word_1_346' title='bbox 259 3260 374 3320; x_wconf 84' lang='grc' dir='ltr'>κα’.</span> <span class='ocrx_word' id='word_1_347' title='bbox 441 3259 576 3317; x_wconf 88' lang='grc' dir='ltr'>’Ὅτι</span> <span class='ocrx_word' id='word_1_348' title='bbox 649 3256 881 3317; x_wconf 82' lang='grc' dir='ltr'>κίνδυνος</span> <span class='ocrx_word' id='word_1_349' title='bbox 967 3262 1242 3336; x_wconf 82' lang='grc' dir='ltr'>μονομερῆ</span> <span class='ocrx_word' id='word_1_350' title='bbox 1314 3258 1482 3336; x_wconf 89' lang='grc' dir='ltr'>κρίσιν</span> <span class='ocrx_word' id='word_1_351' title='bbox 1550 3259 1876 3327; x_wconf 83' lang='grc' dir='ltr'>ποιήσασθαι</span> 
     </span>
    </p>
   </div>
   <div class='ocr_carea' id='block_1_58' title="bbox 2011 3253 3629 3341">
    <p class='ocr_par' dir='ltr' id='par_1_58' title="bbox 2011 3253 3629 3341">
     <span class='ocr_line' id='line_1_64' title="bbox 2011 3253 3629 3341; baseline 0.002 -23"><span class='ocrx_word' id='word_1_352' title='bbox 2011 3253 2142 3318; x_wconf 77' lang='lat' dir='ltr'><strong>(XI.</strong></span> <span class='ocrx_word' id='word_1_353' title='bbox 2180 3255 2348 3329; x_wconf 88' lang='lat' dir='ltr'><strong>Quod</strong></span> <span class='ocrx_word' id='word_1_354' title='bbox 2381 3257 2710 3337; x_wconf 91' lang='lat' dir='ltr'><strong>periculum</strong></span> <span class='ocrx_word' id='word_1_355' title='bbox 2764 3257 2862 3334; x_wconf 92' lang='lat' dir='ltr'><strong>sit,</strong></span> <span class='ocrx_word' id='word_1_356' title='bbox 2897 3277 3016 3320; x_wconf 91' lang='lat' dir='ltr'><strong>una</strong></span> <span class='ocrx_word' id='word_1_357' title='bbox 3053 3266 3278 3321; x_wconf 88' lang='lat' dir='ltr'><strong>tantum</strong></span> <span class='ocrx_word' id='word_1_358' title='bbox 3311 3270 3476 3341; x_wconf 88' lang='lat' dir='ltr'><strong>parte</strong></span> <span class='ocrx_word' id='word_1_359' title='bbox 3522 3280 3629 3324; x_wconf 91' lang='lat' dir='ltr'><strong>au-</strong></span> 
     </span>
    </p>
   </div>
   <div class='ocr_carea' id='block_1_59' title="bbox 345 3344 1963 3428">
    <p class='ocr_par' dir='ltr' id='par_1_59' title="bbox 345 3345 1906 3426">
     <span class='ocr_line' id='line_1_65' title="bbox 345 3345 1906 3426; baseline -0.003 -20"><span class='ocrx_word' id='word_1_360' title='bbox 345 3351 434 3406; x_wconf 83' lang='grc' dir='ltr'>καὶ</span> <span class='ocrx_word' id='word_1_361' title='bbox 508 3349 764 3426; x_wconf 89' lang='grc' dir='ltr'>τιμωρίαν</span> <span class='ocrx_word' id='word_1_362' title='bbox 833 3346 1001 3421; x_wconf 84' lang='grc' dir='ltr'>ὁρίσαι</span> <span class='ocrx_word' id='word_1_363' title='bbox 1078 3347 1214 3404; x_wconf 84' lang='grc' dir='ltr'><strong>κατά</strong></span> <span class='ocrx_word' id='word_1_364' title='bbox 1301 3355 1394 3404; x_wconf 81' lang='grc' dir='ltr'>τοῦ</span> <span class='ocrx_word' id='word_1_365' title='bbox 1466 3346 1690 3423; x_wconf 81' lang='grc' dir='ltr'>μηδέπω</span> <span class='ocrx_word' id='word_1_366' title='bbox 1745 3345 1906 3425; x_wconf 64' lang='grc' dir='ltr'>ἔλεγ-</span> 
     </span>
    </p>
   </div>
   <div class='ocr_carea' id='block_1_60' title="bbox 2007 3344 3625 3428">
    <p class='ocr_par' dir='ltr' id='par_1_60' title="bbox 2071 3344 3625 3428">
     <span class='ocr_line' id='line_1_66' title="bbox 2071 3344 3625 3428; baseline 0.003 -22"><span class='ocrx_word' id='word_1_367' title='bbox 2071 3344 2213 3418; x_wconf 86' lang='lat' dir='ltr'><strong>dita,</strong></span> <span class='ocrx_word' id='word_1_368' title='bbox 2231 3344 2524 3424; x_wconf 88' lang='lat' dir='ltr'><strong>judicare,</strong></span> <span class='ocrx_word' id='word_1_369' title='bbox 2555 3355 2612 3409; x_wconf 92' lang='lat' dir='ltr'><strong>et</strong></span> <span class='ocrx_word' id='word_1_370' title='bbox 2635 3365 2869 3428; x_wconf 74' lang='lat' dir='ltr'><strong>poenam</strong></span> <span class='ocrx_word' id='word_1_371' title='bbox 2903 3348 3230 3410; x_wconf 90' lang='lat' dir='ltr'><strong>decernere</strong></span> <span class='ocrx_word' id='word_1_372' title='bbox 3251 3358 3462 3412; x_wconf 89' lang='lat' dir='ltr'><strong>contra</strong></span> <span class='ocrx_word' id='word_1_373' title='bbox 3490 3369 3625 3414; x_wconf 90' lang='lat' dir='ltr'><strong>eum</strong></span> 
     </span>
    </p>
   </div>
   <div class='ocr_carea' id='block_1_61' title="bbox 344 3435 1962 3519">
    <p class='ocr_par' dir='ltr' id='par_1_61' title="bbox 344 3438 595 3519">
     <span class='ocr_line' id='line_1_67' title="bbox 344 3438 595 3519; baseline -0.004 -24"><span class='ocrx_word' id='word_1_374' title='bbox 344 3438 571 3519; x_wconf 81' lang='grc' dir='ltr'>χθέντος</span> <span class='ocrx_word' id='word_1_375' title='bbox 581 3485 595 3500; x_wconf 91' lang='grc'><strong>.</strong></span> 
     </span>
    </p>
   </div>
   <div class='ocr_carea' id='block_1_62' title="bbox 1325 3435 2943 3519">
    <p class='ocr_par' dir='ltr' id='par_1_62' title="bbox 2073 3435 2943 3513">
     <span class='ocr_line' id='line_1_68' title="bbox 2073 3435 2943 3513; baseline 0.002 -18"><span class='ocrx_word' id='word_1_376' title='bbox 2073 3435 2173 3513; x_wconf 91' lang='lat' dir='ltr'><strong>qui</strong></span> <span class='ocrx_word' id='word_1_377' title='bbox 2204 3435 2470 3496; x_wconf 87' lang='lat' dir='ltr'><strong>nondum</strong></span> <span class='ocrx_word' id='word_1_378' title='bbox 2502 3435 2802 3498; x_wconf 89' lang='lat' dir='ltr'><strong>convictus</strong></span> <span class='ocrx_word' id='word_1_379' title='bbox 2832 3444 2943 3498; x_wconf 90' lang='lat' dir='ltr'><strong>est.</strong></span> 
     </span>
    </p>
   </div>
   <div class='ocr_carea' id='block_1_63' title="bbox 263 3520 1881 3607">
    <p class='ocr_par' dir='ltr' id='par_1_63' title="bbox 263 3522 1881 3604">
     <span class='ocr_line' id='line_1_69' title="bbox 263 3522 1881 3604; baseline -0.001 -20"><span class='ocrx_word' id='word_1_380' title='bbox 263 3525 375 3589; x_wconf 73' lang='grc' dir='ltr'>κε’.</span> <span class='ocrx_word' id='word_1_381' title='bbox 427 3526 566 3584; x_wconf 80' lang='grc' dir='ltr'>’Ὅτι</span> <span class='ocrx_word' id='word_1_382' title='bbox 644 3525 784 3604; x_wconf 80' lang='grc' dir='ltr'>μέγα</span> <span class='ocrx_word' id='word_1_383' title='bbox 872 3522 1206 3604; x_wconf 81' lang='grc' dir='ltr'>παράδειγμα</span> <span class='ocrx_word' id='word_1_384' title='bbox 1276 3524 1559 3600; x_wconf 86' lang='grc' dir='ltr'>μετανοίας</span> <span class='ocrx_word' id='word_1_385' title='bbox 1631 3525 1881 3604; x_wconf 80' lang='grc' dir='ltr'>πρόκειται</span> 
     </span>
    </p>
   </div>
   <div class='ocr_carea' id='block_1_64' title="bbox 2015 3520 3633 3607">
    <p class='ocr_par' dir='ltr' id='par_1_64' title="bbox 2015 3520 3633 3607">
     <span class='ocr_line' id='line_1_70' title="bbox 2015 3520 3633 3607; baseline 0.004 -22"><span class='ocrx_word' id='word_1_386' title='bbox 2015 3520 2170 3586; x_wconf 87' lang='lat' dir='ltr'><strong>(XII.</strong></span> <span class='ocrx_word' id='word_1_387' title='bbox 2207 3523 2373 3596; x_wconf 88' lang='lat' dir='ltr'><strong>Quod</strong></span> <span class='ocrx_word' id='word_1_388' title='bbox 2423 3543 2698 3604; x_wconf 88' lang='lat' dir='ltr'><strong>magnum</strong></span> <span class='ocrx_word' id='word_1_389' title='bbox 2756 3526 3118 3607; x_wconf 64' lang='lat' dir='ltr'><strong>pauitantia)</strong></span> <span class='ocrx_word' id='word_1_390' title='bbox 3173 3529 3512 3607; x_wconf 81' lang='lat' dir='ltr'><strong>exemplum</strong></span> <span class='ocrx_word' id='word_1_391' title='bbox 3573 3531 3633 3591; x_wconf 91' lang='lat' dir='ltr'><strong>in</strong></span> 
     </span>
    </p>
   </div>
   <div class='ocr_carea' id='block_1_65' title="bbox 348 3611 1966 3696">
    <p class='ocr_par' dir='ltr' id='par_1_65' title="bbox 348 3613 1910 3696">
     <span class='ocr_line' id='line_1_71' title="bbox 348 3613 1910 3696; baseline -0.002 -23"><span class='ocrx_word' id='word_1_392' title='bbox 348 3613 531 3696; x_wconf 67' lang='grc' dir='ltr'>Δαᾶδ,</span> <span class='ocrx_word' id='word_1_393' title='bbox 583 3616 672 3672; x_wconf 82' lang='grc' dir='ltr'><strong>καὶ</strong></span> <span class='ocrx_word' id='word_1_394' title='bbox 741 3624 1039 3695; x_wconf 79' lang='grc' dir='ltr'>Νινευτται,</span> <span class='ocrx_word' id='word_1_395' title='bbox 1089 3614 1335 3694; x_wconf 85' lang='grc' dir='ltr'>Ἐζεχίας</span> <span class='ocrx_word' id='word_1_396' title='bbox 1389 3635 1445 3672; x_wconf 86' lang='grc' dir='ltr'><strong>τε</strong></span> <span class='ocrx_word' id='word_1_397' title='bbox 1505 3615 1591 3670; x_wconf 82' lang='grc' dir='ltr'><strong>καὶ</strong></span> <span class='ocrx_word' id='word_1_398' title='bbox 1641 3613 1670 3669; x_wconf 79' lang='grc' dir='ltr'>ί)</span> <span class='ocrx_word' id='word_1_399' title='bbox 1726 3615 1910 3672; x_wconf 82' lang='grc' dir='ltr'>τούτου</span> 
     </span>
    </p>
   </div>
   <div class='ocr_carea' id='block_1_66' title="bbox 2007 3611 3625 3696">
    <p class='ocr_par' dir='ltr' id='par_1_66' title="bbox 2074 3611 3625 3696">
     <span class='ocr_line' id='line_1_72' title="bbox 2074 3611 3625 3696; baseline 0.005 -21"><span class='ocrx_word' id='word_1_400' title='bbox 2074 3611 2294 3675; x_wconf 86' lang='lat' dir='ltr'><strong>Davide</strong></span> <span class='ocrx_word' id='word_1_401' title='bbox 2322 3616 2853 3696; x_wconf 87' lang='lat' dir='ltr'><strong>proponatur;item</strong></span> <span class='ocrx_word' id='word_1_402' title='bbox 2878 3616 2939 3677; x_wconf 92' lang='lat' dir='ltr'><strong>in</strong></span> <span class='ocrx_word' id='word_1_403' title='bbox 2965 3616 3331 3696; x_wconf 83' lang='lat' dir='ltr'><strong>Ninivitis,in</strong></span> <span class='ocrx_word' id='word_1_404' title='bbox 3355 3617 3625 3691; x_wconf 79' lang='lat' dir='ltr'><strong>Ezechia,</strong></span> 
     </span>
    </p>
   </div>
   <div class='ocr_carea' id='block_1_67' title="bbox 345 3702 1963 3773">
    <p class='ocr_par' dir='ltr' id='par_1_67' title="bbox 345 3707 822 3773">
     <span class='ocr_line' id='line_1_73' title="bbox 345 3707 822 3773; baseline 0.015 -11"><span class='ocrx_word' id='word_1_405' title='bbox 345 3707 455 3768; x_wconf 73' lang='grc' dir='ltr'>υίὸς</span> <span class='ocrx_word' id='word_1_406' title='bbox 510 3708 822 3773; x_wconf 75' lang='grc' dir='ltr'>Μανασσῆς.</span> 
     </span>
    </p>
   </div>
   <div class='ocr_carea' id='block_1_68' title="bbox 1263 3702 2881 3773">
    <p class='ocr_par' dir='ltr' id='par_1_68' title="bbox 2075 3702 2881 3768">
     <span class='ocr_line' id='line_1_74' title="bbox 2075 3702 2881 3768; baseline 0.002 -5"><span class='ocrx_word' id='word_1_407' title='bbox 2075 3710 2133 3763; x_wconf 93' lang='lat' dir='ltr'><strong>et</strong></span> <span class='ocrx_word' id='word_1_408' title='bbox 2163 3702 2225 3763; x_wconf 92' lang='lat' dir='ltr'><strong>in</strong></span> <span class='ocrx_word' id='word_1_409' title='bbox 2253 3703 2374 3765; x_wconf 85' lang='lat' dir='ltr'><strong>ﬁlio</strong></span> <span class='ocrx_word' id='word_1_410' title='bbox 2404 3702 2562 3765; x_wconf 87' lang='lat' dir='ltr'><strong>illius</strong></span> <span class='ocrx_word' id='word_1_411' title='bbox 2589 3705 2881 3768; x_wconf 83' lang='lat' dir='ltr'><strong>Manasse.</strong></span> 
     </span>
    </p>
   </div>
   <div class='ocr_carea' id='block_1_69' title="bbox 262 3789 1880 3877">
    <p class='ocr_par' dir='ltr' id='par_1_69' title="bbox 262 3793 1880 3874">
     <span class='ocr_line' id='line_1_75' title="bbox 262 3793 1880 3874; baseline -0.003 -19"><span class='ocrx_word' id='word_1_412' title='bbox 262 3794 379 3874; x_wconf 79' lang='grc' dir='ltr'>κγ’.</span> <span class='ocrx_word' id='word_1_413' title='bbox 427 3795 564 3872; x_wconf 80' lang='grc' dir='ltr'>Πρὸς</span> <span class='ocrx_word' id='word_1_414' title='bbox 607 3794 730 3856; x_wconf 79' lang='grc' dir='ltr'>τοὺς</span> <span class='ocrx_word' id='word_1_415' title='bbox 757 3793 818 3850; x_wconf 75' lang='grc' dir='ltr'>ἐκ</span> <span class='ocrx_word' id='word_1_416' title='bbox 842 3795 1288 3872; x_wconf 76' lang='grc' dir='ltr'>καταφρονήσεως</span> <span class='ocrx_word' id='word_1_417' title='bbox 1318 3793 1717 3872; x_wconf 83' lang='grc' dir='ltr'>ἁμαρτάνοντας</span> <span class='ocrx_word' id='word_1_418' title='bbox 1774 3793 1880 3852; x_wconf 72' lang='grc' dir='ltr'>ἔστι</span> 
     </span>
    </p>
   </div>
   <div class='ocr_carea' id='block_1_70' title="bbox 2017 3789 3635 3877">
    <p class='ocr_par' dir='ltr' id='par_1_70' title="bbox 2017 3789 3635 3877">
     <span class='ocr_line' id='line_1_76' title="bbox 2017 3789 3635 3877; baseline 0.002 -24"><span class='ocrx_word' id='word_1_419' title='bbox 2017 3789 2206 3858; x_wconf 88' lang='lat' dir='ltr'><strong>(XIII.</strong></span> <span class='ocrx_word' id='word_1_420' title='bbox 2243 3791 2308 3854; x_wconf 91' lang='lat' dir='ltr'><strong>In</strong></span> <span class='ocrx_word' id='word_1_421' title='bbox 2339 3811 2468 3869; x_wconf 89' lang='lat' dir='ltr'><strong>eos,</strong></span> <span class='ocrx_word' id='word_1_422' title='bbox 2499 3793 2600 3874; x_wconf 92' lang='lat' dir='ltr'><strong>qui</strong></span> <span class='ocrx_word' id='word_1_423' title='bbox 2630 3813 2702 3858; x_wconf 87' lang='lat' dir='ltr'><strong>ex</strong></span> <span class='ocrx_word' id='word_1_424' title='bbox 2745 3803 3089 3876; x_wconf 87' lang='lat' dir='ltr'><strong>contemptu</strong></span> <span class='ocrx_word' id='word_1_425' title='bbox 3122 3804 3388 3877; x_wconf 88' lang='lat' dir='ltr'><strong>peccant,</strong></span> <span class='ocrx_word' id='word_1_426' title='bbox 3425 3811 3635 3859; x_wconf 82' lang='lat' dir='ltr'><strong>exem-</strong></span> 
     </span>
    </p>
   </div>
   <div class='ocr_carea' id='block_1_71' title="bbox 350 3880 1968 3962">
    <p class='ocr_par' dir='ltr' id='par_1_71' title="bbox 350 3880 920 3961">
     <span class='ocr_line' id='line_1_77' title="bbox 350 3880 920 3961; baseline -0.004 -20"><span class='ocrx_word' id='word_1_427' title='bbox 350 3881 688 3961; x_wconf 69' lang='grc' dir='ltr'>παράδειγμα</span> <span class='ocrx_word' id='word_1_428' title='bbox 711 3880 920 3959; x_wconf 80' lang='grc' dir='ltr'>-Ἀμών,</span> 
     </span>
    </p>
   </div>
   <div class='ocr_carea' id='block_1_72' title="bbox 977 3880 2595 3962">
    <p class='ocr_par' dir='ltr' id='par_1_72' title="bbox 2079 3881 2595 3962">
     <span class='ocr_line' id='line_1_78' title="bbox 2079 3881 2595 3962; baseline 0.008 -20"><span class='ocrx_word' id='word_1_429' title='bbox 2079 3881 2239 3962; x_wconf 92' lang='lat' dir='ltr'><strong>plum</strong></span> <span class='ocrx_word' id='word_1_430' title='bbox 2269 3883 2345 3943; x_wconf 90' lang='lat' dir='ltr'><strong>sit</strong></span> <span class='ocrx_word' id='word_1_431' title='bbox 2374 3883 2595 3947; x_wconf 87' lang='lat' dir='ltr'><strong>Amon.</strong></span> 
     </span>
    </p>
   </div>
   <div class='ocr_carea' id='block_1_73' title="bbox 262 3970 1880 4055">
    <p class='ocr_par' dir='ltr' id='par_1_73' title="bbox 262 3970 1875 4051">
     <span class='ocr_line' id='line_1_79' title="bbox 262 3970 1875 4051; baseline -0.002 -20"><span class='ocrx_word' id='word_1_432' title='bbox 262 3972 376 4034; x_wconf 84' lang='grc' dir='ltr'>κδ’.</span> <span class='ocrx_word' id='word_1_433' title='bbox 409 3972 542 4031; x_wconf 76' lang='grc' dir='ltr'>’Ὅτι</span> <span class='ocrx_word' id='word_1_434' title='bbox 576 3973 799 4050; x_wconf 76' lang='grc' dir='ltr'>Χριστὸς</span> <span class='ocrx_word' id='word_1_435' title='bbox 858 3971 1062 4038; x_wconf 80' lang='grc' dir='ltr'>Ἰησοῦς</span> <span class='ocrx_word' id='word_1_436' title='bbox 1117 3972 1301 4051; x_wconf 80' lang='grc' dir='ltr'>Κύριος</span> <span class='ocrx_word' id='word_1_437' title='bbox 1355 3971 1676 4051; x_wconf 78' lang='grc' dir='ltr'>παρεγένετο</span> <span class='ocrx_word' id='word_1_438' title='bbox 1734 3970 1875 4051; x_wconf 83' lang='grc' dir='ltr'>ἆμαρ</span> 
     </span>
    </p>
   </div>
   <div class='ocr_carea' id='block_1_74' title="bbox 2020 3970 3638 4055">
    <p class='ocr_par' dir='ltr' id='par_1_74' title="bbox 2020 3970 3638 4055">
     <span class='ocr_line' id='line_1_80' title="bbox 2020 3970 3638 4055; baseline 0.001 -21"><span class='ocrx_word' id='word_1_439' title='bbox 2020 3970 2200 4034; x_wconf 84' lang='lat' dir='ltr'><strong>(XIV.</strong></span> <span class='ocrx_word' id='word_1_440' title='bbox 2227 3971 2396 4045; x_wconf 87' lang='lat' dir='ltr'><strong>Quod</strong></span> <span class='ocrx_word' id='word_1_441' title='bbox 2428 3973 2695 4036; x_wconf 87' lang='lat' dir='ltr'><strong>Christus</strong></span> <span class='ocrx_word' id='word_1_442' title='bbox 2714 3975 2889 4037; x_wconf 84' lang='lat' dir='ltr'><strong>Jesus</strong></span> <span class='ocrx_word' id='word_1_443' title='bbox 2904 3974 3192 4038; x_wconf 90' lang='lat' dir='ltr'><strong>Dominus</strong></span> <span class='ocrx_word' id='word_1_444' title='bbox 3213 3975 3349 4038; x_wconf 89' lang='lat' dir='ltr'><strong>ideo</strong></span> <span class='ocrx_word' id='word_1_445' title='bbox 3377 3975 3638 4055; x_wconf 83' lang='lat' dir='ltr'><strong>advenit,</strong></span> 
     </span>
    </p>
   </div>
   <div class='ocr_carea' id='block_1_75' title="bbox 348 4059 1966 4146">
    <p class='ocr_par' dir='ltr' id='par_1_75' title="bbox 348 4059 1233 4137">
     <span class='ocr_line' id='line_1_81' title="bbox 348 4059 1233 4137; baseline 0.002 -19"><span class='ocrx_word' id='word_1_446' title='bbox 348 4060 550 4124; x_wconf 80' lang='grc' dir='ltr'>τωλοὺς</span> <span class='ocrx_word' id='word_1_447' title='bbox 585 4061 752 4118; x_wconf 78' lang='grc' dir='ltr'>σῶσαι</span> <span class='ocrx_word' id='word_1_448' title='bbox 796 4059 882 4118; x_wconf 84' lang='grc' dir='ltr'><strong>διά</strong></span> <span class='ocrx_word' id='word_1_449' title='bbox 925 4061 1233 4137; x_wconf 84' lang='grc' dir='ltr'>μετανοίας.</span> 
     </span>
    </p>
   </div>
   <div class='ocr_carea' id='block_1_76' title="bbox 1788 4059 3406 4146">
    <p class='ocr_par' dir='ltr' id='par_1_76' title="bbox 2080 4064 3406 4146">
     <span class='ocr_line' id='line_1_82' title="bbox 2080 4064 3406 4146; baseline 0.005 -23"><span class='ocrx_word' id='word_1_450' title='bbox 2080 4070 2144 4124; x_wconf 92' lang='lat' dir='ltr'><strong>ut</strong></span> <span class='ocrx_word' id='word_1_451' title='bbox 2170 4079 2280 4144; x_wconf 90' lang='lat' dir='ltr'><strong>per</strong></span> <span class='ocrx_word' id='word_1_452' title='bbox 2311 4064 2717 4144; x_wconf 68' lang='lat' dir='ltr'><strong>paenitentiam</strong></span> <span class='ocrx_word' id='word_1_453' title='bbox 2750 4073 3012 4127; x_wconf 83' lang='lat' dir='ltr'><strong>servaret</strong></span> <span class='ocrx_word' id='word_1_454' title='bbox 3043 4074 3406 4146; x_wconf 88' lang='lat' dir='ltr'><strong>peccatores.</strong></span> 
     </span>
    </p>
   </div>
   <div class='ocr_carea' id='block_1_77' title="bbox 264 4146 1882 4235">
    <p class='ocr_par' dir='ltr' id='par_1_77' title="bbox 264 4146 1882 4232">
     <span class='ocr_line' id='line_1_83' title="bbox 264 4146 1882 4232; baseline 0.001 -24"><span class='ocrx_word' id='word_1_455' title='bbox 264 4151 377 4212; x_wconf 73' lang='grc' dir='ltr'>κε’.</span> <span class='ocrx_word' id='word_1_456' title='bbox 441 4152 562 4228; x_wconf 84' lang='grc' dir='ltr'>Περὶ</span> <span class='ocrx_word' id='word_1_457' title='bbox 618 4149 881 4231; x_wconf 83' lang='grc' dir='ltr'>ἀπαρχῶν</span> <span class='ocrx_word' id='word_1_458' title='bbox 939 4151 1026 4206; x_wconf 83' lang='grc' dir='ltr'>καὶ</span> <span class='ocrx_word' id='word_1_459' title='bbox 1079 4146 1336 4224; x_wconf 81' lang='grc' dir='ltr'>δεκατῶν,</span> <span class='ocrx_word' id='word_1_460' title='bbox 1391 4151 1478 4208; x_wconf 84' lang='grc' dir='ltr'><strong>καὶ</strong></span> <span class='ocrx_word' id='word_1_461' title='bbox 1527 4148 1674 4216; x_wconf 81' lang='grc' dir='ltr'>ὅπως</span> <span class='ocrx_word' id='word_1_462' title='bbox 1718 4151 1882 4232; x_wconf 79' lang='grc' dir='ltr'>ὀφείλε</span> 
     </span>
    </p>
   </div>
   <div class='ocr_carea' id='block_1_78' title="bbox 2024 4146 3642 4235">
    <p class='ocr_par' dir='ltr' id='par_1_78' title="bbox 2024 4150 3642 4235">
     <span class='ocr_line' id='line_1_84' title="bbox 2024 4150 3642 4235; baseline 0.001 -21"><span class='ocrx_word' id='word_1_463' title='bbox 2024 4150 2186 4214; x_wconf 82' lang='lat' dir='ltr'><strong>(XV.</strong></span> <span class='ocrx_word' id='word_1_464' title='bbox 2210 4151 2294 4214; x_wconf 91' lang='lat' dir='ltr'><strong>De</strong></span> <span class='ocrx_word' id='word_1_465' title='bbox 2317 4151 2595 4233; x_wconf 89' lang='lat' dir='ltr'><strong>primitiis</strong></span> <span class='ocrx_word' id='word_1_466' title='bbox 2621 4162 2679 4215; x_wconf 90' lang='lat' dir='ltr'><strong>et</strong></span> <span class='ocrx_word' id='word_1_467' title='bbox 2703 4153 2953 4216; x_wconf 88' lang='lat' dir='ltr'><strong>decimis</strong></span> <span class='ocrx_word' id='word_1_468' title='bbox 2978 4177 2993 4233; x_wconf 88' lang='lat'><strong>;</strong></span> <span class='ocrx_word' id='word_1_469' title='bbox 3019 4165 3208 4235; x_wconf 90' lang='lat' dir='ltr'><strong>etquo</strong></span> <span class='ocrx_word' id='word_1_470' title='bbox 3232 4154 3407 4217; x_wconf 91' lang='lat' dir='ltr'><strong>modo</strong></span> <span class='ocrx_word' id='word_1_471' title='bbox 3426 4153 3642 4217; x_wconf 87' lang='lat' dir='ltr'><strong>debeat</strong></span> 
     </span>
    </p>
   </div>
   <div class='ocr_carea' id='block_1_79' title="bbox 352 4237 1970 4325">
    <p class='ocr_par' dir='ltr' id='par_1_79' title="bbox 352 4237 1917 4320">
     <span class='ocr_line' id='line_1_85' title="bbox 352 4237 1917 4320; baseline 0.001 -23"><span class='ocrx_word' id='word_1_472' title='bbox 352 4242 382 4297; x_wconf 79' lang='grc' dir='ltr'><strong>ὃ</strong></span> <span class='ocrx_word' id='word_1_473' title='bbox 437 4240 750 4320; x_wconf 73' lang='grc' dir='ltr'>ἱπίσκοπος,</span> <span class='ocrx_word' id='word_1_474' title='bbox 780 4238 817 4307; x_wconf 75' lang='grc' dir='ltr'>ἢ</span> <span class='ocrx_word' id='word_1_475' title='bbox 867 4240 1023 4304; x_wconf 76' lang='grc' dir='ltr'>αὐτὸς</span> <span class='ocrx_word' id='word_1_476' title='bbox 1079 4237 1506 4317; x_wconf 78' lang='grc' dir='ltr'>μεταλαμϐάνειν</span> <span class='ocrx_word' id='word_1_477' title='bbox 1547 4239 1600 4307; x_wconf 68' lang='grc' dir='ltr'><strong>ἕξ</strong></span> <span class='ocrx_word' id='word_1_478' title='bbox 1653 4245 1850 4318; x_wconf 77' lang='grc' dir='ltr'>αὐτῶν,</span> <span class='ocrx_word' id='word_1_479' title='bbox 1881 4241 1917 4312; x_wconf 77' lang='grc' dir='ltr'><strong>ἢ</strong></span> 
     </span>
    </p>
   </div>
   <div class='ocr_carea' id='block_1_80' title="bbox 2022 4237 3640 4325">
    <p class='ocr_par' dir='ltr' id='par_1_80' title="bbox 2084 4241 3640 4325">
     <span class='ocr_line' id='line_1_86' title="bbox 2084 4241 3640 4325; baseline 0.001 -22"><span class='ocrx_word' id='word_1_480' title='bbox 2084 4241 2424 4322; x_wconf 88' lang='lat' dir='ltr'><strong>episcopus,</strong></span> <span class='ocrx_word' id='word_1_481' title='bbox 2458 4260 2531 4304; x_wconf 80' lang='lat' dir='ltr'><strong>ex</strong></span> <span class='ocrx_word' id='word_1_482' title='bbox 2579 4242 2666 4304; x_wconf 91' lang='lat' dir='ltr'><strong>eis</strong></span> <span class='ocrx_word' id='word_1_483' title='bbox 2727 4243 2814 4305; x_wconf 83' lang='lat' dir='ltr'><strong>vel</strong></span> <span class='ocrx_word' id='word_1_484' title='bbox 2844 4243 2976 4323; x_wconf 90' lang='lat' dir='ltr'><strong>ipse</strong></span> <span class='ocrx_word' id='word_1_485' title='bbox 3034 4244 3331 4325; x_wconf 88' lang='lat' dir='ltr'><strong>accipere,</strong></span> <span class='ocrx_word' id='word_1_486' title='bbox 3363 4243 3457 4307; x_wconf 82' lang='lat' dir='ltr'><strong>vel</strong></span> <span class='ocrx_word' id='word_1_487' title='bbox 3510 4242 3640 4306; x_wconf 91' lang='lat' dir='ltr'><strong>aliis</strong></span> 
     </span>
    </p>
   </div>
   <div class='ocr_carea' id='block_1_81' title="bbox 265 4327 1883 4409">
    <p class='ocr_par' dir='ltr' id='par_1_81' title="bbox 265 4327 849 4409">
     <span class='ocr_line' id='line_1_87' title="bbox 265 4327 849 4409; baseline -0.005 -21"><span class='ocrx_word' id='word_1_488' title='bbox 265 4329 470 4409; x_wconf 74' lang='grc' dir='ltr'>ἑτιροις</span> <span class='ocrx_word' id='word_1_489' title='bbox 501 4327 769 4405; x_wconf 72' lang='grc' dir='ltr'>διανέμειν</span> <span class='ocrx_word' id='word_1_490' title='bbox 780 4376 795 4392; x_wconf 90' lang='grc'><strong>,</strong></span> <span class='ocrx_word' id='word_1_491' title='bbox 842 4364 849 4369; x_wconf 92' lang='grc'><strong><em>-</em></strong></span> 
     </span>
    </p>
   </div>
   <div class='ocr_carea' id='block_1_82' title="bbox 849 4327 2467 4409">
    <p class='ocr_par' dir='ltr' id='par_1_82' title="bbox 2084 4331 2467 4396">
     <span class='ocr_line' id='line_1_88' title="bbox 2084 4331 2467 4396; baseline 0 -1"><span class='ocrx_word' id='word_1_492' title='bbox 2084 4331 2467 4396; x_wconf 88' lang='lat' dir='ltr'><strong>distribuere.</strong></span> 
     </span>
    </p>
   </div>
   <div class='ocr_carea' id='block_1_83' title="bbox 264 4416 1882 4502">
    <p class='ocr_par' dir='ltr' id='par_1_83' title="bbox 264 4416 1882 4494">
     <span class='ocr_line' id='line_1_89' title="bbox 264 4416 1882 4494; baseline -0.001 -16"><span class='ocrx_word' id='word_1_493' title='bbox 264 4417 380 4494; x_wconf 84' lang='grc' dir='ltr'>κς’,</span> <span class='ocrx_word' id='word_1_494' title='bbox 428 4418 514 4482; x_wconf 84' lang='grc' dir='ltr'>Είς</span> <span class='ocrx_word' id='word_1_495' title='bbox 543 4417 684 4482; x_wconf 83' lang='grc' dir='ltr'>τίνος</span> <span class='ocrx_word' id='word_1_496' title='bbox 714 4418 876 4474; x_wconf 80' lang='grc' dir='ltr'>τύπον</span> <span class='ocrx_word' id='word_1_497' title='bbox 899 4418 987 4474; x_wconf 86' lang='grc' dir='ltr'><strong>καὶ</strong></span> <span class='ocrx_word' id='word_1_498' title='bbox 1017 4416 1160 4484; x_wconf 78' lang='grc' dir='ltr'>ἀξίαν</span> <span class='ocrx_word' id='word_1_499' title='bbox 1191 4418 1412 4486; x_wconf 75' lang='grc' dir='ltr'>ἕκαστος</span> <span class='ocrx_word' id='word_1_500' title='bbox 1439 4421 1548 4476; x_wconf 82' lang='grc' dir='ltr'><strong>τῶν</strong></span> <span class='ocrx_word' id='word_1_501' title='bbox 1593 4418 1650 4476; x_wconf 65' lang='grc' dir='ltr'>ἄν</span> <span class='ocrx_word' id='word_1_502' title='bbox 1680 4425 1762 4494; x_wconf 79' lang='grc' dir='ltr'>τῷ</span> <span class='ocrx_word' id='word_1_503' title='bbox 1788 4419 1882 4478; x_wconf 55' lang='grc' dir='ltr'>κλθ</span> 
     </span>
    </p>
   </div>
   <div class='ocr_carea' id='block_1_84' title="bbox 2020 4416 3638 4502">
    <p class='ocr_par' dir='ltr' id='par_1_84' title="bbox 2020 4419 3638 4502">
     <span class='ocr_line' id='line_1_90' title="bbox 2020 4419 3638 4502; baseline -0.004 -14"><span class='ocrx_word' id='word_1_504' title='bbox 2020 4423 2212 4488; x_wconf 74' lang='lat' dir='ltr'><strong>(XVI.</strong></span> <span class='ocrx_word' id='word_1_505' title='bbox 2245 4421 2341 4484; x_wconf 83' lang='lat' dir='ltr'><strong>Ad</strong></span> <span class='ocrx_word' id='word_1_506' title='bbox 2374 4420 2545 4500; x_wconf 91' lang='lat' dir='ltr'><strong>cujus</strong></span> <span class='ocrx_word' id='word_1_507' title='bbox 2574 4419 2824 4482; x_wconf 90' lang='lat' dir='ltr'><strong>formam</strong></span> <span class='ocrx_word' id='word_1_508' title='bbox 2858 4429 2915 4482; x_wconf 93' lang='lat' dir='ltr'><strong>et</strong></span> <span class='ocrx_word' id='word_1_509' title='bbox 2940 4420 3284 4502; x_wconf 85' lang='lat' dir='ltr'><strong>dignitatem</strong></span> <span class='ocrx_word' id='word_1_510' title='bbox 3319 4422 3638 4502; x_wconf 88' lang='lat' dir='ltr'><strong>unusquis-</strong></span> 
     </span>
    </p>
   </div>
   <div class='ocr_carea' id='block_1_85' title="bbox 351 4506 1969 4591">
    <p class='ocr_par' dir='ltr' id='par_1_85' title="bbox 351 4506 1041 4587">
     <span class='ocr_line' id='line_1_91' title="bbox 351 4506 1041 4587; baseline 0.004 -25"><span class='ocrx_word' id='word_1_511' title='bbox 351 4529 430 4587; x_wconf 84' lang='grc' dir='ltr'><strong>ρῳ</strong></span> <span class='ocrx_word' id='word_1_512' title='bbox 454 4506 701 4563; x_wconf 80' lang='grc' dir='ltr'>τέτακται</span> <span class='ocrx_word' id='word_1_513' title='bbox 728 4506 872 4583; x_wconf 80' lang='grc' dir='ltr'>παρὰ</span> <span class='ocrx_word' id='word_1_514' title='bbox 902 4513 1041 4582; x_wconf 82' lang='grc' dir='ltr'>Θεῷ.</span> 
     </span>
    </p>
   </div>
   <div class='ocr_carea' id='block_1_86' title="bbox 1598 4506 3216 4591">
    <p class='ocr_par' dir='ltr' id='par_1_86' title="bbox 2085 4509 3216 4591">
     <span class='ocr_line' id='line_1_92' title="bbox 2085 4509 3216 4591; baseline -0.006 -15"><span class='ocrx_word' id='word_1_515' title='bbox 2085 4531 2203 4591; x_wconf 90' lang='lat' dir='ltr'><strong>que</strong></span> <span class='ocrx_word' id='word_1_516' title='bbox 2233 4511 2310 4574; x_wconf 93' lang='lat' dir='ltr'><strong>de</strong></span> <span class='ocrx_word' id='word_1_517' title='bbox 2339 4509 2523 4583; x_wconf 90' lang='lat' dir='ltr'><strong>clero,</strong></span> <span class='ocrx_word' id='word_1_518' title='bbox 2555 4527 2592 4571; x_wconf 86' lang='lat' dir='ltr'><strong>a</strong></span> <span class='ocrx_word' id='word_1_519' title='bbox 2622 4511 2746 4572; x_wconf 89' lang='lat' dir='ltr'><strong>Deo</strong></span> <span class='ocrx_word' id='word_1_520' title='bbox 2776 4509 2851 4571; x_wconf 92' lang='lat' dir='ltr'><strong>sit</strong></span> <span class='ocrx_word' id='word_1_521' title='bbox 2882 4511 3216 4576; x_wconf 84' lang='lat' dir='ltr'><strong>ordinatus.</strong></span> 
     </span>
    </p>
   </div>
   <div class='ocr_carea' id='block_1_87' title="bbox 268 4593 1886 4678">
    <p class='ocr_par' dir='ltr' id='par_1_87' title="bbox 268 4593 1886 4678">
     <span class='ocr_line' id='line_1_93' title="bbox 268 4593 1886 4678; baseline -0.001 -25"><span class='ocrx_word' id='word_1_522' title='bbox 268 4597 386 4668; x_wconf 79' lang='grc' dir='ltr'>κζ’,</span> <span class='ocrx_word' id='word_1_523' title='bbox 457 4593 592 4653; x_wconf 87' lang='grc' dir='ltr'>’Ὅτι</span> <span class='ocrx_word' id='word_1_524' title='bbox 647 4593 904 4675; x_wconf 75' lang='grc' dir='ltr'>φρικῶδες</span> <span class='ocrx_word' id='word_1_525' title='bbox 930 4640 948 4671; x_wconf 88' lang='grc'><strong>,</strong></span> <span class='ocrx_word' id='word_1_526' title='bbox 1007 4594 1280 4675; x_wconf 78' lang='grc' dir='ltr'>ἄνθρωπον</span> <span class='ocrx_word' id='word_1_527' title='bbox 1335 4599 1528 4656; x_wconf 78' lang='grc' dir='ltr'>σαυτὸν</span> <span class='ocrx_word' id='word_1_528' title='bbox 1603 4597 1886 4678; x_wconf 75' lang='grc' dir='ltr'>ἰπιῤῥίπτει</span> 
     </span>
    </p>
   </div>
   <div class='ocr_carea' id='block_1_88' title="bbox 2027 4593 3645 4678">
    <p class='ocr_par' dir='ltr' id='par_1_88' title="bbox 2027 4599 3645 4675">
     <span class='ocr_line' id='line_1_94' title="bbox 2027 4599 3645 4675; baseline -0.003 -9"><span class='ocrx_word' id='word_1_529' title='bbox 2027 4601 2241 4668; x_wconf 85' lang='lat' dir='ltr'><strong>(XVII.</strong></span> <span class='ocrx_word' id='word_1_530' title='bbox 2268 4599 2437 4674; x_wconf 86' lang='lat' dir='ltr'><strong>Quod</strong></span> <span class='ocrx_word' id='word_1_531' title='bbox 2456 4600 2755 4663; x_wconf 91' lang='lat' dir='ltr'><strong>horrenda</strong></span> <span class='ocrx_word' id='word_1_532' title='bbox 2773 4618 2871 4662; x_wconf 93' lang='lat' dir='ltr'><strong>res</strong></span> <span class='ocrx_word' id='word_1_533' title='bbox 2891 4600 3302 4675; x_wconf 87' lang='lat' dir='ltr'><strong>sit,hominem</strong></span> <span class='ocrx_word' id='word_1_534' title='bbox 3324 4599 3645 4662; x_wconf 89' lang='lat' dir='ltr'><strong>immittere</strong></span> 
     </span>
    </p>
   </div>
   <div class='ocr_carea' id='block_1_89' title="bbox 354 4683 1972 4771">
    <p class='ocr_par' dir='ltr' id='par_1_89' title="bbox 354 4683 1917 4768">
     <span class='ocr_line' id='line_1_95' title="bbox 354 4683 1917 4768; baseline 0 -26"><span class='ocrx_word' id='word_1_535' title='bbox 354 4683 616 4760; x_wconf 81' lang='grc' dir='ltr'>ἀξιώματί</span> <span class='ocrx_word' id='word_1_536' title='bbox 656 4705 759 4741; x_wconf 89' lang='grc' dir='ltr'>τινι</span> <span class='ocrx_word' id='word_1_537' title='bbox 814 4687 1084 4765; x_wconf 72' lang='grc' dir='ltr'>ἱερατικῷο</span> <span class='ocrx_word' id='word_1_538' title='bbox 1118 4689 1191 4750; x_wconf 84' lang='grc' dir='ltr'>ὡς</span> <span class='ocrx_word' id='word_1_539' title='bbox 1226 4689 1272 4743; x_wconf 77' lang='grc' dir='ltr'>οἱ</span> <span class='ocrx_word' id='word_1_540' title='bbox 1305 4696 1582 4768; x_wconf 77' lang='grc' dir='ltr'>Κορετται,</span> <span class='ocrx_word' id='word_1_541' title='bbox 1613 4688 1688 4753; x_wconf 83' lang='grc' dir='ltr'>ὡς</span> <span class='ocrx_word' id='word_1_542' title='bbox 1719 4684 1917 4767; x_wconf 80' lang='grc' dir='ltr'>Σαοὺλ,</span> 
     </span>
    </p>
   </div>
   <div class='ocr_carea' id='block_1_90' title="bbox 2024 4683 3642 4771">
    <p class='ocr_par' dir='ltr' id='par_1_90' title="bbox 2083 4689 3642 4771">
     <span class='ocr_line' id='line_1_96' title="bbox 2083 4689 3642 4771; baseline -0.003 -16"><span class='ocrx_word' id='word_1_543' title='bbox 2083 4711 2149 4755; x_wconf 89' lang='lat' dir='ltr'><strong>se</strong></span> <span class='ocrx_word' id='word_1_544' title='bbox 2178 4692 2239 4753; x_wconf 93' lang='lat' dir='ltr'><strong>in</strong></span> <span class='ocrx_word' id='word_1_545' title='bbox 2271 4691 2526 4771; x_wconf 84' lang='lat' dir='ltr'><strong>aliq’uam</strong></span> <span class='ocrx_word' id='word_1_546' title='bbox 2558 4689 2910 4768; x_wconf 87' lang='lat' dir='ltr'><strong>dignitatem</strong></span> <span class='ocrx_word' id='word_1_547' title='bbox 2933 4691 3359 4754; x_wconf 87' lang='lat' dir='ltr'><strong>sacerdotalem</strong></span> <span class='ocrx_word' id='word_1_548' title='bbox 3387 4709 3403 4767; x_wconf 89' lang='lat'><strong>;</strong></span> <span class='ocrx_word' id='word_1_549' title='bbox 3433 4698 3497 4751; x_wconf 92' lang='lat' dir='ltr'><strong>ut</strong></span> <span class='ocrx_word' id='word_1_550' title='bbox 3526 4690 3642 4751; x_wconf 91' lang='lat' dir='ltr'><strong>Co-</strong></span> 
     </span>
    </p>
   </div>
   <div class='ocr_carea' id='block_1_91' title="bbox 361 4772 1979 4860">
    <p class='ocr_par' dir='ltr' id='par_1_91' title="bbox 361 4772 678 4860">
     <span class='ocr_line' id='line_1_97' title="bbox 361 4772 678 4860; baseline -0.006 -30"><span class='ocrx_word' id='word_1_551' title='bbox 361 4775 435 4837; x_wconf 81' lang='grc' dir='ltr'>ὼς</span> <span class='ocrx_word' id='word_1_552' title='bbox 462 4772 678 4860; x_wconf 39' lang='grc' dir='ltr'>Ὀζίας,</span> 
     </span>
    </p>
   </div>
   <div class='ocr_carea' id='block_1_92' title="bbox 1239 4772 2857 4860">
    <p class='ocr_par' dir='ltr' id='par_1_92' title="bbox 2085 4778 2857 4860">
     <span class='ocr_line' id='line_1_98' title="bbox 2085 4778 2857 4860; baseline -0.001 -16"><span class='ocrx_word' id='word_1_553' title='bbox 2085 4784 2235 4857; x_wconf 71' lang='lat' dir='ltr'><strong>ritaa,</strong></span> <span class='ocrx_word' id='word_1_554' title='bbox 2271 4792 2336 4842; x_wconf 85' lang='lat' dir='ltr'><strong>ut</strong></span> <span class='ocrx_word' id='word_1_555' title='bbox 2366 4778 2530 4860; x_wconf 90' lang='lat' dir='ltr'><strong>Saul,</strong></span> <span class='ocrx_word' id='word_1_556' title='bbox 2564 4786 2628 4839; x_wconf 90' lang='lat' dir='ltr'><strong>nt</strong></span> <span class='ocrx_word' id='word_1_557' title='bbox 2660 4778 2857 4843; x_wconf 87' lang='lat' dir='ltr'><strong>Ozias.</strong></span> 
     </span>
    </p>
   </div>
   <div class='ocr_carea' id='block_1_93' title="bbox 275 4859 1893 4950">
    <p class='ocr_par' dir='ltr' id='par_1_93' title="bbox 275 4859 1893 4946">
     <span class='ocr_line' id='line_1_99' title="bbox 275 4859 1893 4946; baseline 0.001 -26"><span class='ocrx_word' id='word_1_558' title='bbox 275 4861 397 4932; x_wconf 76' lang='grc' dir='ltr'>κη’.</span> <span class='ocrx_word' id='word_1_559' title='bbox 470 4863 597 4941; x_wconf 80' lang='grc' dir='ltr'>Περὶ</span> <span class='ocrx_word' id='word_1_560' title='bbox 663 4859 836 4943; x_wconf 78' lang='grc' dir='ltr'>δοχῆς</span> <span class='ocrx_word' id='word_1_561' title='bbox 870 4910 888 4943; x_wconf 88' lang='grc'><strong>,</strong></span> <span class='ocrx_word' id='word_1_562' title='bbox 955 4863 1042 4921; x_wconf 77' lang='grc' dir='ltr'><strong>ναὶ</strong></span> <span class='ocrx_word' id='word_1_563' title='bbox 1098 4862 1245 4930; x_wconf 83' lang='grc' dir='ltr'>ὅπως</span> <span class='ocrx_word' id='word_1_564' title='bbox 1299 4866 1411 4946; x_wconf 76' lang='grc' dir='ltr'>χρὴ</span> <span class='ocrx_word' id='word_1_565' title='bbox 1453 4864 1680 4924; x_wconf 77' lang='grc' dir='ltr'>ἕκαστον</span> <span class='ocrx_word' id='word_1_566' title='bbox 1743 4865 1893 4944; x_wconf 68' lang='grc' dir='ltr'>τάγμα</span> 
     </span>
    </p>
   </div>
   <div class='ocr_carea' id='block_1_94' title="bbox 2021 4859 3639 4950">
    <p class='ocr_par' dir='ltr' id='par_1_94' title="bbox 2021 4859 3639 4950">
     <span class='ocr_line' id='line_1_100' title="bbox 2021 4859 3639 4950; baseline -0.006 -13"><span class='ocrx_word' id='word_1_567' title='bbox 2021 4869 2262 4937; x_wconf 75' lang='lat' dir='ltr'><strong>XXVIII.</strong></span> <span class='ocrx_word' id='word_1_568' title='bbox 2296 4872 2382 4933; x_wconf 91' lang='lat' dir='ltr'><strong>De</strong></span> <span class='ocrx_word' id='word_1_569' title='bbox 2411 4859 2678 4932; x_wconf 85' lang='lat' dir='ltr'><strong>convivio</strong></span> <span class='ocrx_word' id='word_1_570' title='bbox 2705 4892 2721 4945; x_wconf 87' lang='lat'><strong>;</strong></span> <span class='ocrx_word' id='word_1_571' title='bbox 2748 4878 2805 4931; x_wconf 93' lang='lat' dir='ltr'><strong>et</strong></span> <span class='ocrx_word' id='word_1_572' title='bbox 2824 4887 2939 4950; x_wconf 92' lang='lat' dir='ltr'><strong>qua</strong></span> <span class='ocrx_word' id='word_1_573' title='bbox 2955 4869 3190 4932; x_wconf 87' lang='lat' dir='ltr'><strong>ratione</strong></span> <span class='ocrx_word' id='word_1_574' title='bbox 3213 4868 3465 4950; x_wconf 89' lang='lat' dir='ltr'><strong>quilibet</strong></span> <span class='ocrx_word' id='word_1_575' title='bbox 3493 4868 3639 4930; x_wconf 90' lang='lat' dir='ltr'><strong>cleri</strong></span> 
     </span>
    </p>
   </div>
   <div class='ocr_carea' id='block_1_95' title="bbox 357 4952 1975 5036">
    <p class='ocr_par' dir='ltr' id='par_1_95' title="bbox 357 4952 1926 5036">
     <span class='ocr_line' id='line_1_101' title="bbox 357 4952 1926 5036; baseline 0.002 -27"><span class='ocrx_word' id='word_1_576' title='bbox 357 4952 452 5009; x_wconf 73' lang='grc' dir='ltr'>τοῦ</span> <span class='ocrx_word' id='word_1_577' title='bbox 532 4959 627 5010; x_wconf 78' lang='grc' dir='ltr'>τοῦ</span> <span class='ocrx_word' id='word_1_578' title='bbox 707 4952 908 5034; x_wconf 73' lang='grc' dir='ltr'>κλήρου</span> <span class='ocrx_word' id='word_1_579' title='bbox 951 4954 1054 5011; x_wconf 76' lang='grc' dir='ltr'>ὑπὸ</span> <span class='ocrx_word' id='word_1_580' title='bbox 1116 4961 1223 5012; x_wconf 81' lang='grc' dir='ltr'><strong>τῶν</strong></span> <span class='ocrx_word' id='word_1_581' title='bbox 1289 4955 1772 5036; x_wconf 82' lang='grc' dir='ltr'>προσκαλουμένων</span> <span class='ocrx_word' id='word_1_582' title='bbox 1837 4977 1926 5012; x_wconf 88' lang='grc' dir='ltr'>τι-</span> 
     </span>
    </p>
   </div>
   <div class='ocr_carea' id='block_1_96' title="bbox 1619 4952 3237 5036">
    <p class='ocr_par' dir='ltr' id='par_1_96' title="bbox 1619 4955 3237 5026">
     <span class='ocr_line' id='line_1_102' title="bbox 1619 4955 3237 5026; baseline 0.001 -4"><span class='ocrx_word' id='word_1_583' title='bbox 1619 4955 1772 5014; x_wconf 81' lang='grc' dir='ltr'>ιένων</span> <span class='ocrx_word' id='word_1_584' title='bbox 1837 4977 1926 5012; x_wconf 85' lang='grc' dir='ltr'><strong>τι·</strong></span> <span class='ocrx_word' id='word_1_585' title='bbox 2088 4962 2235 5026; x_wconf 92' lang='lat' dir='ltr'><strong>ordo</strong></span> <span class='ocrx_word' id='word_1_586' title='bbox 2261 4979 2296 5023; x_wconf 90' lang='lat' dir='ltr'><strong>a</strong></span> <span class='ocrx_word' id='word_1_587' title='bbox 2328 4959 2698 5023; x_wconf 81' lang='lat' dir='ltr'><strong>vocatoribus</strong></span> <span class='ocrx_word' id='word_1_588' title='bbox 2727 4959 3111 5023; x_wconf 87' lang='lat' dir='ltr'><strong>honorandus</strong></span> <span class='ocrx_word' id='word_1_589' title='bbox 3141 4959 3237 5023; x_wconf 90' lang='lat' dir='ltr'><strong>sit.</strong></span> 
     </span>
    </p>
   </div>
   <div class='ocr_carea' id='block_1_97' title="bbox 369 5044 593 5119">
    <p class='ocr_par' dir='ltr' id='par_1_97' title="bbox 369 5044 593 5119">
     <span class='ocr_line' id='line_1_103' title="bbox 369 5044 593 5119; baseline -0.013 -21"><span class='ocrx_word' id='word_1_590' title='bbox 369 5044 564 5119; x_wconf 79' lang='grc' dir='ltr'>μᾶσθαι</span> <span class='ocrx_word' id='word_1_591' title='bbox 576 5088 593 5105; x_wconf 85' lang='grc'><strong>,</strong></span> 
     </span>
    </p>
   </div>
   <div class='ocr_carea' id='block_1_98' title="bbox 279 5127 1897 5210">
    <p class='ocr_par' dir='ltr' id='par_1_98' title="bbox 279 5128 1897 5209">
     <span class='ocr_line' id='line_1_104' title="bbox 279 5128 1897 5209; baseline 0.001 -20"><span class='ocrx_word' id='word_1_592' title='bbox 279 5128 387 5196; x_wconf 56' lang='grc' dir='ltr'><strong>κθθ.</strong></span> <span class='ocrx_word' id='word_1_593' title='bbox 432 5131 520 5196; x_wconf 81' lang='grc' dir='ltr'>Τίς</span> <span class='ocrx_word' id='word_1_594' title='bbox 564 5132 599 5199; x_wconf 79' lang='grc' dir='ltr'><strong>ἡ</strong></span> <span class='ocrx_word' id='word_1_595' title='bbox 644 5128 760 5196; x_wconf 81' lang='grc' dir='ltr'>ἀξία</span> <span class='ocrx_word' id='word_1_596' title='bbox 810 5133 904 5188; x_wconf 74' lang='grc' dir='ltr'><strong>τοῦ</strong></span> <span class='ocrx_word' id='word_1_597' title='bbox 949 5130 1264 5209; x_wconf 74' lang='grc' dir='ltr'>ἐπισκόπου,</span> <span class='ocrx_word' id='word_1_598' title='bbox 1337 5134 1426 5190; x_wconf 78' lang='grc' dir='ltr'><strong>καὶ</strong></span> <span class='ocrx_word' id='word_1_599' title='bbox 1490 5140 1583 5190; x_wconf 77' lang='grc' dir='ltr'>τοῦ</span> <span class='ocrx_word' id='word_1_600' title='bbox 1653 5132 1897 5192; x_wconf 89' lang='grc' dir='ltr'>διακόνου</span> 
     </span>
    </p>
   </div>
   <div class='ocr_carea' id='block_1_99' title="bbox 1875 5127 3493 5210">
    <p class='ocr_par' dir='ltr' id='par_1_99' title="bbox 1875 5127 3493 5210">
     <span class='ocr_line' id='line_1_105' title="bbox 1875 5127 3493 5210; baseline -0.001 -20"><span class='ocrx_word' id='word_1_601' title='bbox 1875 5156 1926 5193; x_wconf 85' lang='grc' dir='ltr'><strong>υ.</strong></span> <span class='ocrx_word' id='word_1_602' title='bbox 2012 5130 2220 5196; x_wconf 86' lang='lat' dir='ltr'><strong>XXIX.</strong></span> <span class='ocrx_word' id='word_1_603' title='bbox 2255 5129 2398 5204; x_wconf 65' lang='lat' dir='ltr'><strong>Quae</strong></span> <span class='ocrx_word' id='word_1_604' title='bbox 2425 5129 2502 5191; x_wconf 91' lang='lat' dir='ltr'><strong>sit</strong></span> <span class='ocrx_word' id='word_1_605' title='bbox 2530 5128 2783 5208; x_wconf 88' lang='lat' dir='ltr'><strong>dignitas</strong></span> <span class='ocrx_word' id='word_1_606' title='bbox 2813 5129 3103 5210; x_wconf 87' lang='lat' dir='ltr'><strong>episcopi,</strong></span> <span class='ocrx_word' id='word_1_607' title='bbox 3138 5137 3197 5190; x_wconf 92' lang='lat' dir='ltr'><strong>et</strong></span> <span class='ocrx_word' id='word_1_608' title='bbox 3239 5127 3493 5191; x_wconf 89' lang='lat' dir='ltr'><strong>diaconi.</strong></span> 
     </span>
    </p>
   </div>
   <div class='ocr_carea' id='block_1_100' title="bbox 281 5216 1899 5364">
    <p class='ocr_par' dir='ltr' id='par_1_100' title="bbox 281 5218 1899 5364">
     <span class='ocr_line' id='line_1_106' title="bbox 281 5218 1899 5303; baseline 0.001 -27"><span class='ocrx_word' id='word_1_609' title='bbox 281 5218 362 5284; x_wconf 83' lang='grc' dir='ltr'>λ’.</span> <span class='ocrx_word' id='word_1_610' title='bbox 406 5219 605 5284; x_wconf 87' lang='grc' dir='ltr'>’Ὅπως</span> <span class='ocrx_word' id='word_1_611' title='bbox 664 5221 780 5300; x_wconf 77' lang='grc' dir='ltr'><strong>χρὴ</strong></span> <span class='ocrx_word' id='word_1_612' title='bbox 827 5220 948 5286; x_wconf 67' lang='grc' dir='ltr'>τοὺς</span> <span class='ocrx_word' id='word_1_613' title='bbox 993 5220 1213 5287; x_wconf 81' lang='grc' dir='ltr'>λατκοὺς</span> <span class='ocrx_word' id='word_1_614' title='bbox 1271 5225 1585 5303; x_wconf 74' lang='grc' dir='ltr'>πειθαρχεῖν</span> <span class='ocrx_word' id='word_1_615' title='bbox 1637 5236 1758 5289; x_wconf 79' lang='grc' dir='ltr'>τοῖς</span> <span class='ocrx_word' id='word_1_616' title='bbox 1808 5221 1899 5279; x_wconf 79' lang='grc' dir='ltr'>δια·</span> 
     </span>
     <span class='ocr_line' id='line_1_107' title="bbox 366 5308 570 5364; baseline 0 0"><span class='ocrx_word' id='word_1_617' title='bbox 366 5308 570 5364; x_wconf 79' lang='grc' dir='ltr'>κόνοις.</span> 
     </span>
    </p>
   </div>
   <div class='ocr_carea' id='block_1_101' title="bbox 2029 5216 3647 5364">
    <p class='ocr_par' dir='ltr' id='par_1_101' title="bbox 2029 5216 3647 5299">
     <span class='ocr_line' id='line_1_108' title="bbox 2029 5216 3647 5299; baseline -0.004 -14"><span class='ocrx_word' id='word_1_618' title='bbox 2029 5221 2184 5286; x_wconf 72' lang='lat' dir='ltr'><strong>(XX.</strong></span> <span class='ocrx_word' id='word_1_619' title='bbox 2219 5220 2346 5294; x_wconf 91' lang='lat' dir='ltr'><strong>Quo</strong></span> <span class='ocrx_word' id='word_1_620' title='bbox 2381 5218 2555 5282; x_wconf 90' lang='lat' dir='ltr'><strong>modo</strong></span> <span class='ocrx_word' id='word_1_621' title='bbox 2587 5226 2823 5299; x_wconf 91' lang='lat' dir='ltr'><strong>oportet</strong></span> <span class='ocrx_word' id='word_1_622' title='bbox 2853 5218 3040 5281; x_wconf 90' lang='lat' dir='ltr'><strong>laicos</strong></span> <span class='ocrx_word' id='word_1_623' title='bbox 3073 5217 3325 5280; x_wconf 89' lang='lat' dir='ltr'><strong>obedire</strong></span> <span class='ocrx_word' id='word_1_624' title='bbox 3357 5216 3647 5280; x_wconf 80' lang='lat' dir='ltr'><strong>diaconis.</strong></span> 
     </span>
    </p>
   </div>
   <div class='ocr_carea' id='block_1_102' title="bbox 366 5329 570 5375">
    <p class='ocr_par' dir='ltr' id='par_1_102' title="bbox 366 5329 570 5375">
     <span class='ocr_line' id='line_1_109' title="bbox 366 5329 570 5375; baseline 0.015 -9"><span class='ocrx_word' id='word_1_625' title='bbox 366 5329 570 5375; x_wconf 87' lang='grc' dir='ltr'>κονοις.</span> 
     </span>
    </p>
   </div>
   <div class='ocr_carea' id='block_1_103' title="bbox 283 5387 1901 5479">
    <p class='ocr_par' dir='ltr' id='par_1_103' title="bbox 283 5395 1901 5479">
     <span class='ocr_line' id='line_1_110' title="bbox 283 5395 1901 5479; baseline 0.001 -23"><span class='ocrx_word' id='word_1_626' title='bbox 283 5395 400 5462; x_wconf 79' lang='grc' dir='ltr'>λα’.</span> <span class='ocrx_word' id='word_1_627' title='bbox 447 5399 583 5458; x_wconf 84' lang='grc' dir='ltr'>’Ὅτι</span> <span class='ocrx_word' id='word_1_628' title='bbox 612 5399 694 5475; x_wconf 78' lang='grc' dir='ltr'>μὴ</span> <span class='ocrx_word' id='word_1_629' title='bbox 730 5399 842 5479; x_wconf 79' lang='grc' dir='ltr'>χρὴ</span> <span class='ocrx_word' id='word_1_630' title='bbox 873 5401 968 5456; x_wconf 78' lang='grc' dir='ltr'>τὸν</span> <span class='ocrx_word' id='word_1_631' title='bbox 1010 5399 1252 5459; x_wconf 73' lang='grc' dir='ltr'>διάκονον</span> <span class='ocrx_word' id='word_1_632' title='bbox 1305 5398 1396 5460; x_wconf 66' lang='grc' dir='ltr'><strong>ἕνα</strong></span> <span class='ocrx_word' id='word_1_633' title='bbox 1423 5408 1516 5460; x_wconf 84' lang='grc' dir='ltr'>τοῦ</span> <span class='ocrx_word' id='word_1_634' title='bbox 1561 5402 1853 5460; x_wconf 68' lang='grc' dir='ltr'>ἐπισκόπου</span> <span class='ocrx_word' id='word_1_635' title='bbox 1881 5423 1901 5457; x_wconf 82' lang='lat'><strong>1</strong></span> 
     </span>
    </p>
   </div>
   <div class='ocr_carea' id='block_1_104' title="bbox 2036 5387 3654 5479">
    <p class='ocr_par' dir='ltr' id='par_1_104' title="bbox 2036 5387 3654 5469">
     <span class='ocr_line' id='line_1_111' title="bbox 2036 5387 3654 5469; baseline -0.004 -14"><span class='ocrx_word' id='word_1_636' title='bbox 2036 5390 2215 5456; x_wconf 83' lang='lat' dir='ltr'><strong>(XXI.</strong></span> <span class='ocrx_word' id='word_1_637' title='bbox 2244 5389 2412 5464; x_wconf 91' lang='lat' dir='ltr'><strong>Quod</strong></span> <span class='ocrx_word' id='word_1_638' title='bbox 2432 5407 2549 5450; x_wconf 90' lang='lat' dir='ltr'><strong>non</strong></span> <span class='ocrx_word' id='word_1_639' title='bbox 2581 5387 3178 5467; x_wconf 85' lang='lat' dir='ltr'><strong>oporteatdiaconum</strong></span> <span class='ocrx_word' id='word_1_640' title='bbox 3214 5388 3344 5451; x_wconf 90' lang='lat' dir='ltr'><strong>sine</strong></span> <span class='ocrx_word' id='word_1_641' title='bbox 3373 5387 3654 5469; x_wconf 85' lang='lat' dir='ltr'><strong>episcopo</strong></span> 
     </span>
    </p>
   </div>
   <div class='ocr_carea' id='block_1_105' title="bbox 370 5479 1988 5566">
    <p class='ocr_par' dir='ltr' id='par_1_105' title="bbox 370 5489 642 5566">
     <span class='ocr_line' id='line_1_112' title="bbox 370 5489 642 5566; baseline -0.007 -22"><span class='ocrx_word' id='word_1_642' title='bbox 370 5489 642 5566; x_wconf 72' lang='grc' dir='ltr'>πράττειν,</span> 
     </span>
    </p>
   </div>
   <div class='ocr_carea' id='block_1_106' title="bbox 1054 5479 2672 5566">
    <p class='ocr_par' dir='ltr' id='par_1_106' title="bbox 2101 5479 2672 5562">
     <span class='ocr_line' id='line_1_113' title="bbox 2101 5479 2672 5562; baseline -0.004 -19"><span class='ocrx_word' id='word_1_643' title='bbox 2101 5481 2424 5562; x_wconf 86' lang='lat' dir='ltr'><strong>quidquam</strong></span> <span class='ocrx_word' id='word_1_644' title='bbox 2458 5479 2672 5541; x_wconf 79' lang='lat' dir='ltr'><strong>facere.</strong></span> 
     </span>
    </p>
   </div>
  </div>
