4098 6214
445 211 565 275 619
1284 212 1344 276 S.
1391 210 1827 276 CLEMENTIS
1870 215 1891 275 Ι
1936 210 2115 275 ROM.
2166 212 2388 277 PONT.
2432 214 2677 278 OPEBA
2722 215 2979 278 DUBIA.

448 354 593 408 tum.
626 346 701 408 Et
731 345 786 408 si
815 345 1036 409 fuerint
1060 353 1180 409 tres
1200 345 1306 409 viri
1338 346 1401 408 in
1432 346 1631 408 medio
1664 348 1809 427 ejus,
1842 347 1986 423 Noe,
2023 358 2073 410 et

2164 341 2216 402 ἒν
2248 345 2395 422 μέσῳ
2427 345 2612 421 αὐτῆς,
2661 348 2799 424 Νῶε,
2834 346 2921 400 καὶ
2948 343 3092 419 Ἰὼϐ,
3124 346 3209 401 καὶ
3247 345 3470 426 Δανιὴλ,
3503 346 3644 405 οὗτοι
3675 349 3795 429 (56)

448 436 577 512 Job,
612 444 670 498 et
698 436 903 498 Daniel
935 458 951 513 ;
978 437 1090 518 ipsi
1122 438 1179 499 in
1212 456 1318 499 sua
1338 436 1570 515 justitia
1615 438 1935 500 servabunt
1963 442 2073 499 ani-

2168 436 2221 491 ἐν
2266 442 2335 512 τῇ
2391 433 2692 509 δικαιοσύνῃ
2738 436 2909 490 αὐτῶν
2967 436 3192 491 σώσουσι
3230 436 3325 495 τὰς
3383 437 3562 514 ψυχὰς
3604 440 3793 511 αὐτῶν,

447 545 574 588 mas
604 544 761 599 suas,
810 526 890 588 ait
922 527 1155 589 Adonai
1189 530 1473 589 Dominus
1507 524 1582 585 9⁸.
1625 552 1644 583 η
1696 526 2073 607 Apertissime

2168 525 2310 603 λέγει
2344 522 2577 580 ’Λδωναί
2613 524 2823 602 Κύριος.
2860 542 2889 581 )
2926 524 3242 603 Σαφέστατα
3275 523 3394 602 (57)
3430 522 3719 595 δεδήλωκεν
3760 529 3791 595 ἡ

446 615 764 679 declaravit
794 614 1119 697 Scriptura,
1141 616 1369 697 justum
1408 635 1541 677 cum
1576 615 1795 695 injusto
1830 636 2073 679 conver-

2170 616 2373 693 Γραφὴ,
2437 612 2517 669 ὅτι
2571 615 2743 668 συνὼν
2800 610 2998 674 δίκαιος
3060 611 3223 687 ἀδίκῳ
3290 615 3349 669 οὺ
3416 614 3794 672 συναπόλλυται

442 715 820 782 santem,una
843 725 976 768 cum
1007 724 1077 768 eo
1111 726 1229 767 non
1254 706 1520 768 interire.
1550 705 1858 786 Siquidem
1884 708 1941 767 in
1975 709 2073 769 hor

2170 703 2287 779 μετ’
2320 705 2501 760 αὑτοῦ.
2536 700 2625 758 Ἐν
2677 702 2776 778 γὰρ
2820 705 2897 775 τῷ
2954 702 3141 777 κόσμῴ
3170 704 3337 775 τούτῳ
3378 704 3467 759 καὶ
3499 702 3684 762 δίκαιοι
3714 706 3797 761 καὶ

442 796 667 858 mundo
693 796 838 876 justi
870 805 930 857 et
962 796 1165 877 injusti
1197 796 1377 858 simul
1432 806 1890 876 congregantur,
1945 798 2073 858 vita;

2166 791 2332 848 ἄδικοι
2365 790 2622 860 ἀλλήλοις
2668 792 3108 868 συναγελάζονται
3160 798 3412 864 κοινωνίᾳ
3441 793 3575 869 βίου,
3608 795 3666 849 οὗ
3695 795 3795 869 μὴν

442 886 899 959 communitate,
932 904 1051 947 non
1076 886 1253 948 etiam
1288 886 1652 960 sanctitatis;
1676 904 1790 966 qua
1818 888 1874 948 in
1907 905 2073 947 causa

2163 884 2251 938 καὶ
2307 882 2585 946 ὁσιότητος
2623 899 2637 916 ⁶
2697 880 2782 935 καὶ
2819 881 2985 953 τούτῳ
3042 883 3145 960 οὐχ
3173 882 3561 959 ἁμαρτάνουσιν
3593 885 3639 939 οἱ
3679 886 3796 940 Θεο-

440 974 619 1038 amici
664 975 772 1038 Dei
802 994 921 1038 non
962 984 1229 1056 peccant,
1262 975 1530 1055 quinimo
1564 1000 1590 1031 α
1631 978 1860 1037 Patrem
1908 994 2073 1037 suum

2163 971 2377 1052 φιλεϊς’
2441 972 2671 1047 μιμηταί
2730 972 2827 1049 γάρ
2857 972 2953 1026 εἶσι
2996 971 3091 1027 τοῦ
3142 973 3345 1049 Πατρὸς
3391 974 3560 1028 αὑτῶν
3605 981 3695 1031 τοῦ
3745 973 3797 1029 ἐν

441 1066 542 1145 qui
573 1065 631 1126 in
656 1065 822 1128 caelis
848 1073 968 1127 esto
999 1064 1329 1145 imitantur,
1356 1066 1489 1144 «qui
1512 1064 1698 1125 solem
1730 1084 1901 1126 suum
1936 1067 2078 1128 oriri

442 1154 579 1215 facit
608 1173 791 1233 super
814 1157 1009 1235 justos
1038 1162 1099 1216 et
1128 1155 1400 1234 injustas,
1451 1162 1508 1215 et
1540 1174 1567 1212 ι
1608 1155 1858 1215 imbrem
1904 1175 2075 1217 suum

439 1243 590 1323 pluit
609 1263 788 1324 super
814 1244 1000 1306 malos
1027 1252 1084 1304 et
1132 1244 1322 1305 bonos
1349 1244 1433 1305 95.
1499 1267 1521 1302 ι
1556 1243 1620 1293 96
1658 1242 1862 1323 Neque
1895 1245 2075 1305 ullum

440 1334 578 1395 inde
595 1335 925 1415 periculum
972 1334 1271 1413 virojusto
1296 1355 1311 1415 ;
1340 1352 1473 1395 nam
1507 1333 1567 1394 in
1611 1334 1797 1395 stadio
1827 1334 2079 1396 victores

437 1422 608 1485 victis
637 1431 775 1485 sunt
808 1423 1115 1505 permisti;
1162 1433 1220 1484 at
1250 1424 1307 1483 in
1343 1442 1577 1484 coronas
1617 1423 1937 1485 donatione
1969 1425 2076 1485 soli

438 1520 634 1574 astant
683 1513 785 1592 qui
832 1513 1064 1574 fortiter
1120 1521 1546 1593 pugnaverunt,
1612 1531 1721 1573 nec
1769 1514 2076 1593 quisquam

438 1612 781 1678 coronatur,
810 1602 921 1664 nisi
952 1605 1049 1682 qui
1070 1602 1331 1681 legitime
1348 1601 1764 1666 certaverit“.
1786 1603 1849 1653 98
1880 1601 2076 1665 Unus-

435 1691 689 1773 quisque
716 1692 791 1761 da
820 1692 1019 1772 seipso
1049 1692 1431 1753 conﬁtebitur
1452 1710 1518 1752 ac
1540 1692 1953 1772 respondebit,
1977 1710 2079 1753 ne-

437 1797 552 1860 que
562 1782 792 1861 justum
828 1801 962 1843 cum
996 1782 1216 1861 injusto
1240 1781 1397 1843 Deus
1426 1782 1633 1861 perdet
1660 1802 1674 1852 ;
1701 1782 2077 1861 quandoqui-

436 1868 569 1929 dem
594 1871 747 1951 apud
766 1890 901 1934 eum
927 1872 1215 1951 quidquid
1234 1871 1425 1952 culpw
1460 1890 1577 1932 non
1606 1879 1695 1932 est
1724 1872 2075 1950 obnoxium,

440 1975 552 2018 nec
586 1960 794 2022 ultioni
826 1960 1157 2041 subjectum
1193 1968 1303 2022 est.
1339 1962 1545 2040 Neque
1566 1961 1722 2022 enim
1749 1958 1933 2021 Noem
1967 1961 2077 2021 de--

437 2048 665 2124 mersit,
727 2069 925 2131 neque
976 2051 1182 2113 Lotum
1233 2050 1515 2124 incendit,
1566 2067 1764 2126 neque
1818 2047 2074 2111 Raabam

440 2137 647 2212 patria:
675 2140 909 2202 excidio
957 2140 1453 2221 comprehendit;
1501 2148 1559 2201 et
1593 2139 1642 2199 si
1676 2138 1840 2214 libet,
1876 2148 2073 2201 nostra

435 2243 672 2307 quoque
721 2248 1031 2308 cognosce,
1083 2230 1264 2291 Judas
1303 2230 1521 2291 sodalis
1578 2236 1801 2305 noster,
1853 2236 2075 2289 sortem

435 2316 753 2379 ministerii
775 2318 1084 2380 nobiscum
1107 2336 1484 2379 communem
1507 2317 1756 2397 accepit,
1780 2327 1839 2378 et
1871 2315 2074 2379 Simon

437 2404 641 2484 Magus
660 2408 954 2487 baptismo
1003 2408 1235 2469 Domini
1257 2409 1520 2487 signatus
1540 2407 1683 2481 fuit;
1715 2424 1917 2466 verum
1943 2425 2075 2467 cum

434 2504 682 2576 uterque
727 2515 940 2577 pravus
987 2497 1454 2572 exstitisset,ille
1484 2497 1723 2577 quidem
1772 2495 1981 2575 laqueo
2015 2514 2078 2555 se

426 2586 776 2669 suspendit;
805 2588 901 2649 hic
929 2606 1068 2648 vero
1092 2601 1307 2667 praaler
1343 2588 1646 2649 hominum
1673 2595 1940 2646 naturam
1966 2603 2073 2645 vo-

426 2675 623 2752 litans,
660 2678 821 2755 gravi
852 2696 990 2739 casu
1019 2676 1236 2739 fractus
1267 2677 1472 2740 est.Ad
1525 2676 1671 2748 haec,
1710 2675 1860 2737 Arca
1884 2675 2069 2736 Noem

427 2773 486 2826 et
536 2764 690 2826 ﬁlios
721 2770 851 2846 ejus
881 2766 1385 2847 complectebatur
1414 2788 1429 2843 ;
1477 2766 1581 2827 sed
1622 2765 1781 2825 solns
1812 2764 2072 2823 (ibamus

423 2872 676 2933 nequam
724 2865 1020 2939 repertus,
1072 2859 1127 2919 in
1188 2856 1305 2917 (ilio
1346 2873 1549 2937 poenas
1598 2854 1765 2915 dedit
1821 2851 1984 2923 Quod
2019 2853 2067 2912 si

426 2952 621 3023 patres
655 2963 759 3025 pro
782 2945 919 3008 ﬁliis
952 2965 1070 3007 non
1110 2947 1454 3026 puniuntur,
1480 2962 1673 3025 neque
1696 2943 1794 3004 lilii
1824 2960 1927 3021 pro
1962 2960 2065 3021 pa-

423 3032 833 3115 tribus,liquet
857 3036 1012 3117 quod
1048 3054 1240 3115 neque
1269 3054 1483 3097 uxores
1540 3052 1642 3114 pro
1668 3031 1913 3103 maritis,
1970 3049 2071 3091 ne-

420 3141 538 3199 que
551 3125 753 3187 famuli
771 3145 876 3206 pro
891 3126 1169 3203 dominis,
1202 3144 1399 3207 neque
1414 3123 1643 3203 cognati
1660 3140 1761 3201 pro
1777 3120 2064 3198 cognatis,

2160 1076 2275 1127 τοῖς
2308 1062 2572 1139 οὐρανοῖς,
2604 1070 2696 1118 τοῦ
2741 1061 2829 1115 τὸν
2874 1058 3025 1125 ἥλιον
3085 1062 3237 1116 αὑτοῦ
3287 1061 3670 1124 ἀνατέλλοντος
3713 1064 3794 1118 επὶ

2160 1150 2386 1214 δικαίους
2442 1151 2528 1206 καὶ
2572 1147 2797 1223 ἀδίκους,
2857 1150 2944 1204 καὶ
2986 1150 3277 1228 βρέχοντος
3316 1152 3473 1209 αὒτού
3529 1154 3620 1208 τὸν
3651 1154 3795 1208 ὑετὸν

2159 1242 2244 1296 ἒπὶ
2300 1242 2585 1316 πονηροὺς,
2652 1241 2737 1295 καὶ
2794 1239 3037 1317 ἀγαθούς.
3080 1240 3175 1296 Καὶ
3223 1238 3372 1296 οὒδὲν
3402 1238 3716 1297 κινδυνεύσει
3770 1244 3794 1298 6

2160 1328 2357 1395 δίκαιος
2388 1329 2446 1386 ἐκ
2466 1331 2650 1387 τούτου
2685 1346 2697 1358 '
2737 1329 2789 1385 ἐν
2821 1330 2920 1405 γὰρ
2963 1351 3039 1402 τῳ
3080 1326 3274 1401 σταδίῳ
3303 1333 3390 1385 καὶ
3435 1332 3667 1411 νικηταὶ,
3712 1334 3797 1389 καὶ

2161 1420 2441 1493 νικώμενοί
2471 1421 2623 1499 εἰσιν,
2656 1418 2709 1473 ἐν
2742 1416 2795 1474 δὲ
2848 1424 2925 1491 τῷ
2976 1419 3215 1497 στεφάνῳ
3270 1422 3421 1494 μόνοι
3457 1422 3504 1476 οἱ
3551 1424 3797 1499 γενναίως

2160 1508 2572 1586 ἀγωνισάμενοι,
2636 1506 2797 1569 οὐδεὶς
2855 1504 2910 1561 δὲ
2956 1515 3324 1586 στεφανοῦται,
3386 1509 3475 1565 ἐὰν
3528 1512 3606 1582 μὴ
3647 1512 3796 1585 νομί-

2165 1620 2279 1673 μως
2324 1596 2556 1673 ἀθλήσῃ,
2618 1596 2897 1662 ’Ἕκαστος
2975 1598 3073 1675 γὰρ
3133 1600 3250 1675 περὶ
3308 1599 3497 1656 ἑαυτοῦ
3557 1598 3798 1673 ἐξομολο-

2163 1688 2386 1764 γήσεται
2428 1685 2514 1766 99,
2548 1688 2634 1743 καὶ
2664 1687 2722 1743 οὐ
2751 1689 2829 1760 μὴ
2859 1685 3194 1763 συναπολέσῃ
3227 1690 3253 1742 6
3288 1688 3417 1750 Θεὸς
3468 1690 3559 1745 τὸν
3606 1686 3797 1746 δίκαιον

2163 1776 2298 1850 μετὰ
2348 1784 2439 1833 τοῦ
2498 1776 2698 1846 ἀδίκου,
2760 1775 2973 1853 ἐπείπερ
3034 1797 3140 1853 παρ
3199 1775 3339 1850 αὒτῷ
3385 1778 3446 1832 τὸ
3496 1777 3795 1855 ἀναμάρτη-

2160 1885 2251 1919 τον
2282 1865 2644 1944 ἀτιμώρητον,
2678 1863 2808 1922 Οῧτε
2854 1866 2954 1942 γὰρ
2996 1864 3087 1919 τὸν
3145 1870 3261 1922 Νῶε
3310 1865 3653 1937 κατέκλυσεν,
3704 1865 3789 1923 οὔ·

2157 1975 2214 2009 τε
2245 1956 2336 2011 τὸν
2368 1957 2490 2012 Λὼτ
2519 1952 2858 2028 κατέπλεξεν,
2892 1951 3008 2009 οὔτε
3037 1953 3135 2019 τὴν
3189 1945 3348 2010 Ῥαὰϐ
3403 1955 3741 2012 συναπώλεσε
3776 1978 3785 1988 ·

2163 2046 2205 2100 εἰ
2263 2044 2314 2101 δὲ
2359 2047 2606 2123 βούλεσθε
2662 2052 2855 2123 γνῶναι
2899 2046 2986 2101 καὶ
3044 2046 3109 2101 τὰ
3166 2043 3249 2124 ἐφ’
3307 2048 3459 2121 ἡμῶν
3510 2048 3789 2125 γενόμενα,

2164 2133 2361 2201 Ἰούδας
2408 2138 2499 2193 σὺν
2537 2139 2673 2211 ἡμῖν
2710 2137 2808 2209 ὢν,
2855 2132 3011 2190 ἔλαϐε
3068 2136 3160 2191 τὸν
3217 2134 3413 2212 κλῆρον
3461 2141 3564 2203 τῆς
3616 2137 3796 2194 διακο-

2162 2226 2296 2307 νίας,
2333 2227 2390 2281 ὃν
2419 2228 2505 2283 καὶ
2556 2227 2744 2300 ἡμεῖς,
2794 2224 2882 2280 καὶ
2912 2223 3092 2298 Σίμων
3123 2226 3151 2279 6
3184 2224 3361 2302 Μάγος
3392 2225 3494 2291 τὴν
3548 2225 3601 2281 ἐν
3634 2227 3798 2305 Κυρίῳ

2163 2314 2427 2395 σφραγῖδα
2463 2333 2477 2346 ’
2537 2315 2658 2371 ἀλλ’
2717 2316 2962 2392 ἑκάτερος
3016 2317 3188 2372 αὐτῶν
3220 2313 3549 2394 ἀναδειχθεὶς
3580 2316 3793 2396 φαῦλος,

2162 2408 2189 2461 6
2242 2406 2339 2480 μὲν
2370 2403 2652 2483 ἀπήγξααο
2682 2402 2837 2482 (58),
2900 2405 2925 2458 6
2984 2400 3036 2457 δὲ
3090 2403 3231 2481 παρά
3288 2404 3440 2482 φύσιν
3491 2406 3789 2483 ἱπτάμενος,

2159 2492 2433 2572 συνετρίϐη
2493 2492 2630 2569 (59).
2687 2494 2781 2550 Καὶ
2826 2492 2879 2547 ἐν
2937 2497 3006 2568 τῇ
3066 2489 3297 2567 κιϐωτῷ,
3362 2494 3481 2552 Νῶε
3512 2496 3597 2551 καὶ
3630 2497 3791 2551 οἱυὶοὶ

2158 2587 2314 2642 αὖτοῦ
2343 2583 2581 2662 ὑπῆρχον
2610 2602 2619 2613 ·
2662 2580 2797 2638 ἀλλὰ
2856 2583 3085 2660 πονηρὸς
3137 2584 3164 2637 6
3198 2584 3318 2656 Χὰμ
3350 2584 3575 2660 εὑρεθεὶς
3607 2586 3786 2660 μόνος,

2156 2675 2228 2736 εἰς
2259 2674 2348 2728 τὸν
2375 2675 2483 2728 υἱὸν
2511 2669 2719 2736 ἐδέξατο
2748 2672 2999 2746 τιμωρίαν
3038 2668 3184 2750 (60).
3217 2672 3272 2727 El.
3296 2669 3349 2725 δὲ
3375 2670 3504 2751 (61)
3526 2675 3611 2729 καὶ
3636 2672 3790 2729 πατέ-

2155 2784 2240 2840 ρες
2283 2762 2412 2838 ὑπὲρ
2462 2759 2659 2817 παίδων
2706 2764 2765 2819 οὗ
2792 2768 3163 2838 τιμωροῦνται,
3223 2758 3339 2815 οὔτε
3369 2762 3471 2816 υἱοὶ
3500 2762 3627 2838 ὑπὲρ
3684 2784 3789 2820 πα-

2152 2855 2343 2935 τέρων,
2394 2852 2577 2927 δῆλον,
2625 2854 2696 2918 ὡς
2758 2851 2874 2910 οὕτε
2928 2865 3179 2931 γυναῖκες
3231 2851 3359 2931 ὑπὲρ
3389 2853 3616 2933 ἀνδρῶν,
3676 2854 3788 2912 οὔτε

2154 2946 2350 3001 οἰκέται
2399 2942 2527 3021 ὑπὲρ
2584 2941 2873 3011 δεσποτῶν,
2934 2941 3051 2999 οὔτε
3102 2956 3375 3020 συγγενεῖς
3408 2944 3540 3021 ὑπὲρ
3598 2966 3789 3023 συγγε-

2152 3040 2279 3109 νῶν,
2334 3033 2449 3090 οὔτε
2508 3031 2649 3112 φίλοι
2706 3032 2835 3111 ὑπὲρ
2892 3030 3081 3111 φίλων,
3147 3031 3263 3088 οὔτε
3295 3030 3488 3089 δίκαιοι
3519 3034 3647 3111 ὑπὲρ
3676 3034 3788 3089 ἀδί-

2152 3145 2260 3178 κων
2301 3142 2313 3156 ·
2371 3118 2488 3177 ἀλλ’
2550 3120 2774 3185 ἕκαστος
2806 3120 2934 3199 ὅπερ
2963 3120 3055 3177 τοῦ
3084 3120 3276 3177 οἰκείου
3312 3119 3473 3199 ἔργου
3503 3122 3594 3179 τὸν
3639 3122 3791 3201 λόγον

419 3232 616 3294 neque
644 3216 823 3277 amici
858 3235 963 3297 pro
996 3216 1228 3293 amicis,
1257 3232 1453 3297 neque
1476 3215 1621 3293 justi
1657 3229 1762 3291 pro
1790 3210 2061 3288 injustis;

2158 3212 2593 3281 ἐιπαιτηθήσεται.
2658 3208 2784 3267 Οὔτε
2845 3211 2944 3288 γὰρ
2990 3216 3106 3268 Νῶε
3162 3209 3290 3289 ὑπὲρ
3330 3218 3424 3267 τοῦ
3468 3213 3673 3288 κόσμου
3721 3210 3793 3267 δί-

419 3310 477 3363 et
522 3305 674 3383 quod
722 3304 936 3385 singuli
973 3305 1048 3367 de
1078 3306 1201 3367 suis
1233 3303 1516 3385 operibus
1543 3300 2066 3365 examinabuntur.

419 3392 754 3456 NamaNoe
777 3413 881 3475 pro
908 3396 1130 3456 mundo
1171 3412 1358 3474 poena;
1380 3412 1499 3455 non
1524 3403 1662 3453 sunt
1686 3400 1925 3469 exactas,
1960 3407 2071 3449 nec

417 3479 597 3543 Lotus
622 3502 728 3562 pro
745 3482 1019 3546 Sodomis
1050 3483 1328 3548 incendio
1369 3480 1772 3559 conﬂagravit,
1799 3496 1908 3543 nec
1944 3478 2065 3540 Ra-

2154 3322 2255 3367 κην
2297 3301 2647 3379 εἷσεπράχθη,
2712 3298 2829 3355 οὔτε
2887 3300 3007 3355 Λὼτ
3068 3298 3197 3376 ὑπὲρ
3258 3296 3515 3375 Σοδόμων
3560 3301 3789 3381 ὲπυρπο-

2153 3389 2312 3463 λήθη,
2352 3388 2468 3447 οὔτε
2525 3382 2707 3464 Ῥαὰϐ,
2752 3388 2882 3467 ὑπὲρ
2930 3386 3343 3468 Ἰεριχουντείων
3393 3388 3628 3469 ἐσφάγη,
3679 3390 3789 3447 οὔτε

2154 3483 2182 3536 ὁ
2241 3477 2457 3558 Ἰσραὴλ
2506 3476 2641 3557 (62)
2688 3477 2818 3555 ὑπὲρ
2874 3477 3171 3556 Αἰγυπτίων
3214 3474 3296 3518 ¹⁰⁰
3322 3494 3338 3509 ⁸
3374 3478 3437 3535 οὒ
3467 3480 3569 3557 γὰρ
3602 3482 3635 3547 ἡ
3666 3500 3786 3536 συν-

416 3568 527 3630 aba
546 3589 651 3649 pro
670 3570 1140 3636 Hierichuntinis
1178 3573 1445 3653 jugulata
1474 3578 1586 3643 est,
1647 3586 1754 3629 nec
1786 3567 2066 3628 Israelita:

2158 3570 2350 3636 )ίκησις
2414 3568 2712 3646 κατακρίνει
2768 3566 2889 3630 τοὺς
2950 3562 3179 3632 δικαίως
3238 3567 3329 3623 σὺν
3384 3581 3506 3631 τοῖς
3566 3567 3781 3641 ἀδίκοις,

418 3675 525 3738 pro
549 3659 834 3743 [Egyptiis
857 3661 1152 3724 submersi
1204 3670 1363 3723 sunt.
1397 3656 1869 3722 Contubernium
1903 3656 2061 3717 enim

2158 3657 2266 3715 ὶλλ’
2296 3661 2330 3727 ἡ
2363 3662 2459 3736 τῇς
2500 3659 2720 3736 γνώμης
2769 3655 3010 3733 ὁμόνοια,
3048 3659 3119 3715 Οὒ
3150 3658 3262 3737 χρὴ
3298 3656 3389 3714 οὖν
3422 3670 3539 3724 τοῖς
3572 3659 3783 3731 ἑτοιμο-

410 3746 979 3831 justosinjustorum
1001 3750 1361 3814 damnationi
1378 3769 1492 3811 non
1516 3746 1885 3821 involvit,sed
1911 3763 2063 3805 una—

2158 3748 2416 3821 θανάτοις,
2449 3750 2536 3804 καὶ
2570 3746 2693 3827 (63)
2751 3749 3166 3827 μισανθρώποις,
3225 3748 3313 3804 καὶ
3371 3747 3785 3828 τιλεγκλήμοσι,

415 3836 691 3903 nimitas.
721 3841 903 3919 Igitur
915 3842 1221 3902 attendere
1234 3859 1351 3902 non
1369 3835 1800 3900 debemusistis
1816 3833 2071 3896 homini-

2158 3838 2238 3919 καὶ
2295 3839 2431 3912 μετὰ
2481 3838 2791 3917 προφάσεως
2860 3839 3234 3898 θανατοποιοτς
3293 3838 3585 3918 προσέχειν
3642 3836 3788 3916 (64).

415 3924 629 4003 hus,ad
658 3918 882 3991 caedem
905 3948 1143 4009 semper
1164 3925 1868 4009 promptis,humanitatis
1888 3922 2071 3984 osori-

2158 3918 2389 4005 ’Ἕτερος
2435 3926 2531 4003 γὰρ
2565 3926 2692 4005 ὑπὲρ
2725 3926 2901 4005 ἑτέρου
2932 3926 3026 3983 οὐκ
3079 3926 3427 3984 ἀποθανεῖται
3458 3927 3582 4006 (65)
3616 3948 3627 3960 '
3663 3926 3790 3984 ἀλλὰ

416 4014 554 4099 bus,
580 4019 1017 4081 criminationis
1063 4019 1371 4093 studiosis,
1409 4026 1469 4078 et
1492 4018 1591 4097 qui
1623 4033 1753 4075 cum
1788 4020 2067 4093 praetextu

2158 4038 2179 4073 ιι
2216 4029 2422 4096 σειραῖς
2475 4022 2581 4072 τῶν
2625 4017 2813 4072 ἑαυτοῦ
2858 4016 3129 4094 ἁμαρτιῶν
3180 4015 3406 4080 ἕκαστος
3456 4018 3785 4097 σφίγγεται»

418 4120 667 4171 mortem
724 4109 1009 4171 inferunt.
1072 4108 1243 4173 Alter
1295 4107 1452 4170 enim
1544 4126 1647 4187 pro
1702 4106 1885 4167 altero
1947 4123 2065 4165 non

2158 4107 2251 4164 Καί
2284 4122 2297 4137 ⁰
2334 4128 2357 4162 ι
2397 4105 2530 4163 Ἰδοὺ
2561 4104 2856 4185 ἄνθρωπος,
2890 4107 2976 4162 καὶ
3006 4108 3067 4162 τὸ
3098 4105 3251 4186 ἔργον
3301 4110 3463 4165 αὐτοῦ
3492 4110 3595 4185 πρὸ
3625 4128 3789 4176 προσ-

414 4198 790 4273 moritur,sed
804 4198 1074 4262 «funibus
1089 4216 1334 4262 suorum
1354 4206 1730 4278 peccatorum
1748 4194 2064 4275 unusquis-

2158 4196 2295 4255 bnou
2324 4197 2504 4257 αὐτοῦ.
2540 4219 2567 4251 ι
2609 4205 2706 4252 Δεῖ
2737 4193 2791 4251 δὲ
2816 4197 2958 4271 ἡμᾶς
3000 4193 3220 4271 βοηθεῖν
3265 4208 3385 4262 τοϊς
3415 4202 3630 4253 συνοῦσι
3664 4193 3788 4305 (66)

488 4335 551 4384 94
578 4335 792 4398 Ezech.
827 4352 948 4412 XIV,
982 4336 1080 4399 l3.
1165 4334 1230 4386 95
1259 4334 1461 4397 Matth.
1495 4349 1557 4407 v,
1593 4333 1688 4395 45.
1746 4330 1809 4379 96
1839 4331 1861 4392 Ι
1894 4326 2081 4407 [gnat.
2115 4328 2413 4412 interpol.
2440 4329 2509 4391 ad
2546 4329 2776 4394 Philad.
2822 4330 2883 4393 3.
2925 4327 2990 4378 97
3022 4330 3075 4392 II
3112 4326 3265 4391 Tim.
3302 4347 3369 4406 ιι,
3407 4330 3467 4394 5.
3556 4330 3619 4381 98
3643 4328 3784 4392 Citat

410 4415 777 4497 Anastasius,
810 4435 993 4497 quaas.
1022 4416 1117 4480 35.
1212 4416 1275 4466 99
1296 4418 1499 4478 Anast.
1532 4414 1952 4491 ἀπολογήσεται.
2042 4411 2073 4457 tt

2174 4413 2384 4473 Anast.
2419 4413 2716 4491 Αἰγυπτίων
2749 4412 3157 4477 κατεποντίσθη.

1751 4528 2153 4595 VARIORUM
2197 4526 2444 4592 NOTIE.

494 4676 617 4760 (56)
652 4680 829 4745 Οὗτοι.
866 4684 931 4745 In
965 4680 1174 4743 eodem
1209 4674 1734 4760 omittitur._CLEn.
1812 4750 1826 4760 ‘
1861 4754 1870 4760 Δ
1962 4752 1982 4760 _
2070 4666 2361 4760 oratione
2394 4688 2427 4760 e
2459 4671 2707 4760 scripto,
2729 4668 3128 4760 versipnehac
3150 4685 3358 4760 sensu,
3385 4668 3773 4760 legendumin

491 4749 619 4840 (57)
660 4764 991 4840 Σαφέστατα,
1029 4757 1325 4838 Ριθωροηίι
1348 4775 1500 4840 unus
1531 4755 1770 4840 évupez,
1804 4750 1926 4814 hic.
1961 4752 2042 4813 ID.

2158 4750 2473 4840 inastasio,
2520 4758 2590 4840 _ut
2642 4749 2739 4811 hic
2774 4767 2787 4813 Ζ
2848 4750 2975 4840 Οξότε
3017 4749 3216 4840 δίκαιοι
3268 4749 3400 4831 ὑπὲρ
3432 4749 3539 4840 τῶν
3567 4751 3770 4840 ἀδίκων.

488 4827 613 4920 (68)
649 4827 972 4922 Ἀπῆγξατο.
1007 4840 1071 4901 In
1104 4827 1361 4922 utroque
1390 4837 1612 4922 ἧγξκτο.
1645 4827 1766 4922 ΙΙΞ.⁷

2158 4828 2380 4890 )emum
2413 4828 2593 4922 verbo
2624 4830 3009 4922 κατεποντίσθη
3039 4830 3337 4892 auctiores
3373 4827 3453 4892 ac
3484 4830 3777 4912 pleniores

490 4910 613 5001 (59)
654 4910 959 5002 Συνεέρίϐη.
996 4910 1650 5002 Praaﬁgitalter_'mod)3.

2158 4918 2271 5002 “vi
2296 4912 2673 5002 ίιυειέεξὲοιξρε-
2709 4910 2849 5002 99T-

486 4988 615 5080 (60')
651 5006 735 5068 Εἷς
765 4988 854 5061 τδν
886 4988 992 5063 υίὸν
1020 4988 1225 5067 ἐδέξατο
1255 4995 1661 5080 1«pwp_i}v.__ln
1690 4995 1817 5080 [ilio
1842 5009 2046 5080 poenas

2368 4994 2424 5080 εἰ
2453 4990 2530 5080 es.
2566 4989 2699 5080 ’ᾯτι
2729 4989 2807 5080 δέ,
2839 4998 3096 5080 uterque
3127 4988 3323 5080 minus
3365 4988 3544 5080 bene.
3589 4992 3762 5080 CLsR.

404 5064 573 5144 dedit
594 5064 620 5145 1:
655 5064 957 5165 Chanaan,
983 5103 1014 5144 e
1048 5064 1373 5165 Genesis,
1399 5064 1498 5138 "25.
1533 5064 1735 5137 Notavi
1762 5064 1935 5165 βοὶ-ιςο
1965 5073 2039 5165 ad

2361 5064 2432 5165 :9
2465 5069 2705 5165 Ἰσραὴλ,
2747 5064 2810 5129 Οἷ
2872 5064 3208 5165 Ισραῆλῖται,
3236 5071 3394 5165 alter
3418 5072 3639 5165 codex.
3673 5075 3759 5165 ξι).

404 5165 730 5240 marginem
768 5149 1060 5229 Anastasii
1091 5149 1448 5240 quaestiones
1478 5173 1685 5217 carere
1701 5149 2038 5240 _voculiS.€_i<

2361 5151 2978 5240 ’Erocpoﬂuvécotcnmi:
3026 5149 3254 5240 Desunt
3278 5149 3340 5211 in
3365 5150 3758 5240 utroqueuln.

398 5266 488 5326 'r_0v
518 5230 625 5301 οἷὸν
656 5267 670 5326 ;
706 5246 807 5307 sed
834 5257 977 5308 tunc
998 5230 1125 5305 non.
1154 5239 1572 5326 vidersmmms.
1608 5234 1874 5326 codicem
1910 5233 2033 5293 val-

2369 5232 2681 5311 Προσέχειν.
2714 5231 2899 5294 Addit
2924 5232 3076 5295 alter
3113 5248 3127 5293 ε
3172 5230 3304 5290 ’Ὅτι
3359 5230 3413 5287 δὲ
3448 5230 3615 5297 οὕτως
3646 5232 3758 5311 ἔχει

401 5322 475 5382 de
501 5311 810 5406 antiquum
845 5335 902 5387 et
930 5326 1150 5387 bonum
1172 5319 1374 5406 Begiaa
1395 5316 1799 5406 Bibliotheca),
1820 5313 1894 5406 _in
1918 5332 2032 5404 quo
2116 5311 2345 5406 καίλιμο.

395 5389 678 5484 scriptum
712 5415 822 5480 est,
859 5408 945 5471 εἷς
973 5412 1078 5461 τῶν
1107 5389 1445 5477 υἱῶν,ἰιυοό
1483 5405 1540 5484 et
1569 5389 1798 5484 videtur
1819 5394 2037 5472 legisse

2364 5392 2755 5484 ’ξιποβανετταμ
2790 5393 2964 5484 Alter
2990 5405 3322 5484 τιμωρεῖται.
3346 5389 3451 5483 _ID.

394 5470 724 5546 Gen'tianus
749 5470 1043 5550 Hervetus
1074 5470 1277 5545 earum
1300 5470 1687 5557 quaestionum
1714 5470 2035 5557 interpres,

2201 5470 2605 5557 (66λΣυνοῦσι,
2638 5472 2705 5557 ,
2754 5480 2974 5557 σινοῦσι.
3023 5470 3190 5535 Alter
3221 5473 3454 5547 νοσοῦσι,
3490 5480 3557 5535 ιιι
3606 5472 3753 5533 bene

388 5564 698 5641 magisque
716 5561 1213 5628 convenitsensui
1244 5550 1425 5637 hujus
1446 5557 1583 5618 loci.
1621 5556 1829 5617 Postea
1858 5550 2037 5616 simili
2123 5550 2750 5631 conjecitCotelerius.
2784 5551 2868 5615 In.
