4098 6214
274 34 407 67 se-

326 100 335 111 I

281 371 398 439 633
1166 369 1820 439 CONSTITUTIONES
1859 372 2364 441 APOSTOLICIE.
2394 411 2472 425 -ι
2501 375 2645 442 LIB.
2690 375 2766 441 II.
3532 372 3652 439 634

282 510 571 590 γνώσεσθε,
604 509 685 566 ὅτι
715 509 824 587 ἐγὼ
855 511 1068 588 Κύριος.
1109 513 1195 569 καὶ
1238 512 1392 586 ὒμετς
1444 508 1683 587 πρόϐατα
1700 515 1795 587 τῇς
1828 533 1919 568 νο-

2019 507 2306 590 tubjungit
2334 532 2348 575 :
2384 537 2410 569 τ
2444 513 2517 576 Et
2549 512 2915 591 cognoscetis
2945 512 3084 589 quia
3110 527 3220 591 ego
3247 509 3560 591 Dominus,
3589 517 3655 573 et

282 599 385 672 μῆς
446 622 573 680 μου,
632 599 893 677 ἄνθρωποί
934 624 1035 675 μου
1109 602 1253 681 ἐστὲ,
1297 602 1384 657 καὶ
1440 602 1549 678 εγὼ
1579 603 1708 665 Θεὸς
1751 602 1919 677 ὑμῶν,

2019 615 2114 660 vos
2147 617 2285 664 oves
2314 622 2548 682 pascuae
2581 623 2764 684 meae;
2794 603 3070 665 homines
3105 600 3217 660 mei
3251 601 3418 673 estis,
3454 609 3511 661 et
3539 618 3647 679 ego

281 686 432 767 λέγει
459 688 694 747 Ἀδωναῖ
724 701 935 769 Κυριος.
972 714 999 745 ι

2019 690 2166 750 Deus
2193 699 2416 772 vester,
2451 693 2596 755 dicit
2627 692 2859 756 Adonai
2910 690 3200 755 Dominus
3228 686 3301 749 ιδ.
3337 714 3364 745 ι

818 788 1205 842 ΚΕΦΑΛΑΙΟΝ
1252 780 1360 845 te’.

2604 780 2851 845 CAPUT
2896 781 3055 843 XIX.

280 867 416 935 ⁹Ὀτι
448 878 538 933 καὶ
568 879 597 933 6
624 878 855 956 ποιμὴν,
888 875 1103 951 ἀμελῶς
1134 878 1421 957 φερόμενος
1466 877 1583 956 περὶ
1612 876 1679 933 τὰ
1710 873 1916 955 πρόϐα-

2019 866 2171 941 Ωυοιί
2197 878 2437 951 pastor,
2472 875 2675 935 ovium
2706 873 3037 953 negligens,
3070 887 3282 951 poenas
3310 870 3506 931 solvat
3540 885 3558 941 ;
3591 877 3650 929 et

351 988 442 1046 τα,
475 964 627 1034 δίκην
658 968 907 1039 τίννυσιν,
942 968 1032 1024 καὶ
1071 967 1131 1023 τὺ
1161 964 1423 1039 πρόϐατον
1455 967 1532 1041 μὴ
1578 965 1661 1046 (Ἰ)
1694 969 1914 1045 πειθαρ·

2199 961 2329 1022 ουίε
2359 978 2480 1023 non
2510 962 2800 1026 obediens
2832 963 3088 1042 pastori,
3116 960 3443 1042 puniatur.

353 1065 490 1135 χοῦν
518 1061 595 1129 τῷ
624 1056 864 1136 ποιμένι,
910 1055 1222 1128 κολάζεται.

354 1145 642 1204 Ἀκοόσατε
699 1146 746 1203 οἱ
805 1135 1105 1217 ἐπίσκοποι,
1163 1148 1248 1203 καὶ
1301 1146 1557 1203 ἀκούσατε
1613 1146 1661 1203 οἱ
1718 1145 1919 1220 λαἰκοὶ,

2086 1135 2312 1200 Audite
2333 1141 2623 1221 episcopi,
2652 1148 2711 1203 et
2742 1140 2941 1203 audite
2964 1139 3122 1209 laici.
3152 1156 3267 1218 quo
3301 1136 3476 1198 modo
3506 1135 3651 1198 dicit

274 1236 345 1297 ὥς
380 1233 467 1314 (8)
502 1256 663 1313 φησιν
706 1238 733 1291 δ
778 1236 929 1297 Θεός’
988 1260 1006 1287 I
1049 1233 1237 1315 Κρινῶ
1267 1238 1414 1315 κριὸν
1454 1238 1585 1314 πρὸς
1635 1239 1808 1315 κριὸν,
1834 1236 1919 1292 καὶ

2019 1222 2164 1287 Deus
2192 1246 2258 1315 ενι
2294 1226 2585 1292 Judicabo
2608 1230 2853 1291 arietem
2887 1231 2960 1291 ad
2993 1230 3264 1298 arietem.
3288 1233 3347 1289 et
3371 1226 3645 1315 ovemad

274 1322 539 1403 πρόϐατον
581 1326 714 1403 πρὸς
786 1322 1070 1401 πρόϐατον
1118 1346 1140 1381 o
1175 1326 1262 1382 καὶ
1308 1314 1441 1401 πρὸς
1498 1327 1619 1391 τοὺς
1667 1314 1919 1399 ποιμένας

2019 1330 2175 1375 avem
2207 1314 2262 1359 ⁸⁵
2288 1337 2303 1393 ;
2329 1342 2355 1374 ι
2384 1326 2441 1380 et
2470 1338 2585 1399 quo
2618 1321 2791 1381 modo
2826 1318 3162 1401 pastoribus
3185 1317 3302 1379 ait:
3336 1314 3646 1378 Judicabi-

275 1412 444 1491 λέγει’
523 1402 845 1491 Κριθήσεσθε
924 1413 1102 1470 ἕνεκεν
1148 1419 1247 1482 τῆς
1309 1414 1550 1493 ἀπειρίας
1610 1418 1781 1473 αὖτῶν
1836 1417 1919 1471 καὶ

2019 1403 2156 1493 mini
2179 1414 2421 1487 propter
2441 1409 2793 1489 imperitiam
2821 1417 3164 1488 vestram,et
3185 1414 3428 1487 propter
3447 1402 3644 1466 ovium

277 1508 373 1569 τῆς
424 1503 501 1566 εἰς
548 1504 612 1558 τὰ
642 1500 879 1581 πρόϐατα
925 1502 1229 1584 διαφθορᾶς·
1286 1492 1579 1578 τουτέστιν,
1633 1506 1919 1562 ἐπίσκοπον

2019 1492 2407 1584 perditionem
2436 1515 2450 1560 :
2486 1499 2597 1559 hoc
2629 1508 2737 1573 est,
2773 1497 3130 1580 Episcopum
3174 1496 3247 1558 ad
3300 1495 3643 1584 episcopum

278 1593 409 1671 πρὸς
462 1591 747 1649 ἐπίσκοπον
804 1593 992 1672 κρινῶ,
1028 1581 1144 1649 ’καὶ
1187 1592 1375 1649 λα’ίκὸν
1408 1594 1538 1671 πρὸς
1589 1592 1805 1673 λα’ίκὸν,
1841 1596 1919 1651 vati

2019 1581 2307 1673 iudicabo,
2341 1593 2400 1646 et
2432 1585 2646 1649 laicum
2686 1589 2757 1649 ad
2810 1587 3051 1649 laicum.
3086 1595 3144 1648 et
3197 1583 3527 1665 principem
3574 1581 3649 1643 ad

279 1682 517 1762 ἄρχοντα
571 1682 701 1758 πρὸς
749 1671 1009 1761 ἄρχοντα,
1057 1683 1260 1760 Λογικὰ
1300 1684 1399 1760 γὰρ
1447 1684 1513 1739 τὰ
1542 1671 1804 1761 πρόϐατα,
1839 1683 1919 1739 καῖ

2019 1671 2365 1754 principem.
2401 1675 2743 1739 Rationales
2775 1678 2933 1739 enim
2968 1685 3110 1738 sunt
3140 1683 3255 1736 tam
3290 1691 3454 1753 oves,
3476 1689 3647 1753 quam

282 1774 326 1830 οἱ
379 1773 517 1851 κριοὶ
545 1774 705 1851 οὗτοι,
753 1769 874 1828 ἀλλ’
929 1775 1023 1830 οὐκ
1078 1771 1271 1848 ἄλογα,
1323 1772 1416 1828 ἵνα
1464 1773 1674 1844 μήποτε
1737 1773 1919 1847 εἴπῃὶ

2019 1762 2255 1851 arietes,
2290 1783 2408 1827 non
2471 1776 2668 1828 autem
2723 1768 2970 1829 rationis
3025 1771 3337 1847 expertes;
3375 1780 3449 1823 ne
3500 1762 3651 1851 forte

279 1860 495 1936 λα’ίκὸς,
544 1850 681 1919 ’Ὅτι
742 1860 850 1938 ἐγὼ
908 1858 1168 1939 πρόϐατόν
1212 1862 1341 1936 εἶμι,
1378 1862 1549 1917 καὶυῦ
1578 1862 1809 1937 ποιμὴν,
1844 1859 1919 1917 καί

2019 1848 2202 1939 laicus
2230 1851 2388 1915 dicat
2412 1873 2426 1918 :
2462 1854 2581 1935 Ego
2612 1857 2737 1917 ovis
2770 1875 2923 1931 sum,
2945 1868 3004 1917 et
3030 1874 3148 1917 non
3173 1860 3373 1936 pastor
3396 1873 3413 1928 ;
3438 1851 3490 1913 si
3512 1850 3650 1912 nul-

284 1950 467 2007 οὗδὲνα
521 1937 804 2030 λόγον
848 1937 1079 2026 ὶμαυτοῦ
1136 1952 1455 2027 πεποίημαι,
1506 1949 1627 2008 ἀλλ’
1666 1953 1693 2008 6
1724 1952 1919 2026 nom-ip

2019 1937 2131 2000 lam
2171 1942 2287 2003 mei
2317 1944 2611 2007 rationem
2645 1944 2847 2019 habui,
2885 1946 3096 2007 viderit
3146 1951 3367 2020 pastor,
3402 1942 3454 2002 is
3495 1940 3654 2001 solus

280 2038 489 2115 ὄψεται,
512 2040 615 2119 ,παὶ
646 2039 804 2101 αὐτὸς
832 2040 992 2113 μόνος
1024 2041 1477 2119 εἰσ-πραχθήσεται
1513 2041 1613 2107 τὴν
1637 2041 1765 2118 ὅπερ
1795 2040 1919 2115 ἐμοί

2019 2045 2221 2107 pmnas
2253 2050 2357 2111 pro
2388 2052 2480 2096 me
2509 2035 2695 2099 dabit.
2731 2038 2877 2098 Nam
2910 2035 3083 2096 sicuti
3117 2033 3241 2094 ovis
3271 2031 3653 2119 quaebonum

275 2124 448 2194 δίκην,
508 2117 733 2206 ’Ὥσπερ
788 2129 889 2207 γὰρ
936 2136 1014 2203 τῷ
1065 2117 1483 2206 καλῷ-ποιμένι
1552 2131 1613 2186 τὸ
1660 2117 1745 2204 μὴ
1791 2130 1926 2187 ἀκο-

275 2216 487 2276 λουθοῦν
552 2215 831 2298 πρόϐατον,
909 2218 1088 2283 λύκοις
1166 2219 1399 2276 ἔκκειται
1472 2221 1544 2280 είς
1621 2217 1923 2298 διαφθορὰν,

274 2305 411 2362 οὕτω
463 2312 541 2379 τῷ
599 2313 821 2383 πονηρῷ
882 2307 1097 2383 ποιμένι
1144 2310 1204 2365 τὸ
1257 2307 1597 2388 ἀκολουθοῦν,
1651 2307 1925 2386 πρόδηλον

274 2396 388 2477 ἔχει
416 2398 512 2453 τὸν
540 2397 785 2477 θάνατον,
841 2397 921 2455 ὅτι
993 2400 1388 2479 πατατρώξεται
1434 2402 1585 2463 αὐτό,
1638 2402 1730 2456 Διὸ
1761 2421 1926 2480 φευκ-

273 2484 395 2542 τέον
423 2485 533 2543 ἀπὸ
560 2493 667 2543 τῶν
695 2487 928 2568 φθορέων
956 2491 1250 2564 ποιμένων,

846 2585 1233 2639 ΚΕΦΑΛΑΙΟΝ
1277 2578 1374 2640 Κ’.

284 2662 489 2736 ’Ὅπως
534 2675 646 2754 χρὴ
676 2673 797 2736 τοὺς
840 2674 1171 2755 ἀρχομένους
1203 2678 1520 2754 πειθαρχεῖν
1548 2686 1668 2737 τοῖς
1718 2673 1925 2755 ἄρχου-

889 2777 972 2810 σιν
1016 2754 1329 2817 ἐπισκόποις
1340 2803 1351 2816 .

356 2844 460 2901 Τὸν
498 2842 680 2918 μέντοι
735 2843 961 2919 ποιμένα
1009 2845 1101 2901 τὸν
1148 2844 1343 2922 ἀγαθὸν
1377 2846 1407 2900 6
1456 2843 1647 2910 λα’ἰκὸς
1690 2846 1921 2921 τιμάτω,

282 2932 567 3013 ἀγαπάτω,
605 2930 883 3013 φοϐείσθω,
945 2935 1016 2998 ὡς
1069 2934 1245 3011 κύριον
1301 2932 1450 3013 (10),
1503 2936 1577 2997 ὡς
1637 2933 1922 3010 δεσπότην,

275 3023 344 3085 ὡς
389 3021 646 3103 ἀρχιερέα
696 3029 846 3089 Θεοῦ,
895 3024 967 3085 ὡς
1027 3020 1337 3079 διδάσκαλον
1403 3021 1691 3084 εὗσεϐείας.
1736 3024 1793 3082 '0
1826 3025 1925 3104 γὰρ

2013 2128 2314 2195 pastorem
2345 2141 2462 2184 non
2491 2125 2949 2205 sequitur,lupis
2970 2123 3238 2205 exposita
3251 2118 3427 2183 estad
3452 2116 3653 2180 interi-
3762 2182 3763 2185 η

2011 2213 2131 2267 tum
2162 2230 2176 2283 ;
2210 2209 2291 2271 ita
2322 2230 2453 2293 qua;
2498 2215 2715 2274 malum
2754 2224 3046 2294 pastorem
3080 2220 3364 2283 sectatur,
3397 2216 3652 2271 mortem

2009 2295 2197 2359 vitare
2222 2301 2465 2380 nequit;
2501 2303 2574 2364 ab
2623 2322 2717 2378 eo,
2750 2304 3009 2383 scilicet,
3039 2299 3446 2366 devorabitur.
3484 2295 3650 2371 Quo-

2011 2384 2169 2449 circa
2200 2388 2466 2470 fugiendi
2510 2400 2650 2453 sunt
2680 2393 2999 2474 perniciosi
3032 2398 3321 2474 pastores.

2011 2655 2324 2731 Quomodo
2336 2659 2587 2738 subjecti
2594 2570 3075 2741 ﬁgitﬁgit
3094 2662 3397 2743 episcopis
3408 2658 3654 2722 obedire

2085 2832 2143 2877 ⁴⁸
2164 2835 2235 2897 Et
2256 2834 2498 2916 quidem
2528 2751 3070 2922 ὺοηυῗηϐἒῗιιέῗόέθω
3096 2840 3282 2903 laicus
3305 2845 3643 2919 veneretur,

2008 2932 2731 3008 amet,metuat,tanquam
2756 2930 3374 3010 dominum,tanquam
3406 2929 3649 3009 herum,

2011 3020 2285 3094 tanquam
2317 3015 2424 3078 Dei
2440 3018 2808 3100 pontiﬁcem,
2832 3028 3109 3101 tauquam
3144 3020 3495 3097 magistrum
3529 3019 3651 3100 pie-

276 3112 426 3169 αὒτοῦ
470 3102 704 3192 ἆκούων,
742 3118 965 3191 Χριστοῦ
1017 3112 1227 3190 ἀκούει,
1282 3114 1372 3169 καὶ
1430 3115 1457 3169 6
1519 3114 1673 3169 αὐτὸν
1704 3102 1919 3185 ἀθετῶν,

2019 3104 2168 3166 tatis.
2191 3102 2303 3177 Qui
2335 3105 2493 3168 enim
2524 3108 2687 3171 audit
2719 3127 2880 3183 eum,
2905 3110 3205 3173 Christum
3238 3108 3400 3171 audit
3426 3130 3440 3184 ;
3478 3115 3535 3170 et
3551 3108 3651 3189 qui

274 3203 495 3279 Χριστὸν
544 3201 744 3281 ἀθετεῖ,
805 3202 895 3258 καὶ
953 3204 981 3257 6
1016 3203 1110 3258 τὸν
1153 3203 1379 3279 Χριστὸν
1410 3203 1490 3277 μή
1520 3200 1840 3282 δεχόμενος,
1868 3203 1926 3259 οὒ

271 3289 483 3369 δέχεται
522 3291 616 3346 τὸν
664 3294 821 3349 αὐτοῦ
879 3292 1007 3347 Θεὸν
1049 3292 1139 3347 καὶ
1195 3291 1426 3367 Πατέρα.
1471 3313 1493 3347 ε
1531 3290 1592 3351 Ὀ
1623 3293 1792 3366 ὑμῶν,
1824 3294 1925 3371 γάρ

270 3402 450 3459 φησιν,
483 3380 717 3456 ἀκούων,
775 3384 905 3457 ὶμού
956 3381 1156 3454 ἀκούει,
1218 3383 1307 3437 καὶ
1338 3384 1366 3437 ὁ
1396 3382 1533 3456 ὑμᾶς
1567 3380 1789 3454 ἀθετῶν,
1827 3380 1923 3457 ἐμὲ

266 3473 465 3551 ἀθετεῖ,
525 3471 614 3527 καὶ
657 3471 685 3526 6
748 3470 842 3545 ἐμὲ
886 3470 1113 3550 ἀθετῶν,
1152 3472 1332 3527 ἀθετεῖ
1385 3472 1474 3526 τὸν
1527 3469 1912 3527 ἀποστείλαντά

267 3580 355 3631 με.
391 3582 418 3613 ι
455 3556 689 3634 Ὀμοίως
748 3562 777 3616 6
838 3558 1123 3616 ἐπίσκοπος
1181 3563 1253 3624 ὡς
1303 3560 1460 3617 τέκνα
1517 3561 1638 3622 τοὺς
1690 3559 1912 3626 λαῖκούς

265 3646 550 3726 ἀγαπάτω,
593 3647 809 3705 θάλπων
858 3650 946 3706 καὶ
1003 3649 1236 3727 στέργων
1288 3650 1418 3727 (11)
1447 3655 1515 3726 τῇ
1566 3649 1767 3726 σπουδῇ
1816 3656 1913 3717 τῆς

269 3736 505 3814 ἀγάπης,
555 3739 630 3802 ὡς
659 3739 762 3813 ea,
821 3740 891 3801 είς
952 3740 1290 3819 περιποίησιν
1321 3738 1565 3807 νοσσίων,
1622 3740 1657 3807 ἢ
1681 3741 1759 3796 ὡσ
1788 3762 1914 3796 νοσ-

274 3826 381 3899 σία,
436 3824 857 3904 ἀγκαλιζόμενος
917 3830 989 3889 είς
1035 3828 1370 3898 περιποίησιν
1432 3828 1667 3904 ὀρνίθων
1715 3828 1916 3891 πάντας

275 3915 552 3989 νουθετῶν,
613 3922 743 3972 πᾶσι
792 3930 915 3980 ταῖς
979 3916 1319 3992 πληκτισμοῦ
1380 3915 1509 3996 (12)
1565 3914 1923 3993 ἐπιδευμένοις

273 4001 643 4078 ἐπιπλήσσων,
678 4003 814 4061 ἀλλὰ
861 4008 938 4082 μὴ
968 4005 1247 4082 πλήσσων,
1288 4006 1588 4078 ὑποπιέζων
1617 4008 1689 4068 εἰς
1738 4006 1922 4085 ἐντρο-

275 4091 401 4173 πὴν,
435 4092 575 4150 ἄλλά
765 4095 841 4169 μὴ
901 4098 975 4158 είς
1026 4096 1354 4174 ἀνατροπὴν,
1407 4100 1659 4153 νουθετῶν
1691 4098 1767 4160 εἷς
1797 4096 1923 4152 ἑπι-

276 4182 533 4261 στροφὴν,
567 4182 828 4258 ἐπιτιμῶν
878 4186 951 4249 εἰς
1009 4182 1303 4262 διόρθωσιν,
1347 4186 1435 4241 καὶ
1487 4185 1743 4252 εὒθότητα
1814 4208 1922 4242 πο-

272 4270 427 4347 ρείας·
485 4272 547 4330 τὸ
605 4274 821 4353 ἰσχυρὸν
878 4272 1182 4353 φυλάσσων,
1216 4274 1477 4354 τουτέστι,
1513 4277 1576 4331 τὸ
1607 4274 1817 4352 ἑδραῖον
1862 4282 1928 4352 τῇ

273 4360 437 4417 πίστει
468 4360 705 4441 ἀσφαλὲς
736 4368 938 4441 τηρῶν·
975 4363 1064 4419 τὸν
1119 4362 1250 4419 λαὸτ
1282 4365 1564 4443 εἰρηνικῶς
1622 4365 1924 4439 ποιμαίνων

273 4450 331 4504 τὸ
377 4448 771 4531 ἐνοχλούμενον
829 4451 1111 4533 ἐνισχύων,
1147 4453 1409 4522 τουτέστι,
1445 4455 1507 4510 τὸ
1540 4454 1922 4532 πειραζόμενον

267 4536 317 4592 ἒν
337 4545 403 4616 τῇ
474 4541 715 4613 τουθεοίᾳ
769 4539 1146 4619 στερῤοποιῶνο
1209 4543 1269 4598 τὸ
1329 4540 1628 4620 ἆῤῥωστοῦν
1664 4543 1917 4621 ἰώμενος,

266 4628 530 4709 τουτέστι,
574 4632 635 4686 τὸ
686 4630 871 4687 νοσοῦν
916 4630 977 4686 ἐκ
1038 4636 1135 4697 τῆς
1166 4631 1393 4693 πίστεως
1427 4631 1482 4686 ἐν
1514 4632 1777 4711 διχονοίᾳ,
1810 4630 1919 4687 διὰ·

2008 3193 2236 3273 εροτηὶι
2265 3195 2749 3277 eum,Christum
2783 3200 3012 3279 spernit
3040 3223 3055 3273 ;
3091 3208 3149 3263 et
3172 3199 3277 3278 qui
3300 3217 3417 3260 non
3439 3197 3652 3276 recipit

2008 3280 2335 3358 Christum,
2371 3303 2490 3346 non
2522 3288 2732 3368 recipit
2766 3289 2922 3352 illius
2948 3290 3133 3353 Deum
3166 3308 3234 3351 ac
3266 3291 3524 3352 Patrem.
3551 3286 3652 3349 Ait

2007 3373 2206 3436 enim:
2240 3398 2267 3429 ε
2301 3374 2415 3446 Qui
2444 3394 2545 3437 vos
2573 3379 2763 3451 audit,
2794 3398 2887 3442 me
2918 3379 3123 3455 audit;
3150 3377 3327 3460 etqui
3358 3396 3461 3438 vos
3490 3393 3655 3456 sper-

2007 3462 2115 3536 nit,
2152 3481 2247 3523 me
2279 3465 2545 3543 spernit;
2576 3474 2635 3527 et
2681 3468 2779 3548 qui
2820 3486 2914 3529 me
2963 3469 3216 3550 spernit,
3252 3466 3478 3548 spernit
3516 3482 3651 3527 eum

2008 3554 2107 3633 qui
2141 3572 2235 3614 me
2267 3554 2434 3616 misit
2463 3553 2536 3615 4⁷.
2572 3581 2595 3614 ιι
2629 3557 2917 3620 Similiter
2951 3558 3239 3639 epicopus
3269 3556 3458 3618 laicos
3488 3563 3552 3615 nt
3584 3555 3657 3616 li-

2007 3644 2118 3704 lios
2140 3642 2345 3722 diligat
2368 3647 2681 3718 ;natura|is
2706 3648 2905 3711 studio
2932 3647 3236 3709 charitatis
3259 3662 3652 3727 prosequens.

2004 3751 2072 3795 ac
2097 3732 2326 3807 fovens,
2356 3736 2525 3815 quasi
2548 3755 2655 3798 ova
2680 3737 2755 3800 ad
2780 3738 3185 3800 exclusionem
3208 3735 3527 3816 pullorum,
3554 3740 3656 3795 aut

2008 3823 2181 3900 quasi
2215 3823 2408 3903 pullos
2444 3833 2507 3886 ut
2550 3826 2609 3887 in
2640 3827 2897 3907 gallinas
2951 3830 3288 3889 educentur
3317 3825 3451 3886 sinu
3483 3842 3652 3885 com-

2009 3914 2273 3993 plectens
2301 3930 2315 3975 :
2351 3924 2599 3977 cunctos
2626 3916 2997 3997 admonens;
3031 3933 3239 3978 omnes
3269 3915 3369 3997 qui
3401 3916 3652 3993 castiga-

2009 4004 2169 4064 tione
2192 4001 2462 4083 iudigent
2489 4004 2847 4083 latdens,sed
2873 4025 2989 4067 non
3014 4005 3280 4077 illidens;
3306 4006 3378 4066 ad
3402 4022 3653 4065 conver-

2008 4092 2236 4153 sionem
2274 4109 2577 4174 premens,
2604 4114 2719 4157 non
2751 4105 2949 4159 autem
2971 4095 3042 4158 ad
3068 4095 3439 4158 eversionem
3470 4112 3652 4169 ;sua-

2010 4181 2159 4243 deus
2174 4183 2246 4245 ad
2271 4200 2633 4262 regressum;
2652 4185 2968 4265 increpans
2986 4192 3052 4250 ut
3074 4186 3329 4264 corrigat
3349 4194 3407 4246 et
3424 4185 3484 4246 in
3498 4183 3651 4246 viam

2011 4280 2233 4334 rectam
2272 4271 2569 4335 deducat:
2608 4274 2764 4355 quod
2821 4276 3055 4336 ﬁrmum
3110 4284 3200 4338 est
3250 4275 3556 4355 retinens;
3589 4273 3649 4334 id

2011 4369 2122 4435 est,
2155 4362 2312 4440 quod
2378 4363 2494 4424 ﬁde
2554 4362 2861 4425 fundatum
2924 4376 3037 4446 est,
3072 4366 3130 4426 in
3188 4375 3309 4426 tuto
3363 4382 3646 4428 servans:

2010 4450 2290 4532 populum
2356 4451 2605 4531 paciﬁce
2666 4470 2952 4533 pascens:
3017 4453 3173 4535 quod
3225 4472 3504 4535 quassum
3566 4462 3654 4515 est

2007 4540 2336 4612 roborans;
2372 4541 2484 4601 hoc
2542 4551 2650 4613 est,
2690 4542 2848 4623 quod
2910 4544 3234 4605 tentatione
3295 4544 3645 4616 concutitur,

2004 4630 2415 4693 admonitione
2447 4632 2863 4694 consolidans:
2901 4634 3057 4713 quod
3104 4642 3383 4711 aegrotum
3438 4640 3525 4693 est
3554 4651 3650 4692 sa~

269 4718 367 4782 τῆς
434 4717 772 4784 διδασκαλίας
830 4720 1155 4794 θεραπεύων·
1207 4722 1268 4776 τὺ
1326 4720 1765 4799 συντετριμμένον
1812 4742 1916 4776 κα-

2019 4737 2155 4781 ]εωε
2186 4738 2201 4795 ;
2237 4719 2293 4779 id
2333 4730 2444 4801 est,
2475 4722 2628 4802 quod
2661 4742 2732 4783 ex
2773 4722 2892 4785 ﬁde
2927 4722 3237 4783 vacillante
3269 4722 3515 4795 laborat,
3548 4739 3652 4801 per

269 4805 566 4883 ταδεσμῶν,
601 4808 866 4884 τουτέστι,
920 4811 982 4866 τὸ
1038 4808 1473 4885 πεπλανημένον,
1506 4810 1542 4879 ἢ
1572 4812 1634 4867 τὸ
1659 4813 1917 4889 τεθραυσ-

2019 4809 2335 4873 ioctrinam
2361 4831 2576 4874 curans
2603 4834 2615 4876 :
2643 4812 2797 4894 quod
2824 4812 3143 4874 contritum
3170 4820 3258 4872 est
3280 4812 3468 4890 ligans
3498 4831 3512 4887 ;
3538 4812 3649 4872 hoc

339 4924 394 4969 “
420 4927 639 4994 Ezech.
671 4946 869 5005 xxxtv,
906 4929 1004 5003 30,
1040 4929 1137 4993 3i.

1225 4931 1289 4981 45
1321 4930 1472 4993 Ibid.
1514 4931 1609 4994 l7.
1697 4930 1759 4980 ιϐ
1790 4932 1829 4992 l.
1867 4930 2029 5010 Ignat
2091 4933 2373 5011 interpol.
2408 4933 2480 4994 ad
2508 4932 2690 4995 Trall.
2724 4935 2786 4996 7.
2873 4933 2933 4981 47
2966 4934 3137 5003 Luc.,'
3176 4932 3268 4995 16.

1592 5057 1989 5124 VARIORUM
2036 5057 2287 5123 ΝΟΤᾸΕ.

344 5182 435 5339 ἵῖ)
468 5186 656 5255 Μή.Τὸ
686 5188 763 5260 μή
798 5185 856 5246 ἱη
886 5186 1077 5249 altero
1102 5187 1522 5269 codicum,nec
1547 5188 1911 5252 male.CLsn.

371 5263 426 5336 8)
461 5264 598 5330 "ac.
634 5266 718 5330 Τί.
754 5266 925 5339 quid.
960 5265 1049 5332 ID.

371 5263 426 5346 ξ)
461 5264 598 5346 νας.
634 5266 718 5346 τί.
754 5266 925 5346 quid.
960 5265 1049 5332 ID.
1328 5342 1333 5345 ν

343 5342 1016 5428 (9)-Κ2ὶμοΰδέναῂλόγον.
1073 5348 1207 5412 Hzec
1259 5342 1443 5412 verba
1490 5356 1547 5410 et
1605 5350 1916 5428 sequentia

270 5420 337 5481 ad
366 5421 511 5491 δίκὴν
540 5423 757 5489 desunt
789 5425 848 5487 iu
882 5420 1069 5489 altero
1103 5431 1332 5493 codice.
1367 5429 1518 5494 Sunt
1550 5420 1757 5492 revera
1786 5449 1877 5492 am
1898 5464 1911 5477 -

2084 5191 2134 5275 (_l
2243 5192 2335 5255 Ὠς
2369 5194 2570 5275 κύριον.
2608 5191 2920 5275 Ρτεειηὶιιίι
2947 5191 3100 5275 alter
3119 5193 3306 5275 codex
3331 5198 3401 5260 ὡς
3424 5197 3646 5275 πατέρα,

2000 5272 2345 5349 omittitque
2380 5273 2532 5353 quod
2569 5273 2838 5353 sequitur
2867 5276 2940 5337 ὡς
2972 5271 3256 5341 δεσπότην.
3292 5278 3378 5337 In.

2081 5354 2498 5432 (il),2tép~{tov.
2533 5353 2691 5415 Idem
2731 5353 2911 5415 habet
2938 5355 3247 5432 θερμαίνων,
3284 5356 3368 5417 ΙΙ),

2083 5431 2210 5512 (12)
2248 5431 2616 5509 Ηληκτισμοῦ.
2650 5434 2823 5495 Alter
2882 5431 3297 5510 διατληκτισμοὺ
3352 5435 3644 5513 δεομένοις.

266 5498 536 5587 plilicatio
580 5522 810 5582 eorum,
846 5526 981 5587 quae
1006 5511 1279 5585 proxime
1307 5519 1778 5582 antecesserunt;
1804 5510 1906 5571 sed
1994 5508 2076 5575 Ιυ.

267 5580 407 5722 inti’hil
443 5597 593 5647 vetat
639 5588 765 5649 haec
796 5580 1057 5670 quoque
1108 5610 1239 5652 esse
1270 5612 1303 5653 ει
1331 5591 1655 5671 Scriptnris
1705 5580 1899 5652 manu.

2069 5593 2195 5681 (13)
2246 5592 2437 5681 una.
2475 5592 2638 5654 Hanc
2688 5612 2891 5681 yocem
2927 5602 2986 5654 et
3027 5602 3145 5655 tres
3179 5604 3497 5681 sequentes
3527 5616 3647 5662 non

1993 5674 2248 5751 legimus
2282 5674 2341 5749 in
2372 5674 2558 5735 altero
2592 5676 2728 5737 cod.
2766 5678 2852 5741 lu.
