4098 6214
448 310 563 374 635

1278 310 1336 373 S.
1385 309 1820 374 CLEMENTIS
1864 309 1885 371 l
1931 313 2115 376 BOM.

2162 313 2386 376 PONT.
2432 314 2679 378 OPERA
2722 311 2976 378 DUBlA.
3692 316 3803 381 636

447 450 557 519 est,
591 443 749 520 quod
774 461 980 521 vagum
1012 453 1126 519 est,
1158 445 1242 507 vel
1275 444 1572 525 collisum,
1599 446 1689 507 vel
1723 446 1801 507 ita
1832 447 2081 525 peccatis

2176 447 2357 531 μένον,
2389 451 2424 518 ἢ
2459 452 2519 507 τὸ
2571 452 2930 530 κατεαγμένον
2991 452 3045 508 ἐν
3106 452 3383 530 ἁμαρτίαις
3450 456 3522 515 εἱς
3581 452 3810 532 χωλείαν

448 533 814 594 confractum
846 541 909 594 ut
931 532 990 594 in
1023 534 1114 595 via
1135 533 1450 604 claudicet,
1480 553 1586 613 per
1614 535 2090 601 exhortationem

449 622 903 684 consolatoriam
931 623 1216 687 vinciens.
1239 622 1638 698 Peccatorem,
1666 624 2091 707 episcope,de—

450 711 604 772 lictis
626 709 1049 784 deonerans,et
1070 713 1295 793 optima
1315 731 1421 793 spe
1447 713 1708 794 replens,
1726 714 1849 793 jam
1873 716 2089 778 robus-

449 808 571 861 tum
606 800 664 861 in
691 798 1014 862 Ecclesiam
1060 801 1334 881 restitue,
1368 810 1549 880 atque
1596 803 1782 864 reduc
1810 805 1883 867 ad
1914 806 2085 868 ovile.

448 889 617 963 Quod
644 890 952 970 expulsum
984 890 1092 951 fuit
1120 903 1372 971 revoca;
1400 892 1514 953 hoc
1545 900 1655 965 est,
1680 893 1836 973 quod
1869 894 1929 956 in
1958 914 2085 974 poe-

446 997 579 1040 nam
613 988 991 1058 peccatorum
1018 998 1260 1042 suorum
1286 982 1544 1060 ejectum
1572 981 1785 1056 fuit,ne
1807 984 1968 1046 sinas
1998 985 2086 1047 fo-

446 1071 528 1133 ris
552 1073 1035 1151 permanere;sed
1058 1080 1428 1154 assumptum
1451 1076 2086 1153 etconversum,redde

444 1159 742 1240 gregi,seu
764 1161 1158 1223 immaculata
1178 1162 1459 1225 Ecclesia:
1487 1165 1739 1243 populo:
1765 1166 1919 1246 quod
1946 1185 2082 1229 vero

447 1249 703 1329 perierat
726 1249 985 1331 require;
1008 1250 1066 1311 id
1088 1251 1367 1332 est,quod
1393 1252 1774 1317 multitudine
1803 1265 2082 1334 peccato-

382 1404 385 1409 .
443 1356 577 1400 rum
606 1356 848 1400 suorum
872 1358 1038 1420 spem
1061 1340 1267 1402 salutis
1282 1341 1584 1417 amiserat,
1606 1341 1871 1407 funditus
1892 1345 2083 1407 inter-

444 1427 536 1489 ire
558 1447 632 1489 ne
654 1429 999 1508 permiseris
1026 1452 1038 1488 :
1068 1431 1225 1507 quod
1253 1449 1323 1493 ex
1347 1430 1531 1492 animi
1561 1440 1802 1509 torpore
1820 1452 1889 1496 ac
1919 1440 2087 1516 supi-

447 1517 631 1580 nitate
662 1518 720 1579 in
746 1537 1021 1598 soporem
1056 1520 1216 1582 venit
1245 1529 1302 1582 et
1335 1521 1485 1582 adeo
1516 1539 1748 1600 gravem
1782 1542 2082 1601 somnum,

2176 538 2315 615 6806,
2379 539 2661 599 ἐπιδέννων
2719 540 2835 621 (14)
2910 541 3014 601 ’διὰ
3066 542 3469 620 παρακλητικῆς
3520 545 3806 613 νουθεσίας,

2174 629 2476 711 ἐλαφρύνων
2535 632 2637 688 ὐπὸ
2692 634 3176 710 παραπτωμάπων,
3210 634 3297 688 καὶ
3354 630 3565 688 εὔελπιν
3621 639 3807 710 ποιῶν,

2173 717 2330 792 οὕτω,
2365 719 2640 795 ῥωμαλέον
2687 721 2740 776 ἐν
2770 726 2836 797 τῇ
2885 719 3177 793 Ἐκκλησία
3233 721 3583 800 ἀποκαθίστα,
3651 721 3810 777 ἐπανο

2174 808 2318 885 άγων
2347 808 2401 865 ἐν
2448 816 2515 884 τῇ
2561 811 2782 885 πυίμνῃ.
2846 811 2915 868 Τὸ
2966 809 3272 884 ἐξωσμένων
3329 812 3631 890 ἐπίστρεφε,
3691 832 3811 866 τον-

2171 897 2336 971 τέστι,
2372 899 2431 953 τὸ
2479 897 2531 953 ἐι
2582 898 2861 976 ἁμαρτίαις
2911 900 3192 976 γενόμενον
3247 900 3336 957 καὶ
3380 901 3452 962 εἰς
3509 898 3811 973 ἐπιτίμησιν

2172 984 2558 1063 ἐκϐεϐλημένον
2601 990 2677 1061 μὴ
2734 989 2834 1045 ἐῶν
2885 988 2983 1054 ἔξω
3032 986 3320 1064 διαμένειν,
3354 987 3489 1043 ἀλλὰ
3535 987 3806 1067 προσλαμ-

2170 1074 2457 1151 ϐανόμενος
2517 1079 2602 1134 καὶ
2662 1078 2986 1158 ἐπιστρέφων
3020 1078 3345 1135 ἀποκαθίστα
3378 1079 3431 1134 ἐν
3476 1084 3544 1154 τῇ
3586 1079 3806 1155 ποίμνη,

2165 1166 2453 1239 τουτέστιν,
2482 1168 2536 1221 ἐν
2576 1172 2652 1240 τῷ
2714 1166 2828 1241 λαῷ
2880 1172 2978 1230 τῖς
3038 1166 3263 1241 ἀμώμου
3315 1166 3628 1234 ἐκκλησίας*
3675 1169 3731 1222 τὸ
3760 1166 3809 1222 δὲ

2166 1254 2445 1318 ἀπολωλὸς
2485 1256 2718 1329 ἐκζήτει,
2778 1258 3041 1325 τουτέστι,
3086 1259 3146 1312 τὸ
3194 1258 3295 1313 ὑπὸ
3343 1256 3578 1326 πλήθους
3632 1280 3803 1323 παρα-

2167 1343 2467 1419 πτωμάτων
2518 1347 2707 1405 ἑαυτοῦ
2747 1346 2882 1424 (15)
2938 1345 3238 1403 ἀπελπίσαν
3280 1351 3376 1413 τῆς
3406 1347 3697 1423 σωτηρίας,
3730 1348 3804 1420 μὴ

2166 1434 2330 1511 ἐάσῃς
2360 1433 2554 1499 τέλέως
2586 1434 2898 1492 ἀπολέσθαι·
2955 1437 3016 1491 τὸ
3065 1436 3164 1491 ὑπὸ
3216 1434 3422 1502 πολλῆς
3456 1434 3659 1510 ψύξεως
3707 1441 3809 1510 ψυ-

2167 1524 2335 1604 χικῆς
2361 1524 2492 1603 (16)
2533 1526 2620 1581 καὶ
2656 1525 2923 1606 νωχελίας
2953 1527 3213 1583 κὰθυπνον
3248 1526 3561 1606 γενόμενον,
3604 1527 3687 1582 καὶ
3731 1524 3809 1581 διὰ

448 1618 515 1669 ut
532 1625 699 1671 suam
728 1607 901 1670 vitam
929 1629 1046 1671 non
1069 1611 1423 1673 recordetur
1449 1631 1467 1687 ;
1493 1611 1771 1691 quodque
1793 1612 1966 1694 longe
1989 1632 2081 1675 re-

2170 1613 2351 1691 βαρέος
2401 1613 2563 1671 ὕπνου
2626 1615 2722 1681 τῆς
2799 1614 2983 1674 ἐαυτοῦ
3043 1615 3182 1685 ζωῆς
3257 1614 3668 1693 ἐπιλαθόμενον,
3730 1618 3812 1670 καὶ

447 1698 627 1760 cessit
651 1718 683 1759 a
724 1698 963 1779 proprio
990 1718 1188 1780 grege,
1212 1700 1291 1761 ita
1321 1708 1383 1762 ut
1411 1700 1693 1763 inciderit
1718 1702 1779 1763 in
1809 1702 1982 1783 lupos
2011 1704 2081 1766 ad

443 1803 637 1852 escam
668 1809 683 1869 ;
709 1788 770 1851 id
804 1798 862 1850 tu
897 1791 1244 1870 pervestiga,
1272 1801 1329 1852 et
1354 1792 1653 1854 monendo
1684 1801 1986 1868 converte,
2017 1811 2084 1856 ac

448 1886 512 1939 ut
532 1878 729 1956 vigilet
756 1879 1016 1953 hortare,
1041 1888 1099 1940 et
1121 1897 1286 1960 spem
1312 1879 1550 1951 insere;
1577 1900 1772 1962 neque
1794 1882 1922 1963 ipse
1947 1900 2088 1947 con-

447 1966 622 2029 cedas
644 1976 706 2028 ut
732 1967 887 2029 dicat
909 1969 1062 2049 quod
1086 1987 1120 2029 a
1140 1968 1498 2049 quibusdam
1523 1970 1751 2035 dictum
1770 1982 1880 2035 est:
1914 1994 1938 2031 ι
1960 1973 2083 2034 Im-

446 2057 694 2137 pietates
726 2066 943 2120 nostra;
965 2077 1148 2139 super
1170 2077 1301 2140 nos,
1336 2068 1395 2121 et
1425 2078 1532 2123 nos
1563 2059 1622 2122 in
1656 2061 1799 2142 ipsis
1833 2063 2090 2125 tabesci-

442 2154 665 2220 mus,et
688 2165 805 2226 quo
838 2147 1015 2209 modo
1048 2147 1309 2209 vivemus
1336 2146 1389 2191 ιε
1410 2148 1442 2209 ?
1469 2173 1492 2206 υ
1524 2149 1939 2231 Episcopus,si
1968 2151 2094 2214 ﬁeri

443 2237 647 2314 possit,
682 2235 964 2297 delictum
1001 2237 1245 2298 alterius
1270 2240 1437 2318 quasi
1472 2239 1777 2319 proprium
1812 2242 2091 2303 conside-

442 2330 560 2403 ret,
588 2332 647 2384 et
679 2327 977 2403 peccatori
1010 2325 1166 2387 dicat
1195 2345 1208 2389 :
1245 2329 1330 2389 Te
1364 2329 1540 2389 modo
1574 2328 1667 2391 fac
1691 2337 2087 2411 convertas,et

442 2429 550 2492 ego
566 2423 818 2475 mortem
836 2413 939 2475 tibi
956 2415 1215 2477 debitam
1234 2418 2082 2499 suscipiam,quemadmodum

433 2502 723 2567 Dominus
750 2521 853 2582 pro
880 2523 975 2566 me
995 2513 1052 2566 et
1078 2523 1182 2585 pro
1205 2505 1487 2570 omnibus
1514 2515 1780 2569 mortuus
1800 2517 1907 2569 est.
1935 2508 2080 2571 Nam

441 2616 463 2650 ι
502 2591 699 2655 bonus
731 2600 930 2672 pastor
972 2592 1235 2656 animam
1277 2614 1444 2657 suam
1498 2596 1666 2676 ponit
1714 2615 1819 2677 pro
1871 2598 2081 2662 ovibus

2168 1704 2371 1779 μακρὰν
2417 1703 2787 1771 ἀποστατῆσαν
2832 1710 2930 1771 της
2984 1703 3113 1768 ἰδίας
3169 1705 3425 1777 ποίμνης,
3488 1705 3562 1767 ὡς
3606 1705 3703 1759 καῖ
3725 1703 3810 1760 λύ-

2166 1815 2281 1855 κοις
2338 1806 2645 1868 περιπεσεῖν
2701 1794 2772 1858 εἰς
2848 1794 3006 1871 βορὰν
3080 1792 3231 1873 (17),
3266 1795 3326 1849 σὺ
3385 1793 3668 1865 ἀναζήτει,
3727 1796 3810 1849 καὶ

2168 1887 2419 1942 νουθετῶν
2476 1884 2773 1963 ἐπίστρεφε,
2831 1886 2919 1940 καὶ
2976 1886 3159 1961 νήφειν
3215 1882 3515 1962 παρακάλε,
3581 1884 3667 1939 καὶ
3718 1882 3803 1938 ἐλ-

2174 1970 2295 2029 πίδα
2342 1972 2650 2051 ὑπόσπειρε,
2713 1973 2790 2047 μὴ
2849 1979 3143 2052 συγχωρῶν
3204 1975 3346 2039 αὐτῷ
3404 1970 3581 2049 λέγειν
3624 1974 3684 2028 τὸ
3715 1972 3811 2027 ὑπό

2174 2085 2327 2118 τινων
2360 2062 2482 2135 (18)
2530 2061 2827 2139 εἰρημένον,
2888 2061 2967 2118 ὅτι
3020 2082 3042 2117 ιι
3089 2063 3165 2119 Τὰ
3194 2058 3509 2136 ἀσεϐήματα
3552 2063 3704 2135 ἡμῶν
3735 2062 3814 2140 ἐφ’

2172 2154 2331 2230 ἡμῖν,
2363 2154 2449 2208 καὶ
2497 2153 2658 2224 ἡμεῖς
2691 2150 2746 2207 ἐν
2778 2155 2959 2214 αὐτοῖς
3009 2152 3303 2230 τηκόμεθα,
3357 2150 3440 2207 καὶ
3494 2157 3611 2214 πῶς
3646 2152 3807 2222 ζησό-

2174 2245 2331 2322 μεθας
2365 2265 2391 2296 ι)
2455 2242 2512 2298 Εἰ
2569 2241 2689 2297 οἷόν
2745 2263 2800 2297 τε
2854 2241 2962 2321 οὖν,
2996 2239 3345 2297 ἱδιοποιείσθω
3374 2242 3401 2295 6
3438 2239 3726 2303 ἐπίσκοπος
3757 2241 3814 2295 τὸ

2168 2330 2544 2407 πλημμέλημα
2580 2374 2594 2401 ,
2648 2331 2735 2388 καὶ
2794 2329 2996 2407 λεγέτω
3046 2338 3124 2403 τῷ
3176 2328 3539 2407 ἡμαρτηκότι,
3610 2327 3689 2386 ὅτι
3759 2332 3814 2384 σὺ

2166 2422 2328 2496 μόνον
2360 2420 2696 2498 ἐπίστρεψον,
2759 2420 2907 2498 κάγὼ
2944 2423 3035 2477 τὸν
3075 2419 3202 2494 ὑπὲρ
3276 2424 3369 2475 σοῦ
3420 2419 3646 2475 θάνατον
3689 2418 3808 2473 ἀνα·

2166 2510 2399 2589 δέξομαι,
2469 2511 2543 2573 ὡς
2593 2512 2619 2565 ὁ
2669 2506 2860 2586 Κύριος
2916 2510 3004 2565 τὸν
3078 2509 3208 2586 ὑπὲρ
3264 2507 3395 2581 ἐμοῦ
3436 2509 3524 2564 καὶ
3572 2509 3800 2565 πάντων.

2166 2601 2267 2658 «Ὀ
2298 2601 2501 2673 ποιμὴν
2558 2599 2657 2675 γὰρ
2707 2600 2734 2654 ὁ
2789 2596 2947 2661 καλὸς
2995 2598 3093 2665 τὴν
3149 2597 3335 2677 ψυχὴν
3395 2597 3557 2656 αὐτοῦ
3605 2597 3801 2662 τίθησιν

434 2682 592 2745 suis:
646 2683 1051 2744 mercenaruis
1082 2694 1282 2747 autem
1338 2694 1396 2747 et
1420 2686 1522 2765 qui
1575 2698 1813 2750 nonest
1855 2696 2076 2768 pastor,

2170 2692 2291 2768 ὅπερ
2321 2695 2424 2744 τῶν
2477 2686 2777 2759 προϐάτων·
2814 2689 2841 2742 ὁ
2873 2684 2926 2740 δὲ
2982 2688 3247 2760 μισθωτὸς
3309 2688 3396 2742 καὶ
3430 2690 3526 2744 οὒκ
3562 2685 3634 2744 ὢν
3676 2706 3797 2741 ποι-

436 2773 609 2852 cujus
639 2791 757 2833 non
789 2780 926 2834 sunt
955 2792 1094 2835 oves
1119 2774 1396 2855 propriae,
1421 2775 1578 2837 videt
1605 2776 1810 2857 lupum
1831 2779 2076 2839 venien-

2170 2781 2293 2858 μὴν,
2354 2780 2413 2834 οὗ
2466 2778 2558 2832 οὐκ
2614 2774 2723 2832 ἔστι
2755 2777 2818 2832 τὰ
2850 2773 3085 2854 πρόϐατα
3117 2774 3247 2855 ἴδια,
3293 2780 3486 2853 θεωρεῖ
3530 2782 3617 2831 τὸν
3648 2774 3796 2830 λύκον

437 2870 580 2937 tem,
614 2887 640 2918 ιδ
666 2862 778 2923 hoc
805 2870 914 2938 est,
940 2862 1272 2938 diabolum,
1304 2886 1325 2919 α
1357 2874 1416 2926 et
1443 2864 1694 2928 dimittit
1723 2885 1891 2942 oves,
1916 2875 1972 2928 et
1994 2867 2080 2928 fu-

2170 2870 2518 2947 ἒρχομενον,»
2554 2864 2816 2937 τουτέστι,
2852 2866 2944 2920 τὸν
2973 2861 3213 2921 διάϐολον
3248 2864 3397 2945 (19),
3438 2886 3467 2923 (
3507 2866 3594 2921 καὶ
3621 2863 3797 2943 ἀφίησι

436 2950 559 3028 git;
585 2960 643 3013 et
665 2950 840 3033 lupus
869 2954 1020 3032 rapit
1038 2971 1139 3014 eas
1161 2953 1243 3009 49.
1277 2978 1302 3009 ι
1331 2954 1626 3028 Quocirca
1646 2955 1800 3023 scire
1821 2965 2076 3036 Oportet,

2170 2959 2227 3014 τὰ
2258 2954 2518 3036 πρόϐατα,
2570 2956 2656 3011 καὶ
2705 2955 2908 3032 φεύγει,
2942 2956 3028 3011 καὶ
3057 2956 3083 3009 6
3118 2953 3275 3017 λύκος
3335 2955 3556 3033 ἁρπάζει
3586 2954 3735 3013 αὐτὰ.
3774 2977 3793 3007 υ

436 3041 595 3121 quod
621 3043 799 3116 Deus,
822 3041 924 3122 qui
949 3042 1289 3104 misericors
1313 3053 1425 3119 est,
1452 3043 1942 3122 delinquentibus
1965 3063 2081 3126 pm-

2170 3045 2368 3104 Εἰδέναι
2430 3048 2518 3103 οὗν
2575 3045 2882 3122 προσήκει,
2949 3043 3029 3100 ὅτι
3104 3056 3221 3105 τοῖς
3278 3045 3652 3121 ἧμαρτηκοσιν
3720 3039 3801 3096 εὖ·

438 3129 744 3192 nitentiam
772 3132 1167 3211 jurejurando
1192 3134 1487 3213 promisit.
1512 3133 1623 3206 Qui
1646 3152 1783 3197 vero
1806 3135 2081 3218 deliquit,

2170 3135 2484 3215 σπλαγχνος
2541 3133 2613 3191 ὢν
2647 3135 2674 3190 ὁ
2711 3135 2862 3207 Θεὸς,
2897 3133 3031 3208 μετά
3075 3132 3229 3211 ὅρκου
3288 3135 3576 3208 μετάνοιαν
3632 3131 3801 3207 ἐπηγ-

436 3230 496 3282 et
518 3219 668 3282 hanc
691 3220 765 3282 de
792 3220 1140 3300 paenitentia
1168 3221 1609 3303 professionem
1640 3223 1743 3286 Dei
1766 3223 2081 3302 ignorat,et

2170 3224 2401 3304 γείλατο·
2455 3226 2482 3279 ὁ
2546 3222 2601 3277 δέ
2672 3223 2985 3302 ἁμαρτήσας
3047 3224 3134 3278 καὶ
3187 3222 3286 3288 τὴν
3337 3220 3662 3302 ἐπαγγελίαν
3718 3229 3804 3277 τοὺ

435 3308 700 3372 divinam
734 3311 1257 3373 mansuetudinem
1283 3320 1461 3392 atque
1496 3312 1839 3391 patientiam
1870 3319 2080 3387 nescit,

434 3398 792 3481 insuperque
818 3409 1051 3461 sanctas
1076 3398 1414 3481 Scripturas
1444 3402 1850 3481 paenitentiam
1876 3403 2082 3483 praedi-

436 3496 641 3550 cantes
671 3507 791 3549 non
822 3489 1148 3565 cognoscit,
1170 3489 1421 3562 scilicet,
1445 3497 1556 3551 ate
1580 3508 1697 3551 non
1720 3489 1965 3551 edoctus
1990 3511 2005 3564 ;
2029 3489 2081 3550 is

438 3586 679 3657 propter
708 3576 1001 3640 inscitiam
1036 3578 1220 3658 perit;
1255 3587 1313 3639 at
1344 3587 1432 3653 tu,
1464 3587 1740 3660 tanquam
1764 3577 2082 3655 indulgens

439 3675 639 3746 pastor
669 3677 727 3728 et
757 3667 1061 3729 studiosus
1094 3666 1428 3747 pabulator,
1460 3668 1721 3748 require,
1756 3684 2081 3730 numerans

436 3773 675 3834 gregem
713 3778 726 3815 :
763 3757 920 3836 quod
982 3757 1355 3819 desideratur
1406 3757 1714 3838 investiga,
1749 3757 1903 3818 sicut
1950 3758 2077 3819 Do-

438 3844 634 3906 minus
650 3848 829 3927 Deus,
850 3845 1042 3908 bonus
1062 3848 1238 3909 Pater
1261 3856 1484 3922 noster,
1512 3846 1611 3927 qui
1642 3846 1943 3908 doctorem
1969 3864 2082 3906 no-

437 3941 625 3995 strum
655 3933 883 4011 Jesum,
917 3934 1132 3996 Filium
1166 3953 1362 4011 suum,
1400 3944 1696 4016 pastorem
1745 3934 1967 3995 bonum
2015 3952 2084 3997 ac

438 4021 795 4086 Salvatorem
831 4024 1011 4099 misit,
1037 4033 1095 4086 et
1118 4024 1415 4087 mandavit
1446 4025 1500 4087 ei
1531 4026 1870 4105 relinquere
1903 4043 2080 4085 nona-

438 4112 598 4193 ginta
628 4132 841 4176 novem
871 4133 1007 4177 oves
1063 4114 1123 4175 in
1177 4115 1498 4190 montibus,
1530 4123 1588 4177 et
1636 4132 1959 4195 properare
2007 4113 2080 4174 ad

2169 3323 2299 3373 Θεοῦ
2326 3315 2423 3384 τὴν
2454 3316 2570 3393 περὶ
2599 3315 2881 3391 μετάνοιαν
2928 3314 3156 3392 ἀγθοῶν,
3212 3314 3295 3370 καὶ
3348 3316 3408 3369 τὸ
3471 3313 3798 3390 μακρόθυμον

2168 3407 2255 3462 καὶ
2284 3404 2587 3469 ἀνεξίκακον
2617 3403 2775 3461 αὐτοῦ
2804 3405 2882 3480 μὴ
2911 3403 3287 3482 ἐπιστάμενος,
3332 3402 3411 3459 ἔτι
3460 3403 3569 3477 μὴν
3598 3402 3683 3457 καὶ
3711 3400 3798 3459 τὰς

2164 3494 2315 3572 ἁγίας
2363 3495 2569 3573 Γραφάς
2615 3494 2707 3558 τὰς
2739 3494 2936 3561 ταύτην
2991 3493 3353 3573 κηρυσσούσας
3397 3496 3459 3551 οὖ
3504 3491 3792 3569 γινώσκων,

2163 3582 2256 3640 ἅτε
2315 3583 2392 3658 μὴ
2464 3586 2789 3658 μεμαθηκὼς
2856 3583 2997 3661 παρὰ
3073 3589 3189 3661 σοῦ,
3249 3578 3546 3639 ἀπολλυται
3593 3579 3675 3657 50,
3737 3578 3793 3633 σὺ

2162 3669 2215 3728 δὲ
2266 3673 2338 3736 ὡς
2388 3670 2733 3751 φιλόστοργος
2792 3671 2995 3747 ποιμήν
3041 3673 3125 3727 καὶ
3155 3673 3228 3733 ὡς
3278 3667 3567 3731 σπουδαῖος
3612 3667 3791 3742 νομεὺς

2166 3762 2436 3835 ἀναζήτει,
2497 3762 2731 3840 ἀριθμῶν
2782 3761 2881 3828 τὴν
2928 3760 3182 3835 ποίμνην·
3238 3760 3297 3814 τὸ
3353 3757 3546 3816 λεῖπον
3599 3753 3793 3827 ἐκζήτει

2165 3851 2237 3916 ὠς
2288 3849 2480 3929 Κύριος
2512 3854 2540 3907 6
2573 3852 2700 3911 Θεὸς
2751 3852 2778 3906 6
2822 3849 3017 3928 ἀγαθὸς
3052 3849 3231 3927 Πατὴρ
3275 3849 3454 3922 ἡμῶν,
3492 3844 3793 3905 ἀποστείλας

2165 3941 2254 3999 τὸν
2284 3940 2468 3997 ἑαυτοῦ
2530 3943 2648 3997 Υἷὸν
2698 3940 2925 4015 ποιμένα
2986 3938 3145 3996 καλὸν
3197 3939 3284 3995 καὶ
3343 3943 3572 4017 Σωτῆρα
3605 3937 3687 3992 τὸν
3714 3933 3791 3990 δι-

2166 4028 2427 4086 δάσκαλον
2484 4033 2631 4100 ἦκῶν
2678 4030 2910 4109 Ἰησοῦν,
2982 4028 3267 4107 ἐπιτρέψας
3328 4029 3469 4101 αὐτῷ
3544 4024 3690 4082 ἐάσαι
3740 4023 3799 4079 τὰ

2168 4118 2670 4186 ἐννενηκονταεννέα
2728 4119 2812 4177 ἐπὶ
2864 4118 2982 4195 (90)
3041 4119 3106 4175 τὰ
3153 4118 3277 4198 ὅρη,
3346 4119 3434 4173 καὶ
3496 4117 3796 4193 πορευθῆναι

438 4203 820 4281 ιιιιωιθιιάειιη
838 4223 965 4267 eam
984 4224 1116 4286 qua;
1137 4205 2081 4284 erraverat,iuventamquesuper

2170 4207 2249 4265 ἐπὶ
2300 4209 2398 4276 τὴν
2448 4212 2671 4280 ζήτησιν
2701 4215 2792 4265 τοῦ
2822 4206 3260 4287 πεπλανημένου,
3315 4208 3403 4262 καὶ
3448 4205 3659 4283 εὕρόντα
3682 4202 3793 4279 ἆραι

436 4294 720 4356 humeros
738 4313 878 4356 suos
903 4295 1196 4375 attollere,
1221 4303 1278 4357 et
1297 4294 1366 4357 ad
1387 4312 1624 4374 gregem
1649 4301 1905 4374 portare,
1930 4311 2075 4372 gau—

436 4382 635 4446 dendo
663 4384 738 4445 de
770 4384 894 4446 ovis
925 4385 1173 4466 perditas
1200 4385 1655 4467 recuperatione
1677 4383 1752 4443 εί.
1782 4381 1916 4444 Pari
1938 4398 2077 4460 ergo

439 4472 638 4554 modo,
672 4494 707 4533 ο
738 4473 1039 4554 episcopo,
1067 4484 1127 4537 et
1156 4484 1214 4536 tu
1248 4477 1369 4538 Deo
1403 4473 1805 4536 obedientiam
1839 4479 2073 4552 praesta.

437 4561 577 4623 dum
601 4563 756 4644 quod
780 4563 1036 4644 perierat
1054 4566 1333 4647 requiris,
1359 4564 1515 4646 quod
1534 4563 1909 4633 aberraverat
1926 4560 2076 4622 diri-

514 4694 576 4745 48
606 4692 835 4758 Ezech.
868 4708 1073 4772 xxxm,
1110 4695 1201 4757 l0.
1290 4695 1353 4747 49
1380 4697 1550 4759 Joan.
1584 4713 1643 4776 x,
1681 4696 1775 4757 11.

1864 4696 1926 4747 ⁵ο
1954 4694 2032 4757 al.
2064 4695 2203 4759 add.
2236 4698 2337 4754 ὑπὸ
2375 4698 2577 4763 ἀνοίας,

2162 4297 2245 4354 ἐπὶ
2296 4300 2417 4362 τοὺς
2475 4299 2660 4355 ἑαυτοῦ
2712 4297 2916 4378 ὤμους,
2991 4298 3073 4355 καὶ
3120 4294 3290 4375 φέρειν
3344 4294 3396 4350 ἐν
3448 4300 3519 4371 τῇ
3574 4293 3786 4378 ποίμνη,

2161 4392 2422 4467 χαὶροναα
2474 4388 2557 4444 ἐπὶ
2587 4393 2654 4464 τῇ
2697 4376 2910 4466 εὑρέσει
2948 4393 3040 4443 τοῦ
3090 4383 3458 4448 ἀπολωλότος,
3508 4380 3676 4442 Οὕτως
3708 4376 3790 4435 οὖν

2161 4477 2394 4546 ὑπήκοος
2448 4484 2593 4556 γίνου
2640 4478 2726 4532 καὶ
2780 4478 2864 4547 σὺ,
2901 4477 2945 4533 ὦ
2976 4476 3250 4553 ἐπίσκοπε,
3284 4472 3522 4544 ἐκζητῶν
3546 4473 3605 4528 τὸ
3636 4467 3787 4524 ἀπολ-

2161 4566 2324 4637 ωλὸς,
2373 4566 2692 4623 κατευθύνων
2753 4567 2812 4623 τὸ
2875 4564 3311 4643 πεπλανημένον,
3376 4560 3694 4640 ἐπιστρέφων
3732 4556 3788 4612 τὸ

2663 4696 2712 4741 δι
2746 4697 2953 4759 Matth.
2977 4712 3144 4771 xvm;
3170 4694 3316 4757 Luc.
3345 4710 3442 4755 xv.

1796 4814 1896 4878 VA
1908 4814 2195 4882 RIORUM
2240 4817 2488 4884 NOTAE.

514 4943 643 5024 (l4)
682 4942 1020 5002 Ἐπιδέννων.
1059 4942 1181 5006 Vox
1213 4953 1302 5006 est
1346 4942 1538 5035 nihili,
1586 4960 1690 5022 pro
1723 4958 1838 5033 qua
1868 4940 2076 5083 legen-

514 5043 602 5083 lin.
651 5032 749 5083 aut
778 5022 1023 5083 ἐπιδέων.
1061 5034 1180 5083 aut.
1216 5023 1537 5083 ἐπιδεσμων.
1586 5032 1645 5083 ut
1677 5031 1767 5083 est
1797 5041 1857 5081 1n
1888 5040 1919 5083 a
1950 5029 2074 5082 tero

437 5020 1024 5105 duin,'aut_t1;t§émv,
1061 5034 1180 5105 aut,
1216 5023 1537 5099 ἐπιδεσμῶν,
1586 5020 1645 5083 ill
1677 5020 1767 5105 est
1797 5020 1857 5081 in
1888 5020 2074 5105 altero

435 5103 644 5185 codice
686 5101 1176 5185 Vindobonensi,
1197 5114 1259 5166 ut
1297 5112 1521 5185 postea
1550 5101 1926 5185 rescivimus;
1964 5102 2074 5162 hoc

436 5193 545 5266 est,
580 5183 805 5266 ligans,
836 5184 1120 5266 ut_solent
1142 5182 1190 5266 ii
1221 5182 1319 5266 qui
1354 5182 1833 5266 membrafracta
1868 5197 2076 5266 curare

434 5262 658 5327 volunt.
693 5262 872 5327 Miror
902 5262 1259 5329 Cotelerium
1284 5267 1394 5327 hoc
1418 5283 1534 5326 non
1558 5262 1936 5334 vidisse,nam
1965 5262 2077 5322 hoc

435 5344 599 5408 verbi
630 5354 960 5407 monstrum
993 5347 1052 5409 in
1082 5346 1208 5410 lnd.
1239 5348 1441 5411 Greco
1462 5344 1783 5407 recensuit.
1811 5341 2078 5405 (Ima.—

433 5424 686 5488 Tantum
717 5425 884 5488 abest
914 5434 976 5488 ut
1006 5428 1256 5485 amas”...
1276 5427 1524 5488 verbum
1558 5425 1633 5486 sit
1655 5423 1861 5503 nihili,
1893 5431 1954 5483 ut
1980 5422 2080 5483 ha-

435 5506 865 5587 beatu[,sensur
884 5509 1034 5587 ligo,
1050 5509 1105 5569 in
1129 5505 1471 5586 Symmachi
1490 5504 1762 5568 versione
1795 5506 2080 5587 ls_.VI,tes-

437 5594 595 5667 tante
617 5583 912 5667 Procopio
933 5583 955 5646 ἶ
977 5583 1371 5664 ἐπιδεννομένου
1388 5586 1808 5667 (εατραύματος
1840 5583 2073 5667 ΠΙιΑΩΗ.

520 5666 650 5746 (15)
710 5664 958 5730 Ἐαὺτοῦ.
1013 5667 1183 5731 Alter
1230 5664 1412 5731 habet
1461 5664 1698 5741 ἐαυτοός,
1761 5664 2074 5728 mendose.

437 5747 625 5812 Cena.

2243 4941 2356 5021 (16)
2390 4947 2668 5021 Ψυχιαῆς.
2705 4938 2935 5004 Omittit
2960 4944 3239 5021 uterque,
3276 4952 3387 4997 nec
3417 4950 3559 4996 sane
3589 4947 3787 4993 neces-

2159 5018 2378 5081 sarium
2412 5017 2590 5083 estet
2619 5022 2866 5083 offendit
2896 5037 3093 5083 aures.
3121 5017 3241 5099 In.
3547 5092 3561 5099 _
3686 5098 3689 5099 ν
3728 5088 3738 5099 ,

2238 5101 2364 5179 (17)
2399 5104 2483 5182 Εἷς
2516 5104 2695 5181 βοράν.
2726 5101 2967 5164 Rectius
2998 5117 3172 5182 quam
3225 5098 3373 5175 βορᾷ,
3409 5092 3565 5175 quod
3615 5098 3697 5151 est
3726 5092 3781 5149 in

2159 5180 2346 5243 altero
2378 5180 2607 5245 codice.
2633 5184 2718 5246 In.

2242 5262 2365 5341 (18)
2404 5262 2533 5320 Τπό
2561 5286 2737 5335 τινων,
2766 5261 3069 5326 Omittitur
3097 5261 3157 5341 ip
3187 5259 3393 5341 altero.
3421 5259 3507 5341 ID:

2241 5332 2375 5421 (19')
2408 5342 2648 5401 I‘onécm
2681 5332 2769 5400 τὸν
2800 5340 3065 5406 διάϐολον.
3097 5339 3462 5407 Omittuntur
3490 5336 3550 5397 i-n
3579 5332 3772 5405 altero,

2164 5430 2217 5484 et
2250 5421 2505 5501 glossam
2537 5422 2832 5486 redolent.
2867 5424 2954 5486 ID.

2244 5495 2372 5583 (20)
2405 5504 2549 5583 Ἐπί.
2581 5504 2900 5568 Autecedit
2920 5503 2983 5566 in
3011 5501 3199 5566 altero
3234 5500 3369 5583 cod,
3401 5499 3485 5583 ξπὶ
3506 5495 3778 5572 τῇὲρήμφ,

2159 5579 2293 5727 pqu
2315 5582 2487 5727 facille
2519 5584 2889 5661 exciderunt,
2919 5590 3159 5667 propter
3185 5579 3591 5663 repetitionem
3625 5589 3782 5634 vocu-

2190 5682 2239 5726 ω
2295 5669 2373 5727 πὶ.
2434 5680 2495 5727 D.

2190 5682 2239 5726 ω
2267 5669 2373 5729 ἐπὶ.
2411 5669 2495 5728 lD.
