4098 6214
483 199 602 266 659

1307 210 1370 273 S.
1416 211 1854 278 CLEMENTIS
1897 219 1923 278 Ι
1969 217 2151 281 ROM.
2203 219 2424 287 PONT.
2471 224 2721 288 OPERA
2766 228 3020 290 DUBlA.

3745 235 3854 303 660

483 354 555 398 ac
583 335 770 399 Deum
803 345 1074 401 nostrum
1095 342 1324 423 Jesum,
1360 358 1466 423 pro
1498 361 1680 424 scopo
1720 345 1945 412 habere
1988 371 2141 413 con-

485 425 1113 449 νηεμιημεμμεμμ.
1622 433 1634 446 .
1686 444 1696 449 -
1815 438 1828 449 -

2232 355 2339 432 λέα,
2401 361 2489 416 καὶ
2521 361 2651 417 Θεὸν
2708 364 2861 437 ἡμῶν
2912 361 3134 440 Ἰησοῦν,
3196 369 3240 420 ὦ
3300 368 3605 449 ἐπίσκοποι,
3663 361 3851 430 σκοπέδν

485 425 650 489 venit
675 447 691 500 ;
713 426 873 488 hunc
898 427 1327 502 imitari,mites
1353 449 1511 514 esse,
1536 433 1793 517 quietos,
1815 438 2130 521 humanos,

488 515 944 592 misericordes,
981 517 1282 600 pacificos,
1317 530 1590 602 expertes
1620 524 1722 586 irae
1750 515 1870 599 ;ad
1905 515 2132 592 doceri-

490 604 656 680 dum,
691 607 1186 683 convertendum,
1224 611 1661 691 recipiendum,
1689 615 2045 681 hortandum
2079 626 2139 680 et

489 692 914 755 consolandum
940 697 1579 780 accommodatos;non
1603 721 2138 789 percussores,non

489 781 963 858 iracundos,non
997 788 1618 867 contumeliosos,non
1639 781 2138 873 arrogantes,non

492 877 961 952 contemptores,
997 892 1116 936 non
1150 876 1505 957 vinolentos,
1541 899 1659 943 non
1693 883 1985 961 ebriosos,
2019 906 2138 948 non

487 968 872 1040 sumptuosos
903 969 1153 1045 temere,
1182 985 1300 1028 non
1319 968 1831 1053 voluptarios,non
1856 994 2138 1039 consum-

491 1057 736 1128 ptores;
771 1069 889 1113 non
923 1060 1161 1116 utentes
1186 1054 1290 1118 Dei
1312 1057 1483 1120 donis
1499 1067 1776 1140 tanquam
1805 1064 2010 1126 alienis
2031 1068 2138 1127 sed

489 1146 770 1219 tanquam
810 1142 1100 1235 propriis,
1123 1155 1184 1205 ut
1215 1147 1564 1211 constitutos
1595 1149 1658 1212 in
1689 1150 1878 1214 bonos
1907 1154 2142 1235 dispen-

497 1234 746 1310 satores,
775 1238 962 1311 utque
991 1232 1282 1296 rationem
1314 1254 1348 1297 a
1379 1235 1501 1299 Deo
1532 1241 1957 1319 reposcendos.
1993 1232 2140 1325 Epi-

494 1335 711 1399 scopus
743 1321 1050 1411 moderato
1077 1325 1232 1387 victu
1264 1335 1577 1389 contentus
1608 1329 1725 1411 sit;
1762 1331 1900 1393 item
1933 1321 2143 1395 vestitu

497 1408 571 1470 ad
602 1410 1017 1499 necessitatem
1051 1420 1108 1473 et
1137 1413 1509 1479 honestatem
1535 1427 1674 1499 apto
1697 1408 1720 1482 ε’
1747 1419 1918 1482 bonis
1943 1422 2141 1485 Domi-

506 1497 660 1559 nicis
689 1505 967 1579 tanquam
1027 1504 1326 1566 extraneis
1369 1524 1488 1567 non
1537 1497 1838 1583 abutatur,
1870 1511 1972 1571 sed
2004 1530 2137 1573 cum

500 1587 731 1650 modo:
790 1589 1079 1678 {Dignus
1130 1601 1221 1654 est
1274 1596 1431 1656 enim
1487 1598 1795 1678 operarius
1859 1600 2138 1664 mercede

498 1694 606 1737 sua
631 1675 715 1738 80.
751 1701 775 1736 ι
812 1677 941 1740 Νοη
971 1681 1049 1742 sit
1077 1680 1439 1766 luxuriosus,
1473 1675 1592 1748 non
1622 1687 1909 1769 impensae
1936 1708 2002 1752 ac
2035 1709 2138 1753 or-

498 1773 670 1828 natus
693 1767 969 1849 cupidus,
994 1770 1100 1834 sed
1131 1774 1602 1838 necessariarum
1629 1767 1909 1840 duntaxat
1932 1797 2134 1842 rerum
2159 1824 2199 1877 Β

493 1865 801 1937 appetens.

1081 1950 1328 2015 CAPUT
1371 1951 1544 2017 XXV.

505 2035 592 2097 De
612 2037 932 2116 primitiis,
967 2045 1023 2102 et
1054 2040 1307 2105 decimis
1329 2061 1344 2119 ;
1366 2053 1422 2106 et
1451 2062 1567 2124 quo
1596 2048 1772 2110 modo
1793 2049 1994 2111 debeat
2023 2049 2143 2129 epi-

580 2143 816 2216 scopus,
844 2144 920 2190 ea:
939 2131 1030 2192 eis
1049 2129 1146 2192 vel
1169 2132 1294 2212 ipse
1320 2136 1612 2216 accipere,
1644 2139 1740 2199 vel
1770 2137 1909 2199 aliis
1939 2137 2143 2200 distri-

577 2215 779 2278 buere.

579 2303 855 2366 Decimas
886 2314 944 2367 et
972 2307 1282 2392 primitias,
1310 2330 1443 2392 quae
1457 2314 1626 2393 juxta
1657 2315 1765 2379 Dei
1797 2317 2140 2378 mandatum

501 2402 840 2474 erogantur,
867 2407 1200 2481 consumat,
1224 2401 1607 2465 uthominem
1635 2405 1743 2468 Dei
1768 2406 1979 2482 decet;
2013 2425 2143 2487 quae

499 2493 679 2547 eausa
708 2503 1035 2567 pauperum
1067 2497 1278 2569 sponte
1309 2492 1721 2570 conferuntur,
1743 2507 1907 2557 recte
1938 2495 1998 2556 in
2032 2515 2139 2576 pu-

499 2573 699 2655 pillos,
737 2576 962 2666 viduas,
993 2576 1264 2657 afﬂictos,
1299 2588 1358 2642 et
1387 2583 1738 2663 peregrinos
1773 2586 1982 2666 inopes
2013 2573 2140 2645 dis-

501 2672 736 2754 penset,
768 2664 947 2741 velut,
977 2667 1077 2747 qui
1099 2667 1314 2732 habeat
1341 2670 1550 2733 horum
1587 2664 2024 2754 impendiorum
2052 2691 2143 2735 ra-

504 2753 917 2844 tiocinatorem
942 2759 1154 2834 Deum,
1181 2777 1214 2819 a
1243 2779 1361 2837 quo
1393 2761 1508 2842 ipsi
1538 2763 1662 2825 haec
1680 2753 2025 2844 procuratio
2057 2771 2146 2825 est

507 2843 844 2908 commissa.
924 2845 1078 2919 Quin
1154 2848 1355 2926 etiam,
1415 2870 1449 2913 ο
1522 2843 1808 2933 ερὶεοορί,
1868 2853 2146 2915 omnibus

509 2933 818 3025 egentibus
854 2936 1022 3016 juste
1071 2937 1534 3025 dispertientes;
1577 2955 1637 3004 et
1680 2944 1796 3025 ipsi
1822 2943 2146 3005 Dominicis

2218 447 2367 528 ἔχειν
2435 450 2540 527 δεῖ,
2598 455 2782 510 τούτου
2822 457 3064 545 μιμητὰς
3108 456 3229 534 (50)
3265 447 3601 542 EIV1t(51),V
3645 479 3852 545 πραεῖς,

2219 537 2501 616 ἡσυχίους,
2565 540 2993 621 εὐσπλαγχνους,
3029 543 3345 622 ἐλεήμονας,
3390 537 3707 628 εἶρηνίκούς,
3742 537 3855 630 ἆορ,

2222 627 2450 704 γήτους,
2527 627 2883 706 διδακτικοὺς,
2970 633 3429 712 ἐπιστρεπτικοὺς,
3514 638 3855 706 εἰσδεκτικοὺς

2221 716 2678 799 παρακλητικοὺς,
2742 721 2819 795 μὴ
2878 721 3145 800 πλήκτας,
3182 725 3257 799 μὴ
3309 726 3572 808 ὀργίλους,
3610 731 3686 804 μὴ
3716 729 3858 808 ὑϐρι-

2224 806 2376 881 στὰς»
2442 808 2519 882 μὴ
2553 807 2832 886 ἀλαζόνας,
2868 813 2945 887 μὴ
2974 815 3378 891 ὑπεροπτικοὺς,
3415 818 3490 894 μὴ
3522 806 3855 899 οίνὸιρλυγας,

2222 899 2302 972 μὴ
2358 900 2633 973 μεθύσους,
2689 901 2766 975 μὴ
2827 900 3280 984 εἷκαιοδαπάνους,
3335 906 3414 980 μὴ
3466 910 3753 988 τρυφητάς,
3787 911 3857 983 μὴ

2225 985 2652 1067 πολυδαπάνους,
2710 991 2788 1066 μὴ
2848 993 2919 1055 ὡς
2979 991 3272 1072 ἀλλοτρίοις
3304 994 3423 1051 ἀλλ’
3456 999 3528 1060 ὡς
3561 985 3705 1062 ἰδίοις
3740 985 3856 1064 τοῖς

2220 1082 2312 1134 τοῦ
2369 1083 2498 1133 Θεοῦ
2549 1076 2734 1154 δόμασι
2791 1080 3128 1160 χρωμένους,
3162 1085 3235 1148 ὡς
3286 1085 3512 1163 ἀγαθοὺς
3558 1089 3857 1164 οἰκονόμους

2222 1168 2579 1241 καθεστῶτας,
2642 1169 2715 1232 ὡς
2801 1169 3093 1245 μέλλοντας
3153 1175 3491 1232 ἀπαιτεῖσθαι
3573 1179 3714 1256 παρά
3771 1185 3858 1236 τοῦ

2225 1261 2353 1312 Θεοῦ
2414 1256 2505 1312 τὸν
2563 1256 2744 1336 λόγον.
2783 1260 3027 1338 Αὖτάρκη
3058 1261 3238 1342 ἐχέτω
3280 1266 3500 1345 τροφὴν,
3533 1268 3620 1322 καὶ
3651 1270 3856 1347 ἀμφια-

2223 1343 2380 1421 σμὸν,
2443 1347 2470 1401 ὁ
2533 1344 2841 1424 ἐπίσκοπος,
2895 1351 2986 1406 τὸν
3043 1355 3111 1428 τῇ
3169 1354 3323 1432 χρείᾳ
3362 1343 3450 1411 καὶ
3479 1361 3548 1431 τῇ
3577 1343 3857 1431 σεμνότητι

2223 1435 2584 1512 προσήκοντα⁰
2636 1437 2711 1510 μὴ
2774 1450 2896 1502 τοῖς
2949 1449 3236 1512 Κυριακοϊς
3307 1444 3379 1508 ὡς
3439 1442 3733 1523 ἀλλοτρίοις
3764 1468 3854 1503 κε·-

2221 1524 2467 1604 χρήσθω,
2555 1523 2691 1580 ἀλλὰ
2739 1529 3183 1607 μεμετρημένως.
3225 1553 3246 1587 ι
3286 1530 3601 1614 ’Ἄξιοςγάρ
3644 1537 3671 1591 ὁ
3702 1534 3854 1613 ἐργά,

2220 1635 2319 1679 της
2367 1621 2459 1671 τοῦ
2505 1619 2691 1692 μισθοῦ
2720 1618 2876 1675 αὐτοῦ
2911 1627 3045 1679 ἐστι.
3081 1639 3108 1679 ι
3160 1621 3248 1688 Μὴ
3279 1623 3548 1689 σπάταλος
3604 1623 3752 1704 (52),
3786 1626 3856 1701 μὴ

2220 1701 2505 1783 πέρπερος,
2555 1703 2690 1760 ἀλλὰ
2757 1707 2933 1795 μόνων
2979 1707 3101 1790 (53)
3151 1713 3255 1768 τῶν
3288 1713 3420 1790 πρὸς
3450 1701 3856 1795 σύστασιν’ἐ’φιέο

2221 1813 2399 1868 μενος.

2766 1981 3154 2035 ΚΕΦΑΛΑΙΟΝ
3215 1977 3340 2041 KE'.

2223 2059 2348 2140 Περὶ
2405 2058 2669 2140 ἀπαρχῶν
2746 2064 2836 2119 καὶ
2894 2061 3150 2138 δεκατῶν,
3212 2069 3297 2123 καὶ
3354 2067 3503 2134 ὅπως
3562 2071 3822 2140 ὀφείλειὸ

2305 2137 2643 2226 ὲςιιίιτκοπος,Δ
2718 2142 2752 2210 ἢ
2820 2143 2975 2208 αὐτὸς
3061 2137 3489 2224 μεταλαμϐάνειν
3564 2137 3616 2218 ἐξ
3677 2153 3862 2226 αὐτῶν,

2305 2217 2340 2285 ἤ
2390 2219 2587 2298 ἑτέροις
2602 2217 2902 2298 διανέμειν.

2303 2308 2373 2369 Τά
2421 2307 2666 2384 διδόμενα
2696 2311 2816 2367 κατ’
2841 2313 3062 2380 ἒντολὴν
3096 2319 3226 2373 Θεοῦ
3252 2325 3358 2373 τῶν
3386 2317 3621 2378 δεκατῶν
3652 2322 3735 2378 καὶ
3766 2330 3865 2379 τῶν

2226 2397 2514 2479 ἀπαρχῶν,
2578 2402 2652 2464 ὡς
2685 2408 2814 2458 Θεοῦ
2844 2401 3112 2482 ἅνθρωπος
3156 2405 3510 2465 ἀναλισκέτω’
3541 2411 3604 2467 τὰ
3635 2413 3865 2492 εἰσφερό-

2225 2507 2358 2561 μενα
2409 2487 2493 2544 ἐπὶ
2525 2490 2782 2569 προφάσει
2813 2492 3054 2561 πενήτων
3086 2495 3321 2568 ἑκούσια,
3364 2497 3544 2562 καλῶς
3583 2487 3858 2575 uino-[opst-

2225 2598 2323 2649 τω,
2359 2578 2635 2659 ὀρφανοῖς,
2687 2581 2775 2635 καὶ
2805 2579 3028 2660 χήραις,
3082 2587 3168 2640 καὶ
3198 2583 3559 2668 θλιϐομένοις,
3589 2591 3674 2646 καὶ
3703 2589 3855 2655 ξένοις

2226 2666 2639 2746 ἀπορουμένοις,
2731 2671 2802 2732 ὡς
2867 2669 3010 2750 ἔχων
3060 2675 3189 2728 Θεὸν
3243 2666 3590 2753 λογιστευτην
3645 2680 3852 2754 τούτων,

2226 2757 2317 2812 τὸν
2393 2756 2763 2837 ἐγχειρίσαντα
2834 2759 2976 2835 αὒτῷ
3029 2763 3227 2830 ταύτην
3257 2764 3351 2832 τὴν
3382 2767 3704 2844 οἰκονομίαν·
3741 2775 3856 2824 πᾶσι

2228 2842 2282 2900 δὲ
2343 2844 2469 2926 (54)
2504 2860 2620 2910 τοῖς
2653 2845 2924 2921 δεομένοις
2955 2851 3090 2925 μετὰ
3115 2850 3449 2922 δικαιοσύνης
3482 2842 3857 2936 ἐπι-μερίζοντες

2229 2933 2375 3014 (55),
2404 2937 2488 2992 καὶ
2519 2938 2675 3012 ὑμεῖς
2704 2938 2846 2994 αὐτοὶ
2876 2940 3147 3018 χρώμενοι
3176 2944 3239 2997 ἔκ
3264 2947 3369 2998 τῶν
3402 2933 3699 3026 Κυριακῶ-ν,
3733 2945 3860 3003 ἀλλὰ

501 3021 684 3086 rebus
714 3032 972 3104 utentes,
1005 3027 1111 3090 sed
1163 3047 1281 3091 non
1337 3021 1649 3094 abutentes
1673 3021 1796 3109 {ex
1828 3034 1899 3094 iis
1944 3033 2143 3094 cibum

2232 3027 2305 3101 μὴ
2360 3028 2802 3107 παραχρώμενοι,
2843 3027 3098 3093 ἐσθίοντες
3130 3029 3181 3096 ἐξ
3212 3033 3406 3108 αὖτῶν,
3442 3021 3581 3090 ἀλλὰ
3612 3021 3697 3111 μὴ*
3734 3057 3860 3090 κατ-

502 3125 830 3190 sumentes,
890 3117 996 3179 sed
1052 3136 1172 3179 non
1225 3137 1326 3181 eas
1380 3121 1768 3184 absumentes
1827 3122 1961 3198 soli,
2024 3122 2145 3182 imo

502 3221 634 3266 cum
661 3204 971 3283 egentibus
997 3209 1510 3272 communicantes
1534 3229 1550 3287 ;
1573 3212 1935 3275 inoffensum
1959 3210 2145 3273 Deum

498 3291 798 3357 habetote.
858 3293 1005 3358 Nam
1063 3299 1111 3358 si
1170 3298 1284 3359 soli
1342 3298 1498 3362 bona
1528 3301 1637 3363 Dei
1693 3299 2146 3381 consumpseri-

501 3383 599 3460 tis,
636 3383 750 3446 hoc
804 3384 877 3446 ab
938 3403 1010 3447 eo
1063 3393 1339 3468 tanquam
1401 3389 1768 3451 insatiabiles
1817 3399 1874 3452 et
1923 3389 2145 3451 solico-

502 3470 791 3561 medones
822 3474 1108 3553 probrum
1137 3477 1521 3557 reportabitis
1549 3501 1564 3561 ;
1608 3503 1627 3535 ι
1667 3480 1784 3542 Lac
1811 3477 2144 3550 comeditis,

503 3567 561 3620 et
585 3559 743 3648 lanis
774 3563 1092 3642 operimini
1114 3562 1190 3629 εί.
1213 3586 1241 3626 ι
1277 3566 1350 3628 Et
1371 3568 1488 3629 alio
1519 3559 1581 3630 in
1608 3569 1737 3630 loco
1764 3589 1778 3630 :
1815 3592 1836 3622 ι
1869 3565 2151 3648 Nunquid

503 3647 847 3712 habitabitis
867 3652 979 3714 soli
1006 3655 1064 3717 in
1090 3661 1248 3719 terra
1266 3655 1352 3722 θη
1384 3682 1407 3713 »
1436 3657 1807 3738 Quapropter
1834 3665 1891 3718 et
1915 3656 1976 3715 in
2002 3647 2154 3734 Lege

501 3738 841 3827 mandatum
889 3751 979 3804 est
1016 3744 1228 3807 vobis:
1271 3772 1297 3805 α
1349 3747 1572 3826 Diliges
1618 3745 1952 3827 proximum
1987 3753 2151 3806 tuum

500 3826 657 3889 sicut
679 3829 937 3910 teipsum
961 3831 1035 3893 ⁸³.
1058 3854 1086 3894 ι
1114 3836 1310 3914 Atque
1331 3837 1458 3899 hac
1479 3826 1882 3916 dicimus,non
1908 3845 1972 3894 ut
1992 3834 2153 3897 labo-

503 3919 672 3983 ribus
704 3921 917 3984 vestris
967 3922 1303 3988 nullatenus
1347 3925 1669 4007 fruamini;
1720 3925 2007 4005 scriptum
2063 3934 2152 3986 est

497 4010 659 4072 enim
695 4029 708 4068 :
747 4030 776 4069 ‹
811 4012 945 4072 Non
976 4012 1245 4092 alligabis
1275 4034 1341 4076 us
1373 4014 1510 4077 bovi
1543 4015 1840 4080 trituranti
1863 4013 1950 4095 ει,
1981 4037 2008 4071 ι
2045 4014 2150 4074 sed

501 4107 568 4162 ut
587 4098 890 4161 moderate
908 4116 1043 4165 cum
1071 4103 1305 4182 justitia
1334 4106 1609 4168 utamini.
1635 4103 2149 4178 Quemadmodum

505 4207 648 4267 ergo
677 4188 784 4250 bos
807 4189 863 4250 in
890 4207 1027 4253 area
1055 4211 1332 4273 operans,
1359 4200 1510 4257 carni
1533 4197 1720 4258 libero
1747 4213 1874 4268 ore,
1898 4195 2154 4274 pascitur

505 4278 769 4360 quidem,
791 4279 897 4341 sed
923 4299 1042 4343 non
1067 4290 1253 4344 totum
1274 4284 1614 4366 depascitur
1641 4307 1653 4348 :
1679 4285 1758 4346 ita
1784 4292 1840 4344 et
1859 4301 1961 4343 vos
1981 4281 2149 4344 labo-
2177 4319 2219 4369 ο

503 4376 707 4431 rantes
742 4369 804 4429 in
834 4387 996 4447 area,
1021 4371 1133 4436 hoc
1165 4381 1277 4456 est,
1302 4374 1362 4436 in
1391 4374 1656 4438 Ecclesia
1685 4374 1814 4450 Dei,
1838 4392 1904 4435 ex
1938 4373 2152 4434 Eccle-

2228 3115 2484 3180 εσθίοντες
2517 3118 2646 3176 αὒτά
2690 3117 2868 3197 μόνοι,
2903 3127 3279 3187 κοινωνοῦντες
3310 3121 3364 3178 δὲ
3407 3137 3528 3187 τοῖς
3557 3125 3858 3204 χρῄζουσιν,

2226 3204 2557 3284 ἀπρόσκοποι
2615 3209 2728 3280 Θεῷ
2778 3210 3004 3284 γίνεσθε·
3054 3209 3143 3267 ἐὰν
3188 3213 3288 3290 γὰρ
3349 3213 3504 3288 μόνοι
3563 3215 3694 3271 αῦτά
3739 3214 3863 3270 ἀνα-

2228 3292 2463 3372 λώσητε,
2500 3293 2914 3366 ὀνειδισθήσεσθε
2971 3302 3108 3379 παρά
3155 3308 3307 3378 Θεοῦ,
3359 3301 3609 3382 λέγοντος
3640 3307 3712 3368 ὡς
3743 3305 3860 3379 πρὸς

2231 3383 2534 3452 ἀπλήστους
2570 3387 2658 3443 καί
2688 3390 3044 3466 μονοφαγους’
3086 3411 3109 3444 α
3146 3393 3215 3448 Τὸ
3247 3390 3385 3470 γάλα
3414 3395 3733 3459 κατεσθίετε,
3783 3393 3863 3448 καί

2232 3475 2296 3530 τὰ
2347 3475 2459 3552 ἔρια
2502 3473 2904 3555 περιϐάλλεσθε,
2956 3501 2982 3532 ι
3031 3481 3129 3536 Καὶ
3191 3479 3244 3534 ἐν
3293 3480 3504 3544 ἄλλοις
3547 3506 3568 3537 ι
3606 3486 3691 3552 Μὴ
3721 3481 3860 3548 οίκήει

2232 3585 2351 3620 σετε
2411 3565 2561 3640 μόνοι
2605 3567 2690 3622 ἐπὶ
2733 3571 2832 3633 τῆς
2865 3572 2964 3644 γῆς
3000 3586 3016 3642 ;
3057 3591 3078 3625 υ
3120 3570 3218 3625 Διὸ
3245 3571 3331 3626 καὶ
3359 3571 3411 3625 ἐν
3444 3580 3522 3647 τῷ
3544 3574 3686 3650 νόμώ
3711 3593 3859 3651 προσ-

2235 3653 2482 3711 τέτακται
2540 3657 2670 3729 ὒμῖτ
2725 3656 2868 3734 (56)·
2936 3683 2958 3711 ιι
3025 3656 3352 3735 Ἀγαπήσεις
3402 3662 3497 3717 τὸν
3528 3661 3746 3728 πλησίον
3774 3675 3855 3716 σου

2236 3746 2308 3806 ὡς
2369 3745 2606 3803 σεαυτόν.
2647 3762 2675 3802 ι
2743 3747 2837 3802 Καὶ
2859 3746 3022 3802 ταῦτα
3077 3745 3197 3827 (57)
3227 3747 3481 3826 λέγομεν,
3524 3753 3627 3830 οὐχ
3655 3750 3741 3806 ’ίνα
3788 3749 3854 3823 μὴ

2236 3830 2681 3908 μεταλαμϐἀνητε
2739 3835 2885 3908 ὑμῶν
2942 3842 3046 3892 τῶν
3141 3837 3338 3896 πόνων·
3397 3837 3687 3919 γέγραπται
3741 3838 3849 3915 γάρ·

2240 3946 2266 3976 α
2321 3922 2393 3979 Οὐ
2450 3924 2708 4000 φιμώσεις
2738 3926 2861 4000 βοῦν
2891 3924 3156 3982 ἀλοῶντα⁶
3196 3950 3218 3981 ι
3255 3925 3375 3982 ἀλλ’
3403 3928 3496 3985 ἵνα
3526 3926 3851 4007 μεμετρημέ-

2240 4033 2336 4075 νως
2397 4012 2532 4088 μετά
2554 4010 2912 4080 δικαιοσύνης.
2942 4005 3050 4071 ’⁸ον
3077 4015 3270 4094 τρόπον
3301 4018 3389 4075 οὖν
3411 4017 3532 4093 (58)
3566 4020 3591 4073 ὁ
3781 4015 3856 4092 ἐρ-

2234 4101 2528 4178 γαζόμενος
2574 4104 2631 4156 ἓν
2653 4109 2720 4178 τῇ
2750 4101 2865 4177 ἅλῳ
2909 4103 3193 4176 ἂκήμωτος
3225 4104 3382 4186 (59),
3413 4108 3572 4163 ἒσθίει
3597 4108 3717 4182 μὲν,
3748 4101 3854 4160 ἀλλ’

2236 4192 2293 4245 εὖ
2343 4192 2403 4246 τὸ
2464 4195 2567 4245 πᾶν
2616 4195 2900 4249 κατεσθίεν
2949 4192 3086 4250 οὕτω
3114 4196 3201 4250 καὶ
3233 4197 3385 4269 δμεῖς
3429 4195 3765 4275 ἐργαζόμενοι
3794 4195 3856 4253 είς

2237 4281 2333 4347 την
2391 4279 2527 4356 ἅλω,
2589 4283 2857 4340 τουτέστιν
2890 4286 2961 4346 εἷς
3006 4285 3101 4351 τὴν
3141 4283 3466 4352 Ἐκκλησίαν
3499 4295 3586 4344 τοῦ
3628 4292 3768 4360 Θεοῦ,
3808 4282 3858 4336 ἐκ

2237 4377 2334 4436 τῆς
2396 4369 2682 4437 ἐκκλησίας
2741 4372 2934 4430 ἐσθίετε
2998 4373 3144 4452 (60)⁶
3193 4372 3251 4429 ὅν
3293 4374 3488 4453 τρόπον
3519 4378 3605 4432 καὶ
3651 4373 3858 4430 οἳλευῖ-

505 4457 595 4519 sia
624 4456 795 4520 vivite
822 4480 838 4540 ;
876 4459 1066 4524 instar
1091 4482 1331 4544 quoque
1358 4464 1699 4545 levitarum,
1722 4464 1822 4545 qui
1857 4462 2145 4560 ministra-

2240 4463 2399 4518 ταιοὶ
2443 4459 2865 4540 λειτουργοῦντες
2924 4469 2992 4539 τῇ
3054 4469 3230 4539 σκηνῇ
3285 4473 3378 4523 τόῦ
3426 4460 3857 4560 μαρτυρίου,

507 4545 651 4609 baut
675 4550 1008 4613 testimonii
1035 4551 1607 4636 tabernaculo,quod
1634 4554 1797 4619 omni
1815 4573 1884 4617 ex
1911 4555 2076 4635 parte
2099 4553 2164 4612 ﬁ-

584 4717 648 4768 80
675 4719 821 4782 Luc.
858 4738 915 4800 χ,
950 4720 988 4782 7
1100 4718 1153 4762 ει
1176 4720 1390 4787 Ezecb.
1423 4739 1624 4803 xxxw,
1657 4723 1717 4786 3.
1801 4720 1856 4764 ⁸³
1887 4723 1964 4784 Is.
1999 4736 2056 4795 ν,
2093 4717 2153 4780 8.

2245 4554 2315 4618 ἢν
2346 4550 2511 4614 τύπος
2563 4556 2662 4616 τῆς
2714 4549 3037 4619 Ἐκκλησίας
3124 4553 3259 4607 κατὰ
3314 4555 3509 4612 πάντα·
3563 4554 3765 4633 προσέτι
3814 4544 3858 4600 δὲ

2241 4714 2294 4758 8³
2328 4715 2464 4774 Lev.
2499 4727 2626 4784 XIX,
2660 4711 2750 4773 18.
2838 4709 2894 4754 ⁸*
2917 4711 3088 4774 Deut.
3122 4731 3258 4791 xxv,
3285 4714 3342 4777 4.

1846 4878 2258 4955 VARIORUM
2303 4875 2550 4941 ΝΟΤιΕ.

747 5017 917 5080 Alter
948 5018 1081 5089 cod.
1115 5018 1343 5102 habet_:
1393 5019 1560 5096 ’Υμᾰς
1621 5021 1768 5102 ἔχειν
1825 5019 1937 5077 δεῖν
1983 5022 2145 5079 τούτοι

2249 5014 2572 5102 sensu.lu.

516 5100 903 5174 καταμίμησιν,
939 5117 1059 5160 non
1092 5099 1264 5160 male.
1295 5098 1481 5162 CLER.

660 5262 696 5318 2

599 5261 720 5336 (52)
751 5261 1062 5324 Σπάταλος.
1096 5261 1258 5321 Idem
1295 5261 1513 5323 codex:
1541 5261 1803 5320 πολυανάλ

524 5335 762 5421 videtur
788 5357 922 5401 esse
949 5348 1042 5398 τοῦ
1072 5340 1346 5421 σπατάλου
1369 5340 1688 5421 glossema.
1717 5341 1803 5404 ID.

599 5417 962 5503 (53)_Mdev,
999 5429 1114 5484 etc.
1150 5419 1313 5483 Idem
1355 5417 1583 5498 (μόνοις
1616 5438 1733 5486 τοῖς
1765 5447 1826 5484 π.
1859 5446 1909 5482 σ.
1971 5425 2165 5503 όιρκού⁹

515 5519 694 5573 μενος.
728 5499 816 5566 ID.

600 5579 727 5706 554)
761 5584 851 5643 Δέ.
903 5583 967 5646 In
1001 5581 1210 5645 eodem
1243 5584 1440 5645 τοίνυν.
1475 5582 1561 5649 ID.

632 5661 732 5706 5m
816 5663 1242 5706 ἸῗηηηςηίΥηυη-ερ
1329 5662 1453 5706 Ihm

603 5661 732 5744 (55)
816 5663 1264 5745 Ἐπιμερίζοντες.
1329 5662 1481 5727 Ibid.
1564 5661 1899 5739 διανέμοντες
1961 5663 2176 5726 eodem

597 5177 722 5261 (51)
752 5181 932 5237 Εἶναι.
950 5178 1020 5261 In
1048 5179 1259 5261 eodem
1281 5181 1548 5261 sequitur
1564 5186 1906 5261 εἶναιπραεϊς
1933 5177 2162 5261 χρήᾸι).

752 5181 932 5237 Εἶναι.
956 5178 1020 5241 In
1048 5179 1259 5241 eodem
1281 5181 1548 5257 sequitur
1564 5186 1906 5261 εἶναιπραεϊς
1933 5177 2162 5261 χρήᾸι).

701 5176 722 5336 )
751 5260 1062 5324 Σπάταλος.
1096 5259 1262 5342 Idem
1295 5260 1513 5342 codex:
1541 5261 1971 5342 πολυανάλωτος,
2006 5261 2162 5342 quod

2333 5097 2460 5177 (56)
2497 5095 2675 5171 Ὑμῖν.
2705 5094 3011 5158 Omittitur
3034 5096 3094 5157 in
3126 5095 3312 5177 altero
3343 5094 3680 5177 codice,nec
3701 5086 3855 5160 male,

2249 5169 2381 5242 nam
2406 5169 2642 5240 mutuus
2671 5194 2838 5257 amor
2866 5186 2955 5237 est
2986 5175 3260 5257 omnibus
3285 5180 3637 5257 przeceptus.
3660 5169 3737 5231 in.

2333 5261 2456 5338 (57)
2494 5266 2687 5338 Ταῦτα,
2718 5255 2869 5338 Ibid.
2902 5266 3078 5321 τοῦτο.
3112 5256 3201 5319 Id.

2333 5261 2427 5338 (57
2494 5266 2686 5318 Ταῦτα.
2718 5261 2869 5319 Ibid.
2902 5266 3056 5316 τοῦτο

2330 5261 2456 5420 (58)
2488 5340 2609 5399 Οὖν.
2646 5335 2796 5398 Ibid.
2829 5339 3059 5420 7.1.9.10.

2330 5411 2450 5496 (59)
2476 5411 3006 5496 Ἀκήμωτος-Ϊῦἱά.
3067 5417 3357 5497 ἀφίμωτος,
3395 5411 3550 5497 quod
3606 5419 3690 5474 est
3734 5422 3857 5489 per-

2253 5502 2417 5564 inde.
2452 5502 2536 5564 ID.

2339 5582 2459 5664 (60)
2504 5580 2754 5641 Ἐσθῖετε.
2790 5577 3012 5640 Ἐσθίειν
3042 5579 3298 5661 ὀφείλετε,
3362 5575 3541 5638 codex
3596 5572 3754 5634 alter.
3787 5564 3858 5626 [Β.
