4098 6214
506 302 624 370 663
1309 310 1368 370 8.
1416 307 1851 377 CLEMENTIS
1897 314 1918 373 Ι
1966 313 2149 375 ROM.

2250 312 2421 374 DNT.
2470 312 2717 374 OPERA
2764 312 3025 373 DUBIA.
3757 313 3866 375 664

507 440 773 497 omnium
804 446 1070 499 nostrum
1099 449 1333 519 peccata
1371 441 1429 501 in
1459 440 1618 520 ligno
1646 443 1842 504 crucis
1866 442 2138 524 portavit,

2250 445 2543 519 ιαρποῦσθε,
2598 443 2838 517 Μιμηταὶ
2897 444 2996 521 γὰρ
3058 443 3175 500 ἐστι
3221 450 3447 521 Χριστοῦ
3504 454 3599 504 τοῦ
3659 448 3867 523 Κυρίου-ι

505 524 918 587 iminaculatus
952 546 1055 605 pro
1090 529 1458 590 merentibus
1502 531 1856 611 supplicium
1902 533 2146 593 cruciﬁ-

2250 534 2319 588 ιαὶ
2348 532 2597 597 ὡσαύτως
2630 530 2694 582 89
2716 531 2840 612 (69)
2875 535 3086 590 πάντων
3142 534 3237 598 τὰς
3288 533 3544 611 ἁμαρτίας
3591 534 3867 609 ἆνήνεγιιεν

511 635 639 693 Xlts;
687 628 741 675 ta
762 625 817 675 et
840 634 938 675 vos
963 615 1150 694 plebis
1176 626 1417 693 peccata
1432 617 1731 680 vindicare
1757 630 2147 699 oportet-,cum

513 706 587 763 de
619 704 916 765 Salvatore
950 706 1004 765 in
1028 707 1175 768 Isaia
1208 707 1428 767 dictum
1464 708 1727 771 sitzaIste
1747 721 1987 790 peccata
2020 731 2152 770 nos-

515 803 603 849 tra
628 800 899 869 portat,et
929 812 1029 870 pro
1050 794 1217 853 nobis
1248 794 1543 877 dolet90;»
1568 806 1625 858 et
1651 797 1982 878 postzulpse
2010 817 2148 876 peu-

512 888 636 938 cata
672 880 992 939 multorum
1028 882 1178 954 tulit,
1217 893 1271 941 et
1308 893 1548 965 propter
1579 886 1925 963 iniquitates
1948 904 2150 947 eorum

516 967 761 1028 traditus
791 981 939 1029 est»
977 969 1046 1033 Ut
1080 990 1219 1049 ergo
1252 990 1350 1032 vos
1376 975 1540 1053 scopi
1587 976 1754 1053 estis,
1789 976 1865 1035 ita
1900 984 1954 1035 et
1987 975 2152 1035 Chri-

514 1066 668 1116 stum
702 1077 947 1135 scOpum
984 1059 1232 1140 habetis;
1279 1074 1335 1123 et
1380 1073 1438 1123 ut
1468 1064 1568 1128 ille
1595 1066 1861 1126 omnium
1891 1073 2149 1125 vestrum

517 1147 818 1227 exemplar
842 1157 952 1217 est,
981 1150 1057 1209 ita
1081 1161 1133 1209 et
1155 1171 1258 1211 vos
1292 1153 1579 1215 laicornm
1615 1153 1832 1230 quibus
1864 1155 2152 1233 prazestis.

518 1233 640 1294 Non
674 1236 830 1295 enim
869 1238 1323 1300 exis'imaodum
1351 1242 2061 1323 est,episcopatumfacile
2092 1261 2158 1302 ac

518 1325 643 1383 Icve
677 1343 829 1385 unus
853 1326 1303 1399 esseQuocirca
1337 1332 1487 1392 sicut
1517 1332 1749 1413 pondus
1780 1330 1970 1403 fertis;
1998 1331 2080 1391 sic
2104 1340 2160 1390 et

516 1414 688 1473 deret
721 1424 780 1472 ut
814 1415 986 1493 primi
1020 1417 1243 1479 fructus
1274 1420 1792 1501 percipiatis,quos
1816 1438 1947 1481 cum
1974 1439 2159 1496 egen-

519 1501 677 1565 tibus
710 1507 1185 1576 cuminunicetis;
1220 1518 1417 1588 utpote
1450 1509 1742 1571 rationem
1790 1506 2083 1569 reddituri
2104 1507 2160 1569 ei

516 1591 615 1671 qui
662 1610 796 1651 cum
830 1594 1212 1657 ratiocinator
1244 1608 1435 1661 vester
1466 1597 1708 1678 sederit,
1742 1598 1904 1659 nulla
1933 1598 2161 1657 ratione

521 1682 727 1763 poterit
754 1684 981 1745 seduci.
1011 1685 1256 1764 Oportet
1291 1689 1487 1768 itaque
1510 1688 1743 1768 eos,qui
1776 1686 2055 1748 Ecclesia:
2074 1705 2137 1746 as

2234 621 2319 677 ἐπὶ
2349 622 2407 676 τὸ
2457 620 2629 691 ξύλον,
2685 623 2996 701 παυρωθεῖς
3057 624 3085 679 ὁ
3134 620 3355 697 ἄμωμος
3409 622 3541 700 ὑπὲρ
3575 630 3680 679 τῶν
3721 626 3875 679 uolti-

2236 731 2370 773 σεως
2400 710 2579 789 ἀξίων,
2626 711 2765 770 οὕτω
2819 712 2905 768 καὶ
2934 708 3069 783 ὑμᾶς
3126 718 3219 768 τοῦ
3279 710 3409 768 λαοῦ
3468 712 3562 775 τὰς
3631 714 3873 788 ἁμαρτίας

2237 796 2663 879 ὲξιᾷιοποιεῖσθαι
2724 802 2857 879 χρή·
2903 799 3117 877 ε’ίρηται
3176 800 3276 878 γὰρ
3332 802 3451 874 περὶ
3498 807 3593 857 τοῦ
3637 802 3873 878 Σωτῆρος

2236 886 2291 942 ἐν
2328 876 2549 966 Ἠσαίᾳ,
2584 886 2666 943 ὅτι
2719 876 2967 951 (Οὗτος
2990 891 3085 954 τὰς
3115 876 3375 966 ἁμαρτίας
3418 890 3573 963 ἡμῶν
3595 890 3759 969 φέρει,
3792 876 3873 946 καὶ

2233 976 2349 1051 περὶ
2395 978 2549 1051 ἡμῶν
2591 975 2855 1036 ὀδυνᾶται.
2900 1000 2923 1033 ι
2962 980 3060 1035 Καὶ
3116 976 3298 1037 πάλιν
3345 1000 3373 1033 σ
3406 978 3575 1043 Αὐτὸς
3626 981 3872 1057 ἁμαρτίας

2232 1062 2446 1121 πολλῶν
2495 1064 2773 1143 ἀνήνεγκε,
2838 1067 2925 1123 καὶ
2974 1064 3061 1122 διὰ
3115 1067 3210 1130 τὰς
3259 1064 3478 1140 ἀνομίας
3537 1069 3707 1124 αὐτῶν
3738 1088 3869 1143 παρ-

2241 1150 2415 1219 εδόθη,
2473 1176 2500 1205 ι
2566 1151 2784 1233 ’Ὠσπερ
2842 1156 2930 1211 οὖν
2974 1156 3129 1230 ὑμεῖς
3189 1154 3379 1212 σκοποί
3436 1154 3582 1228 ἔστε,
3618 1154 3752 1212 οὕτω
3794 1160 3873 1213 καὶ

2241 1243 2442 1297 σκοπὸν
2472 1240 2629 1321 ἔχετε
2659 1244 2749 1298 τὸν
2781 1244 3032 1320 Χριστόν·
3063 1244 3136 1309 ὡς
3163 1242 3252 1299 οὗν
3284 1242 3439 1306 αὐτὸς
3473 1243 3684 1299 πάντων
3709 1245 3871 1319 ὑμῶν⁹

2243 1330 2382 1387 οὕτω
2435 1332 2522 1387 καὶ
2571 1332 2727 1405 ὑμεῖς
2772 1339 2879 1389 τῶν
2916 1329 3001 1411 ὑφ’
3060 1333 3197 1407 ὑμᾶς
3254 1331 3486 1395 λαῖκῶν,
3529 1333 3619 1399 Μὴ
3649 1334 3747 1410 γὰρ
3788 1333 3875 1389 v6-

2244 1426 2360 1491 μιζε
2408 1417 2559 1498 (70),
2607 1420 2687 1476 ὅτι
2732 1420 2953 1501 εὐχερὲς
2983 1421 3019 1489 ἢ
3051 1419 3276 1502 ἐλαφρὸν
3304 1423 3518 1501 φορτίον
3546 1421 3681 1478 ἐστὶν
3701 1424 3735 1489 ἡ
3762 1422 3873 1477 imo

2246 1510 2443 1578 σκοπή.
2490 1510 2604 1588 Χρὴ
2647 1509 2736 1566 οὗν
2767 1512 2840 1573 ὡς
2868 1512 2930 1567 τὸ
2960 1512 3119 1590 βάρος
3163 1510 3370 1590 φέρετε,
3427 1510 3597 1574 οὕτως
3655 1514 3742 1568 καὶ
3781 1517 3878 1566 τῶν

2243 1603 2460 1673 καρπῶν
2530 1599 2771 1677 πρώτως
2830 1597 3289 1674 μεπαλαμόἆνειν,
3349 1600 3437 1656 καὶ
3467 1612 3589 1663 τοῖς
3621 1598 3877 1675 δεομένοις

2246 1682 2602 1759 μεταδιδόναι,
2647 1688 2719 1751 ὡς
2764 1686 2924 1765 λόγον
2961 1686 3233 1768 ὑφεξοντες
3303 1694 3382 1762 τῷ
3456 1686 3877 1767 ἀπαραλογίστως

517 1773 683 1832 siduo
709 1772 1155 1854 incumbiint,cx
1191 1776 1473 1839 Ecclesiae
1503 1775 1676 1838 bonis
1701 1774 2159 1855 nutriri,quippe

2250 1775 2377 1847 ὅμᾶς
2426 1773 2675 1849 μέλλοντι
2727 1774 3078 1854 λογιστεύειν.
3116 1786 3212 1832 Δεῖ
3262 1776 3361 1856 γὰρ
3386 1777 3511 1839 τοὺς
3540 1784 3610 1855 τῇ
3643 1775 3869 1843 Ἐκκλη-

521 1861 883 1928 sacerdotes.
915 1862 1136 1936 levitas,
1167 1866 1469 1946 praesides,
1516 1865 1619 1926 Dei
1652 1864 1978 1939 ministros;
2005 1864 2160 1923 sicut

522 1952 579 2009 io
617 1949 1008 2013 Numerorum
1045 1953 1194 2015 libro
1226 1955 1299 2016 de
1324 1954 1734 2017 sacerdotibus
1766 1953 2048 2031 scriptum
2069 1970 2162 2012 re-

525 2041 891 2117 peritur.aEt
920 2041 1060 2103 dicit
1094 2044 1377 2106 Dominus
1407 2045 1479 2105 ad
1519 2047 1818 2106 Aaronem
1856 2041 2159 2115 :Tu,etﬁ-

522 2129 581 2189 lii
619 2129 726 2208 tui,
759 2138 817 2190 et
838 2129 1048 2191 domus
1068 2133 1252 2213 patria
1290 2142 1411 2212 tua,
1436 2132 1740 2212 accipietis
1765 2139 2002 2210 peccata
2032 2148 2161 2189 san-

522 2219 825 2296 ctuarii,et
854 2220 1169 2281 sacerdotii
1200 2221 1564 2284 vestri.Ecce
1598 2221 1737 2283 dedi
1768 2218 1929 2281 vobis
1957 2226 2162 2279 custo-

524 2307 679 2367 diam
702 2307 1087 2383 primitiarum
1102 2310 1195 2381 ;de
1210 2309 1486 2371 omnibus
1501 2328 1633 2389 quae
1650 2308 2012 2371 sanctiﬁcata
2024 2314 2163 2367 sunt

529 2394 671 2455 mihi
697 2414 728 2454 a
758 2394 892 2456 ﬁliis
916 2398 1116 2470 Israel,
1155 2397 1255 2457 tibi
1286 2396 1424 2458 dedi
1455 2416 1546 2471 ea,
1580 2397 1641 2458 in
1673 2398 1985 2473 honorem,
2014 2404 2072 2456 et
2096 2395 2131 2455 ﬁ

527 2483 620 2544 liis
660 2485 772 2545 tuis
806 2494 935 2564 post
954 2494 1032 2565 te,
1058 2487 1381 2559 legitimum
1433 2488 1890 2568 sempiternum.
1926 2486 2002 2548 Et
2049 2486 2162 2545 hoc

525 2573 823 2635 eritvobis
847 2574 921 2635 de
954 2576 1354 2647 sanctiﬁcatis.
1406 2577 1480 2638 de
1529 2574 1948 2648 oblationibus,
1984 2582 2037 2634 et
2087 2574 2163 2632 de

526 2662 891 2734 muneribus,
928 2672 985 2722 et
1026 2664 1100 2724 de
1131 2666 1404 2725 omnibus
1437 2664 1768 2738 sacriﬁciis,
1805 2672 1863 2724 et
1893 2662 1967 2723 de
1998 2662 2159 2722 omni

523 2751 743 2812 delicto
797 2762 854 2812 et
884 2754 957 2812 de
981 2754 1257 2813 omnibus
1299 2753 1631 2826 sacriﬁciis,
1666 2761 1723 2814 et
1752 2753 1827 2813 de
1858 2751 2018 2813 omni
2049 2752 2122 2811 de
2144 2783 2159 2796 -

524 2842 686 2911 licio,
752 2852 809 2902 et
857 2842 929 2901 de
988 2844 1242 2921 peccatis
1299 2861 1310 2904 :
1363 2855 1417 2902 et
1476 2861 1847 2923 quaecunque
1905 2840 2162 2901 reddunt

532 2931 673 2991 mihi
724 2934 796 2991 de
856 2931 1133 2991 omnibus
1187 2939 1408 2994 sanctis
1444 2982 1459 3006 ,
1514 2932 1618 2994 tibi
1678 2940 1849 2994 erunt
1905 2950 1973 2992 ac
2024 2931 2165 2993 ﬁliis

536 3043 561 3079 ι
594 3020 816 3084 Omnes
849 3021 1122 3100 primitiae
1150 3022 1289 3099 olei,
1324 3033 1381 3083 et
1407 3023 1549 3102 vini,
1575 3030 1634 3082 et
1656 3022 1957 3095 frumenti,
1993 3038 2156 3096 que-

529 3129 764 3186 cunque
815 3112 1091 3171 dederint
1150 3112 1420 3183 Domino,
1474 3111 1574 3173 tibi
1620 3110 1759 3172 dedi
1808 3129 1923 3172 ea:
1959 3128 2168 3170 omnes

533 3200 824 3280 primitias
854 3200 1086 3277 frugum
1123 3201 1225 3262 tibi
1258 3199 1529 3264 dedi.His
1559 3200 1997 3262 acceditomnis
2018 3217 2167 3259 con-

528 3290 803 3352 secratio.
840 3292 1132 3351 Praeterea
1162 3309 1338 3350 omne
1368 3290 1626 3351 hominis
1675 3308 1742 3350 ac
1784 3288 2029 3369 pecudis
2050 3287 2170 3347 sive

531 3383 766 3442 munda:
789 3381 910 3439 sive
942 3381 1263 3441 immundze
1296 3382 1746 3460 primogenitum
1775 3399 1788 3443 :
1817 3380 1958 3441 item
2002 3378 2171 3438 victi-

536 3487 992 3547 marearumque
1020 3469 1424 3547 pectuscnlum
1450 3489 1517 3538 ac
1536 3468 1843 3530 brachium
1873 3467 2171 3549 dextrum,

534 3559 603 3619 ad
622 3577 710 3616 sai.
724 3557 1265 3635 erdotespertinent
1279 3559 1443 3619 .ctad
1462 3559 1662 3619 levitas
1674 3557 2171 3638 reliquos,eorum

538 3647 785 3707 cmuitvs
800 3647 920 3708 93.»
955 3646 1165 3708 Audite
1190 3646 1311 3707 hmc
1342 3667 1441 3706 vos
1468 3646 1641 3709 etiam
1668 3646 1826 3724 laici,
1862 3646 2047 3707 electa
2069 3645 2173 3706 Dei

534 3735 972 3799 ErclcsiaNam
997 3747 1054 3796 et
1087 3737 1247 3816 prior
1268 3737 1538 3815 populus,
1572 3759 1597 3793 ι
1628 3735 1733 3798 Dei
1759 3735 2032 3815 populus,
2062 3761 2086 3787 ι)
2120 3743 2175 3795 et

538 3844 721 3905 agens
750 3836 953 3886 sancta
974 3826 1554 3887 93svocahuntur.Et
1577 3842 1675 3886 vos
1704 3824 1884 3904 igitur
1904 3826 2049 3885 estis
2070 3843 2167 3886 sa-

535 3924 840 3975 crosancta
867 3913 969 3975 Dei
995 3913 1257 3975 Ecclesia
1286 3916 1620 3994 conscripta
1645 3915 1701 3975 in
1725 3912 1911 3993 caelis,
1942 3915 2171 3991 «regale

533 4004 1107 4082 sacerdotium.gens
1138 4004 1622 4084 sancta,populus
1643 4000 2165 4081 acquisitionis“,ii

537 4111 752 4171 sponsa
790 4102 991 4153 ornata
1030 4091 1277 4154 Domino
1313 4095 1455 4155 Deo.
1494 4092 1759 4155 Ecclesia
1792 4110 2023 4170 magna,
2058 4090 2172 4152 Ec-

536 4182 713 4246 clesia
747 4181 1213 4261 ﬁdelis,aurihns
1245 4182 1483 4261 percipe
1515 4199 1645 4261 qua:
1676 4180 1836 4261 prius
1870 4180 2023 4241 dicta
2042 4180 2175 4240 fue-

2242 1862 2329 1934 σίᾳ
2382 1861 2850 1941 προσεδρεύοντας,
2913 1865 2972 1921 ἔκ
3025 1870 3124 1933 τῆς
3180 1863 3465 1931 ἐκκλησίας
3502 1864 3875 1946 διατρέφεσθαι,

2242 1950 2335 2006 ἅτε
2381 1953 2564 2032 ἱερεῖς,
2623 1952 2829 2019 λευίτας
2857 2002 2871 2027 ,
2932 1952 3211 2034 προέδρους
3240 2001 3256 2023 ,
3313 1953 3650 2034 λειτουργοὺς
3708 1962 3830 2012 Θεοῦ
3861 1971 3873 1984 ’

2244 2041 2417 2103 καθὼς
2450 2040 2504 2096 ὲν
2530 2039 2693 2119 βίϐλῳ
2722 2045 2825 2099 τῶν
2859 2047 3128 2121 Ἀριθμῶν
3184 2044 3480 2122 γέγραπται
3532 2045 3649 2121 περὶ
3678 2044 3781 2100 τῶν
3803 2048 3876 2099 ἱε-

2245 2127 2400 2201 ρέωνο
2442 2154 2469 2185 α
2508 2133 2604 2189 Καὶ
2632 2132 2757 2188 εἷπε
2792 2134 2979 2213 Κύριος
3010 2135 3141 2211 πρὸς
3176 2130 3403 2210 Ἀαρών
3444 2133 3539 2207 Σὺ,
3600 2135 3689 2189 καὶ
3717 2135 3761 2189 οἱ
3789 2136 3878 2189 υἱοί

2244 2239 2360 2297 σου,
2393 2220 2481 2275 καὶ
2512 2221 2539 2275 ὁ
2569 2224 2720 2285 οἶκος
2778 2227 3003 2300 πατριᾶς
3060 2244 3152 2281 σου
3208 2219 3444 2296 λήψεσθε
3493 2223 3586 2284 τὰς
3635 2222 3879 2299 ἁμαρτίας

2243 2314 2350 2363 τῶν
2403 2308 2591 2385 ἁγίων,
2653 2313 2752 2376 τῆς
2812 2310 3067 2388 ἱερατείας
3125 2312 3295 2386 ὑμῶν.
3357 2308 3490 2367 ἰδοὺ
3538 2308 3737 2367 δέδωκα
3765 2313 3882 2385 ὑμῖν

2244 2395 2341 2463 τὴν
2378 2394 2688 2476 διατήρησιν
2718 2398 2823 2453 τών
2855 2398 3142 2478 ἀπαρχῶν·
3196 2398 3302 2454 ἀπὸ
3351 2398 3566 2457 πάντων
3592 2404 3696 2455 τῶν
3724 2401 3877 2475 ἡγια-

2245 2485 2453 2558 σμὲνων
2484 2508 2576 2561 μοι
2607 2488 2749 2557 παρὰ
2777 2493 2884 2543 τῶν
2914 2490 3039 2546 υἱῶν
3096 2483 3334 2567 Ἰσραὴλ,
3384 2489 3466 2544 σοὶ
3514 2486 3713 2544 δέδωκα
3761 2487 3877 2542 αὐτὰ

2245 2575 2318 2637 εἰς
2375 2573 2557 2655 γέρας,
2616 2577 2698 2631 καῖ
2730 2590 2849 2639 τοῖς
2882 2577 3023 2637 υἱοῖς
3068 2599 3161 2634 σου
3193 2578 3328 2651 μετᾶ
3371 2576 3453 2650 σὶ,
3502 2577 3724 2651 νόμιμον
3768 2576 3876 2632 aid)-

2244 2686 2378 2724 νιον.
2428 2665 2525 2721 Καὶ
2554 2671 2709 2723 τοῦτο
2742 2664 2889 2721 ἔσται
2919 2666 3049 2740 υμῖν
3104 2666 3211 2722 ἀπὸ
3263 2671 3369 2721 τῶν
3429 2665 3791 2743 ἡγιασμένων,
3825 2664 3876 2719 ἐκ

2242 2753 2345 2807 τῶν
2378 2754 2776 2830 καρπωμάτων,
2822 2756 2909 2810 καὶ
2965 2755 3071 2810 ἀπὸ
3123 2754 3227 2811 τῶν
3257 2752 3464 2830 δώρων,
3496 2755 3583 2810 καὶ
3613 2754 3716 2809 ἀπὸ
3744 2754 3870 2809 πάν-

2242 2861 2349 2896 των
2378 2838 2502 2919 (71)
2525 2848 2631 2896 τῶν
2659 2846 2870 2913 θυσιῶν,
2905 2844 2993 2899 καὶ
3022 2844 3128 2899 ἀπὸ
3158 2843 3335 2908 πάσης
3391 2840 3771 2916 πλεμμελειας,
3795 2842 3873 2895 καὶ

2346 2930 2358 2947 .
2401 2929 2413 2948 γ
2598 2936 2623 2946 ..
2796 2932 2810 2951 ε
3306 2932 3317 2951 ι
3524 2932 3536 2951 ν
3592 2932 3607 2949 ς

2244 2950 2362 3007 περι
2394 2951 2685 3007 αμαρτιῶν.
2726 2954 2813 2988 και
2864 2930 2961 2987 ὅσα
3010 2930 3317 2989 ἀποδιδόασι
3361 2953 3451 3005 μοι
3515 2953 3619 2987 απυ
3680 2931 3873 2987 πάννων

2248 3023 2353 3073 τῶν
2397 3018 2583 3096 ἁγίων,
2618 3025 2697 3076 σοὶ
2727 3020 2873 3077 ἔσται
2906 3022 2992 3077 καὶ
3022 3034 3139 3083 τοῖς
3168 3023 3303 3085 υἱοῖς
3333 3042 3448 3081 σου.
3509 3019 3599 3077 Ἐν
3647 3024 3719 3094 τῴ
3756 3018 3875 3097 ἁγίῳ

2250 3108 2475 3187 φάγεσθε
2508 3107 2633 3186 (72)
2659 3109 2849 3168 αὐτῶν)
2889 3112 2985 3167 Καὶ
3016 3107 3134 3183 μετ’
3160 3108 3338 3187 ὀλίγα.
3392 3130 3417 3164 e
3459 3116 3602 3165 Πᾶσα
3634 3108 3873 3188 ἀπαρχηο

2251 3195 2426 3255 ἑλαίου
2470 3199 2551 3253 καὶ
2585 3196 2733 3255 οἴνου
2781 3201 2865 3255 καὶ
2911 3199 3077 3272 σίτου,
3131 3197 3229 3255 ὅσα
3277 3197 3337 3254 ἂν
3396 3196 3526 3255 δῶσι
3581 3198 3761 3276 Κυρίῳ,
3806 3197 3879 3251 σοὶ

2253 3283 2453 3341 δέδωκα
2513 3287 2668 3342 αὒτάο
2726 3289 2811 3342 καὶ
2864 3289 2929 3343 τὰ
2977 3286 3465 3366 πρωτογεννήματα
3494 3286 3662 3343 πάντα
3692 3306 3762 3341 εοι
3791 3282 3869 3339 δέ·

2257 3371 2424 3433 δωκκ.
2486 3373 2590 3435 Καὶ
2638 3374 2867 3453 συνέῤῥει
2926 3383 3029 3432 πᾶν
3088 3378 3344 3451 ἀνάθεμα·
3406 3382 3513 3432 πᾶν
3560 3377 3874 3453 πρωτότοκον

2256 3463 2528 3541 ἀνθρώπου
2581 3467 2667 3521 καὶ
2719 3467 2941 3535 κτήνους
2999 3470 3225 3543 καθαροῦ
3295 3467 3381 3522 καὶ
3434 3465 3740 3542 ἀκαθάρτου,
3797 3461 3871 3515 καὶ

2253 3552 2427 3615 θυσίας
2466 3552 2614 3632 (73),
2649 3556 2736 3611 καὶ
2768 3555 3068 3627 στηθηνίου,
3101 3556 3188 3611 καὶ
3240 3554 3525 3634 βραχίονος
3572 3551 3727 3618 δεξίοῦ
3770 3561 3870 3609 τοῖς

2256 3642 2443 3719 ἱερεῦτι
2499 3645 2846 3719 προσανήκει,
2908 3645 2995 3699 καὶ
3049 3657 3162 3709 τοῖς
3216 3641 3432 3707 λοιποῖς
3495 3655 3611 3705 τοῖς
3640 3638 3866 3714 παραμέ-

2255 3751 2431 3787 νουσιν
2482 3731 2661 3795 αὒτοῖς
2719 3731 2969 3795 λευίταις.
3028 3756 3052 3789 ι
3114 3732 3363 3789 Ἀκούετε
3410 3739 3574 3788 ταῦτα
3612 3731 3698 3787 καὶ
3734 3731 3867 3803 ὑμεῖς

2256 3822 2303 3874 οἱ
2346 3818 2550 3900 λαῖκοὶ,
2593 3820 2817 3887 ἐκλεκτη
2877 3820 3170 3888 Ἐκκλησία
3228 3830 3320 3879 τοῦ
3381 3828 3535 3883 Θεοῦ.
3566 3817 3665 3879 Καὶ
3704 3818 3794 3895 γὰρ
3845 3818 3867 3869 ὁ

2254 3906 2381 3973 λαὸς
2438 3913 2691 3989 πρότερον
2728 3933 2751 3966 ι
2790 3918 2919 3968 Θεοῦ
2962 3910 3090 3973 λαὸς
3133 3913 3221 3967 καὶ
3270 3910 3413 3973 ἔθνος
3440 3910 3592 3987 ἅγιον
3628 3932 3650 3962 ιι
3684 3905 3869 3979 duopri-

2254 4008 2394 4071 ζετο’
2452 4002 2540 4056 καὶ
2578 4003 2735 4075 ὑμεῖς
2789 4002 2879 4057 οὖν
2921 4000 3037 4056 ἐστε
3068 4000 3191 4077 ἁγία
3222 4006 3313 4055 του
3345 4006 3479 4056 Θεοῦ
3508 4000 3619 4076 ἱερᾶ
3645 3993 3868 4057 Ἐκκληο

2259 4089 2345 4145 σία
2376 4089 2827 4169 ἀπογεγραμμένη
2858 4089 2911 4145 ἓν
2942 4094 3168 4169 οὖρανῴ²
3209 4112 3237 4143 α
3270 4088 3536 4164 βασίλειον
3584 4086 3865 4162 ἱεράτευμα,

2260 4177 2401 4242 ἔθνος
2432 4176 2606 4255 ἅγιον,
2638 4177 2765 4241 λαὸς
2812 4180 2883 4242 εἱς
2916 4180 3274 4256 περιποίησιν,
3315 4202 3337 4230 ι
3379 4178 3559 4251 νύμφη
3614 4169 3869 4230 κεκαλλωο

537 4282 675 4333 runt
707 4288 719 4332 :
747 4257 1085 4352 exceptitia,
1135 4280 1192 4331 et
1223 4257 1490 4343 decimie,
1527 4257 1587 4332 et
1623 4257 1899 4350 primitias
1946 4269 2164 4332 Christc

2263 4266 2494 4341 πισμ-ένη
2527 4266 2705 4344 Κυρίῳ
2733 4276 2807 4340 τῷ
2866 4275 3004 4341 Θεῷ.
3039 4266 3330 4333 Ἐκκλησία
3390 4263 3622 4343 μεγάλη,
3658 4257 3866 4352 Ἐκκλη-

540 4359 801 4439 pontiﬁci
832 4369 891 4420 et
923 4359 1211 4419 ministris
1232 4361 1361 4438 ejus
1392 4380 1405 4418 :
1432 4360 1681 4420 decimae
1699 4355 2178 4433 salutaris,prin-

539 4448 757 4528 cipium
785 4449 1043 4510 nominis
1069 4448 1420 4521 Jesn.Audi,
1454 4465 1621 4508 sacra
1650 4448 1939 4509 catholica
1974 4445 2179 4507 Eccle-

537 4539 647 4617 sia,
680 4557 808 4616 qua;
821 4540 1025 4600 decem
1052 4538 1180 4599 illas
1206 4538 1401 4615 plagas
1422 4537 1698 4617 effugisti,
1720 4545 1779 4598 et
1809 4537 2013 4598 decem
2048 4534 2180 4594 illos

535 4646 848 4689 sermones
867 4648 971 4689 seu
999 4627 1351 4705 Decaiogum
1377 4626 1675 4706 accepisti,
1713 4635 1773 4688 et
1796 4629 1986 4704 legem
2018 4624 2177 4685 didi-

2262 4356 2346 4411 σία
2409 4358 2596 4430 πιστὴ,
2633 4358 2666 4412 ἃ
2705 4355 2958 4433 πρότερον
3015 4355 3227 4432 ἀρῤἑθη,
3289 4354 3375 4410 νῧν
3421 4352 3678 4423 ἐνωτίζοιν
3727 4348 3865 4426 ἆφαι·

2262 4444 2490 4525 ρέματα,
2548 4447 2634 4503 καὶ
2691 4444 2926 4520 δεκάται,
2976 4446 3216 4523 ἀπαρχαὶ
3271 4450 3350 4516 τῷ
3404 4442 3646 4523 ἀρχιερεῖ
3688 4440 3865 4525 Χριπῷ

2262 4535 2347 4589 καὶ
2380 4523 2496 4599 τοῖς
2528 4534 2917 4614 λειτουργοὺσιν
2961 4538 3124 4613 αυτῷ,
3150 4531 3365 4589 δεκάται
3406 4528 3685 4609 σωτηρίου,
3718 4523 3863 4614 ἆρχῆο

2262 4624 2522 4697 ὀνόματος
2548 4611 2725 4690 Ἰησοῧ
2755 4622 2910 4701 (74).
2965 4611 3204 4700 "Aunus,
3234 4622 3346 4699 ἱερᾶ
3378 4618 3631 4684 καθολικη
3669 4611 3867 4675 Ἐκλιλησ

616 4805 901 4891 “Aluit:
935 4809 1129 4891 αὖτεὶς.Δ
1199 4804 1367 4867 9018.
1393 4822 1517 4883 Lm,
1557 4807 1615 4879 4,
1654 4802 1751 4866 12.
1834 4800 2085 4863 9‘Num.
2124 4821 2164 4862 κ’

2250 4815 2281 4880 ί,
2310 4800 2368 4891 1,
2392 4798 2452 4862 8ο
2537 4796 2594 4842 9’
2622 4798 2778 4862 Ibid.
2809 4799 2903 4865 12.
2986 4797 3043 4842 9³
3070 4796 3257 4862 Exod.
3287 4814 3407 4880 χιι,
3440 4798 3501 4878 5,
3526 4795 3587 4861 6.
3628 4790 3682 4836 9‘
3710 4786 3862 4853 Hebr.

539 4887 813 4969 xn,93;l
850 4889 973 4951 Pet.
1007 4903 1065 4953 ιι,
1103 4889 1161 4949 9.

1869 4997 2270 5063 VARIORUM
2316 4996 2565 5063 ΝΟΤιΕ.

627 5187 750 5266 (69)
778 5188 1052 5246 ’ἐσαείτως
1089 5188 1241 5245 Bene
1264 5184 1520 5266 c'injecit
1546 5180 1881 5266 Qotelerbs
1901 5182 1971 5243 ὡς
2005 5180 2179 5237 αὸτὸ..

544 5260 641 5329 Sic
673 5260 831 5327 enim
866 5266 1081 5345 legitur
1102 5266 1160 5325 in
1192 5260 1387 5345 altero
1410 5263 1545 5345 cod.
1574 5260 1756 5327 Vind.
1788 5265 1921 5324 Cor.

630 5348 754 5427 (7U)
794 5349 877 5402 Μελ
910 5337 1008 5424 γὰρ
1047 5344 1414 5422 νομιζε.ί‹ΙΘΙη
1448 5344 1527 5419 μὴ
1558 5345 1816 5418 νομίζετε,
1853 5356 1968 5401 non
2004 5337 2182 5399 male.

541 5428 708 5489 lnam.

622 5509 742 5582 (7H
778 5508 1019 5569 Πάντων.
1058 5505 1232 5567 Deest
1260 5504 1319 5565 in
1347 5504 1535 5565 altero
1560 5520 1672 5564 ms.
1711 5498 1885 5564 Vind.
1919 5498 2004 5560 In.

624 5588 751 5668 g72)
780 5588 1039 5663 Φάγεσθε.
1078 5586 1238 5668 idem
1274 5584 1450 5646 habet
1479 5585 1756 5664 φάγεσθαι,
1812 5583 1922 5642 hoc
1975 5586 2087 5656 est,
2120 5585 2186 5637 ut

540 5666 943 5728 comedautur
970 5685 1007 5727 a
1038 5666 1223 5727 vobis.
1258 5667 1339 5726 In.

630 5748 751 5817 (73)
784 5747 879 5801 Καὶ
907 5749 1105 5808 our-31:.
1144 5747 1272 5807 Non
1300 5748 1428 5803 sine
1465 5762 1640 5803 causa
1691 5739 1900 5803 Photio
1942 5736 2185 5799 critico-

546 5816 675 5890 rurn
710 5816 964 5887 maximo
1024 5824 1328 5904 displicuit
1379 5823 1895 5886 Constantianam
1929 5817 2181 5901 phrasis,

2268 5175 2633 5236 ἆνακολούθοις
2694 5173 2949 5254 aliisque
3007 5173 3162 5234 vitiis
3216 5170 3510 5235 sermonis
3562 5161 3859 5254 abundanti.

2269 5253 2667 5328 Quamobrem
2694 5254 2792 5316 hic
2819 5242 3056 5316 coactus
3077 5271 3206 5314 sum
3235 5271 3353 5314 non
3381 5260 3494 5313 tam
3514 5247 3584 5309 ad
3608 5242 3769 5328 verba
3787 5245 3863 5297 at—

2270 5326 2543 5407 tendere,
2564 5352 2714 5419 _qam
2769 5335 2842 5419 ad
2869 5351 3133 5419 sensum,
3162 5342 3219 5419 et
3247 5332 3319 5393 ad
3354 5339 3576 5419 textum
3602 5326 3865 5419 Numer?

2268 5396 2424 5489 rum,
2476 5396 2870 5495 qui'carptim
2922 5396 3359 5495 citatur.At_que
3394 5406 3580 5495 _simili
3609 5403 3766 5469 modo
3792 5396 3864 5495 ta-

2268 5490 2549 5638 Eienduin
2589 5490 2747 5574 saepe
2798 5494 2905 5555 fuit
2936 5490 3365 5575 interpretibus
3394 5490 3635 5569 hujusce
3673 5491 3864 5561 operis-

2313 5592 2407 5637 o'r.
3731 5637 3734 5638 ν

2313 5592 2407 5637 ΟΤ.

2355 5656 2476 5734 (74)
2511 5655 2687 5734 Ἀργὴ
2718 5655 2981 5734 ὀνοματος
3010 5654 3211 5734 ’ljicgﬁ.
3231 5732 3238 5734 _
3262 5649 3527 5734 οηῇιειι
3572 5637 3864 5734 isteuloctg

2270 5708 3006 5818 occas-ifouertb'pt‘asbueri‘t
3036 5708 3565 5818 's'IEﬁigiiaiio‘aa
3595 5708 3869 5818 ερτίροιξέξ,

2271 5814 2480 5877 heresi
2537 5813 2601 5895 8,
2658 5803 2924 5877 sectione
2956 5814 2993 5879 6
3026 5834 3040 5877 :
3079 5803 3206 5874 Καί
3230 5803 3295 5881 ἧν
3355 5812 3466 5869 ἑλεῖ
3505 5803 3861 5863 ἁποδεκάτωσις
