4038 6226
451 224 562 293 ssi

1289 227 1350 290 s.
1395 222 1834 290 GLEMENTIS
1874 227 1898 287 I
1945 225 2126 289 ΗΘΜ.
2175 224 2400 287 PONT.
2446 223 2697 286 oram
2740 200 2993 282 DUBIA.

3496 30 3507 39 ‘
3608 30 3641 57 ’⁷,
3666 30 3787 61 ⁷πυ,“’ῗ
3808 30 3823 81 ἶι

3704 186 3841 301 εει

456 373 585 427 ctus
607 385 625 439 ;
650 362 917 445 profecto
936 364 1114 426 etiam
1147 381 1252 445 per
1278 381 1415 426 eum
1448 370 1578 442 post
1601 368 1850 426 mortem
1883 379 2112 423 resur-.

2199 360 2370 435 ταστόν
2574 381 2677 435 μου
2726 354 2871 414 εἶδον
2919 356 2969 413 οἱ
3034 353 3296 436 ὀφθαλμοί
3334 377 3457 445 σου,
3506 360 3594 413 καὶ
3630 358 3740 445 ἐπὶΔ
3766 360 3832 413 τὸ

456 462 555 534 get
582 473 599 529 ;
623 460 688 515 ut
717 453 806 515 vel
847 462 1173 516 coronetur
1205 472 1313 536 pro
1337 450 1673 526 virtutibus,
1696 452 1784 512 vel
1822 452 2100 532 puniatur

457 560 566 625 pro
583 541 842 605 delictis.
867 542 1036 617 Quod
1061 543 1111 605 si
1128 542 1367 624 justitia
1389 541 1638 621 judicat,
1665 548 1725 601 ut
1756 539 2096 621 legislator;

458 631 961 713 quemadmodum
1022 632 1193 711 punit
1247 631 1487 713 impios,
1516 630 1604 692 sic
1636 629 1842 691 ﬁdeles
1890 638 1948 691 et
1998 632 2100 709 qui

462 726 706 801 propter
731 739 867 783 eum
899 719 970 784 ab
1002 719 1346 784 hominibus
1375 728 1515 782 sunt
1567 719 1805 781 mactati
1838 728 2096 795 sanctos,

460 808 769 873 beneﬁcus
787 810 1208 890 salvat;partim
1235 810 1396 873 sicut
1416 817 1575 871 astra
1594 807 1942 887 splendidos
1962 808 2102 871 red-

461 895 636 974 dens,
670 897 885 978 partim
934 897 1097 961 velut
1149 899 1464 961 luminaria
1529 896 1915 974 refulgentes,
1942 897 2102 975 quod

465 986 697 1051 Danieli
744 987 1090 1068 prolocutus
1155 996 1245 1051 est
1300 986 1539 1052 Gabriel
1563 984 1638 1049 ι’.
1670 985 1854 1065 Igitur
1902 986 2107 1048 ﬁdeles

466 1076 807 1158 omnes,qui
830 1075 1049 1141 Christi
1072 1096 1283 1140 sumus
1325 1076 1624 1158 discipuli,
1647 1074 1957 1154 promissis
1978 1076 2105 1155 ejus

465 1164 804 1229 credimus:
829 1184 966 1228 nam
997 1166 1104 1248 qui
1136 1166 1430 1248 promisit,
1458 1164 1698 1228 mentiri
1732 1183 1845 1225 non
1873 1173 2100 1244 potest:

463 1254 609 1318 dicit
636 1262 832 1317 autem
868 1254 1075 1318 beatus
1098 1256 1386 1337 propheta
1403 1254 1587 1317 David
1614 1275 1629 1315 :
1654 1253 1888 1316 Fidelis
1906 1254 2109 1317 Domi-

466 1362 581 1408 nus
609 1346 676 1408 in
701 1344 980 1408 omnibus
1000 1346 1197 1409 verbis
1222 1346 1372 1420 suis,
1398 1352 1453 1407 et
1472 1351 1717 1407 sanctus
1741 1345 1804 1404 in
1829 1344 2107 1406 omnibus

465 1433 751 1516 operibus
777 1434 909 1496 suis
931 1431 1006 1498 ιθ.
1030 1431 1207 1499 Certe
1230 1434 1331 1515 qui
1361 1432 1475 1496 sibi
1505 1451 1726 1512 corpus
1757 1449 1828 1493 ex
1863 1431 2107 1511 Virgine

467 1522 883 1596 construxit,is
898 1530 957 1585 et
976 1530 1329 1585 ceterorum
1354 1523 1660 1584 hominum
1685 1529 1774 1583 est
1791 1521 2059 1582 conditor
2086 1544 2101 1603 ;

469 1620 529 1676 et
556 1612 666 1691 qui
704 1629 771 1674 se
817 1630 852 1674 a
900 1612 1152 1674 mortuis
1195 1611 1488 1692 excitavit,
1519 1610 1679 1673 idem
1712 1624 1771 1671 et
1800 1628 2007 1671 omnes
2045 1611 2108 1671 in

2181 438 2383 527 βιϐλίον
2432 471 2527 508 σου
2576 448 2769 510 πάντες
2824 446 3215 525 γραφήσονται,
3268 468 3296 500 ιν
3331 443 3499 527 ’.λλλά
3530 448 3619 503 καὶ
3649 448 3677 503 ὁ
3710 438 3831 511 7'8-

2183 525 2342 607 σαὶας
2372 538 2519 618 λέγει
2549 536 2982 616 προσευχόμενος
3006 535 3173 609 αὒτῷ,
3202 533 3286 591 ὅτι
3321 525 3551 609 «Ἡμεῖς
3574 538 3602 593 ὁ
3623 537 3830 611 πηλὸς,

2184 630 2362 687 καὶσὺ
2392 630 2420 686 ὀ
2446 628 2692 694 πλάστης
2735 626 2889 701 ἡμῶν
2950 624 3101 704 (44).
3142 648 3169 681 x
3219 626 3279 683 Ei
3320 625 3489 684 τοίνυν
3518 629 3681 685 αὐτοῦ
3725 626 3833 693 δη-

2184 719 2493 797 μιούργημα
2521 718 2549 775 ὀ
2595 716 2892 794 ἄνθρωπος,
2941 712 3021 771 διὸ
3066 720 3293 793 Χριστοῦ
3341 713 3652 797 γενόμενος³
3686 720 3833 773 πάν-

2183 830 2288 871 τως
2319 807 2400 865 ὅτι
2450 808 2536 864 καὶ
2591 806 2784 879 θανὼν,
2818 801 2885 859 δι’
2914 805 3072 861 αὐτοῦ
3102 803 3456 873 ἀναστήσεται
3491 822 3507 838 ·
3554 804 3641 863 ἐπὶ
3684 814 3765 880 τῷ
3796 808 3833 876 ἢ

2185 900 2471 977 στεφθῆναι
2503 893 2623 976 (45)
2668 895 2755 950 επὶ
2786 906 2902 957 τοῖς
2950 894 3381 972 κατορθώμασιν,
3435 893 3473 960 ἥ
3503 893 3833 963 κολασθῆναι

2187 987 2273 1045 ἰπὶ
2324 998 2441 1050 τοῖς
2495 982 2939 1061 πλημελήμασιν.
3007 985 3067 1041 Εἰ
3143 979 3199 1037 δὲ
3262 979 3570 1062 δικαιοσύνῃ
3630 988 3829 1067 κρίνειν

2188 1078 2259 1142 ὼς
2306 1074 2599 1150 νομοθέτης
2634 1092 2651 1110 '
2705 1072 2883 1150 ὥσπερ
2936 1070 3147 1143 κολάζει
3206 1071 3328 1136 τοὺς
3361 1071 3605 1156 ἀσεϐεῖς,
3660 1076 3836 1137 οὕτως

2188 1170 2476 1244 εὐεργετῶν
2518 1166 2675 1235 σώζει
2708 1162 2831 1227 τοὺς
2883 1162 3123 1236 πιστοὺς,
3158 1164 3246 1219 καὶ
3270 1163 3391 1226 τοὺς
3437 1162 3501 1220 δι’
3539 1166 3698 1222 αὐτὸν
3739 1164 3834 1222 ὑπ’

2189 1255 2477 1335 ἀνθρώπων
2510 1251 2805 1333 σφαγέντας
2840 1251 3019 1330 ἁγίους
3054 1271 3068 1285 ·
3130 1254 3252 1319 τοὺς
3284 1252 3383 1329 μὲν
3410 1255 3484 1316 ὡς
3516 1251 3685 1333 ἄστρα
3714 1279 3838 1335 qui.

2189 1344 2406 1425 θρόνων²
2454 1344 2579 1406 τοὺς
2629 1340 2683 1398 δὲ
2738 1344 2811 1404 ὡς
2842 1345 3126 1421 φωστῆρας
3159 1340 3478 1421 λαμπρύνων
3516 1358 3532 1374 ⁸
3572 1347 3749 1409 καθὼς
3808 1348 3834 1401 ὁ

2191 1432 2425 1514 Γαϐριὴλ
2454 1441 2531 1506 τῷ
2565 1429 2768 1499 Δανιὴλ
2799 1429 2952 1510 ἔλεγε
2988 1451 3003 1467 ’
3038 1432 3271 1507 μαθηταὶ
3310 1434 3399 1489 οὖν
3444 1440 3676 1510 Χριστοῦ
3706 1436 3836 1491 πάν-

2188 1546 2277 1589 τες
2322 1524 2653 1603 δπάρχοντες
2710 1521 2759 1576 οἱ
2830 1521 3033 1601 πιστοὶ³
3115 1522 3431 1598 πιστεύομεν
3492 1525 3651 1581 αὐτοῦ
3715 1538 3837 1590 ταῖς

2187 1611 2532 1691 ὶπαγγελίαις
2571 1627 2586 1643 ⁸
2637 1607 2869 1687 ἀψευδὴς
2935 1610 3037 1689 γὰρ
3085 1611 3113 1667 ό
3168 1610 3651 1690 ἐπαγγειλάμενος’
3689 1612 3834 1691 λέγει

474 1701 941 1782 mortejacentes
960 1701 1034 1764 ad
1057 1700 1231 1764 vitam
1263 1700 1471 1779 eriget.
1505 1698 1617 1774 Qui
1643 1700 2005 1761 frumentum
2037 1719 2106 1761 ex

2199 1699 2245 1758 Si.
2288 1703 2316 1758 ὀ
2347 1701 2603 1779 μακάριος
2661 1700 2942 1780 προφήτης
2996 1697 3177 1774 Δαϐὶδ,
3233 1700 3313 1757 ὅτι
3352 1718 3382 1760 ι
3420 1704 3612 1767 Πιστὸς
3650 1702 3835 1782 Κύριος

466 1809 586 1853 uno
601 1808 785 1869 grano
802 1808 1191 1853 numerosum
1214 1809 1247 1852 e
1267 1798 1427 1853 terra
1457 1789 1659 1852 educit
1681 1807 1696 1864 ;
1722 1789 1821 1869 qui
1844 1790 2103 1850 excisam

468 1880 744 1945 arborem
771 1879 1137 1962 repullulare
1158 1880 1295 1943 facit
1318 1879 1380 1941 in
1402 1879 1836 1960 surculum;qui
1856 1879 2108 1942 Aaronis

466 1969 688 2050 virgam
706 1970 830 2051 jam
860 1970 1175 2047 siccatam,
1210 1970 1272 2032 in
1320 1988 1569 2050 germen
1594 1969 1773 2049 jussit
1825 1987 2105 2049 prorum-

469 2057 689 2142 pere“
713 2080 727 2124 :
752 2059 882 2141 ipse
910 2078 1020 2122 nos
1049 2078 1292 2141 quoque
1322 2058 1630 2122 suscitabit
1654 2058 1713 2120 in
1753 2057 1961 2137 gloria.
1996 2057 2110 2131 Qui

473 2149 857 2231 paralyticum
888 2167 1099 2211 sanum
1143 2152 1200 2212 in
1244 2149 1429 2231 pedes
1457 2148 1655 2211 statuit
1683 2147 1737 2191 ⁸⁵
1765 2168 1781 2220 ;
1812 2155 1869 2208 et
1900 2166 2111 2211 manus

472 2238 745 2301 ariditate
774 2237 1143 2301 laborantem
1198 2237 1502 2301 curavit‘6
1530 2245 1628 2313 ;et
1677 2255 1832 2299 caeco
1872 2256 1905 2297 a
1953 2236 2111 2299 nati-

468 2327 670 2407 vitate,
695 2326 853 2408 quod
889 2325 1206 2389 deﬁciebat
1254 2326 1617 2401 membrum,
1647 2342 1754 2406 per
1799 2332 2020 2386 terram
2054 2334 2114 2386 et

472 2416 710 2481 salivam
742 2414 1009 2479 reddidit
1033 2414 1127 2477 δτι
1165 2416 1216 2479 is
1238 2416 1369 2498 ipse
1399 2434 1510 2478 nos
1544 2432 1784 2496 quoque
1825 2415 1899 2477 ad
1935 2414 2109 2476 vitam

471 2504 787 2569 revocabit.
820 2504 934 2578 Qui
962 2523 1031 2569 ex
1063 2506 1324 2588 quinque
1370 2504 1625 2587 panibus
1655 2511 1713 2565 et
1744 2502 1976 2565 duobus
2012 2504 2108 2584 pi-

472 2593 674 2660 scibus
701 2594 968 2676 quinque
998 2594 1183 2657 millia
1214 2595 1473 2658 virorum
1507 2592 1759 2669 satiavit,
1796 2592 2020 2655 faciens
2050 2599 2112 2654 ut

475 2683 789 2750 duodecim
837 2683 1078 2766 cophini
1127 2680 1625 2766 superessent“;
1655 2691 1712 2744 et
1740 2700 1808 2744 ex
1841 2701 1990 2762 aqua
2021 2682 2111 2743 vi-

475 2790 615 2837 num
656 2771 914 2837 confecit
936 2769 992 2816 ⁸ο
1019 2793 1035 2846 ;
1057 2780 1116 2835 et
1142 2791 1212 2836 ex
1234 2790 1339 2835 ore
1361 2772 1545 2854 piscis
1578 2780 1901 2835 extractum
1926 2779 2113 2832 state-

474 2879 602 2927 rem
631 2879 738 2943 per
768 2879 862 2923 me
891 2863 1127 2925 Petrum
1161 2861 1322 2924 misit
1350 2878 1571 2927 census
1603 2860 1981 2925 exactoribus
2008 2861 2109 2925 50:

2190 1790 2246 1848 ἐν
2273 1797 2405 1848 πᾶσι
2435 1802 2554 1856 τοῖς
2585 1789 2767 1869 λόγοις
2799 1791 2984 1870 αὐτοῦ³
3016 1790 3107 1846 καὶ
3137 1788 3281 1851 ὅσιος
3472 1791 3525 1847 ἒν
3554 1798 3687 1848 πᾶσι
3717 1798 3836 1856 τοῖς

2189 1879 2361 1960 ἔργοις
2411 1883 2594 1943 αὐτοῦ,
2649 1902 2672 1937 s
2731 1877 2791 1937 Ὀ
2851 1879 2952 1959 γὰρ
3000 1878 3061 1935 ἐκ
3122 1880 3383 1957 παρθένου
3432 1882 3603 1956 ἑαυτῷ
3662 1906 3835 1941 κατα-

2190 1967 2447 2035 σκευάσας
2478 1975 2658 2045 σῶμα,
2691 1969 2844 2033 οὗτος
2874 1970 2962 2026 καὶ
2990 1975 3096 2025 τῶν
3156 1967 3332 2025 ἄλλων
3394 1971 3687 2049 ἀνθρώπων
3745 1974 3837 2041 δη.

2191 2081 2441 2140 μιουργος
2472 2059 2584 2116 ἐστι
2611 2075 2625 2089 ·
2660 2060 2747 2115 καὶ
2776 2058 2908 2138 (47)
2940 2058 3124 2115 ἑαυτὸν
3170 2059 3473 2129 ἀναστήσας
3521 2064 3583 2117 ὲκ
3610 2065 3722 2118 τὼν
3753 2086 3837 2120 νε-

2191 2157 2364 2231 νρῶν,’
2420 2152 2575 2212 αὐτὸς
2634 2150 2720 2206 καί
2774 2149 2971 2209 πάντας
3026 2149 3147 2213 τοὺς
3189 2148 3465 2224 κειμένους
3518 2150 3833 2223 ἀναστήσει*

2192 2242 2219 2297 ὀ
2248 2242 2340 2297 τὸν
2371 2238 2533 2319 πυρὰν
2563 2238 2616 2305 ἐξ
2647 2239 2763 2300 ἐνὸς
2793 2238 2992 2295 κόκκου
3051 2236 3323 2317 πολύχουν
3357 2238 3417 2296 ἐκ
3447 2244 3547 2318 γῆς
3583 2243 3834 2318 ἀνιστῶν,

2191 2331 2220 2387 ό
2249 2331 2311 2387 τὸ
2341 2327 2567 2387 ἐκκοπὲν
2600 2326 2807 2401 δένδρον
2852 2328 2925 2393 εἷς
2982 2323 3243 2405 ροίδαμνον
3282 2328 3615 2410 ἀναϐάλλων,
3673 2332 3703 2388 ὁ
3747 2335 3840 2399 τὴν

2191 2419 2384 2500 Ἀαρὸν
2425 2416 2611 2496 ῥάϐδον
2644 2416 2940 2496 ξηράνασαν
3169 2416 3396 2495 ὶκφύσας
3452 2420 3525 2481 εἷς
3554 2419 3787 2495 βλχστόν
3819 2441 3836 2459 .

2194 2511 2349 2588 αὒςδς
2378 2510 2467 2566 καὶ
2509 2510 2653 2583 ἡμᾶς
2685 2506 2881 2586 ἐγερεῖ,
2911 2505 2966 2562 ἰν
3020 2504 3164 2584 δόξῃ.
3225 2499 3282 2563 Ὀ
3333 2509 3427 2564 τὸν
3482 2510 3837 2589 παραλυτικὸν

2193 2603 2331 2655 σῶον
2385 2596 2679 2678 ἀνεγείρας,
2754 2598 2842 2653 καὶ
2903 2597 2994 2653 τὸν
3046 2594 3419 2675 ἐξηραμμένην
3488 2597 3691 2678 ἔχοντα
3747 2606 3838 2671 τὴν

2195 2702 2361 2769 χεῖρα
2390 2686 2699 2769 ἰασάμενος,
2749 2688 2839 2745 καὶ
2881 2688 2942 2743 τὸ
2990 2685 3182 2742 λεῖπον
3214 2686 3372 2765 μέρος
3402 2686 3455 2744 ἰν
3490 2690 3567 2764 τῷ
3596 2689 3660 2746 ἐκ
3687 2713 3839 2771 Tan-

2195 2782 2293 2845 τῆς
2341 2784 2502 2856 πηρῷ
2544 2776 2604 2834 ἔκ
2636 2781 2739 2855 γῆς
2768 2776 2856 2832 καὶ
2904 2774 3081 2832 σιέλου
3136 2771 3362 2839 ἀποδούς
3402 2794 3413 2807 ·
3466 2779 3494 2833 ὁ
3543 2781 3704 2845 αὐτὸς
3759 2780 3843 2838 καὶ

2195 2867 2340 2942 ἡμᾶς
2369 2866 2634 2945 ἀνεγερετ.
2683 2863 2741 2924 Ὀ
2786 2864 2848 2921 ἑκ
2906 2862 3063 2921 πόντε
3123 2862 3295 2941 ἄρτων
3354 2866 3443 2922 καὶ
3498 2864 3587 2925 δύο
3643 2870 3843 2949 ἰχθύων

473 2953 633 3023 idem
665 2958 723 3014 et
750 2957 942 3014 morte
978 2949 1241 3014 sublatos
1274 2951 1409 3014 vitae
1452 2950 1687 3014 reddet.
1724 2948 1862 3012 Haec
1893 2951 2112 3032 quippe

2199 2955 2662 3037 πεντακισχιλίους
2731 2954 2979 3033 κορέσας,
3067 2955 3155 3009 καὶ
3234 2956 3583 3033 περισσεύσας
3644 2948 3842 3017 δώδεκα

474 3042 678 3105 omnia
708 3039 785 3103 de
810 3058 881 3104 eo
902 3045 1254 3105 attestamur
1282 3041 1434 3117 ;alia
1462 3059 1601 3104 vero
1636 3041 1963 3122 prophetae.
1998 3039 2119 3104 Nos

472 3130 724 3214 quicum
748 3147 819 3192 es
839 3130 1212 3193 comedimus
1234 3146 1304 3194 ac
1325 3129 1585 3192 bibimus
1609 3151 1625 3206 ;
1644 3137 1703 3193 et
1723 3130 2119 3211 spectavimus

483 3220 770 3286 miracula
789 3222 943 3303 ejus,
978 3221 1178 3296 vitam,
1212 3221 1749 3303 conversationem,
1780 3239 2115 3299 sermones,

479 3311 813 3394 passiones,
846 3316 1123 3387 mortem,
1148 3318 1325 3392 atque
1350 3329 1421 3374 ex
1451 3311 1700 3373 mortuis
1730 3311 2122 3374 resurrectio-

482 3419 657 3479 nem;
691 3408 751 3463 et
778 3417 915 3462 cum
962 3417 1033 3462 eo
1066 3418 1173 3483 per
1218 3399 1605 3482 quadraginta
1635 3400 1765 3461 dies
1804 3409 2117 3481 postquam

483 3489 660 3554 rediit
686 3488 759 3551 ad
807 3489 987 3552 vitam
1015 3489 1097 3564 ὔί,
1129 3489 1348 3552 versati
1399 3508 1641 3567 sumus;
1668 3498 1724 3552 et
1776 3489 2117 3552 mandatum

480 3579 819 3660 accepimus
848 3578 923 3641 ab
951 3598 1046 3655 eo,
1082 3579 1441 3661 praedicandi
1475 3579 1860 3659 Evangelium
1893 3582 1949 3639 in
1982 3580 2118 3640 uni-

481 3686 654 3733 verso
676 3667 1188 3742 mundo,docendi
1216 3687 1425 3731 omnes
1438 3678 1669 3750 gentes,
1692 3687 1757 3730 ac
1780 3668 2119 3748 baptizandi

481 3758 544 3822 in
569 3764 823 3820 mortem
853 3756 985 3838 ejus
999 3756 1084 3833 53,
1108 3756 1170 3820 in
1200 3758 1554 3821 auctoritate
1588 3758 1695 3822 Dei
1723 3769 2114 3841 cunctorum;

481 3847 585 3930 qui
605 3854 696 3909 est
718 3849 896 3910 Pater
917 3846 1067 3926 ejus,
1093 3864 1204 3910 nec
1231 3865 1350 3909 non
1382 3846 1443 3907 in
1476 3847 1811 3909 testimonio
1837 3847 2119 3930 Spiritus,

481 3936 583 4019 qui
605 3943 696 3998 est
708 3934 1055 4000 .Paracletus
1080 3957 1094 3996 :
1126 3954 1257 4017 nos,
1283 3935 1554 4017 inquam,
1575 3937 1700 3999 haec
1724 3938 1925 3999 omnia
1947 3937 2123 4001 doceo

483 4044 616 4090 mus
644 4042 785 4103 vos;
820 4042 952 4107 quas
979 4043 1113 4088 cum
1158 4024 1444 4088 edixisset
1475 4024 1671 4107 nobis,
1703 4026 1765 4087 in
1795 4034 2121 4107 conspectu

484 4123 686 4179 nostro
701 4122 1041 4195 assumptus
1059 4122 1148 4178 est
1171 4116 1233 4178 in
1256 4113 1634 4193 coelum-“md
1653 4132 1787 4177 eum
1813 4117 1910 4197 qui
1926 4117 2121 4198 ipsum

487 4206 749 4269 miserat.
774 4204 969 4284 Atque
989 4204 1041 4266 si
1059 4203 1461 4279 credideritis,
1485 4203 1646 4268 beati
1670 4206 1834 4268 eritis
1860 4228 1876 4278 ;
1901 4206 1949 4268 si
1974 4225 2122 4269 con-

483 4305 570 4359 tra
609 4311 730 4356 non
780 4291 1176 4368 credideritis,
1214 4310 1325 4355 nos
1374 4294 1726 4357 innocentes
1764 4303 1821 4357 et
1853 4295 2061 4358 mundi
2090 4316 2126 4360 a

481 4391 674 4450 vestra
698 4381 1117 4445 incredulitate
1155 4384 1554 4465 reperiemur.

2198 3046 2467 3126 xocpivouc,
2526 3046 2614 3102 καὶ
2657 3043 2712 3111 ιε
2740 3042 2927 3108 ὕδατος
2986 3043 3135 3101 οἶνον
3195 3046 3593 3119 μεταποιήσας,
3642 3051 3735 3105 καὶ
3791 3048 3846 3105 ἐκ

2200 3136 2465 3211 στόματος
2495 3135 2676 3215 ἰχθύος
2707 3138 2951 3212 στατῆρα
2993 3130 3060 3188 δι’
3093 3132 3223 3209 ἒμοῦ
3268 3132 3465 3208 Πέτρου
3515 3149 3633 3199 τοῖς
3680 3138 3843 3194 ἀπαι-

2200 3231 2344 3282 τοῦσι
2375 3230 2574 3292 κῆνσον
2603 3222 2924 3287 ἀποστείλας
2962 3239 2976 3257 ⁸
3036 3222 3189 3285 οὗτος
3214 3225 3301 3279 καὶ
3335 3224 3456 3287 τοὺς
3487 3227 3703 3304 νεκροὺς
3736 3228 3847 3283 ἀνε-

2201 3327 2371 3394 γερεϊ,
2432 3316 2608 3372 Ταῦτα
2664 3313 2764 3392 γὰρ
2813 3312 3023 3370 ἅπαντα
3078 3315 3245 3388 ἡμεῖς
3295 3314 3414 3392 περὶ
3459 3314 3620 3372 αὐτοῦ
3649 3340 3845 3395 μαρτυ-

2201 3406 2394 3483 ροῦμεν
2429 3419 2444 3434 ⁸
2480 3404 2545 3460 τὰ
2576 3401 2621 3459 δ’
2655 3402 2791 3461 ἄλλα
2813 3404 2861 3459 οἱ
2891 3407 3184 3482 προφῆται.
3242 3400 3433 3478 Ἡμεῖς
3463 3406 3510 3460 οἱ
3542 3408 3845 3487 συμφιγόνο

2201 3515 2287 3558 τες
2320 3492 2461 3567 αὒτῷ
2507 3493 2596 3549 καὶ
2650 3490 2969 3568 συμπιόντες
3005 3510 3021 3526 ·
3056 3493 3146 3548 καὶ
3175 3494 3356 3548 θεαταὶ
3404 3494 3687 3570 γενόμενοι
3747 3503 3846 3553 τῶν

2201 3584 2361 3640 αὐτοῦ
2416 3582 2727 3661 τεραστίων,
2776 3583 2864 3638 καὶ
2918 3581 3017 3650 τῆς
3076 3581 3246 3656 ζωῆς,
3308 3583 3523 3651 καὶτῆς
3553 3583 3843 3660 πολιτείας,

2201 3675 2289 3729 καὶ
2317 3677 2423 3728 τῶν
2482 3672 2686 3752 λόγων,
2726 3671 2813 3731 οιαὶ
2844 3677 2947 3729 τῶν
2991 3671 3347 3752 παθημάτων,
3400 3675 3487 3728 καί
3536 3682 3628 3731 τοῦ
3687 3673 3843 3732 θανά-

2202 3783 2315 3836 του,
2348 3762 2432 3818 καὶ
2461 3766 2560 3829 τῆς
2589 3763 2652 3817 kx
2683 3766 2879 3835 νεκρῶν
2931 3762 3089 3819 αὐτοῦ
3144 3761 3509 3838 ἀναστάσεως,
3548 3766 3638 3821 καὶ
3688 3787 3843 3823 συνα-

2203 3850 2585 3931 ναστραφέντες
2646 3853 2786 3924 αὒτῷ
2839 3850 3043 3929 ἡμέρας
3105 3853 3498 3924 τεσσαράκοντα
3563 3855 3699 3927 μετά
3751 3856 3842 3922 τήν

2203 3940 2406 4020 ἔγερσιν
2465 3941 2621 3997 αὐτοῦ
2658 3955 2674 3972 ⁸
2760 3941 2847 3996 καὶ
2920 3936 3173 4004 λαϐόντες
3229 3939 3452 4009 ἐντολὴν
3511 3942 3637 4019 παρ’
3695 3943 3843 4001 αὖτσῦ

2196 4027 2423 4108 ’κηρύξαι
2450 4029 2513 4086 τὸ
2543 4028 2868 4109 Εὗαγγὲλιον
2924 4030 2997 4090 είς
3047 4028 3172 4086 ὅλον
3201 4031 3293 4085 τὸν
3321 4032 3547 4108 κόσμον,
3598 4033 3685 4089 καὶ
3742 4055 3842 4109 μα-

2204 4123 2454 4187 θητεῦσαι
2485 4119 2658 4176 πάντα
2687 4120 2752 4175 τὰ
2781 4117 2930 4193 ἔθνη,
2986 4124 3073 4175 καί
3125 4118 3379 4195 βαπτίσαι
3428 4121 3500 4185 εἰς
3558 4123 3649 4179 τὸν
3700 4126 3843 4180 αὖτώ

2206 4210 2454 4284 θάνατον,
2512 4207 2598 4266 ἰπὶ
2652 4208 2888 4280 αὒθεντίᾳ
2930 4214 3021 4265 τοῦ
3055 4209 3187 4265 Θεοῦ
3222 4214 3328 4265 τῶν
3388 4207 3555 4284 ὅλων,
3605 4211 3662 4274 ὃς
3708 4211 3840 4268 ἑστιν

2206 4301 2363 4357 αὐτοῦ
2422 4300 2629 4378 Πατὴρ,
2672 4300 2761 4355 καὶ
2814 4297 3072 4378 μαρτυρίᾳ
3103 4298 3435 4374 Πνεύματος,
3478 4298 3539 4363 ὃς
3585 4300 3696 4357 ἔστι
3740 4307 3838 4356 Ha-

2208 4387 2474 4468 ράκλητος
2505 4405 2519 4419 ·
2554 4386 2870 4464 διδάσκομεν
2922 4388 3058 4463 ὑμᾶς
3100 4386 3264 4444 ταῦτα
3313 4389 3508 4471 πάντα,
3542 4389 3578 4445 ἆ
3606 4388 3839 4455 διαταξαο

485 4498 641 4553 μενος
687 4475 823 4549 ἡμῖν
856 4471 1128 4553 ἀνελήφθη
1158 4471 1246 4530 ἀπ’
1276 4473 1397 4549 ὄψει
1429 4476 1584 4549 ἡμῶν
1643 4475 1715 4539 εἰς
1760 4477 1850 4532 τὸν
1909 4478 2125 4553 οὐρανὸν
2186 4481 2317 4559 πρὸς
2365 4480 2458 4535 τὸν
2514 4476 2900 4537 ἀποστείλαντα
2959 4477 3143 4539 αὺτὸν.
3201 4478 3301 4536 Καὶ
3354 4478 3443 4534 ἐὰν
3492 4478 3591 4555 μὲν
3635 4480 3837 4537 πιστεύσ

484 4587 638 4657 σητε,
698 4563 943 4657 μακάριοι
1001 4563 1307 4640 γενήσεσθε⁶
1366 4564 1409 4619 εἰ
1466 4560 1521 4618 δὲ
1574 4565 1652 4637 μη
1712 4565 2064 4638 πεστεύσητε,
2126 4566 2285 4625 ἀθῶοι
2343 4567 2510 4644 ἡμεῖς
2571 4566 2973 4657 ὶεῦρεθησόμεθα
3025 4567 3111 4623 καὶ
3164 4568 3382 4645 καθαροὶ
3438 4573 3538 4635 τῆς
3597 4568 3835 4649 ὑμετέρας

480 4652 806 4714 δυσπιστίας.

495 4792 515 4869 ξί
558 4784 613 4829 δ’
636 4784 791 4869 Dan.
825 4801 932 4869 x11,
965 4784 1023 4849 3.
1106 4783 1163 4869 f3
1191 4784 1351 4869 Psal.
1375 4802 1573 4869 gxuv,
1608 4787 1738 4869 13._
1793 4784 2043 4869 “Num.
2076 4803 2112 4869 ξ

2199 4834 2224 4862 ,
2256 4786 2317 4851 8.
2402 4786 2456 4869 ‘5
2508 4786 2711 4869 Matth.
2745 4805 2826 4869 IX,
2854 4790 2917 4853 5.
3002 4786 3057 4869 ⁸9
3084 4790 3269 4869 Marc.
3302 4803 3393 4869 m,
3420 4786 3483 4849 5.
3526 4782 3583 4830 ‘7
3600 4787 3831 4869 haud},

484 4868 543 4949 7_.
584 4948 587 4949 ί
627 4863 1066 4949 ωΜοιιΙιξιιν,
1099 4864 1198 4928 20.
1282 4863 1539 4930 “Joan.
1591 4884 1651 4941 ιι,
1713 4867 1770 4931 3.
1860 4866 1912 4911 ⁵ο
1961 4865 2168 4930 Matth.
2222 4883 2371 4949 xvu,
2431 4868 2532 4931 26.
2617 4867 2666 4912 ⁸¹
2721 4863 2855 4934 Act.
2921 4886 2965 4949 ι,
3012 4868 3073 4934 3.
3156 4866 3211 4912 ⁵⁸
3238 4867 3446 4932 Matth.
3507 4884 3707 4939 xxvm
3748 4864 3826 4925 18.

480 4946 534 5025 ξε
562 4948 698 5010 Act.
732 4964 775 5027 ι,
808 4945 869 5009 9.

1828 5078 2211 5147 VARIOBUM
2254 5081 2503 5149 NOTAE.

568 5240 796 5333 (43)1_'6_
842 5240 1257 5333 ἀκατέργαστον.
1321 5243 1648 5333 Ρτωβεὶῑιιιο
1692 5245 1753 5305 in
1805 5244 1992 5307 altern
2035 5246 2125 5302 καὶ

482 5319 653 5400 αὖθις,
674 5319 752 5384 ut
781 5319 843 5383 in
877 5319 1174 5402 versione,
1206 5338 1319 5385 nec
1351 5319 1526 5386 male'.
1556 5324 1736 5387 Cum.

563 5399 683 5484 (44)
722 5404 820 5462 Καὶ
849 5401 917 5484 σὺ.
958 5403 985 5458 ὁ
1047 5399 1325 5484 πλείστηςυ
1353 5406 1533 5479 ἡμῶν.
1592 5406 1721 5484 Non
1756 5404 2039 5467 abhorret
2090 5422 2124 5466 a

482 5479 647 5556 vero,
665 5479 815 5545 'esse
841 5479 1018 5543 etiam
1045 5488 1147 5539 τῶν
1178 5480 1261 5565 0’,
1289 5482 1430 5545 licet
1459 5483 1615 5565 apud
1639 5502 1744 5546 eos
1757 5485 2119 5565 jampridem

484 5582 603 5626 non
635 5568 1039 5643 compareant,
1075 5568 1133 5623 et
1162 5561 1274 5643 sub
1297 5561 1584 5626 asterisco
1621 5561 1786 5641 quasi
1810 5561 2046 5643 Aquilae
2063 5572 2123 5627 et

481 5641 1317 5737 Iheudptionis,punanturin
1335 5644 1598 5737 editione
1619 5641 1979 5737 Procopiiex
2001 5663 2115 5737 ms.

483 5721 699 5785 Renati
728 5720 1122 5785 Marchali.Ac
1144 5721 1296 5786 forte
1320 5723 1783 5789 continebantur
1810 5720 1875 5788 in
1908 5724 2120 5789 codice

481 5818 600 5884 quo
620 5816 768 5862 usus
796 5799 908 5861 fuit
926 5800 1345 5868 Theodoritus.
1379 5806 1524 5867 Co'r.

2291 5244 2422 5326 (45)
2452 5249 2775 5325 Στεφθῆναι.
2835 5244 3019 5326 ,Alter
3065 5243 3200 5308 cod.
3264 5242 3447 5326 Vind,
3511 5246 3823 5323 στερανωθῆ·

2206 5324 2314 5403 vat,
2352 5324 2559 5388 eadem
2574 5324 3025 5400 sententia,sed
3049 5342 3191 5387 voce
3216 5324 3395 5405 paulo
3416 5324 3820 5468 {regluentiore

3586 5420 3684 5468 an.

3586 5420 3684 5468 EB.

2283 5483 2413 5567 (46)
2442 5488 2539 5545 Καὶ
2569 5486 2713 5567 ὅσιος
2772 5501 2961 5567 usque
3004 5484 3079 5567 ad
3138 5486 3313 5549 αὐτοῦ.
3365 5485 3597 5549 Desunt
3644 5485 3698 5545 in
3729 5501 3819 5545 an-

2205 5564 2463 5647 tiquiore
2494 5566 2599 5629 sed
2629 5564 2931 5647 deteriore
2962 5565 3096 5628 cod.
3132 5568 3214 5629 In.
3342 5604 3349 5607 ε

2286 5645 2414 5727 (47)
2446 5649 2564 5712 Καί.
2599 5647 2753 5727 Lege
2784 5665 2855 5710 ex
2884 5646 3070 5727 altero
3100 5647 3233 5710 cod.
3265 5648 3363 5705 Καὶ
3389 5648 3438 5706 ὁ.
3490 5648 3578 5711 In.

2283 5724 2399 5805 (48)
2428 5724 2765 5808 Ξεράνασαν,
2844 5726 3013 5790 Alter
3082 5728 3426 5810 ξηραίνουσαν
3518 5726 3814 5871 ὲιιῖυσήσιςο

3626 5833 3677 5871 n.

3626 5833 3677 5875 Ι).
