4042 6208
261 275 381 340 εον
1094 276 1759 344 CONSTITUTIONES
1798 274 2308 343 APOSTOLICB.
2336 307 2419 325 -
2445 275 2602 340 LIB.
2645 274 2750 342 VI.
3511 270 3638 336 θ’ΐο

269 412 430 488 νόμον
471 410 715 490 κυρώσας
771 410 1054 489 ὶπλήρωσε
1087 427 1106 446 ο
1163 409 1230 466 τὰ
1284 409 1570 468 έπείσακτα
1611 412 1908 492 περιεῖλεν,

2012 410 2217 492 buit,et
2239 409 2533 493 implevit;
2557 407 2748 472 ascita
2766 408 3111 491 amputavit,
3134 411 3244 472 etsi
3262 427 3384 472 non
3408 408 3637 491 omnia,

268 503 313 558 εἰ
366 501 455 558 καὶ
486 499 564 576 μὴ
608 500 804 580 πάντα,
850 498 988 558 ἀλλά
1019 521 1080 577 γε
1131 500 1197 556 τὰ
1251 500 1530 579 βαρύτερα,
1581 502 1648 559 τὰ
1693 504 1792 578 μὶν
1821 504 1918 584 βε-

2012 499 2106 564 sed
2133 500 2422 582 graviora;
2460 498 2564 563 illa
2579 497 2821 580 quidem
2846 496 3211 574 conﬁrmata,
3244 498 3338 562 bis
3357 515 3496 563 vero
3525 499 3637 561 ab-

266 589 529 670 ϐαιώσας,
582 591 648 647 τὰ
707 586 759 644 δὲ
809 588 1014 653 παύσας
1046 607 1064 627 ⁶
1104 591 1197 646 καὶ
1238 591 1300 646 τὸ
1331 589 1661 654 αὐτεξούσιον
1690 599 1796 650 τῶν
1820 585 1921 648 ’ἆν-

2012 588 2599 670 dicatis.Rursusque
2623 594 2972 666 potestatem
2994 584 3302 650 hominum
3330 586 3640 653 dimisitli—

268 677 494 756 θρώπων
551 675 715 734 πάλιν
771 677 975 756 ἀφῆκεν
1031 676 1328 757 ἐλεύθερον,
1375 675 1437 735 οὔ
1464 679 1769 758 προσκαίρῳ
1817 682 1918 738 θα-

2012 677 2361 756 beram,non
2387 678 2765 760 temporariae
2794 677 2970 741 morti
2991 677 3420 751 condemuans,
3441 679 3547 740 sed
3580 679 3641 739 in

270 768 412 840 νάτῳ
460 763 707 842 δικάζων,
763 764 880 826 ἄλλ’
931 766 986 823 έν
1036 766 1192 845 ἑτέρᾳ
1248 766 1568 823 καταστάσει
1625 765 1919 846 λογοθετῶν

2012 770 2191 831 altero
2209 777 2363 832 statu
2385 769 2680 831 rationem
2703 766 2777 829 ab
2796 785 2866 830 eo
2888 785 3215 848 reposcens
3240 783 3256 831 :
3281 777 3644 848 quapropter

271 856 400 913 αὑτό
428 873 446 892 ⁸
480 852 560 912 διὸ
589 854 734 934 λέγει
767 857 785 888 ⁸
829 874 857 914 s
893 854 962 914 Εἴ
1004 877 1083 918 τις
1114 854 1244 931 θέλῃ
1277 855 1447 911 ὀπίσω
1491 877 1592 930 μου
1624 855 1921 937 ἰλθετν,ἑρ-

2012 858 2087 921 ait
2119 880 2135 920 ι
2168 884 2188 916 ι
2229 858 2290 922 Si
2314 860 2444 940 quis
2473 859 2594 922 vult
2628 866 2757 940 post
2791 876 2888 920 me
2931 859 3160 929 venire,
3195 856 3482 930 veniatis;
3522 883 3550 915 ι
3586 868 3647 921 et

273 945 480 1028 χέσθω·
523 969 550 1000 ι
590 947 676 1002 καὶ
705 945 888 1002 πάλιν·
929 968 956 1000 ει
980 945 1070 1013 Μὴ
1101 946 1188 1002 καὶ
1217 946 1377 1022 ὑμεῖς
1408 943 1587 1002 θέλετε
1618 946 1839 1025 ὑπάγειν
1866 965 1918 1021 ς»

2012 948 2226 1011 iterum
2255 969 2270 1011 :
2314 973 2341 1005 α
2371 947 2648 1030 Nunquid
2682 956 2740 1009 et
2768 965 2873 1008 vos
2904 947 3076 1008 vultis
3100 947 3266 1009 abire
3294 946 3359 1007 6?
3389 972 3419 1004 ι
3455 947 3485 996 7
3513 949 3644 1011 Jam

273 1035 438 1104 ’Ἤδη
481 1034 536 1091 δὲ
577 1037 667 1092 καὶ
742 1036 844 1114 πρὸ
890 1033 1008 1115 (37)
1055 1038 1154 1102 τῆς
1211 1034 1499 1114 παρουσίας
1559 1034 1717 1092 αὒτοῦ
1746 1059 1925 1116 παρῃ-

2012 1057 2146 1100 vero
2180 1039 2362 1102 etiam
2391 1045 2527 1100 ante
2557 1035 2870 1098 adventum
2912 1053 3085 1098 suum
3134 1037 3516 1101 aversabatur
3543 1055 3643 1100 sa-

270 1141 424 1183 τεὶτο
450 1127 543 1190 τὰς
574 1135 667 1184 τοῦ
695 1124 826 1181 λαοῦ
853 1124 1058 1204 θυσίας,
1091 1122 1350 1189 πολλάκις
1381 1126 1454 1187 εἷς
1488 1124 1645 1181 αὒτὸν
1693 1124 1918 1206 ὶξαμαρο

2012 1126 2233 1189 criﬁcia
2264 1125 2597 1207 populi,qui
2626 1142 2784 1205 saape
2816 1125 2880 1186 in
2911 1143 3047 1186 eum
3083 1125 3447 1206 peccabat,et
3477 1125 3647 1189 arbi-

272 1216 490 1290 τόντος,
533 1215 622 1272 καὶ
666 1213 910 1285 οίομένου
954 1212 1040 1270 διὰ
1081 1214 1272 1269 θυσιὼν
1315 1212 1436 1268 ἀλλ’
1483 1213 1542 1269 οὖ
1605 1211 1690 1271 διὰ
1748 1236 1924 1291 μετα·

2012 1215 2282 1278 trabatur
2313 1233 2420 1297 per
2448 1214 2835 1295 sacriﬁcia,et
2854 1231 2971 1276 non
2996 1213 3194 1294 potius
3219 1233 3326 1296 per
3347 1215 3646 1296 pmniten-

275 1310 421 1369 νοίας
454 1304 614 1361 αὒτὸν
639 1303 1052 1379 ἐξευμενίζεσθαι
1090 1320 1104 1334 ⁸
1141 1301 1287 1381 λέγει
1339 1302 1438 1382 γὰρ
1468 1301 1635 1369 οὕτως
1673 1323 1686 1337 ’
1729 1326 1756 1360 ε
1794 1303 1922 1363 ’Ἱνα

2012 1306 2144 1368 tiam
2171 1325 2306 1368 eum
2324 1305 2663 1387 placari.Ita
2684 1303 2846 1366 enim
2871 1304 3136 1385 loquitur
3160 1323 3174 1367 :
3203 1327 3226 1360 ι
3252 1302 3474 1384 thuid
3500 1305 3650 1369 mihi

274 1398 324 1452 τί
371 1416 463 1471 μοι
525 1392 737 1450 λίϐανον
791 1392 852 1450 ἐκ
894 1392 1042 1451 Σαϐἆ
1086 1392 1285 1473 φέρεις,
1334 1393 1424 1448 καὶ
1471 1394 1813 1470 κιννάμωμον
1863 1392 1923 1450 ἐκ

2012 1396 2142 1457 thus
2170 1395 2244 1458 de
2262 1395 2416 1457 Saba
2442 1395 2641 1469 aﬁ'ers,
2675 1401 2734 1456 et
2758 1393 3181 1456 cinnamonum
3205 1390 3279 1456 de
3312 1403 3472 1457 terra
3511 1397 3645 1459 lon-

274 1485 381 1562 γῆς
413 1482 672 1560 μακρόθεν
699 1500 715 1552 ς
745 1482 811 1538 τα
841 1480 1262 1558 ὁλοκαυτώματα
1292 1481 1439 1556 ὑμῶν
1472 1481 1567 1537 οὒκ
1596 1481 1706 1538 ἔστι
1738 1480 1919 1560 δεκτὰ,

2012 1485 2272 1566 ginqua?
2302 1483 2794 1547 Holocotaumata
2823 1492 3015 1546 vestra
3057 1501 3176 1545 non
3217 1494 3356 1546 sunt
3379 1494 3648 1569 accepta,

276 1573 367 1629 καὶ
411 1574 462 1628 αἱ
491 1571 661 1628 θυσίαι
691 1573 841 1647 ὑμῶν
873 1574 979 1651 οὑχ
1009 1569 1200 1638 item”
1245 1593 1341 1646 μοι
1380 1588 1392 1602 ·
1432 1594 1460 1626 ι
1495 1573 1583 1628 καὶ
1614 1571 1756 1640 ἐξῆς⁶
1800 1601 1822 1631 ι
1848 1574 1924 1630 Τὰ

2012 1585 2067 1637 et
2090 1575 2383 1637 sacriﬁcia
2405 1581 2598 1636 vestra
2623 1592 2741 1634 non
2768 1572 2913 1634 mihi
2932 1572 3172 1636 fuerunt
3188 1574 3450 1652 jucunda
3467 1576 3554 1648 8;:
3591 1584 3652 1639 et

276 1660 698 1737 ὁλοκαυτώματα
758 1661 908 1737 ὑμῶν
982 1661 1313 1739 συναγάγετε
1373 1662 1508 1735 μετὰ
1565 1669 1670 1717 τῶν
1730 1666 1922 1721 θυσιῶν

2012 1664 2293 1746 deinceps
2350 1681 2364 1727 :
2428 1689 2454 1718 ε
2513 1663 2994 1725 Holocotaumata
3047 1671 3242 1726 vestra
3292 1675 3651 1747 congregato

276 1752 457 1832 ὑμῶν,
511 1753 598 1807 καὶ
656 1751 852 1831 φάγετε
911 1749 1039 1829 κρέα
1086 1748 1237 1829 (38)·
1298 1748 1379 1805 ὅτι
1438 1752 1533 1808 οὐκ
1573 1750 1924 1828 ὶνετειλάμην

2012 1773 2141 1816 cum
2174 1745 2484 1816 sacriﬁciis
2532 1752 2835 1824 vestris,et
2887 1751 3188 1816 comedite
3217 1745 3430 1818 carnes
3461 1773 3476 1815 :
3513 1745 3651 1838 quia

277 1843 435 1917 ὑμῖν,
462 1841 619 1908 ἡνίκα
648 1838 910 1919 έξήγιγον
938 1840 1074 1914 ὑμᾶς
1108 1838 1169 1895 ἰκ
1200 1843 1303 1917 γῆς
1337 1839 1626 1918 Αἰγύπτου,
1650 1841 1767 1921 περὶ
1795 1841 1923 1898 ὅλο-

2012 1862 2128 1906 non
2189 1845 2445 1924 praecepi
2498 1842 2689 1923 vobis,
2749 1841 2985 1922 quando
3035 1842 3213 1904 eduxi
3263 1861 3372 1907 vos
3398 1863 3468 1908 ex
3521 1855 3650 1910 ter—

280 1931 648 2006 καυτωμέτων
699 1931 787 1986 καὶ
831 1933 1045 1992 θυσιῶν,
1099 1953 1126 1984 ι
1194 1930 1293 1987 Καὶ
1336 1925 1419 1984 διὰ
1473 1929 1697 1988 Ἠσαίου
1728 1929 1872 2009 λέγει
1909 1948 1921 1961 “

2012 1951 2073 1994 ra
2138 1931 2395 2014 Egypti,
2476 1931 2551 1993 de
2634 1928 3212 1994 bolocautomatibus
3289 1939 3348 1994 et
3416 1933 3651 1996 sacriﬁ-

291 2040 316 2074 ε
356 2021 418 2078 Τί
446 2042 540 2096 μοι
571 2022 773 2087 πλῆθος
803 2025 910 2075 τῶν
939 2018 1131 2078 θυσιῶν
1161 2016 1480 2096 ὑμῶν,λέγει
1518 2024 1712 2098 Κύριος
1737 2039 1755 2102 ς
1780 2019 1928 2088 πλή..

2012 2022 2118 2083 ciis
2143 2022 2233 2084 9.»
2283 2020 2352 2083 Et
2384 2038 2491 2101 per
2513 2019 2720 2082 Isaiam
2755 2019 2897 2080 dicit
2928 2035 2942 2049 '
2979 2039 3009 2080 ε
3039 2017 3167 2093 Quo
3199 2019 3344 2083 mihi
3378 2021 3651 2085 multitu-

284 2130 388 2190 ρης
419 2110 526 2186 εἰμὶ
557 2108 1020 2184 ὁλοκαυτωμάτων
1043 2108 1207 2187 κριῶν
1244 2124 1257 2138 ⁸
1315 2108 1403 2163 καὶ
1435 2107 1594 2189 στέαρ
1625 2111 1819 2190 ἀρνῶν,
1844 2109 1929 2165 καὶ

2015 2110 2218 2174 dinem
2250 2110 2678 2175 sacriﬁciorum
2730 2117 3085 2185 vestrorum,
3139 2107 3285 2171 dicit
3314 2112 3655 2176 Dominus?

287 2202 432 2276 αἷμα
475 2198 680 2276 ταύρων
721 2197 809 2254 καὶ
856 2197 1065 2276 τράγων
1124 2197 1184 2254 οὒ
1239 2196 1526 2274 βούλομαι,
1563 2195 1673 2256 οὔδ’
1723 2198 1786 2255 ἂν
1838 2197 1929 2274 ’έρ-

2016 2201 2231 2281 plenus
2251 2220 2380 2264 sum
2408 2200 2772 2263 holocaustis
2792 2200 3081 2278 arietum;
3109 2207 3168 2262 et
3195 2201 3434 2282 adipem
3463 2221 3652 2283 agno-

286 2292 466 2370 χησθε
497 2288 722 2369 ὀφθῆναί
750 2287 963 2363 μοι.Τίς
994 2287 1094 2366 γάρ
1115 2286 1401 2358 ἰξεζήτησε
1430 2293 1593 2345 ταῦτα
1612 2290 1675 2344 εκ
1694 2309 1929 2369 τωνχει-

2014 2311 2146 2354 rum
2160 2311 2247 2364 ,ac
2267 2291 2615 2370 sanguinem
2634 2298 2938 2352 taurorum
2962 2297 3140 2370 atque
3159 2289 3462 2354 hircorum
3486 2293 3655 2370 nolo;

281 2385 392 2458 ρῶν
423 2377 570 2453 ὑμῶν
609 2395 626 2452 ;
658 2382 855 2433 Πατετν
884 2376 984 2443 τὴν
1013 2374 1178 2446 αὐλήν
1208 2397 1310 2450 μου
1355 2375 1414 2432 οὒ
1439 2378 1798 2454 προσθήσεσθε
1828 2377 1929 2437 ἔτι.

2016 2400 2214 2464 neque
2237 2382 2287 2444 si
2318 2380 2589 2455 veniatis,
2622 2387 2686 2440 ut
2736 2377 3072 2459 appareatis
3117 2378 3285 2440 mihi.
3320 2380 3466 2454 Quis
3492 2381 3655 2444 enim

284 2469 415 2526 Ἐὰν
440 2466 634 2547 φέρητέ
659 2488 750 2543 μοι
775 2463 1333 2542 σεμίδαλιν,μάταιον·
1367 2465 1630 2554 θυμίαμα,
1662 2466 1929 2545 βδέλυγμά

2015 2463 2283 2554 quaesivit
2305 2470 2431 2532 haec
2453 2471 2528 2532 de
2563 2467 2838 2530 manibus
2866 2465 3126 2529 vestris?
3157 2466 3399 2532 Calcare
3433 2475 3654 2533 atrium

283 2580 382 2635 μοι
411 2557 545 2617 ἐστί.
581 2558 685 2616 Τὰς
718 2558 1005 2631 νεομηνίας
1035 2557 1208 2631 ὑμῶν,
1243 2556 1328 2611 καὶ
1368 2555 1434 2611 τὰ
1479 2553 1725 2615 Σάϐϐατα
1755 2559 1927 2636 ὑμῶν,

2018 2553 2214 2623 meum
2237 2579 2354 2622 non
2374 2557 2684 2641 apponetis
2707 2556 2982 2637 amplius.
3015 2556 3076 2620 Si
3099 2557 3366 2620 aﬁeratis
3387 2559 3536 2622 mihi
3565 2559 3653 2622 si-

284 2649 375 2703 καὶ
417 2645 621 2724 ἡμέραν
665 2645 908 2723 μεγάλην
939 2644 1037 2700 οὒκ
1076 2644 1366 2724 ἀνέχομαιο
1405 2645 1672 2719 νηστείαν,
1707 2647 1793 2704 καὶ
1828 2646 1926 2724 ἀρ-

2017 2652 2242 2725 milam,
2281 2667 2538 2726 vanum;
2594 2647 2913 2710 incensum
2964 2644 3327 2710 abominatio
3358 2648 3505 2711 mihi
3534 2665 3650 2712 est.

281 2737 429 2816 γίαν,
460 2738 548 2793 καὶ
578 2736 670 2798 τὰς
705 2736 888 2813 ἑορτὰς
913 2734 1061 2809 ὑμῶν
1077 2746 1230 2809 μισεῖ
1252 2736 1286 2801 ἡ
1311 2735 1466 2814 ψυχή
1489 2751 1615 2810 μου*
1640 2734 1929 2815 Ἐγενήθη-

2014 2738 2370 2802 Neomenias
2383 2751 2630 2818 vestras,
2664 2750 2726 2799 et
2752 2735 3008 2798 Sabbata
3025 2744 3306 2815 vestra,et
3332 2736 3495 2800 diem
3522 2757 3654 2800 ma-

283 2826 345 2882 τέ
379 2848 471 2901 μοι
506 2827 575 2890 είς
609 2823 932 2901 πλησμονήν
969 2846 993 2881 s
1027 2824 1124 2882 Καὶ
1145 2820 1213 2879 δι’
1245 2823 1426 2902 ἑτέρου
1447 2821 1929 2902 λέγεναἋπόστη-

2013 2848 2192 2909 gnum
2217 2847 2333 2890 non
2359 2829 2484 2890 fero
2512 2849 2526 2891 :
2553 2825 2880 2908 jejunium,
2912 2831 2970 2884 et
2996 2827 3271 2907 otium,et
3302 2826 3653 2890 solemnita-

283 2936 382 2972 σον
414 2913 508 2971 ἀπ’
541 2915 670 2990 ἐμοῦ
699 2913 842 2994 ἦχον
872 2910 1020 2988 ᾠδῶν
1053 2937 1169 2993 σου,
1203 2914 1290 2968 καὶ
1323 2912 1539 2989 ψαλμὸν
1580 2913 1820 2992 ὀργάνων
1838 2935 1929 2971 σου

2015 2927 2101 2980 tes
2117 2926 2341 2981 vestras
2364 2917 2490 2980 odit
2518 2917 2719 2979 anima
2743 2932 2897 2978 mea.
2930 2913 3090 2976 Facti
3113 2913 3256 2976 estis
3289 2914 3437 2979 mihi
3467 2917 3529 2979 in
3551 2935 3653 2980 sa-

282 3006 384 3061 οὒκ
426 3004 787 3080 ἀκούσομαι.»
828 3004 925 3061 Καὶ
954 3007 1031 3076 τῷ
1060 3000 1233 3058 Σαοὺλ
1255 3004 1282 3058 ὁ
1315 3001 1574 3078 Σαμουὴλ
1605 3001 1747 3082 λέγει
1778 3005 1928 3060 θῦσαι

2015 3009 2278 3072 tietatem
2308 3006 2384 3071 ‘3.
2423 3031 2450 3063 ι
2479 3005 2550 3068 Et
2580 3023 2688 3087 per
2709 3005 2894 3066 alium
2927 3002 3074 3065 dicit
3107 3024 3120 3067 :
3181 3025 3206 3061 ι
3233 3007 3465 3069 Amove
3497 3024 3532 3068 a
3559 3025 3656 3071 me

281 3091 618 3170 νενομικότιο
654 3113 679 3148 ε
720 3091 924 3170 Ἀγαθὴ
956 3091 1092 3153 ἀκοὴ
1121 3091 1252 3164 ὑπὲρ
1282 3093 1458 3148 θυσίαν
1489 3106 1503 3120 ⁶
1538 3093 1627 3148 καὶ
1656 3092 1925 3170 ἀκρόαμα,

2015 3098 2274 3159 sonitum
2314 3097 2647 3158 carminum
2678 3103 2912 3155 tuorum
2941 3101 3038 3154 :et
3066 3093 3360 3174 psalmum
3392 3114 3654 3175 organo-

283 3184 418 3262 ὺπέρ
443 3182 602 3262 στέαρ
630 3187 815 3262 κριῶν.
850 3179 980 3238 Ἰδοὺ
1010 3181 1113 3259 γὰρ
1145 3184 1204 3239 οὒ
1233 3178 1373 3237 θέλει
1409 3180 1604 3260 Κύριος
1633 3180 1834 3261 θυσίαν,
1857 3182 1929 3246 ὡς

2012 3204 2145 3248 rum
2172 3196 2404 3248 tuorum
2429 3204 2549 3246 non
2580 3183 2818 3246 audiam
2841 3180 2954 3244 Μ.»
2991 3185 3062 3245 Ει
3085 3183 3326 3246 Samuel
3357 3185 3651 3266 Sauli,qui

280 3275 346 3330 τὸ
395 3271 688 3329 εἰσακούειν
722 3274 898 3332 αὐτοῦ.
943 3293 967 3328 ιο
1007 3272 1105 3329 Καὶ
1148 3269 1234 3326 διὰ
1265 3276 1358 3326 τοῦ
1386 3267 1545 3326 Δαϐὶδ
1572 3269 1719 3350 λέγει
1746 3286 1762 3302 ’
1801 3294 1831 3326 α
1857 3271 1929 3328 Οὒ

2013 3275 2368 3338 sacriﬁcium
2401 3293 2465 3336 se
2515 3271 2809 3336 obtulisse
2839 3269 3100 3353 putabat,
3132 3270 3212 3331 ait
3241 3291 3256 3336 :
3308 3295 3331 3329 ιι
3370 3272 3536 3338 Bona
3562 3281 3654 3339 est

281 3361 504 3439 δέξομαι
547 3361 608 3418 ἰκ
650 3367 743 3417 τοῦ
773 3359 931 3418 οἴκου
973 3381 1064 3416 σου
1096 3360 1338 3440 μόσχους
1375 3379 1391 3394 '
1424 3358 1540 3417 οὐδὲ
1573 3358 1634 3417 έκ
1675 3367 1780 3418 τῶν
1810 3382 1932 3418 ποι·

280 3453 455 3528 μνίων
486 3473 582 3510 σου
623 3450 916 3530 χιμάρους.
964 3449 1092 3506 Ἐὰν
1137 3447 1270 3530 (39)
1322 3449 1586 3525 πεινάσω,
1632 3454 1692 3509 οὔ
1734 3452 1810 3526 μή
1844 3472 1926 3507 σοι

282 3541 454 3599 εἴπω·
490 3541 596 3617 έμὴ
652 3542 753 3620 γάρ
801 3543 945 3597 εστιν
1002 3541 1036 3607 ἡ
1095 3538 1377 3614 οἰκουμένη
1423 3540 1512 3595 καὶ
1555 3542 1616 3597 τὸ
1660 3538 1928 3618 πλήρωμα

281 3630 478 3697 αὐτῆς.
544 3630 635 3697 Μὴ
691 3633 930 3709 φαγομαι
981 3627 1109 3704 κρέα
1167 3628 1391 3705 ταύρων,
1444 3628 1480 3696 ἢ
1527 3629 1670 3706 αἷμα
1718 3631 1928 3709 τράγων

278 3720 522 3797 πίομαις
573 3721 727 3778 θῦσον
782 3723 860 3792 τῷ
912 3723 1028 3792 Θεῷ
1075 3718 1251 3776 θυσίαν
1282 3717 1554 3797 αἰνέσεως,
1598 3721 1687 3776 καὶ
1729 3717 1927 3782 ἀπόδος

277 3815 362 3884 τῷ
420 3799 658 3886 ’Υψίστῳ
698 3808 793 3871 τὰς
840 3807 1006 3887 εὐχάς
1050 3828 1168 3871 σου.
1204 3827 1234 3867 ι
1266 3804 1370 3869 Καὶ
1412 3807 1467 3864 έν
1491 3809 1687 3874 πάσαις
1720 3807 1774 3866 δὲ
1805 3821 1926 3871 ταῖς

279 3905 526 3979 Γραφατς
585 3897 781 3973 ὁμοίως
837 3896 1005 3953 αὐτῶν
1065 3897 1156 3962 τὰς
1207 3899 1385 3973 θυσὶας
1434 3897 1800 3976 ἀπαναίνεται,
1847 3898 1931 3955 διὰ

277 3991 343 4047 τὸ
401 3987 719 4066 ἐξαμαρτεῖν
776 3985 965 4050 αὐτοὺς
1011 3989 1084 4051 εἷς
1129 3986 1309 4046 αὐτόν.
1379 4007 1404 4043 s
1444 3988 1624 4047 Θυσίαι
1667 3991 1766 4069 γὰρ
1796 3990 1929 4046 ἀσε-

277 4076 417 4159 ϐῶν,
473 4076 744 4155 βδέλυγμα
799 4076 943 4154 παρά
1028 4078 1200 4155 Κυρίῳ
1231 4094 1248 4112 ⁸
1297 4077 1386 4132 καὶ
1438 4080 1540 4157 γὰρ
1603 4080 1930 4156 παρανόμως

280 4168 678 4249 προσιρέρουσιν
722 4165 884 4229 αὑτάς
921 4183 936 4198 ⁶
975 4189 1003 4222 ι
1038 4167 1126 4223 καὶ
1156 4164 1315 4222 πάλιν
1350 4183 1366 4201 ⁸
1408 4186 1433 4223 ε
1468 4169 1530 4224 Δί
1557 4167 1726 4224 θυσίαι
1758 4171 1930 4226 αὐτῶν

2013 3365 2357 3427 obedientia
2378 3381 2558 3444 super
2578 3360 3031 3441 sacriﬁcium;et
3052 3359 3490 3444 auditio,snper
3515 3363 3652 3426 adi-

2014 3473 2148 3536 pem
2171 3453 2618 3516 arietum.Ecce
2643 3450 2805 3514 enim
2833 3468 2951 3512 non
2976 3449 3097 3536 vult
3118 3449 3406 3513 Dominus
3429 3453 3653 3515 sacriﬁ-

2010 3535 2192 3619 cium,
2226 3545 2381 3606 sicut
2414 3551 2474 3604 ut
2506 3541 2862 3604 obediamus
2893 3538 2948 3601 ei
2975 3535 3089 3599 4’.»
3119 3537 3189 3600 Et
3224 3559 3331 3621 per
3359 3541 3651 3607 Davidem

2010 3635 2129 3698 ait:
2172 3656 2194 3690 ιι
2226 3632 2356 3695 Νοη
2392 3631 2679 3714 accipiam
2711 3631 2787 3692 de
2816 3628 2996 3690 domo
3029 3637 3125 3690 tua
3170 3630 3426 3712 vitulos;
3458 3649 3653 3713 neque

2011 3723 2087 3785 de
2104 3721 2380 3803 gregibus
2405 3722 2518 3782 tuis
2543 3721 2762 3782 hircos.
2797 3717 2858 3780 Si
2891 3716 3313 3799 esuriero,non
3339 3719 3534 3782 dicam
3569 3721 3649 3784 ti-

2012 3812 2072 3875 bi
2103 3834 2118 3874 :
2159 3831 2327 3875 meus
2349 3820 2439 3873 est
2471 3809 2632 3871 enim
2667 3808 2834 3871 orbis
2857 3815 3123 3888 ιρι-ηομ
3150 3808 3462 3888 plenitudo
3493 3813 3656 3891 ejus.

2013 3901 2294 3984 Nunquid
2319 3897 2697 3962 manducabo
2720 3915 2933 3958 carnes
2957 3905 3401 3984 taurorum,aut
3422 3901 3658 3980 sangui-

2013 4011 2151 4054 nem
2175 3983 2480 4052 hircorum
2505 3984 3006 4069 potabo?lmmola
3019 3983 3139 4046 Deo
3157 3986 3514 4050 sacriﬁcium
3533 3990 3657 4052 lau-

2013 4081 2192 4156 dis,et
2218 4079 2404 4141 redde
2434 4076 2747 4140 Altissimo
2808 4082 2939 4135 vota
2990 4082 3089 4136 tua
3139 4074 3217 4137 *3.
3255 4099 3282 4130 ι
3330 4074 3400 4137 Ει
3430 4095 3568 4140 vero
3598 4081 3661 4142 in

2013 4171 2295 4232 omnibus
2323 4166 2650 4249 Scripturis
2683 4163 2967 4227 similiter
2998 4181 3207 4225 eorum
3240 4165 3532 4229 sacriﬁcia
3558 4186 3662 4231 re-

279 4261 358 4323 ὼς
405 4254 560 4337 ἄρτος
603 4255 823 4320 πένθους
869 4258 1052 4320 αὐτοῖς
1087 4271 1103 4286 ⁸
1152 4254 1350 4321 πάντες
1403 4259 1450 4314 οἱ
1512 4256 1770 4324 ισθίοντες
1824 4261 1923 4316 αὖ·

2012 4261 2162 4340 nuit;
2187 4258 2328 4337 quia
2358 4264 2417 4318 in
2449 4275 2584 4318 eum
2615 4254 2733 4334 ipsi
2753 4260 3093 4334 peccarant.
3135 4250 3477 4316 «Sacriﬁcia
3496 4257 3658 4319 enim

279 4350 382 4412 τὰς
414 4346 863 4424 μολυνθήσονται.
902 4366 926 4404 ε
979 4348 1037 4404 El
1080 4345 1171 4402 οὖν
1227 4347 1317 4402 καὶ
1359 4348 1461 4426 πρὸ
1504 4351 1602 4414 τῆς
1635 4351 1924 4426 παρουσίας

2012 4343 2733 4430 impiorum,abominatio
2752 4342 2910 4424 apud
2937 4341 3279 4430 Dominum:
3302 4344 3522 4409 etenim
3546 4345 3659 4409 ini-

284 4439 473 4516 αὖτοῦ,
528 4435 660 4513 ὑπὲρ
715 4435 891 4500 θυσίας
948 4433 1162 4515 καρδίαν
1209 4437 1439 4514 καθαρὰν
1510 4435 1780 4514 ἐπεζήτει,
1839 4440 1928 4496 καὶ

2012 4429 2128 4520 que
2158 4437 2414 4500 oderunt
2443 4453 2515 4496 ea
2533 4433 2647 4510 ¹⁴;ο
2683 4442 2746 4494 et
2769 4433 3023 4493 iterum:
3058 4429 3404 4520 «Sacriﬁcia
3425 4452 3660 4517 eorum,

279 4535 495 4604 πνεῦμα
525 4523 991 4603 συντετριμμένον,
1042 4523 1230 4599 πολλῷ
1280 4523 1486 4601 μᾶλλον
1534 4524 1701 4582 ἐλθὼν
1731 4527 1926 4585 ἔπαυσε

2012 4518 2182 4610 quasi
2201 4524 2581 4608 panisluctus
2605 4523 2711 4586 eis:
2743 4538 2954 4582 omnes
2986 4518 3090 4599 qui
3115 4522 3435 4584 comedent
3461 4529 3660 4606 eade-

280 4618 510 4697 ταύτας,
567 4613 740 4696 φαμὲν
971 4616 1068 4678 τὰς
1124 4612 1192 4671 δι’
1271 4616 1510 4691 αἱμάτων
1547 4633 1560 4647 ⁸
1623 4613 1818 4674 ἔπαυσε
1874 4617 1929 4674 δὲ

2013 4617 2420 4700 quinabuntur
2449 4613 2522 4675 1⁵.
2589 4637 2618 4670 ι
2656 4612 2719 4675 Si
2772 4628 2912 4690 ergo
2964 4610 3141 4700 etiam
3171 4620 3312 4675 ante
3341 4613 3675 4679 adventum

284 4708 481 4781 αὐτας,
545 4703 631 4761 διὰ
685 4711 776 4762 τοῦ
822 4704 1079 4784 πρότερον
1134 4703 1416 4784 πληρῶσαι
1448 4719 1464 4736 ⁸
1525 4705 1613 4762 καὶ
1669 4706 1768 4786 γὰρ
1824 4729 1929 4764 πε·-

2012 4699 2208 4780 suum,
2242 4723 2422 4786 super
2452 4700 2752 4765 sacriﬁcia
2781 4699 3088 4777 quaerebat
3117 4716 3224 4760 cor
3265 4703 3577 4781 mundum,
3603 4714 3664 4768 ot

280 4799 574 4875 ριετμήθη,
638 4795 726 4850 καὶ
774 4791 1105 4872 έρῥαντίσθη,
1194 4795 1374 4859 θυσίας
1447 4813 1506 4850 τε
1591 4797 1924 4875 προσήνεγκε

2012 4796 2285 4879 spiritum
2309 4793 2636 4857 contritum
2654 4789 2735 4866 ‘0;
2769 4788 2955 4879 multo
2981 4788 3183 4879 magis,
3221 4800 3538 4873 postquam
3565 4813 3663 4858 vn-

284 4890 378 4945 καὶ
402 4882 816 4964 ὁλοκαυτώσεις,
850 4885 936 4941 καὶ
963 4897 1082 4951 τοῖς
1127 4882 1309 4950 ἄλλοις
1331 4884 1573 4960 ιθισμοῐς
1617 4886 1922 4967 ὶχρήσατο,

2012 4877 2116 4964 nit,
2151 4885 2253 4948 illa
2299 4882 2646 4964 abrogavit;
2692 4877 3013 4956 sacriﬁcia,
3042 4877 3325 4956 dicimus,
3359 4894 3605 4948 cruenta
3642 4902 3656 4950 ε

367 5102 401 5154 8
426 5097 632 5182 llattb.
657 5115 781 5182 ενι,
808 5099 909 5163 24.
965 5097 1028 5182 ,ρ
1053 5097 1226 5162 Joan.
1257 5117 1334 5172 vi,
1367 5099 1468 5182 Q7.
1544 5097 1587 5182 1
1612 5097 1765 5182 ειμι
1794 5102 2128 5168 Cedrenus.
2165 5099 2314 5182 Vide
2337 5098 2561 5182 testim.
2587 5105 2718 5182 vet._
2746 5176 2769 5182 _
2789 5096 2820 5145 8
2841 5091 2966 5182 tier;
3003 5111 3082 5166 vr,
3119 5094 3221 5158 90.
3296 5095 3362 5182 9A
3384 5095 3658 5182 Jeruvu,

285 5183 390 5248 21.
473 5180 532 5230 ιθ
560 5182 674 5245 lsa.
697 5196 742 5261 ι,
764 5173 876 5259 tl.
959 5177 1009 5224 ¹¹
1033 5182 1222 5243 Amos
1249 5195 1313 5254 ν,
1349 5179 1451 5242 23.
1535 5177 1591 5223 ίί
1620 5183 1642 5244 1
1673 5179 1817 5264 Reg.
1851 5202 1947 5261 xv,
1980 5185 2081 5250 22.
2168 5181 2221 5226 ⁸³
2249 5180 2405 5245 Psal.
2434 5195 2592 5253 ωε,
2629 5178 2666 5242 9
2703 5176 2800 5239 12.
2846 5173 2899 5216 ¹⁴
2927 5175 3102 5236 Prov.
3133 5192 3256 5256 ut,
3289 5177 3391 5240 27.
3442 5179 3493 5221 ιδ
3516 5173 3656 5245 Οεοξ

283 5279 371 5346 ιι,
395 5262 458 5328 4.
547 5260 598 5306 ιθ
626 5259 787 5325 Psal.
810 5276 875 5340 L,
907 5259 1006 5338 12,
1041 5260 1140 5324 19.

1643 5390 2041 5460 VARIORUM
2086 5391 2339 5458 NOTE.

2015 5539 2151 5602 cod.
2187 5537 2355 5601 Vind.
2381 5535 2467 5599 ID.

375 5539 663 5627 (βυ-[ιρις.
700 5541 989 5627 corrupte
1011 5539 1074 5602 in
1109 5537 1381 5627 C_edr_eno
1411 5537 1727 5627 περίι-βοτ.
1761 5621 1791 5627 _

2015 5537 2467 5627 codtj'inde.
2516 5617 2529 5627 _
2800 5613 2812 5627 _
3063 5613 3074 5627 ,
3142 5612 3182 5627 ,,

2098 5621 2227 5699 (40)
2259 5621 2466 5695 Φαμὲν,
2502 5615 2680 5678 Addit
2705 5613 2892 5677 codex
2927 5611 3102 5676 Vind.
3136 5612 3225 5678 δὴ.
3261 5613 3347 5677 In.

369 5618 490 5702 (-38).
723 5625 813 5702 ,Τὰ
841 5618 968 5701 κρέα
1015 5622 1234 5683 rectius
1265 5623 1322 5682 in
1369 5621 1502 5682 cod.
1539 5619 1715 5702 Vind.
1750 5621 1930 5684 CLER.

373 5701 504 5780 (39)
532 5701 685 5767 Ἐάν.
720 5701 857 5764 Hac
882 5719 988 5762 vox
1039 5711 1096 5762 et
1137 5702 1402 5782 quinque
1431 5718 1600 5781 seqq.
1633 5701 1846 5762 desunt
1876 5703 1937 5763 in

579 5866 841 5928 PATBOL.
887 5865 998 5926 Gn.
1051 5862 1092 5923 ι.

3270 5853 3338 5915 31
