  <div class='ocr_page' id='page_1' title='image "/cluster/home/n/w/nwhite01/storage/ocr_20150623/1/hvd.32044054121090/528.png"; bbox 0 0 4042 6208; ppageno 0'>
   <div class='ocr_carea' id='block_1_1' title="bbox 136 40 373 89">
    <p class='ocr_par' dir='ltr' id='par_1_1' title="bbox 136 40 373 89">
     <span class='ocr_line' id='line_1_1' title="bbox 136 40 373 89; baseline -0.008 -30"><span class='ocrx_word' id='word_1_1' title='bbox 255 40 373 89; x_wconf 52' lang='grc' dir='ltr'><strong>π.</strong></span> 
     </span>
    </p>
   </div>
   <div class='ocr_carea' id='block_1_2' title="bbox 258 218 420 285">
    <p class='ocr_par' dir='ltr' id='par_1_2' title="bbox 258 218 420 285">
     <span class='ocr_line' id='line_1_2' title="bbox 258 218 420 285; baseline -0.012 -2"><span class='ocrx_word' id='word_1_2' title='bbox 258 218 420 285; x_wconf 73' lang='lat' dir='ltr'><strong>10H</strong></span> 
     </span>
    </p>
   </div>
   <div class='ocr_carea' id='block_1_3' title="bbox 1071 186 2784 283">
    <p class='ocr_par' dir='ltr' id='par_1_3' title="bbox 1071 186 2784 283">
     <span class='ocr_line' id='line_1_3' title="bbox 1071 186 2784 283; baseline -0.001 0"><span class='ocrx_word' id='word_1_3' title='bbox 1071 186 1742 283; x_wconf 34' lang='lat' dir='ltr'><strong>‘cons&#39;rrru&#39;rtonss</strong></span> <span class='ocrx_word' id='word_1_4' title='bbox 1782 214 2288 280; x_wconf 64' lang='lat' dir='ltr'><strong>APOSTOLIGIE.</strong></span> <span class='ocrx_word' id='word_1_5' title='bbox 2334 250 2409 264; x_wconf 90' lang='grc'><strong><em>-</em></strong></span> <span class='ocrx_word' id='word_1_6' title='bbox 2456 220 2604 283; x_wconf 83' lang='lat' dir='ltr'><strong>LIB.</strong></span> <span class='ocrx_word' id='word_1_7' title='bbox 2655 217 2784 282; x_wconf 84' lang='lat' dir='ltr'><strong>vn.</strong></span> 
     </span>
    </p>
   </div>
   <div class='ocr_carea' id='block_1_4' title="bbox 3466 219 3625 287">
    <p class='ocr_par' dir='ltr' id='par_1_4' title="bbox 3466 219 3625 287">
     <span class='ocr_line' id='line_1_4' title="bbox 3466 219 3625 287; baseline 0.019 -3"><span class='ocrx_word' id='word_1_8' title='bbox 3466 219 3625 287; x_wconf 79' lang='grc'><strong>1018</strong></span> 
     </span>
    </p>
   </div>
   <div class='ocr_carea' id='block_1_5' title="bbox 254 348 1906 437">
    <p class='ocr_par' dir='ltr' id='par_1_5' title="bbox 254 353 1906 436">
     <span class='ocr_line' id='line_1_5' title="bbox 254 353 1906 436; baseline 0.001 -23"><span class='ocrx_word' id='word_1_9' title='bbox 254 356 415 428; x_wconf 79' lang='grc' dir='ltr'>ζωῆς</span> <span class='ocrx_word' id='word_1_10' title='bbox 471 357 537 425; x_wconf 75' lang='grc' dir='ltr'>ἧς</span> <span class='ocrx_word' id='word_1_11' title='bbox 606 357 917 436; x_wconf 64' lang='grc' dir='ltr'>δγνώρισας·</span> <span class='ocrx_word' id='word_1_12' title='bbox 948 358 1087 431; x_wconf 70' lang='grc' dir='ltr'>ἡμῖν</span> <span class='ocrx_word' id='word_1_13' title='bbox 1141 355 1225 412; x_wconf 56' lang='lat' dir='ltr'><strong>ste</strong></span> <span class='ocrx_word' id='word_1_14' title='bbox 1245 354 1426 424; x_wconf 77' lang='grc' dir='ltr'>Ἰησοῦ</span> <span class='ocrx_word' id='word_1_15' title='bbox 1446 361 1545 413; x_wconf 79' lang='grc' dir='ltr'><strong>τοῦ</strong></span> <span class='ocrx_word' id='word_1_16' title='bbox 1566 353 1757 420; x_wconf 81' lang='grc' dir='ltr'>Παιδός</span> <span class='ocrx_word' id='word_1_17' title='bbox 1789 366 1906 414; x_wconf 83' lang='grc' dir='ltr'>σου·</span> 
     </span>
    </p>
   </div>
   <div class='ocr_carea' id='block_1_6' title="bbox 1995 348 3621 437">
    <p class='ocr_par' dir='ltr' id='par_1_6' title="bbox 1995 348 3621 437">
     <span class='ocr_line' id='line_1_6' title="bbox 1995 348 3621 437; baseline 0.005 -25"><span class='ocrx_word' id='word_1_18' title='bbox 1995 348 2246 430; x_wconf 52' lang='grc' dir='ltr'>ριιονεὶιε</span> <span class='ocrx_word' id='word_1_19' title='bbox 2273 369 2449 434; x_wconf 81' lang='lat' dir='ltr'><strong>quam</strong></span> <span class='ocrx_word' id='word_1_20' title='bbox 2474 353 2841 417; x_wconf 71' lang='lat' dir='ltr'><strong>.manifestati</strong></span> <span class='ocrx_word' id='word_1_21' title='bbox 2866 354 3040 418; x_wconf 81' lang='lat' dir='ltr'><strong>nobis</strong></span> <span class='ocrx_word' id='word_1_22' title='bbox 3058 352 3371 437; x_wconf 59' lang='lat' dir='ltr'><strong>perdesu‘m</strong></span> <span class='ocrx_word' id='word_1_23' title='bbox 3402 355 3621 420; x_wconf 77' lang='lat' dir='ltr'><strong>Filium</strong></span> 
     </span>
    </p>
   </div>
   <div class='ocr_carea' id='block_1_7' title="bbox 258 444 1903 524">
    <p class='ocr_par' dir='ltr' id='par_1_7' title="bbox 258 444 1903 524">
     <span class='ocr_line' id='line_1_7' title="bbox 258 444 1903 524; baseline 0.001 -22"><span class='ocrx_word' id='word_1_24' title='bbox 258 444 334 503; x_wconf 80' lang='grc' dir='ltr'>δι’</span> <span class='ocrx_word' id='word_1_25' title='bbox 395 453 457 506; x_wconf 80' lang='grc' dir='ltr'>οὗ</span> <span class='ocrx_word' id='word_1_26' title='bbox 518 447 609 505; x_wconf 77' lang='grc' dir='ltr'>καὶ</span> <span class='ocrx_word' id='word_1_27' title='bbox 663 446 731 504; x_wconf 79' lang='grc' dir='ltr'>τὰ</span> <span class='ocrx_word' id='word_1_28' title='bbox 801 446 973 503; x_wconf 78' lang='grc' dir='ltr'>πάντα</span> <span class='ocrx_word' id='word_1_29' title='bbox 1024 446 1306 521; x_wconf 73' lang='grc' dir='ltr'>ἐποίησας,</span> <span class='ocrx_word' id='word_1_30' title='bbox 1341 448 1427 502; x_wconf 82' lang='grc' dir='ltr'><strong>καὶ</strong></span> <span class='ocrx_word' id='word_1_31' title='bbox 1468 446 1573 503; x_wconf 77' lang='grc' dir='ltr'>τῶν</span> <span class='ocrx_word' id='word_1_32' title='bbox 1596 445 1735 503; x_wconf 79' lang='grc' dir='ltr'>ὅλων</span> <span class='ocrx_word' id='word_1_33' title='bbox 1767 466 1903 524; x_wconf 70' lang='grc' dir='ltr'>προσ</span> 
     </span>
    </p>
   </div>
   <div class='ocr_carea' id='block_1_8' title="bbox 258 534 1905 615">
    <p class='ocr_par' dir='ltr' id='par_1_8' title="bbox 258 534 1905 615">
     <span class='ocr_line' id='line_1_8' title="bbox 258 534 1905 615; baseline -0.001 -22"><span class='ocrx_word' id='word_1_34' title='bbox 258 549 433 600; x_wconf 69' lang='grc' dir='ltr'>νοεῖς*</span> <span class='ocrx_word' id='word_1_35' title='bbox 492 539 551 593; x_wconf 75' lang='grc' dir='ltr'><strong>ὸν</strong></span> <span class='ocrx_word' id='word_1_36' title='bbox 610 536 697 593; x_wconf 80' lang='grc' dir='ltr'>καὶ</span> <span class='ocrx_word' id='word_1_37' title='bbox 755 534 1074 599; x_wconf 78' lang='grc' dir='ltr'><strong>ἀπέστειλας</strong></span> <span class='ocrx_word' id='word_1_38' title='bbox 1146 536 1264 614; x_wconf 76' lang='grc' dir='ltr'>περὶ</span> <span class='ocrx_word' id='word_1_39' title='bbox 1332 534 1463 614; x_wconf 87' lang='grc'><strong>(58)</strong></span> <span class='ocrx_word' id='word_1_40' title='bbox 1536 537 1769 615; x_wconf 78' lang='grc' dir='ltr'><strong>σωτηρίᾳ</strong></span> <span class='ocrx_word' id='word_1_41' title='bbox 1838 540 1905 611; x_wconf 77' lang='grc' dir='ltr'><strong>τῇ</strong></span> 
     </span>
    </p>
   </div>
   <div class='ocr_carea' id='block_1_9' title="bbox 256 624 1902 705">
    <p class='ocr_par' dir='ltr' id='par_1_9' title="bbox 256 624 1902 705">
     <span class='ocr_line' id='line_1_9' title="bbox 256 624 1902 705; baseline -0.001 -22"><span class='ocrx_word' id='word_1_42' title='bbox 256 626 501 705; x_wconf 71' lang='grc' dir='ltr'>ἡμετέρᾳ</span> <span class='ocrx_word' id='word_1_43' title='bbox 548 626 788 704; x_wconf 74' lang='grc' dir='ltr'>γενέσθαι</span> <span class='ocrx_word' id='word_1_44' title='bbox 862 624 1154 703; x_wconf 78' lang='grc' dir='ltr'>ἄνθρωπον·</span> <span class='ocrx_word' id='word_1_45' title='bbox 1224 624 1282 681; x_wconf 77' lang='grc' dir='ltr'>ὅν</span> <span class='ocrx_word' id='word_1_46' title='bbox 1339 627 1425 682; x_wconf 79' lang='grc' dir='ltr'>καὶ</span> <span class='ocrx_word' id='word_1_47' title='bbox 1521 627 1902 705; x_wconf 84' lang='grc' dir='ltr'>συνεχώρησας</span> 
     </span>
    </p>
   </div>
   <div class='ocr_carea' id='block_1_10' title="bbox 258 713 1901 785">
    <p class='ocr_par' dir='ltr' id='par_1_10' title="bbox 258 713 1901 785">
     <span class='ocr_line' id='line_1_10' title="bbox 258 713 1901 785; baseline -0.002 -12"><span class='ocrx_word' id='word_1_48' title='bbox 258 720 456 774; x_wconf 79' lang='grc' dir='ltr'>παθεῖν</span> <span class='ocrx_word' id='word_1_49' title='bbox 514 717 601 772; x_wconf 74' lang='grc' dir='ltr'><strong>καὶ</strong></span> <span class='ocrx_word' id='word_1_50' title='bbox 650 717 959 772; x_wconf 73' lang='grc' dir='ltr'>ἀποθανεῖν·</span> <span class='ocrx_word' id='word_1_51' title='bbox 1008 713 1068 770; x_wconf 77' lang='grc' dir='ltr'><strong>ὅν</strong></span> <span class='ocrx_word' id='word_1_52' title='bbox 1107 717 1196 771; x_wconf 81' lang='grc' dir='ltr'><strong>καὶ</strong></span> <span class='ocrx_word' id='word_1_53' title='bbox 1254 715 1555 785; x_wconf 70' lang='grc' dir='ltr'>ἀναστήσας</span> <span class='ocrx_word' id='word_1_54' title='bbox 1612 714 1901 783; x_wconf 73' lang='grc' dir='ltr'>εὐδόκησας</span> 
     </span>
    </p>
   </div>
   <div class='ocr_carea' id='block_1_11' title="bbox 257 802 1902 879">
    <p class='ocr_par' dir='ltr' id='par_1_11' title="bbox 257 802 1902 879">
     <span class='ocr_line' id='line_1_11' title="bbox 257 802 1902 879; baseline 0 -19"><span class='ocrx_word' id='word_1_55' title='bbox 257 803 501 879; x_wconf 75' lang='grc' dir='ltr'>δοξάσαι,</span> <span class='ocrx_word' id='word_1_56' title='bbox 561 806 649 862; x_wconf 78' lang='grc' dir='ltr'>καὶ</span> <span class='ocrx_word' id='word_1_57' title='bbox 706 804 949 869; x_wconf 79' lang='grc' dir='ltr'>ἑκάθισας</span> <span class='ocrx_word' id='word_1_58' title='bbox 1004 803 1064 859; x_wconf 73' lang='grc' dir='ltr'><strong>ἐκ</strong></span> <span class='ocrx_word' id='word_1_59' title='bbox 1120 802 1304 869; x_wconf 78' lang='grc' dir='ltr'>δεξιῶν</span> <span class='ocrx_word' id='word_1_60' title='bbox 1377 824 1497 860; x_wconf 76' lang='grc' dir='ltr'>σουο</span> <span class='ocrx_word' id='word_1_61' title='bbox 1577 802 1646 859; x_wconf 88' lang='grc' dir='ltr'>δι’</span> <span class='ocrx_word' id='word_1_62' title='bbox 1697 807 1759 861; x_wconf 82' lang='grc' dir='ltr'><strong>οὗ</strong></span> <span class='ocrx_word' id='word_1_63' title='bbox 1813 804 1902 860; x_wconf 76' lang='grc' dir='ltr'>καὶ</span> 
     </span>
    </p>
   </div>
   <div class='ocr_carea' id='block_1_12' title="bbox 258 892 1900 973">
    <p class='ocr_par' dir='ltr' id='par_1_12' title="bbox 258 892 1900 973">
     <span class='ocr_line' id='line_1_12' title="bbox 258 892 1900 973; baseline -0.001 -23"><span class='ocrx_word' id='word_1_64' title='bbox 258 893 572 973; x_wconf 72' lang='grc' dir='ltr'>ἑπηγγείλω</span> <span class='ocrx_word' id='word_1_65' title='bbox 602 895 741 967; x_wconf 74' lang='grc' dir='ltr'>ἡμῖν</span> <span class='ocrx_word' id='word_1_66' title='bbox 810 894 907 961; x_wconf 76' lang='grc' dir='ltr'><strong>τὴν</strong></span> <span class='ocrx_word' id='word_1_67' title='bbox 966 892 1253 950; x_wconf 65' lang='grc' dir='ltr'>ἀνάστασιν</span> <span class='ocrx_word' id='word_1_68' title='bbox 1280 899 1388 951; x_wconf 69' lang='grc' dir='ltr'>τιῖιν</span> <span class='ocrx_word' id='word_1_69' title='bbox 1414 900 1634 967; x_wconf 73' lang='grc' dir='ltr'>νεκρῶν,</span> <span class='ocrx_word' id='word_1_70' title='bbox 1670 895 1765 966; x_wconf 84' lang='grc' dir='ltr'><strong>Σὺ,</strong></span> <span class='ocrx_word' id='word_1_71' title='bbox 1795 894 1900 951; x_wconf 73' lang='grc' dir='ltr'><strong>Δέσ-</strong></span> 
     </span>
    </p>
   </div>
   <div class='ocr_carea' id='block_1_13' title="bbox 262 982 1901 1063">
    <p class='ocr_par' dir='ltr' id='par_1_13' title="bbox 262 982 1901 1063">
     <span class='ocr_line' id='line_1_13' title="bbox 262 982 1901 1063; baseline -0.001 -22"><span class='ocrx_word' id='word_1_72' title='bbox 262 1006 439 1042; x_wconf 83' lang='grc' dir='ltr'>σποτα</span> <span class='ocrx_word' id='word_1_73' title='bbox 496 983 889 1063; x_wconf 75' lang='grc' dir='ltr'>παντόκρατορ,</span> <span class='ocrx_word' id='word_1_74' title='bbox 952 982 1050 1039; x_wconf 79' lang='grc' dir='ltr'>Θεὲ</span> <span class='ocrx_word' id='word_1_75' title='bbox 1092 983 1294 1040; x_wconf 77' lang='grc' dir='ltr'>αἰώνιε’</span> <span class='ocrx_word' id='word_1_76' title='bbox 1370 984 1552 1063; x_wconf 72' lang='grc' dir='ltr'>ὥσπερ</span> <span class='ocrx_word' id='word_1_77' title='bbox 1609 986 1676 1053; x_wconf 79' lang='grc' dir='ltr'>ἦν</span> <span class='ocrx_word' id='word_1_78' title='bbox 1743 982 1901 1041; x_wconf 75' lang='grc' dir='ltr'>τοῦτο</span> 
     </span>
    </p>
   </div>
   <div class='ocr_carea' id='block_1_14' title="bbox 261 1073 1899 1156">
    <p class='ocr_par' dir='ltr' id='par_1_14' title="bbox 261 1073 1899 1156">
     <span class='ocr_line' id='line_1_14' title="bbox 261 1073 1899 1156; baseline -0.001 -23"><span class='ocrx_word' id='word_1_79' title='bbox 261 1074 759 1156; x_wconf 77' lang='grc' dir='ltr'>διεσκορπισμένον,</span> <span class='ocrx_word' id='word_1_80' title='bbox 812 1076 899 1131; x_wconf 81' lang='grc' dir='ltr'><strong>καὶ</strong></span> <span class='ocrx_word' id='word_1_81' title='bbox 984 1076 1241 1155; x_wconf 79' lang='grc' dir='ltr'>συνοχθὲν</span> <span class='ocrx_word' id='word_1_82' title='bbox 1292 1076 1502 1154; x_wconf 75' lang='grc' dir='ltr'>ἐγένετο</span> <span class='ocrx_word' id='word_1_83' title='bbox 1552 1077 1648 1138; x_wconf 77' lang='grc' dir='ltr'>εἷς</span> <span class='ocrx_word' id='word_1_84' title='bbox 1718 1073 1899 1155; x_wconf 76' lang='grc' dir='ltr'>ἄρτος,</span> 
     </span>
    </p>
   </div>
   <div class='ocr_carea' id='block_1_15' title="bbox 262 1162 1904 1245">
    <p class='ocr_par' dir='ltr' id='par_1_15' title="bbox 262 1162 1904 1245">
     <span class='ocr_line' id='line_1_15' title="bbox 262 1162 1904 1245; baseline -0.003 -21"><span class='ocrx_word' id='word_1_85' title='bbox 262 1166 403 1224; x_wconf 71' lang='grc' dir='ltr'>οὕτω</span> <span class='ocrx_word' id='word_1_86' title='bbox 458 1167 719 1245; x_wconf 81' lang='grc' dir='ltr'>συνάγαγέ</span> <span class='ocrx_word' id='word_1_87' title='bbox 771 1187 866 1222; x_wconf 92' lang='grc' dir='ltr'><strong>σου</strong></span> <span class='ocrx_word' id='word_1_88' title='bbox 894 1165 995 1232; x_wconf 69' lang='grc' dir='ltr'><strong>τὴν</strong></span> <span class='ocrx_word' id='word_1_89' title='bbox 1026 1162 1349 1232; x_wconf 77' lang='grc' dir='ltr'><strong>Ἐκκλησίαν</strong></span> <span class='ocrx_word' id='word_1_90' title='bbox 1372 1165 1479 1223; x_wconf 87' lang='grc' dir='ltr'><strong>ἀπὸ</strong></span> <span class='ocrx_word' id='word_1_91' title='bbox 1506 1172 1612 1223; x_wconf 85' lang='grc' dir='ltr'><strong>τῶν</strong></span> <span class='ocrx_word' id='word_1_92' title='bbox 1660 1162 1904 1244; x_wconf 80' lang='grc' dir='ltr'><strong>περάτων</strong></span> 
     </span>
    </p>
   </div>
   <div class='ocr_carea' id='block_1_16' title="bbox 264 1253 1898 1336">
    <p class='ocr_par' dir='ltr' id='par_1_16' title="bbox 264 1253 1898 1336">
     <span class='ocr_line' id='line_1_16' title="bbox 264 1253 1898 1336; baseline -0.002 -24"><span class='ocrx_word' id='word_1_93' title='bbox 264 1262 364 1324; x_wconf 79' lang='grc' dir='ltr'>τῆς</span> <span class='ocrx_word' id='word_1_94' title='bbox 432 1257 530 1336; x_wconf 69' lang='grc' dir='ltr'><strong>γῆς</strong></span> <span class='ocrx_word' id='word_1_95' title='bbox 565 1257 640 1319; x_wconf 73' lang='grc' dir='ltr'>εἷς</span> <span class='ocrx_word' id='word_1_96' title='bbox 668 1257 771 1322; x_wconf 80' lang='grc' dir='ltr'>τὴν</span> <span class='ocrx_word' id='word_1_97' title='bbox 796 1254 928 1335; x_wconf 84' lang='grc'>(59)</span> <span class='ocrx_word' id='word_1_98' title='bbox 960 1253 1259 1331; x_wconf 88' lang='grc' dir='ltr'>βασιλείαν.</span> <span class='ocrx_word' id='word_1_99' title='bbox 1290 1253 1423 1313; x_wconf 78' lang='grc' dir='ltr'>’Ἔτι</span> <span class='ocrx_word' id='word_1_100' title='bbox 1459 1257 1898 1336; x_wconf 72' lang='grc' dir='ltr'><strong>εὐχαριστοῦμεν,</strong></span> 
     </span>
    </p>
   </div>
   <div class='ocr_carea' id='block_1_17' title="bbox 266 1344 1905 1424">
    <p class='ocr_par' dir='ltr' id='par_1_17' title="bbox 266 1344 1905 1424">
     <span class='ocr_line' id='line_1_17' title="bbox 266 1344 1905 1424; baseline 0 -22"><span class='ocrx_word' id='word_1_101' title='bbox 266 1347 439 1424; x_wconf 77' lang='grc' dir='ltr'>Πάτερ</span> <span class='ocrx_word' id='word_1_102' title='bbox 481 1348 662 1422; x_wconf 77' lang='grc' dir='ltr'>ἡμῶν,</span> <span class='ocrx_word' id='word_1_103' title='bbox 714 1344 843 1423; x_wconf 73' lang='grc' dir='ltr'>ὑπὲρ</span> <span class='ocrx_word' id='word_1_104' title='bbox 873 1352 966 1402; x_wconf 81' lang='grc' dir='ltr'>τοῦ</span> <span class='ocrx_word' id='word_1_105' title='bbox 992 1345 1169 1419; x_wconf 77' lang='grc' dir='ltr'>τιμίου</span> <span class='ocrx_word' id='word_1_106' title='bbox 1202 1344 1434 1419; x_wconf 74' lang='grc' dir='ltr'>αἵματος</span> <span class='ocrx_word' id='word_1_107' title='bbox 1466 1344 1642 1412; x_wconf 80' lang='grc' dir='ltr'>Ἰησοῦ</span> <span class='ocrx_word' id='word_1_108' title='bbox 1672 1350 1905 1422; x_wconf 78' lang='grc' dir='ltr'><strong>Χριστοῦ</strong></span> 
     </span>
    </p>
   </div>
   <div class='ocr_carea' id='block_1_18' title="bbox 263 1434 1903 1516">
    <p class='ocr_par' dir='ltr' id='par_1_18' title="bbox 263 1434 1903 1516">
     <span class='ocr_line' id='line_1_18' title="bbox 263 1434 1903 1516; baseline -0.002 -25"><span class='ocrx_word' id='word_1_109' title='bbox 263 1444 356 1491; x_wconf 81' lang='grc' dir='ltr'>τοῦ</span> <span class='ocrx_word' id='word_1_110' title='bbox 440 1434 757 1516; x_wconf 65' lang='grc' dir='ltr'>ἔκχυθέντος</span> <span class='ocrx_word' id='word_1_111' title='bbox 787 1434 915 1513; x_wconf 78' lang='grc' dir='ltr'>ὑπὲρ</span> <span class='ocrx_word' id='word_1_112' title='bbox 957 1436 1136 1508; x_wconf 78' lang='grc' dir='ltr'>ἡμῶν·</span> <span class='ocrx_word' id='word_1_113' title='bbox 1198 1435 1287 1490; x_wconf 79' lang='grc' dir='ltr'><strong>καὶ</strong></span> <span class='ocrx_word' id='word_1_114' title='bbox 1314 1441 1406 1491; x_wconf 79' lang='grc' dir='ltr'>τεῦ</span> <span class='ocrx_word' id='word_1_115' title='bbox 1461 1434 1641 1511; x_wconf 84' lang='grc' dir='ltr'>τιμίου</span> <span class='ocrx_word' id='word_1_116' title='bbox 1708 1436 1903 1509; x_wconf 82' lang='grc' dir='ltr'>σώμα-</span> 
     </span>
    </p>
   </div>
   <div class='ocr_carea' id='block_1_19' title="bbox 266 1522 1906 1604">
    <p class='ocr_par' dir='ltr' id='par_1_19' title="bbox 266 1522 1906 1604">
     <span class='ocr_line' id='line_1_19' title="bbox 266 1522 1906 1604; baseline -0.001 -23"><span class='ocrx_word' id='word_1_117' title='bbox 266 1540 379 1589; x_wconf 81' lang='grc' dir='ltr'>τος’</span> <span class='ocrx_word' id='word_1_118' title='bbox 436 1528 496 1581; x_wconf 74' lang='grc' dir='ltr'><strong>οὗ</strong></span> <span class='ocrx_word' id='word_1_119' title='bbox 551 1526 637 1581; x_wconf 82' lang='grc' dir='ltr'><strong>καὶ</strong></span> <span class='ocrx_word' id='word_1_120' title='bbox 688 1526 938 1581; x_wconf 79' lang='grc' dir='ltr'>ἀντίτυπα</span> <span class='ocrx_word' id='word_1_121' title='bbox 997 1532 1160 1583; x_wconf 82' lang='grc' dir='ltr'>ταῦτα</span> <span class='ocrx_word' id='word_1_122' title='bbox 1188 1523 1558 1604; x_wconf 68' lang='grc' dir='ltr'>ὶπιτελοῡμεν,</span> <span class='ocrx_word' id='word_1_123' title='bbox 1591 1525 1749 1581; x_wconf 79' lang='grc' dir='ltr'>αὒτοῦ</span> <span class='ocrx_word' id='word_1_124' title='bbox 1785 1522 1906 1579; x_wconf 81' lang='grc' dir='ltr'>δια-</span> 
     </span>
    </p>
   </div>
   <div class='ocr_carea' id='block_1_20' title="bbox 266 1611 1902 1692">
    <p class='ocr_par' dir='ltr' id='par_1_20' title="bbox 266 1611 1902 1692">
     <span class='ocr_line' id='line_1_20' title="bbox 266 1611 1902 1692; baseline -0.002 -21"><span class='ocrx_word' id='word_1_125' title='bbox 266 1614 557 1690; x_wconf 77' lang='grc' dir='ltr'>ταξαμένου</span> <span class='ocrx_word' id='word_1_126' title='bbox 599 1616 736 1687; x_wconf 77' lang='grc' dir='ltr'>ἡμῖν</span> <span class='ocrx_word' id='word_1_127' title='bbox 820 1611 1207 1692; x_wconf 75' lang='grc' dir='ltr'>καταγγέλλειν</span> <span class='ocrx_word' id='word_1_128' title='bbox 1283 1614 1375 1669; x_wconf 91' lang='grc' dir='ltr'><strong>τὸν</strong></span> <span class='ocrx_word' id='word_1_129' title='bbox 1432 1618 1591 1674; x_wconf 67' lang='grc' dir='ltr'>αὐτοῦ</span> <span class='ocrx_word' id='word_1_130' title='bbox 1658 1614 1902 1670; x_wconf 82' lang='grc' dir='ltr'>θάνατον·</span> 
     </span>
    </p>
   </div>
   <div class='ocr_carea' id='block_1_21' title="bbox 1988 442 3622 529">
    <p class='ocr_par' dir='ltr' id='par_1_21' title="bbox 1988 442 3622 529">
     <span class='ocr_line' id='line_1_21' title="bbox 1988 442 3622 529; baseline 0.005 -29"><span class='ocrx_word' id='word_1_131' title='bbox 1988 447 2153 503; x_wconf 90' lang='lat' dir='ltr'><strong>tuum</strong></span> <span class='ocrx_word' id='word_1_132' title='bbox 2182 462 2198 519; x_wconf 89' lang='lat'><strong>;</strong></span> <span class='ocrx_word' id='word_1_133' title='bbox 2232 460 2344 522; x_wconf 89' lang='lat' dir='ltr'><strong>per</strong></span> <span class='ocrx_word' id='word_1_134' title='bbox 2364 450 2696 524; x_wconf 81' lang='lat' dir='ltr'><strong>quemtum</strong></span> <span class='ocrx_word' id='word_1_135' title='bbox 2744 442 2948 529; x_wconf 82' lang='lat' dir='ltr'><strong>omnia</strong></span> <span class='ocrx_word' id='word_1_136' title='bbox 2998 444 3235 519; x_wconf 85' lang='lat' dir='ltr'><strong>creasti,</strong></span> <span class='ocrx_word' id='word_1_137' title='bbox 3296 448 3433 507; x_wconf 76' lang='lat' dir='ltr'><strong>tum‘</strong></span> <span class='ocrx_word' id='word_1_138' title='bbox 3479 446 3622 509; x_wconf 81' lang='lat' dir='ltr'><strong>uni-</strong></span> 
     </span>
    </p>
   </div>
   <div class='ocr_carea' id='block_1_22' title="bbox 1986 529 3619 613">
    <p class='ocr_par' dir='ltr' id='par_1_22' title="bbox 1986 529 3619 613">
     <span class='ocr_line' id='line_1_22' title="bbox 1986 529 3619 613; baseline 0.007 -26"><span class='ocrx_word' id='word_1_139' title='bbox 1986 529 2175 593; x_wconf 82' lang='lat' dir='ltr'><strong>versis</strong></span> <span class='ocrx_word' id='word_1_140' title='bbox 2194 531 2471 611; x_wconf 82' lang='lat' dir='ltr'><strong>provides</strong></span> <span class='ocrx_word' id='word_1_141' title='bbox 2503 552 2518 613; x_wconf 86' lang='lat'><strong>;</strong></span> <span class='ocrx_word' id='word_1_142' title='bbox 2552 541 2821 613; x_wconf 54' lang='lat' dir='ltr'><strong>quem’et</strong></span> <span class='ocrx_word' id='word_1_143' title='bbox 2853 533 3081 610; x_wconf 76' lang='lat' dir='ltr'><strong>misisti,</strong></span> <span class='ocrx_word' id='word_1_144' title='bbox 3134 540 3199 593; x_wconf 92' lang='lat' dir='ltr'><strong>ut</strong></span> <span class='ocrx_word' id='word_1_145' title='bbox 3238 534 3310 595; x_wconf 87' lang='lat' dir='ltr'><strong>ad</strong></span> <span class='ocrx_word' id='word_1_146' title='bbox 3370 534 3619 613; x_wconf 84' lang='lat' dir='ltr'><strong>salutem</strong></span> 
     </span>
    </p>
   </div>
   <div class='ocr_carea' id='block_1_23' title="bbox 1988 620 3622 705">
    <p class='ocr_par' dir='ltr' id='par_1_23' title="bbox 1988 620 3622 705">
     <span class='ocr_line' id='line_1_23' title="bbox 1988 620 3622 705; baseline 0.004 -26"><span class='ocrx_word' id='word_1_147' title='bbox 1988 624 2248 681; x_wconf 87' lang='lat' dir='ltr'><strong>nostram</strong></span> <span class='ocrx_word' id='word_1_148' title='bbox 2275 620 2452 681; x_wconf 92' lang='lat' dir='ltr'><strong>homo</strong></span> <span class='ocrx_word' id='word_1_149' title='bbox 2483 621 2653 684; x_wconf 81' lang='lat' dir='ltr'><strong>ﬁeret</strong></span> <span class='ocrx_word' id='word_1_150' title='bbox 2680 644 2696 696; x_wconf 76' lang='grc' dir='ltr'><strong>ς</strong></span> <span class='ocrx_word' id='word_1_151' title='bbox 2730 640 2906 703; x_wconf 83' lang='lat' dir='ltr'><strong>quem</strong></span> <span class='ocrx_word' id='word_1_152' title='bbox 2928 622 3117 684; x_wconf 83' lang='lat' dir='ltr'><strong>etiam</strong></span> <span class='ocrx_word' id='word_1_153' title='bbox 3146 622 3469 703; x_wconf 76' lang='lat' dir='ltr'><strong>permisisti</strong></span> <span class='ocrx_word' id='word_1_154' title='bbox 3501 624 3622 705; x_wconf 91' lang='lat' dir='ltr'><strong>pati</strong></span> 
     </span>
    </p>
   </div>
   <div class='ocr_carea' id='block_1_24' title="bbox 1988 709 3616 791">
    <p class='ocr_par' dir='ltr' id='par_1_24' title="bbox 1988 709 3616 791">
     <span class='ocr_line' id='line_1_24' title="bbox 1988 709 3616 791; baseline 0.002 -22"><span class='ocrx_word' id='word_1_155' title='bbox 1988 717 2044 769; x_wconf 91' lang='lat' dir='ltr'><strong>et</strong></span> <span class='ocrx_word' id='word_1_156' title='bbox 2077 709 2235 771; x_wconf 87' lang='lat' dir='ltr'><strong>mori</strong></span> <span class='ocrx_word' id='word_1_157' title='bbox 2267 727 2482 790; x_wconf 86' lang='lat' dir='ltr'><strong>;quem</strong></span> <span class='ocrx_word' id='word_1_158' title='bbox 2511 719 2570 772; x_wconf 90' lang='lat' dir='ltr'><strong>et</strong></span> <span class='ocrx_word' id='word_1_159' title='bbox 2596 710 2965 773; x_wconf 88' lang='lat' dir='ltr'><strong>resuscitans</strong></span> <span class='ocrx_word' id='word_1_160' title='bbox 2992 710 3329 791; x_wconf 80' lang='lat' dir='ltr'><strong>gloriﬁcare</strong></span> <span class='ocrx_word' id='word_1_161' title='bbox 3357 711 3616 789; x_wconf 88' lang='lat' dir='ltr'><strong>voluisti,</strong></span> 
     </span>
    </p>
   </div>
   <div class='ocr_carea' id='block_1_25' title="bbox 1987 798 3623 882">
    <p class='ocr_par' dir='ltr' id='par_1_25' title="bbox 1987 798 3623 882">
     <span class='ocr_line' id='line_1_25' title="bbox 1987 798 3623 882; baseline 0.001 -21"><span class='ocrx_word' id='word_1_162' title='bbox 1987 805 2045 861; x_wconf 88' lang='lat' dir='ltr'><strong>et</strong></span> <span class='ocrx_word' id='word_1_163' title='bbox 2066 798 2287 860; x_wconf 80' lang='lat' dir='ltr'><strong>sedere</strong></span> <span class='ocrx_word' id='word_1_164' title='bbox 2309 798 2497 861; x_wconf 80' lang='lat' dir='ltr'><strong>fecisti</strong></span> <span class='ocrx_word' id='word_1_165' title='bbox 2523 800 2594 864; x_wconf 83' lang='lat' dir='ltr'><strong>ad</strong></span> <span class='ocrx_word' id='word_1_166' title='bbox 2621 800 2923 863; x_wconf 63' lang='lat' dir='ltr'><strong>dexteram</strong></span> <span class='ocrx_word' id='word_1_167' title='bbox 2953 808 3109 863; x_wconf 87' lang='lat' dir='ltr'><strong>tuam</strong></span> <span class='ocrx_word' id='word_1_168' title='bbox 3146 822 3159 864; x_wconf 76' lang='grc' dir='ltr'><strong>ε</strong></span> <span class='ocrx_word' id='word_1_169' title='bbox 3196 819 3304 881; x_wconf 85' lang='lat' dir='ltr'><strong>per</strong></span> <span class='ocrx_word' id='word_1_170' title='bbox 3353 818 3531 882; x_wconf 87' lang='lat' dir='ltr'><strong>quem</strong></span> <span class='ocrx_word' id='word_1_171' title='bbox 3565 805 3623 863; x_wconf 86' lang='lat' dir='ltr'><strong>et</strong></span> 
     </span>
    </p>
   </div>
   <div class='ocr_carea' id='block_1_26' title="bbox 1986 886 3617 967">
    <p class='ocr_par' dir='ltr' id='par_1_26' title="bbox 1986 886 3617 967">
     <span class='ocr_line' id='line_1_26' title="bbox 1986 886 3617 967; baseline 0.003 -19"><span class='ocrx_word' id='word_1_172' title='bbox 1986 886 2307 967; x_wconf 82' lang='lat' dir='ltr'><strong>promisisti</strong></span> <span class='ocrx_word' id='word_1_173' title='bbox 2339 888 2515 951; x_wconf 85' lang='lat' dir='ltr'><strong>nobis</strong></span> <span class='ocrx_word' id='word_1_174' title='bbox 2544 889 3048 952; x_wconf 74' lang='lat' dir='ltr'><strong>resurrectionem</strong></span> <span class='ocrx_word' id='word_1_175' title='bbox 3081 896 3475 953; x_wconf 86' lang='lat' dir='ltr'><strong>mortuorum.</strong></span> <span class='ocrx_word' id='word_1_176' title='bbox 3498 889 3617 967; x_wconf 79' lang='lat' dir='ltr'><strong>Tu,</strong></span> 
     </span>
    </p>
   </div>
   <div class='ocr_carea' id='block_1_27' title="bbox 1986 977 3619 1062">
    <p class='ocr_par' dir='ltr' id='par_1_27' title="bbox 1986 977 3619 1062">
     <span class='ocr_line' id='line_1_27' title="bbox 1986 977 3619 1062; baseline 0.002 -23"><span class='ocrx_word' id='word_1_177' title='bbox 1986 977 2239 1039; x_wconf 88' lang='lat' dir='ltr'><strong>Domine</strong></span> <span class='ocrx_word' id='word_1_178' title='bbox 2291 978 2692 1060; x_wconf 85' lang='lat' dir='ltr'><strong>omnipotens,</strong></span> <span class='ocrx_word' id='word_1_179' title='bbox 2731 981 2890 1042; x_wconf 88' lang='lat' dir='ltr'><strong>Deus</strong></span> <span class='ocrx_word' id='word_1_180' title='bbox 2919 987 3141 1042; x_wconf 65' lang='lat' dir='ltr'><strong>eterna</strong></span> <span class='ocrx_word' id='word_1_181' title='bbox 3175 1000 3189 1040; x_wconf 87' lang='lat'><strong>:</strong></span> <span class='ocrx_word' id='word_1_182' title='bbox 3224 978 3619 1062; x_wconf 79' lang='lat' dir='ltr'><strong>quemadmo-</strong></span> 
     </span>
    </p>
   </div>
   <div class='ocr_carea' id='block_1_28' title="bbox 1987 1067 3619 1150">
    <p class='ocr_par' dir='ltr' id='par_1_28' title="bbox 1987 1067 3619 1150">
     <span class='ocr_line' id='line_1_28' title="bbox 1987 1067 3619 1150; baseline 0.001 -20"><span class='ocrx_word' id='word_1_183' title='bbox 1987 1067 2125 1130; x_wconf 90' lang='lat' dir='ltr'><strong>dum</strong></span> <span class='ocrx_word' id='word_1_184' title='bbox 2161 1067 2274 1128; x_wconf 93' lang='lat' dir='ltr'><strong>hoc</strong></span> <span class='ocrx_word' id='word_1_185' title='bbox 2305 1077 2430 1129; x_wconf 89' lang='lat' dir='ltr'><strong>erat</strong></span> <span class='ocrx_word' id='word_1_186' title='bbox 2482 1068 2839 1150; x_wconf 90' lang='lat' dir='ltr'><strong>dispersum,</strong></span> <span class='ocrx_word' id='word_1_187' title='bbox 2875 1079 2935 1131; x_wconf 90' lang='lat' dir='ltr'><strong>et</strong></span> <span class='ocrx_word' id='word_1_188' title='bbox 2963 1087 3095 1131; x_wconf 92' lang='lat' dir='ltr'><strong>cum</strong></span> <span class='ocrx_word' id='word_1_189' title='bbox 3128 1070 3239 1131; x_wconf 84' lang='lat' dir='ltr'><strong>fuit</strong></span> <span class='ocrx_word' id='word_1_190' title='bbox 3289 1088 3619 1149; x_wconf 86' lang='lat' dir='ltr'><strong>congrega-</strong></span> 
     </span>
    </p>
   </div>
   <div class='ocr_carea' id='block_1_29' title="bbox 1991 1152 3622 1241">
    <p class='ocr_par' dir='ltr' id='par_1_29' title="bbox 1991 1152 3622 1241">
     <span class='ocr_line' id='line_1_29' title="bbox 1991 1152 3622 1241; baseline 0.002 -24"><span class='ocrx_word' id='word_1_191' title='bbox 1991 1165 2136 1230; x_wconf 90' lang='lat' dir='ltr'><strong>tum,</strong></span> <span class='ocrx_word' id='word_1_192' title='bbox 2171 1156 2357 1219; x_wconf 82' lang='lat' dir='ltr'><strong>factus</strong></span> <span class='ocrx_word' id='word_1_193' title='bbox 2389 1168 2655 1221; x_wconf 86' lang='lat' dir='ltr'><strong>estunus</strong></span> <span class='ocrx_word' id='word_1_194' title='bbox 2670 1158 2861 1239; x_wconf 88' lang='lat' dir='ltr'><strong>panis,</strong></span> <span class='ocrx_word' id='word_1_195' title='bbox 2880 1152 2959 1221; x_wconf 86' lang='lat' dir='ltr'><strong>ita</strong></span> <span class='ocrx_word' id='word_1_196' title='bbox 2981 1174 3275 1241; x_wconf 88' lang='lat' dir='ltr'><strong>congrega</strong></span> <span class='ocrx_word' id='word_1_197' title='bbox 3294 1158 3622 1222; x_wconf 86' lang='lat' dir='ltr'><strong>Ecclesiam</strong></span> 
     </span>
    </p>
   </div>
   <div class='ocr_carea' id='block_1_30' title="bbox 1989 1246 3628 1328">
    <p class='ocr_par' dir='ltr' id='par_1_30' title="bbox 1989 1246 3628 1328">
     <span class='ocr_line' id='line_1_30' title="bbox 1989 1246 3628 1328; baseline 0.002 -22"><span class='ocrx_word' id='word_1_198' title='bbox 1989 1255 2145 1307; x_wconf 86' lang='lat' dir='ltr'><strong>tuam</strong></span> <span class='ocrx_word' id='word_1_199' title='bbox 2173 1264 2208 1307; x_wconf 91' lang='lat' dir='ltr'><strong>a</strong></span> <span class='ocrx_word' id='word_1_200' title='bbox 2238 1246 2458 1309; x_wconf 83' lang='lat' dir='ltr'><strong>ﬁnibus</strong></span> <span class='ocrx_word' id='word_1_201' title='bbox 2489 1257 2664 1309; x_wconf 59' lang='lat' dir='ltr'><strong>terra;</strong></span> <span class='ocrx_word' id='word_1_202' title='bbox 2694 1249 2757 1310; x_wconf 88' lang='lat' dir='ltr'><strong>in</strong></span> <span class='ocrx_word' id='word_1_203' title='bbox 2802 1266 3079 1327; x_wconf 80' lang='lat' dir='ltr'><strong>regnum.</strong></span> <span class='ocrx_word' id='word_1_204' title='bbox 3140 1248 3351 1311; x_wconf 80' lang='lat' dir='ltr'><strong>Adhuc</strong></span> <span class='ocrx_word' id='word_1_205' title='bbox 3408 1248 3628 1328; x_wconf 83' lang='lat' dir='ltr'><strong>gratias</strong></span> 
     </span>
    </p>
   </div>
   <div class='ocr_carea' id='block_1_31' title="bbox 1987 1334 3629 1420">
    <p class='ocr_par' dir='ltr' id='par_1_31' title="bbox 1987 1334 3629 1420">
     <span class='ocr_line' id='line_1_31' title="bbox 1987 1334 3629 1420; baseline 0.004 -24"><span class='ocrx_word' id='word_1_206' title='bbox 1987 1335 2240 1415; x_wconf 89' lang='lat' dir='ltr'><strong>agimus,</strong></span> <span class='ocrx_word' id='word_1_207' title='bbox 2316 1334 2493 1399; x_wconf 87' lang='lat' dir='ltr'><strong>Pater</strong></span> <span class='ocrx_word' id='word_1_208' title='bbox 2569 1345 2793 1417; x_wconf 89' lang='lat' dir='ltr'><strong>noster,</strong></span> <span class='ocrx_word' id='word_1_209' title='bbox 2864 1355 2970 1418; x_wconf 91' lang='lat' dir='ltr'><strong>pro</strong></span> <span class='ocrx_word' id='word_1_210' title='bbox 3025 1338 3287 1420; x_wconf 90' lang='lat' dir='ltr'><strong>pretioso</strong></span> <span class='ocrx_word' id='word_1_211' title='bbox 3342 1343 3629 1418; x_wconf 80' lang='lat' dir='ltr'><strong>sanguine</strong></span> 
     </span>
    </p>
   </div>
   <div class='ocr_carea' id='block_1_32' title="bbox 1986 1424 3627 1509">
    <p class='ocr_par' dir='ltr' id='par_1_32' title="bbox 1986 1424 3627 1509">
     <span class='ocr_line' id='line_1_32' title="bbox 1986 1424 3627 1509; baseline 0.001 -21"><span class='ocrx_word' id='word_1_212' title='bbox 1986 1424 2127 1488; x_wconf 82' lang='lat' dir='ltr'><strong>Jesu</strong></span> <span class='ocrx_word' id='word_1_213' title='bbox 2186 1424 2401 1488; x_wconf 76' lang='lat' dir='ltr'><strong>Christi</strong></span> <span class='ocrx_word' id='word_1_214' title='bbox 2427 1426 2615 1488; x_wconf 77' lang='lat' dir='ltr'><strong>effuso</strong></span> <span class='ocrx_word' id='word_1_215' title='bbox 2638 1434 2840 1491; x_wconf 87' lang='lat' dir='ltr'><strong>nostra</strong></span> <span class='ocrx_word' id='word_1_216' title='bbox 2870 1445 3046 1490; x_wconf 89' lang='lat' dir='ltr'><strong>causa</strong></span> <span class='ocrx_word' id='word_1_217' title='bbox 3080 1445 3095 1504; x_wconf 91' lang='lat'><strong>;</strong></span> <span class='ocrx_word' id='word_1_218' title='bbox 3130 1438 3191 1489; x_wconf 91' lang='lat' dir='ltr'><strong>et</strong></span> <span class='ocrx_word' id='word_1_219' title='bbox 3226 1445 3332 1508; x_wconf 92' lang='lat' dir='ltr'><strong>pro</strong></span> <span class='ocrx_word' id='word_1_220' title='bbox 3365 1426 3627 1509; x_wconf 86' lang='lat' dir='ltr'><strong>pretioso</strong></span> 
     </span>
    </p>
   </div>
   <div class='ocr_carea' id='block_1_33' title="bbox 1992 1514 3627 1598">
    <p class='ocr_par' dir='ltr' id='par_1_33' title="bbox 1992 1514 3627 1598">
     <span class='ocr_line' id='line_1_33' title="bbox 1992 1514 3627 1598; baseline 0.001 -22"><span class='ocrx_word' id='word_1_221' title='bbox 1992 1531 2266 1595; x_wconf 89' lang='lat' dir='ltr'><strong>corpore,</strong></span> <span class='ocrx_word' id='word_1_222' title='bbox 2306 1516 2478 1596; x_wconf 79' lang='lat' dir='ltr'><strong>cujus</strong></span> <span class='ocrx_word' id='word_1_223' title='bbox 2507 1526 2563 1576; x_wconf 89' lang='lat' dir='ltr'><strong>et</strong></span> <span class='ocrx_word' id='word_1_224' title='bbox 2592 1516 2717 1578; x_wconf 64' lang='lat' dir='ltr'><strong>haec</strong></span> <span class='ocrx_word' id='word_1_225' title='bbox 2748 1517 3012 1598; x_wconf 85' lang='lat' dir='ltr'><strong>antitypa</strong></span> <span class='ocrx_word' id='word_1_226' title='bbox 3043 1514 3441 1593; x_wconf 85' lang='lat' dir='ltr'><strong>celebramus,</strong></span> <span class='ocrx_word' id='word_1_227' title='bbox 3494 1534 3627 1579; x_wconf 92' lang='lat' dir='ltr'><strong>cum</strong></span> 
     </span>
    </p>
   </div>
   <div class='ocr_carea' id='block_1_34' title="bbox 1993 1604 3631 1686">
    <p class='ocr_par' dir='ltr' id='par_1_34' title="bbox 1993 1604 3631 1686">
     <span class='ocr_line' id='line_1_34' title="bbox 1993 1604 3631 1686; baseline 0.001 -19"><span class='ocrx_word' id='word_1_228' title='bbox 1993 1604 2122 1686; x_wconf 90' lang='lat' dir='ltr'><strong>ipse</strong></span> <span class='ocrx_word' id='word_1_229' title='bbox 2146 1604 2319 1667; x_wconf 90' lang='lat' dir='ltr'><strong>nobis</strong></span> <span class='ocrx_word' id='word_1_230' title='bbox 2375 1606 2749 1669; x_wconf 89' lang='lat' dir='ltr'><strong>constituerit</strong></span> <span class='ocrx_word' id='word_1_231' title='bbox 2782 1615 3030 1669; x_wconf 89' lang='lat' dir='ltr'><strong>mortem</strong></span> <span class='ocrx_word' id='word_1_232' title='bbox 3062 1606 3222 1669; x_wconf 90' lang='lat' dir='ltr'><strong>illius</strong></span> <span class='ocrx_word' id='word_1_233' title='bbox 3278 1606 3631 1668; x_wconf 85' lang='lat' dir='ltr'><strong>annuntiare</strong></span> 
     </span>
    </p>
   </div>
   <div class='ocr_carea' id='block_1_35' title="bbox 265 1693 1906 1780">
    <p class='ocr_par' dir='ltr' id='par_1_35' title="bbox 265 1699 1904 1780">
     <span class='ocr_line' id='line_1_35' title="bbox 265 1699 1904 1780; baseline 0.004 -24"><span class='ocrx_word' id='word_1_234' title='bbox 265 1699 334 1757; x_wconf 84' lang='grc' dir='ltr'>δι’</span> <span class='ocrx_word' id='word_1_235' title='bbox 367 1702 524 1761; x_wconf 66' lang='grc' dir='ltr'>αὐτοῦ’</span> <span class='ocrx_word' id='word_1_236' title='bbox 554 1702 652 1780; x_wconf 78' lang='grc' dir='ltr'><strong>γάρ</strong></span> <span class='ocrx_word' id='word_1_237' title='bbox 679 1724 762 1759; x_wconf 89' lang='grc' dir='ltr'><strong>σοι</strong></span> <span class='ocrx_word' id='word_1_238' title='bbox 792 1701 902 1758; x_wconf 76' lang='grc' dir='ltr'><strong>καὶ’</strong></span> <span class='ocrx_word' id='word_1_239' title='bbox 931 1704 964 1770; x_wconf 80' lang='grc' dir='ltr'><strong>ἡ</strong></span> <span class='ocrx_word' id='word_1_240' title='bbox 994 1699 1143 1771; x_wconf 79' lang='grc' dir='ltr'>δόξα,</span> <span class='ocrx_word' id='word_1_241' title='bbox 1179 1704 1252 1765; x_wconf 80' lang='grc' dir='ltr'><strong>είς</strong></span> <span class='ocrx_word' id='word_1_242' title='bbox 1285 1703 1407 1767; x_wconf 83' lang='grc' dir='ltr'>τοὺς</span> <span class='ocrx_word' id='word_1_243' title='bbox 1460 1704 1679 1766; x_wconf 75' lang='grc' dir='ltr'>αἰῶνας.</span> <span class='ocrx_word' id='word_1_244' title='bbox 1704 1703 1904 1778; x_wconf 74' lang='grc' dir='ltr'>Ἀμήν.</span> 
     </span>
    </p>
   </div>
   <div class='ocr_carea' id='block_1_36' title="bbox 1995 1693 3627 1780">
    <p class='ocr_par' dir='ltr' id='par_1_36' title="bbox 1996 1693 3627 1776">
     <span class='ocr_line' id='line_1_36' title="bbox 1996 1693 3627 1776; baseline -0.001 -18"><span class='ocrx_word' id='word_1_245' title='bbox 1996 1693 2068 1758; x_wconf 72' lang='grc' dir='ltr'><strong>πε</strong></span> <span class='ocrx_word' id='word_1_246' title='bbox 2102 1712 2205 1774; x_wconf 90' lang='lat' dir='ltr'><strong>per</strong></span> <span class='ocrx_word' id='word_1_247' title='bbox 2228 1694 2422 1776; x_wconf 91' lang='lat' dir='ltr'><strong>ipsum</strong></span> <span class='ocrx_word' id='word_1_248' title='bbox 2459 1696 2618 1757; x_wconf 90' lang='lat' dir='ltr'><strong>enim</strong></span> <span class='ocrx_word' id='word_1_249' title='bbox 2655 1696 2753 1757; x_wconf 87' lang='lat' dir='ltr'><strong>tibi</strong></span> <span class='ocrx_word' id='word_1_250' title='bbox 2786 1697 2974 1776; x_wconf 80' lang='lat' dir='ltr'><strong>gloria</strong></span> <span class='ocrx_word' id='word_1_251' title='bbox 3027 1698 3087 1759; x_wconf 88' lang='lat' dir='ltr'><strong>in</strong></span> <span class='ocrx_word' id='word_1_252' title='bbox 3140 1696 3378 1758; x_wconf 62' lang='lat' dir='ltr'><strong>saecula.</strong></span> <span class='ocrx_word' id='word_1_253' title='bbox 3410 1698 3627 1758; x_wconf 90' lang='lat' dir='ltr'><strong>Amen.</strong></span> 
     </span>
    </p>
   </div>
   <div class='ocr_carea' id='block_1_37' title="bbox 268 1789 1910 1870">
    <p class='ocr_par' dir='ltr' id='par_1_37' title="bbox 268 1789 1910 1870">
     <span class='ocr_line' id='line_1_37' title="bbox 268 1789 1910 1870; baseline 0.001 -24"><span class='ocrx_word' id='word_1_254' title='bbox 268 1790 463 1859; x_wconf 78' lang='grc' dir='ltr'>Μηδεὶς</span> <span class='ocrx_word' id='word_1_255' title='bbox 518 1789 575 1847; x_wconf 80' lang='grc' dir='ltr'><strong>δὲ</strong></span> <span class='ocrx_word' id='word_1_256' title='bbox 606 1791 823 1848; x_wconf 69' lang='grc' dir='ltr'>ἰσθιέτω</span> <span class='ocrx_word' id='word_1_257' title='bbox 878 1789 929 1856; x_wconf 70' lang='grc' dir='ltr'><strong>ἑξ</strong></span> <span class='ocrx_word' id='word_1_258' title='bbox 1004 1793 1198 1870; x_wconf 66' lang='grc' dir='ltr'>αὐτῶν,</span> <span class='ocrx_word' id='word_1_259' title='bbox 1276 1798 1383 1847; x_wconf 84' lang='grc' dir='ltr'>τῶν</span> <span class='ocrx_word' id='word_1_260' title='bbox 1440 1792 1717 1867; x_wconf 73' lang='grc' dir='ltr'>ἀμυήτων·</span> <span class='ocrx_word' id='word_1_261' title='bbox 1774 1790 1910 1849; x_wconf 77' lang='grc' dir='ltr'>ἀλλὰ</span> 
     </span>
    </p>
   </div>
   <div class='ocr_carea' id='block_1_38' title="bbox 265 1878 1903 1959">
    <p class='ocr_par' dir='ltr' id='par_1_38' title="bbox 265 1878 1903 1959">
     <span class='ocr_line' id='line_1_38' title="bbox 265 1878 1903 1959; baseline 0.002 -22"><span class='ocrx_word' id='word_1_262' title='bbox 265 1881 421 1955; x_wconf 78' lang='grc' dir='ltr'>μόνοι</span> <span class='ocrx_word' id='word_1_263' title='bbox 478 1882 525 1938; x_wconf 74' lang='grc' dir='ltr'>οἱ</span> <span class='ocrx_word' id='word_1_264' title='bbox 581 1878 995 1958; x_wconf 80' lang='grc' dir='ltr'>βεϐαπτισμένοι</span> <span class='ocrx_word' id='word_1_265' title='bbox 1063 1882 1135 1945; x_wconf 73' lang='grc' dir='ltr'><strong>εἰς</strong></span> <span class='ocrx_word' id='word_1_266' title='bbox 1194 1882 1283 1937; x_wconf 84' lang='grc' dir='ltr'><strong>⁶ιὸν</strong></span> <span class='ocrx_word' id='word_1_267' title='bbox 1314 1888 1410 1938; x_wconf 78' lang='grc' dir='ltr'>τοῦ</span> <span class='ocrx_word' id='word_1_268' title='bbox 1442 1883 1629 1959; x_wconf 78' lang='grc' dir='ltr'>Κυρίου</span> <span class='ocrx_word' id='word_1_269' title='bbox 1658 1882 1903 1940; x_wconf 68' lang='grc' dir='ltr'>θάνατον.</span> 
     </span>
    </p>
   </div>
   <div class='ocr_carea' id='block_1_39' title="bbox 268 1968 1909 2049">
    <p class='ocr_par' dir='ltr' id='par_1_39' title="bbox 268 1968 1909 2049">
     <span class='ocr_line' id='line_1_39' title="bbox 268 1968 1909 2049; baseline 0 -22"><span class='ocrx_word' id='word_1_270' title='bbox 268 1971 326 2027; x_wconf 72' lang='lat' dir='ltr'><strong>Ei</strong></span> <span class='ocrx_word' id='word_1_271' title='bbox 381 1969 437 2026; x_wconf 75' lang='grc' dir='ltr'><strong>δέ</strong></span> <span class='ocrx_word' id='word_1_272' title='bbox 494 1992 572 2033; x_wconf 87' lang='grc' dir='ltr'><strong>τις</strong></span> <span class='ocrx_word' id='word_1_273' title='bbox 632 1970 871 2045; x_wconf 80' lang='grc' dir='ltr'>ἀμύητος</span> <span class='ocrx_word' id='word_1_274' title='bbox 914 1970 1113 2049; x_wconf 74' lang='grc' dir='ltr'>κρύψος</span> <span class='ocrx_word' id='word_1_275' title='bbox 1142 1971 1328 2029; x_wconf 80' lang='grc' dir='ltr'>ἑαυτὸν</span> <span class='ocrx_word' id='word_1_276' title='bbox 1376 1968 1677 2048; x_wconf 76' lang='grc' dir='ltr'>μεταλάϐῃ,</span> <span class='ocrx_word' id='word_1_277' title='bbox 1740 1984 1909 2049; x_wconf 75' lang='grc' dir='ltr'>κρῖμα</span> 
     </span>
    </p>
   </div>
   <div class='ocr_carea' id='block_1_40' title="bbox 267 2059 1908 2146">
    <p class='ocr_par' dir='ltr' id='par_1_40' title="bbox 267 2059 1908 2146">
     <span class='ocr_line' id='line_1_40' title="bbox 267 2059 1908 2146; baseline 0 -29"><span class='ocrx_word' id='word_1_278' title='bbox 267 2059 478 2117; x_wconf 75' lang='grc' dir='ltr'>αἰώνιον</span> <span class='ocrx_word' id='word_1_279' title='bbox 533 2061 779 2140; x_wconf 62' lang='grc' dir='ltr'>φάγεταν</span> <span class='ocrx_word' id='word_1_280' title='bbox 816 2059 898 2116; x_wconf 79' lang='grc' dir='ltr'><strong>ὅτι</strong></span> <span class='ocrx_word' id='word_1_281' title='bbox 929 2062 1007 2135; x_wconf 76' lang='grc' dir='ltr'>μὴ</span> <span class='ocrx_word' id='word_1_282' title='bbox 1038 2059 1111 2117; x_wconf 78' lang='grc' dir='ltr'>ὧν</span> <span class='ocrx_word' id='word_1_283' title='bbox 1142 2061 1243 2126; x_wconf 75' lang='grc' dir='ltr'><strong>τῆς</strong></span> <span class='ocrx_word' id='word_1_284' title='bbox 1277 2062 1350 2124; x_wconf 80' lang='grc' dir='ltr'><strong>είς</strong></span> <span class='ocrx_word' id='word_1_285' title='bbox 1402 2062 1625 2117; x_wconf 80' lang='grc' dir='ltr'>Χοιστὸν</span> <span class='ocrx_word' id='word_1_286' title='bbox 1656 2063 1908 2146; x_wconf 77' lang='grc' dir='ltr'>πίστεως,</span> 
     </span>
    </p>
   </div>
   <div class='ocr_carea' id='block_1_41' title="bbox 268 2146 1910 2228">
    <p class='ocr_par' dir='ltr' id='par_1_41' title="bbox 268 2146 1910 2228">
     <span class='ocr_line' id='line_1_41' title="bbox 268 2146 1910 2228; baseline 0.001 -25"><span class='ocrx_word' id='word_1_287' title='bbox 268 2146 551 2222; x_wconf 80' lang='grc' dir='ltr'>μετέλαϐεν</span> <span class='ocrx_word' id='word_1_288' title='bbox 581 2150 656 2205; x_wconf 82' lang='grc' dir='ltr'><strong>ὧν</strong></span> <span class='ocrx_word' id='word_1_289' title='bbox 719 2150 780 2207; x_wconf 71' lang='grc' dir='ltr'>οὒ</span> <span class='ocrx_word' id='word_1_290' title='bbox 847 2148 1145 2228; x_wconf 64' lang='grc' dir='ltr'>θέμις,«εὶς</span> <span class='ocrx_word' id='word_1_291' title='bbox 1194 2148 1451 2226; x_wconf 83' lang='grc' dir='ltr'>τιμωρίαν</span> <span class='ocrx_word' id='word_1_292' title='bbox 1482 2149 1687 2208; x_wconf 69' lang='grc' dir='ltr'>ἑαυτοῦ.</span> <span class='ocrx_word' id='word_1_293' title='bbox 1740 2151 1799 2207; x_wconf 82' lang='grc' dir='ltr'><strong>Εἰ</strong></span> <span class='ocrx_word' id='word_1_294' title='bbox 1856 2149 1910 2205; x_wconf 85' lang='grc' dir='ltr'><strong>δέ</strong></span> 
     </span>
    </p>
   </div>
   <div class='ocr_carea' id='block_1_42' title="bbox 266 2236 1909 2319">
    <p class='ocr_par' dir='ltr' id='par_1_42' title="bbox 266 2236 1909 2319">
     <span class='ocr_line' id='line_1_42' title="bbox 266 2236 1909 2319; baseline 0.001 -27"><span class='ocrx_word' id='word_1_295' title='bbox 266 2258 346 2299; x_wconf 78' lang='grc' dir='ltr'><strong>τις</strong></span> <span class='ocrx_word' id='word_1_296' title='bbox 418 2239 555 2294; x_wconf 78' lang='grc' dir='ltr'>κατά</span> <span class='ocrx_word' id='word_1_297' title='bbox 631 2238 849 2315; x_wconf 80' lang='grc' dir='ltr'>ἄγνοιαν</span> <span class='ocrx_word' id='word_1_298' title='bbox 911 2236 1203 2313; x_wconf 85' lang='grc' dir='ltr'>μεταλάϐοι</span> <span class='ocrx_word' id='word_1_299' title='bbox 1270 2236 1417 2318; x_wconf 76' lang='grc'>(60),</span> <span class='ocrx_word' id='word_1_300' title='bbox 1476 2245 1664 2297; x_wconf 85' lang='grc' dir='ltr'>τοῦτον</span> <span class='ocrx_word' id='word_1_301' title='bbox 1718 2240 1909 2319; x_wconf 81' lang='grc' dir='ltr'>τάχιον</span> 
     </span>
    </p>
   </div>
   <div class='ocr_carea' id='block_1_43' title="bbox 264 2326 1911 2408">
    <p class='ocr_par' dir='ltr' id='par_1_43' title="bbox 264 2326 1911 2408">
     <span class='ocr_line' id='line_1_43' title="bbox 264 2326 1911 2408; baseline 0.001 -25"><span class='ocrx_word' id='word_1_302' title='bbox 264 2330 714 2406; x_wconf 77' lang='grc' dir='ltr'>στοιχειώσαντες</span> <span class='ocrx_word' id='word_1_303' title='bbox 784 2328 1047 2408; x_wconf 64' lang='grc' dir='ltr'>μυήσατε,</span> <span class='ocrx_word' id='word_1_304' title='bbox 1120 2326 1265 2392; x_wconf 73' lang='grc' dir='ltr'>ὅπως</span> <span class='ocrx_word' id='word_1_305' title='bbox 1345 2328 1421 2403; x_wconf 70' lang='grc' dir='ltr'><strong>μὴ</strong></span> <span class='ocrx_word' id='word_1_306' title='bbox 1505 2330 1911 2408; x_wconf 74' lang='grc' dir='ltr'>καταφρονητὴς</span> 
     </span>
    </p>
   </div>
   <div class='ocr_carea' id='block_1_44' title="bbox 265 2414 487 2482">
    <p class='ocr_par' dir='ltr' id='par_1_44' title="bbox 265 2414 487 2482">
     <span class='ocr_line' id='line_1_44' title="bbox 265 2414 487 2482; baseline -0.005 -10"><span class='ocrx_word' id='word_1_307' title='bbox 265 2414 463 2482; x_wconf 69' lang='grc' dir='ltr'>ἰξέλθοι</span> <span class='ocrx_word' id='word_1_308' title='bbox 474 2464 487 2479; x_wconf 84' lang='grc'><strong>,</strong></span> 
     </span>
    </p>
   </div>
   <div class='ocr_carea' id='block_1_45' title="bbox 790 2597 1374 2673">
    <p class='ocr_par' dir='ltr' id='par_1_45' title="bbox 790 2597 1374 2673">
     <span class='ocr_line' id='line_1_45' title="bbox 790 2597 1374 2673; baseline 0.003 -18"><span class='ocrx_word' id='word_1_309' title='bbox 790 2604 1174 2656; x_wconf 73' lang='grc' dir='ltr'><strong>ΚΕΦΑΔΑΙΟΝ</strong></span> <span class='ocrx_word' id='word_1_310' title='bbox 1222 2597 1374 2673; x_wconf 68' lang='lat' dir='ltr'><strong>Kg&quot;.</strong></span> 
     </span>
    </p>
   </div>
   <div class='ocr_carea' id='block_1_46' title="bbox 557 2686 1620 2767">
    <p class='ocr_par' dir='ltr' id='par_1_46' title="bbox 557 2686 1620 2767">
     <span class='ocr_line' id='line_1_46' title="bbox 557 2686 1620 2767; baseline 0.003 -23"><span class='ocrx_word' id='word_1_311' title='bbox 557 2688 877 2767; x_wconf 75' lang='grc' dir='ltr'>Εὒχαριστία</span> <span class='ocrx_word' id='word_1_312' title='bbox 908 2688 994 2743; x_wconf 68' lang='grc' dir='ltr'>ἰπὶ</span> <span class='ocrx_word' id='word_1_313' title='bbox 1042 2693 1110 2764; x_wconf 79' lang='grc' dir='ltr'><strong>τῇ</strong></span> <span class='ocrx_word' id='word_1_314' title='bbox 1139 2688 1251 2761; x_wconf 78' lang='grc' dir='ltr'>θείᾳ</span> <span class='ocrx_word' id='word_1_315' title='bbox 1295 2686 1620 2763; x_wconf 78' lang='grc' dir='ltr'>μεταλήψει.</span> 
     </span>
    </p>
   </div>
   <div class='ocr_carea' id='block_1_47' title="bbox 350 2774 1902 2857">
    <p class='ocr_par' dir='ltr' id='par_1_47' title="bbox 350 2774 1902 2857">
     <span class='ocr_line' id='line_1_47' title="bbox 350 2774 1902 2857; baseline 0.001 -25"><span class='ocrx_word' id='word_1_316' title='bbox 350 2778 496 2832; x_wconf 78' lang='grc' dir='ltr'>Μετὰ</span> <span class='ocrx_word' id='word_1_317' title='bbox 551 2774 605 2831; x_wconf 72' lang='grc' dir='ltr'>δίε</span> <span class='ocrx_word' id='word_1_318' title='bbox 667 2777 759 2843; x_wconf 75' lang='grc' dir='ltr'><strong>τὴν</strong></span> <span class='ocrx_word' id='word_1_319' title='bbox 809 2774 1138 2851; x_wconf 76' lang='grc' dir='ltr'>μετάληψιν,</span> <span class='ocrx_word' id='word_1_320' title='bbox 1211 2775 1379 2841; x_wconf 69' lang='grc' dir='ltr'>οὕτως</span> <span class='ocrx_word' id='word_1_321' title='bbox 1456 2778 1902 2857; x_wconf 70' lang='grc' dir='ltr'>εὖχαριστήσατε·</span> 
     </span>
    </p>
   </div>
   <div class='ocr_carea' id='block_1_48' title="bbox 269 2847 1909 2945">
    <p class='ocr_par' dir='ltr' id='par_1_48' title="bbox 269 2847 1909 2945">
     <span class='ocr_line' id='line_1_48' title="bbox 269 2847 1909 2945; baseline 0.001 -22"><span class='ocrx_word' id='word_1_322' title='bbox 269 2864 702 2945; x_wconf 70' lang='grc' dir='ltr'>Ενὸχαριστοῦμέν</span> <span class='ocrx_word' id='word_1_323' title='bbox 754 2847 859 2940; x_wconf 83' lang='grc' dir='ltr'>σοι,</span> <span class='ocrx_word' id='word_1_324' title='bbox 924 2868 951 2922; x_wconf 88' lang='grc' dir='ltr'><strong>ὸ</strong></span> <span class='ocrx_word' id='word_1_325' title='bbox 1010 2847 1141 2928; x_wconf 79' lang='grc' dir='ltr'>Θεὸς</span> <span class='ocrx_word' id='word_1_326' title='bbox 1202 2867 1289 2921; x_wconf 81' lang='grc' dir='ltr'>καὶ</span> <span class='ocrx_word' id='word_1_327' title='bbox 1339 2847 1748 2945; x_wconf 47' lang='grc' dir='ltr'>ΠατὴρἺίησοῦ</span> <span class='ocrx_word' id='word_1_328' title='bbox 1818 2876 1909 2925; x_wconf 67' lang='grc' dir='ltr'>τοῦ</span> 
     </span>
    </p>
   </div>
   <div class='ocr_carea' id='block_1_49' title="bbox 1994 1784 3630 1867">
    <p class='ocr_par' dir='ltr' id='par_1_49' title="bbox 1994 1784 3630 1867">
     <span class='ocr_line' id='line_1_49' title="bbox 1994 1784 3630 1867; baseline -0.001 -20"><span class='ocrx_word' id='word_1_329' title='bbox 1994 1784 2210 1847; x_wconf 90' lang='lat' dir='ltr'><strong>Nullus</strong></span> <span class='ocrx_word' id='word_1_330' title='bbox 2236 1803 2412 1866; x_wconf 89' lang='lat' dir='ltr'><strong>porro</strong></span> <span class='ocrx_word' id='word_1_331' title='bbox 2436 1803 2509 1847; x_wconf 78' lang='lat' dir='ltr'><strong>ex</strong></span> <span class='ocrx_word' id='word_1_332' title='bbox 2542 1785 2618 1849; x_wconf 89' lang='lat' dir='ltr'><strong>iis</strong></span> <span class='ocrx_word' id='word_1_333' title='bbox 2645 1786 2746 1867; x_wconf 91' lang='lat' dir='ltr'><strong>qui</strong></span> <span class='ocrx_word' id='word_1_334' title='bbox 2788 1786 3013 1849; x_wconf 81' lang='lat' dir='ltr'><strong>initiati</strong></span> <span class='ocrx_word' id='word_1_335' title='bbox 3070 1804 3174 1849; x_wconf 90' lang='lat' dir='ltr'><strong>seu</strong></span> <span class='ocrx_word' id='word_1_336' title='bbox 3209 1785 3479 1866; x_wconf 88' lang='lat' dir='ltr'><strong>baptizati</strong></span> <span class='ocrx_word' id='word_1_337' title='bbox 3511 1802 3630 1846; x_wconf 89' lang='lat' dir='ltr'><strong>non</strong></span> 
     </span>
    </p>
   </div>
   <div class='ocr_carea' id='block_1_50' title="bbox 1993 1874 3633 1959">
    <p class='ocr_par' dir='ltr' id='par_1_50' title="bbox 1993 1874 3633 1959">
     <span class='ocr_line' id='line_1_50' title="bbox 1993 1874 3633 1959; baseline 0.001 -25"><span class='ocrx_word' id='word_1_338' title='bbox 1993 1882 2152 1948; x_wconf 86' lang='lat' dir='ltr'><strong>sunt,</strong></span> <span class='ocrx_word' id='word_1_339' title='bbox 2187 1891 2256 1936; x_wconf 79' lang='lat' dir='ltr'><strong>ex</strong></span> <span class='ocrx_word' id='word_1_340' title='bbox 2289 1875 2374 1935; x_wconf 88' lang='lat' dir='ltr'><strong>eis</strong></span> <span class='ocrx_word' id='word_1_341' title='bbox 2417 1874 2742 1953; x_wconf 87' lang='lat' dir='ltr'><strong>comedat;</strong></span> <span class='ocrx_word' id='word_1_342' title='bbox 2803 1876 2906 1939; x_wconf 75' lang='lat' dir='ltr'><strong>sed</strong></span> <span class='ocrx_word' id='word_1_343' title='bbox 2954 1876 3064 1938; x_wconf 92' lang='lat' dir='ltr'><strong>soli</strong></span> <span class='ocrx_word' id='word_1_344' title='bbox 3114 1876 3156 1937; x_wconf 91' lang='lat' dir='ltr'><strong>ii</strong></span> <span class='ocrx_word' id='word_1_345' title='bbox 3207 1881 3308 1953; x_wconf 87' lang='lat' dir='ltr'><strong>qui</strong></span> <span class='ocrx_word' id='word_1_346' title='bbox 3364 1874 3633 1959; x_wconf 87' lang='lat' dir='ltr'><strong>baptizati</strong></span> 
     </span>
    </p>
   </div>
   <div class='ocr_carea' id='block_1_51' title="bbox 1994 1963 3626 2047">
    <p class='ocr_par' dir='ltr' id='par_1_51' title="bbox 1994 1963 3626 2047">
     <span class='ocr_line' id='line_1_51' title="bbox 1994 1963 3626 2047; baseline 0.002 -23"><span class='ocrx_word' id='word_1_347' title='bbox 1994 1963 2234 2025; x_wconf 85' lang='lat' dir='ltr'><strong>fuerunt</strong></span> <span class='ocrx_word' id='word_1_348' title='bbox 2263 1964 2322 2026; x_wconf 92' lang='lat' dir='ltr'><strong>in</strong></span> <span class='ocrx_word' id='word_1_349' title='bbox 2356 1964 2593 2028; x_wconf 83' lang='lat' dir='ltr'><strong>Domini</strong></span> <span class='ocrx_word' id='word_1_350' title='bbox 2624 1972 2900 2027; x_wconf 89' lang='lat' dir='ltr'><strong>mortem.</strong></span> <span class='ocrx_word' id='word_1_351' title='bbox 2936 1966 2997 2028; x_wconf 92' lang='lat' dir='ltr'><strong>Si</strong></span> <span class='ocrx_word' id='word_1_352' title='bbox 3032 1966 3163 2047; x_wconf 87' lang='lat' dir='ltr'><strong>quis</strong></span> <span class='ocrx_word' id='word_1_353' title='bbox 3193 1964 3334 2027; x_wconf 88' lang='lat' dir='ltr'><strong>vero</strong></span> <span class='ocrx_word' id='word_1_354' title='bbox 3364 1982 3483 2026; x_wconf 91' lang='lat' dir='ltr'><strong>non</strong></span> <span class='ocrx_word' id='word_1_355' title='bbox 3508 1964 3626 2027; x_wconf 87' lang='lat' dir='ltr'><strong>ini-</strong></span> 
     </span>
    </p>
   </div>
   <div class='ocr_carea' id='block_1_52' title="bbox 1995 2052 3626 2135">
    <p class='ocr_par' dir='ltr' id='par_1_52' title="bbox 1995 2052 3626 2135">
     <span class='ocr_line' id='line_1_52' title="bbox 1995 2052 3626 2135; baseline 0.001 -22"><span class='ocrx_word' id='word_1_356' title='bbox 1995 2052 2190 2128; x_wconf 88' lang='lat' dir='ltr'><strong>tiatus,</strong></span> <span class='ocrx_word' id='word_1_357' title='bbox 2219 2053 2497 2116; x_wconf 84' lang='lat' dir='ltr'><strong>celaverit</strong></span> <span class='ocrx_word' id='word_1_358' title='bbox 2525 2071 2590 2115; x_wconf 93' lang='lat' dir='ltr'><strong>se</strong></span> <span class='ocrx_word' id='word_1_359' title='bbox 2621 2055 2838 2135; x_wconf 88' lang='lat' dir='ltr'><strong>ipsum,</strong></span> <span class='ocrx_word' id='word_1_360' title='bbox 2863 2062 2919 2116; x_wconf 90' lang='lat' dir='ltr'><strong>et</strong></span> <span class='ocrx_word' id='word_1_361' title='bbox 2949 2055 3036 2117; x_wconf 90' lang='lat' dir='ltr'><strong>sic</strong></span> <span class='ocrx_word' id='word_1_362' title='bbox 3050 2053 3626 2131; x_wconf 84' lang='lat' dir='ltr'><strong>communicaverit;</strong></span> 
     </span>
    </p>
   </div>
   <div class='ocr_carea' id='block_1_53' title="bbox 1985 2141 3621 2225">
    <p class='ocr_par' dir='ltr' id='par_1_53' title="bbox 1985 2141 3621 2225">
     <span class='ocr_line' id='line_1_53' title="bbox 1985 2141 3621 2225; baseline 0.003 -23"><span class='ocrx_word' id='word_1_363' title='bbox 1985 2141 2282 2222; x_wconf 86' lang='lat' dir='ltr'><strong>judicium</strong></span> <span class='ocrx_word' id='word_1_364' title='bbox 2316 2150 2599 2207; x_wconf 69' lang='lat' dir='ltr'><strong>aeternum</strong></span> <span class='ocrx_word' id='word_1_365' title='bbox 2635 2144 3017 2206; x_wconf 84' lang='lat' dir='ltr'><strong>manducabit</strong></span> <span class='ocrx_word' id='word_1_366' title='bbox 3044 2142 3099 2187; x_wconf 72' lang='grc'><strong>’⁷⁸</strong></span> <span class='ocrx_word' id='word_1_367' title='bbox 3130 2164 3144 2225; x_wconf 89' lang='lat'><strong>;</strong></span> <span class='ocrx_word' id='word_1_368' title='bbox 3180 2144 3339 2225; x_wconf 89' lang='lat' dir='ltr'><strong>quod</strong></span> <span class='ocrx_word' id='word_1_369' title='bbox 3371 2161 3489 2206; x_wconf 87' lang='lat' dir='ltr'><strong>non</strong></span> <span class='ocrx_word' id='word_1_370' title='bbox 3509 2143 3621 2207; x_wconf 91' lang='lat' dir='ltr'><strong>ad-</strong></span> 
     </span>
    </p>
   </div>
   <div class='ocr_carea' id='block_1_54' title="bbox 1996 2230 3633 2315">
    <p class='ocr_par' dir='ltr' id='par_1_54' title="bbox 1996 2230 3633 2315">
     <span class='ocr_line' id='line_1_54' title="bbox 1996 2230 3633 2315; baseline 0.001 -23"><span class='ocrx_word' id='word_1_371' title='bbox 1996 2230 2197 2295; x_wconf 89' lang='lat' dir='ltr'><strong>dictus</strong></span> <span class='ocrx_word' id='word_1_372' title='bbox 2258 2231 2393 2295; x_wconf 80' lang='lat' dir='ltr'><strong>tidei</strong></span> <span class='ocrx_word' id='word_1_373' title='bbox 2454 2233 2513 2294; x_wconf 91' lang='lat' dir='ltr'><strong>in</strong></span> <span class='ocrx_word' id='word_1_374' title='bbox 2572 2233 2894 2309; x_wconf 88' lang='lat' dir='ltr'><strong>Christum,</strong></span> <span class='ocrx_word' id='word_1_375' title='bbox 2954 2252 3086 2315; x_wconf 65' lang='lat' dir='ltr'><strong>qua:</strong></span> <span class='ocrx_word' id='word_1_376' title='bbox 3167 2234 3253 2295; x_wconf 83' lang='lat' dir='ltr'><strong>fas</strong></span> <span class='ocrx_word' id='word_1_377' title='bbox 3310 2252 3428 2295; x_wconf 85' lang='lat' dir='ltr'><strong>non</strong></span> <span class='ocrx_word' id='word_1_378' title='bbox 3506 2241 3633 2297; x_wconf 88' lang='lat' dir='ltr'><strong>erat</strong></span> 
     </span>
    </p>
   </div>
   <div class='ocr_carea' id='block_1_55' title="bbox 1993 2320 3634 2406">
    <p class='ocr_par' dir='ltr' id='par_1_55' title="bbox 1993 2320 3634 2406">
     <span class='ocr_line' id='line_1_55' title="bbox 1993 2320 3634 2406; baseline 0.001 -24"><span class='ocrx_word' id='word_1_379' title='bbox 1993 2320 2266 2402; x_wconf 86' lang='lat' dir='ltr'><strong>sumpsit,</strong></span> <span class='ocrx_word' id='word_1_380' title='bbox 2302 2321 2362 2383; x_wconf 91' lang='lat' dir='ltr'><strong>in</strong></span> <span class='ocrx_word' id='word_1_381' title='bbox 2395 2321 2750 2403; x_wconf 88' lang='lat' dir='ltr'><strong>supplicium</strong></span> <span class='ocrx_word' id='word_1_382' title='bbox 2785 2341 2983 2386; x_wconf 92' lang='lat' dir='ltr'><strong>suum.</strong></span> <span class='ocrx_word' id='word_1_383' title='bbox 3008 2321 3079 2397; x_wconf 83' lang='lat' dir='ltr'><strong>Si</strong></span> <span class='ocrx_word' id='word_1_384' title='bbox 3106 2323 3239 2406; x_wconf 91' lang='lat' dir='ltr'><strong>quis</strong></span> <span class='ocrx_word' id='word_1_385' title='bbox 3294 2330 3489 2386; x_wconf 89' lang='lat' dir='ltr'><strong>autem</strong></span> <span class='ocrx_word' id='word_1_386' title='bbox 3523 2340 3634 2403; x_wconf 90' lang='lat' dir='ltr'><strong>per</strong></span> 
     </span>
    </p>
   </div>
   <div class='ocr_carea' id='block_1_56' title="bbox 1994 2410 3632 2493">
    <p class='ocr_par' dir='ltr' id='par_1_56' title="bbox 1994 2410 3632 2493">
     <span class='ocr_line' id='line_1_56' title="bbox 1994 2410 3632 2493; baseline 0.001 -22"><span class='ocrx_word' id='word_1_387' title='bbox 1994 2410 2385 2491; x_wconf 79' lang='lat' dir='ltr'><strong>ignorantiam</strong></span> <span class='ocrx_word' id='word_1_388' title='bbox 2412 2412 2871 2493; x_wconf 84' lang='lat' dir='ltr'><strong>participaverit,</strong></span> <span class='ocrx_word' id='word_1_389' title='bbox 2903 2413 3060 2474; x_wconf 88' lang='lat' dir='ltr'><strong>hunc</strong></span> <span class='ocrx_word' id='word_1_390' title='bbox 3086 2412 3201 2475; x_wconf 90' lang='lat' dir='ltr'><strong>cito</strong></span> <span class='ocrx_word' id='word_1_391' title='bbox 3232 2411 3537 2493; x_wconf 85' lang='lat' dir='ltr'><strong>instruite,</strong></span> <span class='ocrx_word' id='word_1_392' title='bbox 3562 2429 3632 2474; x_wconf 89' lang='lat' dir='ltr'><strong>ac</strong></span> 
     </span>
    </p>
   </div>
   <div class='ocr_carea' id='block_1_57' title="bbox 1994 2498 3287 2583">
    <p class='ocr_par' dir='ltr' id='par_1_57' title="bbox 1994 2498 3287 2583">
     <span class='ocr_line' id='line_1_57' title="bbox 1994 2498 3287 2583; baseline 0 -22"><span class='ocrx_word' id='word_1_393' title='bbox 1994 2498 2287 2583; x_wconf 87' lang='lat' dir='ltr'><strong>baptismo</strong></span> <span class='ocrx_word' id='word_1_394' title='bbox 2309 2502 2562 2578; x_wconf 83' lang='lat' dir='ltr'><strong>initiate,</strong></span> <span class='ocrx_word' id='word_1_395' title='bbox 2592 2520 2668 2563; x_wconf 89' lang='lat' dir='ltr'><strong>ne</strong></span> <span class='ocrx_word' id='word_1_396' title='bbox 2699 2509 3071 2583; x_wconf 86' lang='lat' dir='ltr'><strong>contemptor</strong></span> <span class='ocrx_word' id='word_1_397' title='bbox 3099 2512 3287 2564; x_wconf 81' lang='lat' dir='ltr'><strong>exeat.</strong></span> 
     </span>
    </p>
   </div>
   <div class='ocr_carea' id='block_1_58' title="bbox 2552 2589 3165 2657">
    <p class='ocr_par' dir='ltr' id='par_1_58' title="bbox 2552 2589 3165 2657">
     <span class='ocr_line' id='line_1_58' title="bbox 2552 2589 3165 2657; baseline 0.003 -2"><span class='ocrx_word' id='word_1_398' title='bbox 2552 2589 2794 2655; x_wconf 81' lang='lat' dir='ltr'><strong>CAPUT</strong></span> <span class='ocrx_word' id='word_1_399' title='bbox 2851 2590 3061 2655; x_wconf 83' lang='lat' dir='ltr'><strong>XXVI.</strong></span> <span class='ocrx_word' id='word_1_400' title='bbox 3160 2652 3165 2657; x_wconf 85' lang='lat'><strong>.</strong></span> 
     </span>
    </p>
   </div>
   <div class='ocr_carea' id='block_1_59' title="bbox 2074 2681 3547 2759">
    <p class='ocr_par' dir='ltr' id='par_1_59' title="bbox 2074 2681 3547 2759">
     <span class='ocr_line' id='line_1_59' title="bbox 2074 2681 3547 2759; baseline -0.001 -14"><span class='ocrx_word' id='word_1_401' title='bbox 2074 2681 2428 2746; x_wconf 73' lang='lat' dir='ltr'><strong>Gratiarum</strong></span> <span class='ocrx_word' id='word_1_402' title='bbox 2470 2683 2626 2744; x_wconf 78' lang='lat' dir='ltr'><strong>actio</strong></span> <span class='ocrx_word' id='word_1_403' title='bbox 2648 2699 2830 2759; x_wconf 81' lang='lat' dir='ltr'><strong>super</strong></span> <span class='ocrx_word' id='word_1_404' title='bbox 2858 2681 3071 2744; x_wconf 79' lang='lat' dir='ltr'><strong>divina</strong></span> <span class='ocrx_word' id='word_1_405' title='bbox 3091 2681 3547 2751; x_wconf 83' lang='lat' dir='ltr'><strong>communione,</strong></span> 
     </span>
    </p>
   </div>
   <div class='ocr_carea' id='block_1_60' title="bbox 2070 2769 3630 2850">
    <p class='ocr_par' dir='ltr' id='par_1_60' title="bbox 2070 2769 3630 2850">
     <span class='ocr_line' id='line_1_60' title="bbox 2070 2769 3630 2850; baseline -0.001 -16"><span class='ocrx_word' id='word_1_406' title='bbox 2070 2771 2209 2834; x_wconf 90' lang='lat' dir='ltr'><strong>Post</strong></span> <span class='ocrx_word' id='word_1_407' title='bbox 2229 2769 2711 2833; x_wconf 87' lang='lat' dir='ltr'><strong>communionem</strong></span> <span class='ocrx_word' id='word_1_408' title='bbox 2741 2771 3002 2839; x_wconf 85' lang='lat' dir='ltr'><strong>vero,sic</strong></span> <span class='ocrx_word' id='word_1_409' title='bbox 3033 2771 3256 2850; x_wconf 85' lang='lat' dir='ltr'><strong>gratias</strong></span> <span class='ocrx_word' id='word_1_410' title='bbox 3276 2770 3451 2849; x_wconf 87' lang='lat' dir='ltr'><strong>agite:</strong></span> <span class='ocrx_word' id='word_1_411' title='bbox 3476 2769 3630 2833; x_wconf 90' lang='lat' dir='ltr'><strong>Gra-</strong></span> 
     </span>
    </p>
   </div>
   <div class='ocr_carea' id='block_1_61' title="bbox 1992 2858 3634 2940">
    <p class='ocr_par' dir='ltr' id='par_1_61' title="bbox 1992 2858 3634 2940">
     <span class='ocr_line' id='line_1_61' title="bbox 1992 2858 3634 2940; baseline 0.001 -19"><span class='ocrx_word' id='word_1_412' title='bbox 1992 2860 2103 2923; x_wconf 88' lang='lat' dir='ltr'><strong>tias</strong></span> <span class='ocrx_word' id='word_1_413' title='bbox 2134 2861 2362 2940; x_wconf 86' lang='lat' dir='ltr'><strong>agimus</strong></span> <span class='ocrx_word' id='word_1_414' title='bbox 2395 2858 2526 2935; x_wconf 85' lang='lat' dir='ltr'><strong>tibi,</strong></span> <span class='ocrx_word' id='word_1_415' title='bbox 2581 2861 2742 2923; x_wconf 90' lang='lat' dir='ltr'><strong>Deus</strong></span> <span class='ocrx_word' id='word_1_416' title='bbox 2799 2868 2857 2921; x_wconf 92' lang='lat' dir='ltr'><strong>et</strong></span> <span class='ocrx_word' id='word_1_417' title='bbox 2888 2858 3065 2922; x_wconf 89' lang='lat' dir='ltr'><strong>Pater</strong></span> <span class='ocrx_word' id='word_1_418' title='bbox 3120 2858 3263 2923; x_wconf 81' lang='lat' dir='ltr'><strong>Jesu</strong></span> <span class='ocrx_word' id='word_1_419' title='bbox 3312 2859 3634 2922; x_wconf 81' lang='lat' dir='ltr'><strong>Salvatoris</strong></span> 
     </span>
    </p>
   </div>
   <div class='ocr_carea' id='block_1_62' title="bbox 270 2949 1906 3037">
    <p class='ocr_par' dir='ltr' id='par_1_62' title="bbox 270 2954 1906 3037">
     <span class='ocr_line' id='line_1_62' title="bbox 270 2954 1906 3037; baseline 0.001 -26"><span class='ocrx_word' id='word_1_420' title='bbox 270 2961 519 3032; x_wconf 74' lang='grc' dir='ltr'>Σωτῆρος</span> <span class='ocrx_word' id='word_1_421' title='bbox 580 2958 761 3031; x_wconf 74' lang='grc' dir='ltr'>ἡμῶν,</span> <span class='ocrx_word' id='word_1_422' title='bbox 819 2955 947 3034; x_wconf 79' lang='grc' dir='ltr'>ὑπὲρ</span> <span class='ocrx_word' id='word_1_423' title='bbox 1000 2958 1093 3013; x_wconf 68' lang='grc' dir='ltr'><strong>τοῦ</strong></span> <span class='ocrx_word' id='word_1_424' title='bbox 1124 2957 1271 3033; x_wconf 83' lang='grc' dir='ltr'>ἀγίου</span> <span class='ocrx_word' id='word_1_425' title='bbox 1304 2957 1566 3031; x_wconf 69' lang='grc' dir='ltr'>ὀνόματός</span> <span class='ocrx_word' id='word_1_426' title='bbox 1598 2954 1650 2998; x_wconf 80' lang='grc'><strong>⁷³</strong></span> <span class='ocrx_word' id='word_1_427' title='bbox 1698 2978 1814 3037; x_wconf 83' lang='grc' dir='ltr'>σου,</span> <span class='ocrx_word' id='word_1_428' title='bbox 1847 2960 1906 3014; x_wconf 74' lang='grc' dir='ltr'><strong>οὗ</strong></span> 
     </span>
    </p>
   </div>
   <div class='ocr_carea' id='block_1_63' title="bbox 1995 2949 3631 3037">
    <p class='ocr_par' dir='ltr' id='par_1_63' title="bbox 1995 2949 3631 3031">
     <span class='ocr_line' id='line_1_63' title="bbox 1995 2949 3631 3031; baseline 0 -20"><span class='ocrx_word' id='word_1_429' title='bbox 1995 2951 2200 3023; x_wconf 89' lang='lat' dir='ltr'><strong>nostri,</strong></span> <span class='ocrx_word' id='word_1_430' title='bbox 2234 2967 2339 3029; x_wconf 90' lang='lat' dir='ltr'><strong>pro</strong></span> <span class='ocrx_word' id='word_1_431' title='bbox 2370 2962 2573 3011; x_wconf 89' lang='lat' dir='ltr'><strong>sancto</strong></span> <span class='ocrx_word' id='word_1_432' title='bbox 2604 2949 2849 3011; x_wconf 90' lang='lat' dir='ltr'><strong>nomine</strong></span> <span class='ocrx_word' id='word_1_433' title='bbox 2882 2958 3007 3025; x_wconf 88' lang='lat' dir='ltr'><strong>tuo,</strong></span> <span class='ocrx_word' id='word_1_434' title='bbox 3034 2950 3189 3031; x_wconf 89' lang='lat' dir='ltr'><strong>quod</strong></span> <span class='ocrx_word' id='word_1_435' title='bbox 3249 2949 3517 3011; x_wconf 87' lang='lat' dir='ltr'><strong>habitare</strong></span> <span class='ocrx_word' id='word_1_436' title='bbox 3547 2949 3631 3011; x_wconf 79' lang='lat' dir='ltr'><strong>fe-</strong></span> 
     </span>
    </p>
   </div>
   <div class='ocr_carea' id='block_1_64' title="bbox 267 3045 1905 3126">
    <p class='ocr_par' dir='ltr' id='par_1_64' title="bbox 267 3045 1905 3126">
     <span class='ocr_line' id='line_1_64' title="bbox 267 3045 1905 3126; baseline 0 -24"><span class='ocrx_word' id='word_1_437' title='bbox 267 3048 682 3116; x_wconf 72' lang='grc' dir='ltr'>κατεσκήνωσας</span> <span class='ocrx_word' id='word_1_438' title='bbox 731 3045 786 3101; x_wconf 79' lang='grc' dir='ltr'>ὲν</span> <span class='ocrx_word' id='word_1_439' title='bbox 855 3047 1016 3120; x_wconf 76' lang='grc' dir='ltr'>ἡμῖν·</span> <span class='ocrx_word' id='word_1_440' title='bbox 1076 3046 1163 3102; x_wconf 77' lang='grc' dir='ltr'><strong>καὶ</strong></span> <span class='ocrx_word' id='word_1_441' title='bbox 1218 3046 1348 3124; x_wconf 74' lang='grc' dir='ltr'>ὑπὲρ</span> <span class='ocrx_word' id='word_1_442' title='bbox 1376 3046 1471 3113; x_wconf 72' lang='grc' dir='ltr'><strong>τῆς</strong></span> <span class='ocrx_word' id='word_1_443' title='bbox 1504 3048 1776 3126; x_wconf 84' lang='grc' dir='ltr'>γνώσεως,</span> <span class='ocrx_word' id='word_1_444' title='bbox 1811 3049 1905 3103; x_wconf 77' lang='grc' dir='ltr'>καί</span> 
     </span>
    </p>
   </div>
   <div class='ocr_carea' id='block_1_65' title="bbox 268 3134 1901 3215">
    <p class='ocr_par' dir='ltr' id='par_1_65' title="bbox 268 3134 1901 3215">
     <span class='ocr_line' id='line_1_65' title="bbox 268 3134 1901 3215; baseline 0.001 -24"><span class='ocrx_word' id='word_1_445' title='bbox 268 3136 524 3215; x_wconf 79' lang='grc' dir='ltr'>πίστεως,</span> <span class='ocrx_word' id='word_1_446' title='bbox 566 3136 654 3191; x_wconf 82' lang='grc' dir='ltr'><strong>καὶ</strong></span> <span class='ocrx_word' id='word_1_447' title='bbox 712 3135 952 3213; x_wconf 84' lang='grc' dir='ltr'>ἀγάπης,</span> <span class='ocrx_word' id='word_1_448' title='bbox 1030 3136 1117 3192; x_wconf 80' lang='grc' dir='ltr'>καὶ</span> <span class='ocrx_word' id='word_1_449' title='bbox 1173 3134 1477 3199; x_wconf 82' lang='grc' dir='ltr'>ἀθανασίας·</span> <span class='ocrx_word' id='word_1_450' title='bbox 1554 3137 1619 3205; x_wconf 81' lang='grc' dir='ltr'><strong>ἧς</strong></span> <span class='ocrx_word' id='word_1_451' title='bbox 1704 3135 1901 3201; x_wconf 63' lang='grc' dir='ltr'>ἔδωκα,</span> 
     </span>
    </p>
   </div>
   <div class='ocr_carea' id='block_1_66' title="bbox 266 3221 1904 3298">
    <p class='ocr_par' dir='ltr' id='par_1_66' title="bbox 266 3221 1904 3298">
     <span class='ocr_line' id='line_1_66' title="bbox 266 3221 1904 3298; baseline 0.002 -20"><span class='ocrx_word' id='word_1_452' title='bbox 266 3226 403 3292; x_wconf 77' lang='grc' dir='ltr'>ἡμῖν</span> <span class='ocrx_word' id='word_1_453' title='bbox 451 3222 535 3280; x_wconf 80' lang='grc' dir='ltr'>διὰ</span> <span class='ocrx_word' id='word_1_454' title='bbox 565 3222 741 3291; x_wconf 86' lang='grc' dir='ltr'><strong>Ἰησοῦ</strong></span> <span class='ocrx_word' id='word_1_455' title='bbox 798 3224 889 3281; x_wconf 77' lang='grc' dir='ltr'>τοῦ</span> <span class='ocrx_word' id='word_1_456' title='bbox 916 3221 1109 3289; x_wconf 81' lang='grc' dir='ltr'>Παιδός</span> <span class='ocrx_word' id='word_1_457' title='bbox 1141 3245 1257 3283; x_wconf 88' lang='grc' dir='ltr'>σου.</span> <span class='ocrx_word' id='word_1_458' title='bbox 1293 3227 1388 3298; x_wconf 82' lang='grc' dir='ltr'>Σὺ,</span> <span class='ocrx_word' id='word_1_459' title='bbox 1428 3225 1669 3282; x_wconf 80' lang='grc' dir='ltr'>Δέσποτα</span> <span class='ocrx_word' id='word_1_460' title='bbox 1698 3227 1904 3282; x_wconf 86' lang='grc' dir='ltr'>παντό-</span> 
     </span>
    </p>
   </div>
   <div class='ocr_carea' id='block_1_67' title="bbox 268 3312 1900 3394">
    <p class='ocr_par' dir='ltr' id='par_1_67' title="bbox 268 3312 1900 3394">
     <span class='ocr_line' id='line_1_67' title="bbox 268 3312 1900 3394; baseline 0.001 -25"><span class='ocrx_word' id='word_1_461' title='bbox 268 3335 480 3392; x_wconf 77' lang='grc' dir='ltr'>κρατορ,</span> <span class='ocrx_word' id='word_1_462' title='bbox 542 3316 569 3369; x_wconf 87' lang='grc' dir='ltr'>ὁ</span> <span class='ocrx_word' id='word_1_463' title='bbox 610 3315 738 3378; x_wconf 87' lang='grc' dir='ltr'>Θεὸς</span> <span class='ocrx_word' id='word_1_464' title='bbox 793 3318 900 3370; x_wconf 84' lang='grc' dir='ltr'><strong>τῶν</strong></span> <span class='ocrx_word' id='word_1_465' title='bbox 929 3312 1087 3387; x_wconf 80' lang='grc' dir='ltr'>ὅλων,</span> <span class='ocrx_word' id='word_1_466' title='bbox 1118 3313 1332 3378; x_wconf 75' lang='grc' dir='ltr'>ἔκτισας</span> <span class='ocrx_word' id='word_1_467' title='bbox 1379 3313 1510 3394; x_wconf 82' lang='grc'><strong>(61)</strong></span> <span class='ocrx_word' id='word_1_468' title='bbox 1553 3317 1642 3372; x_wconf 89' lang='grc' dir='ltr'><strong>τὸν</strong></span> <span class='ocrx_word' id='word_1_469' title='bbox 1673 3315 1900 3391; x_wconf 78' lang='grc' dir='ltr'>κόσμον,</span> 
     </span>
    </p>
   </div>
   <div class='ocr_carea' id='block_1_68' title="bbox 268 3401 1906 3486">
    <p class='ocr_par' dir='ltr' id='par_1_68' title="bbox 268 3401 1906 3486">
     <span class='ocr_line' id='line_1_68' title="bbox 268 3401 1906 3486; baseline 0.001 -27"><span class='ocrx_word' id='word_1_470' title='bbox 268 3406 354 3459; x_wconf 81' lang='grc' dir='ltr'><strong>καὶ</strong></span> <span class='ocrx_word' id='word_1_471' title='bbox 410 3404 476 3460; x_wconf 80' lang='grc' dir='ltr'>τὰ</span> <span class='ocrx_word' id='word_1_472' title='bbox 532 3403 586 3460; x_wconf 67' lang='grc' dir='ltr'><strong>ἐν</strong></span> <span class='ocrx_word' id='word_1_473' title='bbox 618 3405 781 3483; x_wconf 74' lang='grc' dir='ltr'>αὐτῷ,</span> <span class='ocrx_word' id='word_1_474' title='bbox 813 3401 880 3460; x_wconf 78' lang='grc' dir='ltr'>δι’</span> <span class='ocrx_word' id='word_1_475' title='bbox 912 3405 1090 3461; x_wconf 66' lang='grc' dir='ltr'>αὑτοῦ·</span> <span class='ocrx_word' id='word_1_476' title='bbox 1126 3405 1211 3460; x_wconf 82' lang='grc' dir='ltr'><strong>καὶ</strong></span> <span class='ocrx_word' id='word_1_477' title='bbox 1242 3405 1404 3480; x_wconf 80' lang='grc' dir='ltr'>νόμον</span> <span class='ocrx_word' id='word_1_478' title='bbox 1428 3406 1817 3486; x_wconf 78' lang='grc' dir='ltr'>κατεφὺτευσας</span> <span class='ocrx_word' id='word_1_479' title='bbox 1849 3407 1906 3463; x_wconf 65' lang='grc' dir='ltr'>ἄν</span> 
     </span>
    </p>
   </div>
   <div class='ocr_carea' id='block_1_69' title="bbox 268 3493 1907 3573">
    <p class='ocr_par' dir='ltr' id='par_1_69' title="bbox 268 3493 1907 3573">
     <span class='ocr_line' id='line_1_69' title="bbox 268 3493 1907 3573; baseline 0.001 -24"><span class='ocrx_word' id='word_1_480' title='bbox 268 3507 390 3557; x_wconf 78' lang='grc' dir='ltr'>ταῖς</span> <span class='ocrx_word' id='word_1_481' title='bbox 443 3498 649 3573; x_wconf 78' lang='grc' dir='ltr'>ψυχαῖς</span> <span class='ocrx_word' id='word_1_482' title='bbox 698 3494 873 3568; x_wconf 76' lang='grc' dir='ltr'>ἡμῶν·</span> <span class='ocrx_word' id='word_1_483' title='bbox 904 3495 993 3549; x_wconf 74' lang='grc' dir='ltr'>καὶ</span> <span class='ocrx_word' id='word_1_484' title='bbox 1022 3496 1087 3550; x_wconf 79' lang='grc' dir='ltr'>τὰ</span> <span class='ocrx_word' id='word_1_485' title='bbox 1120 3496 1249 3573; x_wconf 80' lang='grc' dir='ltr'>πρὸς</span> <span class='ocrx_word' id='word_1_486' title='bbox 1280 3493 1585 3570; x_wconf 78' lang='grc' dir='ltr'>μετάληψιν</span> <span class='ocrx_word' id='word_1_487' title='bbox 1629 3495 1907 3573; x_wconf 79' lang='grc' dir='ltr'>προευτρέ-</span> 
     </span>
    </p>
   </div>
   <div class='ocr_carea' id='block_1_70' title="bbox 269 3582 1905 3663">
    <p class='ocr_par' dir='ltr' id='par_1_70' title="bbox 269 3582 1905 3663">
     <span class='ocr_line' id='line_1_70' title="bbox 269 3582 1905 3663; baseline 0.002 -24"><span class='ocrx_word' id='word_1_488' title='bbox 269 3606 429 3649; x_wconf 86' lang='grc' dir='ltr'>πισας</span> <span class='ocrx_word' id='word_1_489' title='bbox 479 3582 602 3663; x_wconf 59' lang='grc'><strong>(69)</strong></span> <span class='ocrx_word' id='word_1_490' title='bbox 664 3583 979 3661; x_wconf 86' lang='grc' dir='ltr'>ἀνθρώποις.</span> <span class='ocrx_word' id='word_1_491' title='bbox 1011 3582 1072 3642; x_wconf 82' lang='lat'><strong>’0</strong></span> <span class='ocrx_word' id='word_1_492' title='bbox 1118 3586 1245 3649; x_wconf 85' lang='grc' dir='ltr'>Θεὸς</span> <span class='ocrx_word' id='word_1_493' title='bbox 1275 3590 1380 3640; x_wconf 83' lang='grc' dir='ltr'><strong>τῶν</strong></span> <span class='ocrx_word' id='word_1_494' title='bbox 1410 3584 1574 3661; x_wconf 81' lang='grc' dir='ltr'>ἁγίων</span> <span class='ocrx_word' id='word_1_495' title='bbox 1606 3586 1691 3641; x_wconf 79' lang='grc' dir='ltr'>καὶ</span> <span class='ocrx_word' id='word_1_496' title='bbox 1721 3585 1905 3661; x_wconf 81' lang='grc' dir='ltr'>ἀμέμ-</span> 
     </span>
    </p>
   </div>
   <div class='ocr_carea' id='block_1_71' title="bbox 269 3671 1902 3754">
    <p class='ocr_par' dir='ltr' id='par_1_71' title="bbox 269 3671 1902 3754">
     <span class='ocr_line' id='line_1_71' title="bbox 269 3671 1902 3754; baseline 0.001 -25"><span class='ocrx_word' id='word_1_497' title='bbox 269 3695 416 3729; x_wconf 84' lang='grc' dir='ltr'>πτων</span> <span class='ocrx_word' id='word_1_498' title='bbox 438 3672 679 3753; x_wconf 75' lang='grc' dir='ltr'>πατέρων</span> <span class='ocrx_word' id='word_1_499' title='bbox 710 3675 886 3748; x_wconf 79' lang='grc' dir='ltr'>ἡμῶν,</span> <span class='ocrx_word' id='word_1_500' title='bbox 922 3671 1185 3749; x_wconf 78' lang='grc' dir='ltr'>Ἀϐραὰμ,</span> <span class='ocrx_word' id='word_1_501' title='bbox 1220 3674 1306 3729; x_wconf 82' lang='grc' dir='ltr'><strong>καὶ</strong></span> <span class='ocrx_word' id='word_1_502' title='bbox 1336 3673 1542 3747; x_wconf 79' lang='grc' dir='ltr'>Ἰσαὰκ,</span> <span class='ocrx_word' id='word_1_503' title='bbox 1569 3676 1657 3730; x_wconf 83' lang='grc' dir='ltr'>καὶ</span> <span class='ocrx_word' id='word_1_504' title='bbox 1686 3671 1902 3754; x_wconf 78' lang='grc' dir='ltr'>Ἰακὼϐ,</span> 
     </span>
    </p>
   </div>
   <div class='ocr_carea' id='block_1_72' title="bbox 270 3760 1907 3839">
    <p class='ocr_par' dir='ltr' id='par_1_72' title="bbox 270 3760 1907 3839">
     <span class='ocr_line' id='line_1_72' title="bbox 270 3760 1907 3839; baseline 0 -19"><span class='ocrx_word' id='word_1_505' title='bbox 270 3764 374 3820; x_wconf 73' lang='grc' dir='ltr'><strong>τῶν</strong></span> <span class='ocrx_word' id='word_1_506' title='bbox 406 3768 608 3819; x_wconf 83' lang='grc' dir='ltr'>πιστῶν</span> <span class='ocrx_word' id='word_1_507' title='bbox 662 3760 861 3821; x_wconf 81' lang='grc' dir='ltr'>δούλων</span> <span class='ocrx_word' id='word_1_508' title='bbox 922 3785 1035 3820; x_wconf 86' lang='grc' dir='ltr'>σου.</span> <span class='ocrx_word' id='word_1_509' title='bbox 1073 3762 1130 3821; x_wconf 90' lang='grc' dir='ltr'><strong>Ὀ</strong></span> <span class='ocrx_word' id='word_1_510' title='bbox 1171 3763 1382 3827; x_wconf 71' lang='grc' dir='ltr'>δυνατὸς</span> <span class='ocrx_word' id='word_1_511' title='bbox 1444 3766 1593 3839; x_wconf 86' lang='grc' dir='ltr'>Θεὸς,</span> <span class='ocrx_word' id='word_1_512' title='bbox 1642 3766 1669 3821; x_wconf 84' lang='grc' dir='ltr'><strong>ὁ</strong></span> <span class='ocrx_word' id='word_1_513' title='bbox 1722 3766 1907 3828; x_wconf 86' lang='grc' dir='ltr'>πιστὸς</span> 
     </span>
    </p>
   </div>
   <div class='ocr_carea' id='block_1_73' title="bbox 270 3851 1908 3931">
    <p class='ocr_par' dir='ltr' id='par_1_73' title="bbox 270 3851 1908 3931">
     <span class='ocr_line' id='line_1_73' title="bbox 270 3851 1908 3931; baseline 0.002 -24"><span class='ocrx_word' id='word_1_514' title='bbox 270 3854 358 3907; x_wconf 75' lang='grc' dir='ltr'><strong>καὶ</strong></span> <span class='ocrx_word' id='word_1_515' title='bbox 414 3851 687 3925; x_wconf 80' lang='grc' dir='ltr'>ἀληθινὸς,</span> <span class='ocrx_word' id='word_1_516' title='bbox 751 3854 837 3908; x_wconf 85' lang='grc' dir='ltr'>καὶ</span> <span class='ocrx_word' id='word_1_517' title='bbox 894 3851 1126 3929; x_wconf 74' lang='grc' dir='ltr'>ἀψευδὴς</span> <span class='ocrx_word' id='word_1_518' title='bbox 1186 3851 1241 3908; x_wconf 64' lang='grc' dir='ltr'>ἂν</span> <span class='ocrx_word' id='word_1_519' title='bbox 1287 3865 1409 3916; x_wconf 77' lang='grc' dir='ltr'>ταῖς</span> <span class='ocrx_word' id='word_1_520' title='bbox 1459 3851 1822 3931; x_wconf 53' lang='grc' dir='ltr'>ἐπαγγελίαις</span> <span class='ocrx_word' id='word_1_521' title='bbox 1882 3858 1908 3911; x_wconf 79' lang='grc' dir='ltr'><strong>ὁ</strong></span> 
     </span>
    </p>
   </div>
   <div class='ocr_carea' id='block_1_74' title="bbox 272 3939 1906 4023">
    <p class='ocr_par' dir='ltr' id='par_1_74' title="bbox 272 3939 1906 4023">
     <span class='ocr_line' id='line_1_74' title="bbox 272 3939 1906 4023; baseline 0.002 -26"><span class='ocrx_word' id='word_1_522' title='bbox 272 3939 591 4003; x_wconf 80' lang='grc' dir='ltr'>ἀποστείλας</span> <span class='ocrx_word' id='word_1_523' title='bbox 634 3943 720 3997; x_wconf 63' lang='lat' dir='ltr'><strong>hri</strong></span> <span class='ocrx_word' id='word_1_524' title='bbox 748 3947 847 4019; x_wconf 80' lang='grc' dir='ltr'>γῆς</span> <span class='ocrx_word' id='word_1_525' title='bbox 881 3941 1083 4009; x_wconf 66' lang='grc' dir='ltr'>Ἰησοῦν</span> <span class='ocrx_word' id='word_1_526' title='bbox 1114 3944 1201 3999; x_wconf 87' lang='grc' dir='ltr'><strong>τὸν</strong></span> <span class='ocrx_word' id='word_1_527' title='bbox 1258 3944 1483 4019; x_wconf 75' lang='grc' dir='ltr'>Χριστόν</span> <span class='ocrx_word' id='word_1_528' title='bbox 1542 3964 1656 4018; x_wconf 83' lang='grc' dir='ltr'>σου,</span> <span class='ocrx_word' id='word_1_529' title='bbox 1710 3943 1906 4023; x_wconf 81' lang='grc' dir='ltr'>ἀνθρώ-</span> 
     </span>
    </p>
   </div>
   <div class='ocr_carea' id='block_1_75' title="bbox 272 4030 1905 4112">
    <p class='ocr_par' dir='ltr' id='par_1_75' title="bbox 272 4030 1905 4112">
     <span class='ocr_line' id='line_1_75' title="bbox 272 4030 1905 4112; baseline 0.002 -25"><span class='ocrx_word' id='word_1_530' title='bbox 272 4053 392 4097; x_wconf 83' lang='grc' dir='ltr'>ποις</span> <span class='ocrx_word' id='word_1_531' title='bbox 450 4036 939 4110; x_wconf 73' lang='grc' dir='ltr'>συναναστραφῆναι</span> <span class='ocrx_word' id='word_1_532' title='bbox 970 4034 1042 4097; x_wconf 83' lang='grc' dir='ltr'>ὡς</span> <span class='ocrx_word' id='word_1_533' title='bbox 1073 4031 1370 4111; x_wconf 78' lang='grc' dir='ltr'><strong>ὄὶνθρωιιον²</strong></span> <span class='ocrx_word' id='word_1_534' title='bbox 1403 4032 1532 4087; x_wconf 87' lang='grc' dir='ltr'>Θεὸν</span> <span class='ocrx_word' id='word_1_535' title='bbox 1578 4030 1703 4088; x_wconf 71' lang='grc' dir='ltr'>ὄντα</span> <span class='ocrx_word' id='word_1_536' title='bbox 1733 4035 1905 4112; x_wconf 86' lang='grc' dir='ltr'>Λόγον</span> 
     </span>
    </p>
   </div>
   <div class='ocr_carea' id='block_1_76' title="bbox 270 4119 1900 4199">
    <p class='ocr_par' dir='ltr' id='par_1_76' title="bbox 270 4119 1900 4199">
     <span class='ocr_line' id='line_1_76' title="bbox 270 4119 1900 4199; baseline 0.001 -22"><span class='ocrx_word' id='word_1_537' title='bbox 270 4122 357 4177; x_wconf 79' lang='grc' dir='ltr'>καὶ</span> <span class='ocrx_word' id='word_1_538' title='bbox 415 4120 709 4199; x_wconf 75' lang='grc' dir='ltr'>ἂνθρωπον,</span> <span class='ocrx_word' id='word_1_539' title='bbox 772 4122 858 4177; x_wconf 84' lang='grc' dir='ltr'>καὶ</span> <span class='ocrx_word' id='word_1_540' title='bbox 926 4124 1024 4189; x_wconf 79' lang='grc' dir='ltr'>τὴν</span> <span class='ocrx_word' id='word_1_541' title='bbox 1082 4121 1291 4188; x_wconf 81' lang='grc' dir='ltr'>πλάνην</span> <span class='ocrx_word' id='word_1_542' title='bbox 1337 4119 1611 4199; x_wconf 70' lang='grc' dir='ltr'>πρόρριζον</span> <span class='ocrx_word' id='word_1_543' title='bbox 1667 4122 1900 4179; x_wconf 82' lang='grc' dir='ltr'>ἀνελεϊν”</span> 
     </span>
    </p>
   </div>
   <div class='ocr_carea' id='block_1_77' title="bbox 271 4209 1903 4290">
    <p class='ocr_par' dir='ltr' id='par_1_77' title="bbox 271 4209 1903 4290">
     <span class='ocr_line' id='line_1_77' title="bbox 271 4209 1903 4290; baseline 0.003 -24"><span class='ocrx_word' id='word_1_544' title='bbox 271 4212 438 4276; x_wconf 65' lang='grc' dir='ltr'>Αὐτὸς</span> <span class='ocrx_word' id='word_1_545' title='bbox 485 4212 576 4266; x_wconf 83' lang='grc' dir='ltr'>καὶ</span> <span class='ocrx_word' id='word_1_546' title='bbox 632 4220 719 4270; x_wconf 80' lang='grc' dir='ltr'><strong>νῦν</strong></span> <span class='ocrx_word' id='word_1_547' title='bbox 777 4209 846 4267; x_wconf 85' lang='grc' dir='ltr'>δι’</span> <span class='ocrx_word' id='word_1_548' title='bbox 917 4214 1073 4269; x_wconf 73' lang='grc' dir='ltr'>αὖτοῦ</span> <span class='ocrx_word' id='word_1_549' title='bbox 1132 4213 1394 4287; x_wconf 76' lang='grc' dir='ltr'>μνήσθητι</span> <span class='ocrx_word' id='word_1_550' title='bbox 1466 4215 1561 4277; x_wconf 80' lang='grc' dir='ltr'><strong>τῆς</strong></span> <span class='ocrx_word' id='word_1_551' title='bbox 1613 4212 1764 4290; x_wconf 76' lang='grc' dir='ltr'>ἁγίας</span> <span class='ocrx_word' id='word_1_552' title='bbox 1811 4236 1903 4271; x_wconf 90' lang='grc' dir='ltr'><strong>σου</strong></span> 
     </span>
    </p>
   </div>
   <div class='ocr_carea' id='block_1_78' title="bbox 267 4296 1903 4380">
    <p class='ocr_par' dir='ltr' id='par_1_78' title="bbox 267 4296 1903 4380">
     <span class='ocr_line' id='line_1_78' title="bbox 267 4296 1903 4380; baseline 0.003 -23"><span class='ocrx_word' id='word_1_553' title='bbox 267 4296 591 4368; x_wconf 77' lang='grc' dir='ltr'>Ἐκκλησίας</span> <span class='ocrx_word' id='word_1_554' title='bbox 651 4301 873 4377; x_wconf 80' lang='grc' dir='ltr'>ταύτης,</span> <span class='ocrx_word' id='word_1_555' title='bbox 907 4301 972 4369; x_wconf 74' lang='grc' dir='ltr'>ἢν</span> <span class='ocrx_word' id='word_1_556' title='bbox 1002 4302 1371 4380; x_wconf 83' lang='grc' dir='ltr'>περιεποιήσω</span> <span class='ocrx_word' id='word_1_557' title='bbox 1400 4307 1475 4374; x_wconf 83' lang='grc' dir='ltr'><strong>τῷ</strong></span> <span class='ocrx_word' id='word_1_558' title='bbox 1506 4300 1664 4375; x_wconf 87' lang='grc' dir='ltr'>τιμίῳ</span> <span class='ocrx_word' id='word_1_559' title='bbox 1712 4302 1903 4379; x_wconf 60' lang='grc' dir='ltr'>αἵματι</span> 
     </span>
    </p>
   </div>
   <div class='ocr_carea' id='block_1_79' title="bbox 1990 3037 3632 3119">
    <p class='ocr_par' dir='ltr' id='par_1_79' title="bbox 1990 3037 3632 3119">
     <span class='ocr_line' id='line_1_79' title="bbox 1990 3037 3632 3119; baseline -0.002 -15"><span class='ocrx_word' id='word_1_560' title='bbox 1990 3040 2123 3104; x_wconf 86' lang='lat' dir='ltr'><strong>cisti</strong></span> <span class='ocrx_word' id='word_1_561' title='bbox 2149 3040 2206 3101; x_wconf 93' lang='lat' dir='ltr'><strong>in</strong></span> <span class='ocrx_word' id='word_1_562' title='bbox 2235 3037 2437 3115; x_wconf 90' lang='lat' dir='ltr'><strong>nobis;</strong></span> <span class='ocrx_word' id='word_1_563' title='bbox 2471 3047 2527 3100; x_wconf 91' lang='lat' dir='ltr'><strong>et</strong></span> <span class='ocrx_word' id='word_1_564' title='bbox 2552 3056 2659 3119; x_wconf 87' lang='lat' dir='ltr'><strong>pro</strong></span> <span class='ocrx_word' id='word_1_565' title='bbox 2682 3037 3048 3118; x_wconf 86' lang='lat' dir='ltr'><strong>cognitione,</strong></span> <span class='ocrx_word' id='word_1_566' title='bbox 3083 3039 3223 3115; x_wconf 84' lang='lat' dir='ltr'><strong>ﬁde,</strong></span> <span class='ocrx_word' id='word_1_567' title='bbox 3258 3039 3544 3101; x_wconf 89' lang='lat' dir='ltr'><strong>charitate</strong></span> <span class='ocrx_word' id='word_1_568' title='bbox 3572 3046 3632 3102; x_wconf 89' lang='lat' dir='ltr'><strong>et</strong></span> 
     </span>
    </p>
   </div>
   <div class='ocr_carea' id='block_1_80' title="bbox 1990 3126 3631 3210">
    <p class='ocr_par' dir='ltr' id='par_1_80' title="bbox 1990 3126 3631 3210">
     <span class='ocr_line' id='line_1_80' title="bbox 1990 3126 3631 3210; baseline -0.001 -19"><span class='ocrx_word' id='word_1_569' title='bbox 1990 3128 2434 3191; x_wconf 89' lang='lat' dir='ltr'><strong>immortalitate</strong></span> <span class='ocrx_word' id='word_1_570' title='bbox 2464 3146 2595 3210; x_wconf 75' lang='lat' dir='ltr'><strong>quae</strong></span> <span class='ocrx_word' id='word_1_571' title='bbox 2626 3128 2841 3190; x_wconf 90' lang='lat' dir='ltr'><strong>dedisti</strong></span> <span class='ocrx_word' id='word_1_572' title='bbox 2870 3128 3044 3191; x_wconf 88' lang='lat' dir='ltr'><strong>nobis</strong></span> <span class='ocrx_word' id='word_1_573' title='bbox 3078 3147 3186 3209; x_wconf 90' lang='lat' dir='ltr'><strong>per</strong></span> <span class='ocrx_word' id='word_1_574' title='bbox 3206 3126 3631 3191; x_wconf 78' lang='lat' dir='ltr'><strong>JesumFilium</strong></span> 
     </span>
    </p>
   </div>
   <div class='ocr_carea' id='block_1_81' title="bbox 1990 3217 3630 3297">
    <p class='ocr_par' dir='ltr' id='par_1_81' title="bbox 1990 3217 3630 3297">
     <span class='ocr_line' id='line_1_81' title="bbox 1990 3217 3630 3297; baseline -0.002 -15"><span class='ocrx_word' id='word_1_575' title='bbox 1990 3219 2557 3293; x_wconf 82' lang='lat' dir='ltr'><strong>tuum.Tu,Domine</strong></span> <span class='ocrx_word' id='word_1_576' title='bbox 2576 3218 2984 3297; x_wconf 85' lang='lat' dir='ltr'><strong>omnipotens,</strong></span> <span class='ocrx_word' id='word_1_577' title='bbox 3010 3217 3167 3280; x_wconf 83' lang='lat' dir='ltr'><strong>Deus</strong></span> <span class='ocrx_word' id='word_1_578' title='bbox 3194 3223 3630 3297; x_wconf 84' lang='lat' dir='ltr'><strong>universorum,</strong></span> 
     </span>
    </p>
   </div>
   <div class='ocr_carea' id='block_1_82' title="bbox 1989 3306 3631 3387">
    <p class='ocr_par' dir='ltr' id='par_1_82' title="bbox 1989 3306 3631 3387">
     <span class='ocr_line' id='line_1_82' title="bbox 1989 3306 3631 3387; baseline -0.002 -16"><span class='ocrx_word' id='word_1_579' title='bbox 1989 3308 2200 3371; x_wconf 89' lang='lat' dir='ltr'><strong>creasti</strong></span> <span class='ocrx_word' id='word_1_580' title='bbox 2217 3306 2500 3369; x_wconf 89' lang='lat' dir='ltr'><strong>mundum</strong></span> <span class='ocrx_word' id='word_1_581' title='bbox 2519 3313 2576 3369; x_wconf 91' lang='lat' dir='ltr'><strong>et</strong></span> <span class='ocrx_word' id='word_1_582' title='bbox 2597 3323 2728 3387; x_wconf 64' lang='lat' dir='ltr'><strong>qum</strong></span> <span class='ocrx_word' id='word_1_583' title='bbox 2750 3315 2887 3368; x_wconf 89' lang='lat' dir='ltr'><strong>sunt</strong></span> <span class='ocrx_word' id='word_1_584' title='bbox 2907 3307 2964 3369; x_wconf 93' lang='lat' dir='ltr'><strong>in</strong></span> <span class='ocrx_word' id='word_1_585' title='bbox 2989 3326 3083 3379; x_wconf 83' lang='lat' dir='ltr'><strong>eo,</strong></span> <span class='ocrx_word' id='word_1_586' title='bbox 3103 3323 3211 3387; x_wconf 91' lang='lat' dir='ltr'><strong>per</strong></span> <span class='ocrx_word' id='word_1_587' title='bbox 3236 3306 3631 3387; x_wconf 88' lang='lat' dir='ltr'><strong>ipsum;etle-</strong></span> 
     </span>
    </p>
   </div>
   <div class='ocr_carea' id='block_1_83' title="bbox 1990 3393 3634 3478">
    <p class='ocr_par' dir='ltr' id='par_1_83' title="bbox 1990 3393 3634 3478">
     <span class='ocr_line' id='line_1_83' title="bbox 1990 3393 3634 3478; baseline -0.002 -17"><span class='ocrx_word' id='word_1_588' title='bbox 1990 3416 2121 3478; x_wconf 85' lang='lat' dir='ltr'><strong>gem</strong></span> <span class='ocrx_word' id='word_1_589' title='bbox 2156 3396 2498 3459; x_wconf 65' lang='lat' dir='ltr'><strong>insevisti&#39;in</strong></span> <span class='ocrx_word' id='word_1_590' title='bbox 2530 3395 2849 3460; x_wconf 84' lang='lat' dir='ltr'><strong>animabus</strong></span> <span class='ocrx_word' id='word_1_591' title='bbox 2876 3393 3376 3473; x_wconf 88' lang='lat' dir='ltr'><strong>nostris;etvictui</strong></span> <span class='ocrx_word' id='word_1_592' title='bbox 3399 3413 3634 3458; x_wconf 90' lang='lat' dir='ltr'><strong>accom-</strong></span> 
     </span>
    </p>
   </div>
   <div class='ocr_carea' id='block_1_84' title="bbox 1991 3484 3630 3568">
    <p class='ocr_par' dir='ltr' id='par_1_84' title="bbox 1991 3484 3630 3568">
     <span class='ocr_line' id='line_1_84' title="bbox 1991 3484 3630 3568; baseline -0.002 -19"><span class='ocrx_word' id='word_1_593' title='bbox 1991 3486 2165 3550; x_wconf 89' lang='lat' dir='ltr'><strong>moda</strong></span> <span class='ocrx_word' id='word_1_594' title='bbox 2198 3486 2538 3568; x_wconf 58' lang='lat' dir='ltr'><strong>praeparasti</strong></span> <span class='ocrx_word' id='word_1_595' title='bbox 2572 3484 2938 3550; x_wconf 89' lang='lat' dir='ltr'><strong>hominibus.</strong></span> <span class='ocrx_word' id='word_1_596' title='bbox 2975 3487 3134 3549; x_wconf 89' lang='lat' dir='ltr'><strong>Deus</strong></span> <span class='ocrx_word' id='word_1_597' title='bbox 3192 3492 3531 3548; x_wconf 90' lang='lat' dir='ltr'><strong>sanctorum</strong></span> <span class='ocrx_word' id='word_1_598' title='bbox 3572 3492 3630 3547; x_wconf 92' lang='lat' dir='ltr'><strong>et</strong></span> 
     </span>
    </p>
   </div>
   <div class='ocr_carea' id='block_1_85' title="bbox 1988 3572 3627 3661">
    <p class='ocr_par' dir='ltr' id='par_1_85' title="bbox 1988 3572 3627 3661">
     <span class='ocr_line' id='line_1_85' title="bbox 1988 3572 3627 3661; baseline -0.002 -22"><span class='ocrx_word' id='word_1_599' title='bbox 1988 3577 2427 3658; x_wconf 88' lang='lat' dir='ltr'><strong>inculpatorum</strong></span> <span class='ocrx_word' id='word_1_600' title='bbox 2461 3582 2690 3655; x_wconf 87' lang='lat' dir='ltr'><strong>patrum</strong></span> <span class='ocrx_word' id='word_1_601' title='bbox 2717 3574 3412 3661; x_wconf 86' lang='lat' dir='ltr'><strong>nostrorum,Abrahami</strong></span> <span class='ocrx_word' id='word_1_602' title='bbox 3444 3572 3627 3636; x_wconf 85' lang='lat' dir='ltr'><strong>lsaaci</strong></span> 
     </span>
    </p>
   </div>
   <div class='ocr_carea' id='block_1_86' title="bbox 1991 3663 3625 3747">
    <p class='ocr_par' dir='ltr' id='par_1_86' title="bbox 1991 3663 3625 3747">
     <span class='ocr_line' id='line_1_86' title="bbox 1991 3663 3625 3747; baseline -0.002 -19"><span class='ocrx_word' id='word_1_603' title='bbox 1991 3675 2049 3729; x_wconf 90' lang='lat' dir='ltr'><strong>et</strong></span> <span class='ocrx_word' id='word_1_604' title='bbox 2072 3663 2576 3747; x_wconf 82' lang='lat' dir='ltr'><strong>Jacobi,ﬁdelium</strong></span> <span class='ocrx_word' id='word_1_605' title='bbox 2601 3682 2906 3726; x_wconf 89' lang='lat' dir='ltr'><strong>servorum</strong></span> <span class='ocrx_word' id='word_1_606' title='bbox 2942 3663 3370 3727; x_wconf 89' lang='lat' dir='ltr'><strong>tuorum.Deus</strong></span> <span class='ocrx_word' id='word_1_607' title='bbox 3394 3671 3625 3744; x_wconf 89' lang='lat' dir='ltr'><strong>potens,</strong></span> 
     </span>
    </p>
   </div>
   <div class='ocr_carea' id='block_1_87' title="bbox 1993 3751 3637 3834">
    <p class='ocr_par' dir='ltr' id='par_1_87' title="bbox 1993 3751 3637 3834">
     <span class='ocr_line' id='line_1_87' title="bbox 1993 3751 3637 3834; baseline -0.004 -16"><span class='ocrx_word' id='word_1_608' title='bbox 1993 3756 2188 3819; x_wconf 85' lang='lat' dir='ltr'><strong>ﬁdelis</strong></span> <span class='ocrx_word' id='word_1_609' title='bbox 2218 3763 2276 3817; x_wconf 90' lang='lat' dir='ltr'><strong>et</strong></span> <span class='ocrx_word' id='word_1_610' title='bbox 2304 3772 2506 3834; x_wconf 84' lang='lat' dir='ltr'><strong>verax,</strong></span> <span class='ocrx_word' id='word_1_611' title='bbox 2541 3761 2601 3816; x_wconf 92' lang='lat' dir='ltr'><strong>et</strong></span> <span class='ocrx_word' id='word_1_612' title='bbox 2638 3754 2697 3815; x_wconf 89' lang='lat' dir='ltr'><strong>in</strong></span> <span class='ocrx_word' id='word_1_613' title='bbox 2734 3753 3045 3834; x_wconf 89' lang='lat' dir='ltr'><strong>promissis</strong></span> <span class='ocrx_word' id='word_1_614' title='bbox 3077 3772 3194 3815; x_wconf 92' lang='lat' dir='ltr'><strong>non</strong></span> <span class='ocrx_word' id='word_1_615' title='bbox 3223 3751 3500 3827; x_wconf 87' lang='lat' dir='ltr'><strong>mendax;</strong></span> <span class='ocrx_word' id='word_1_616' title='bbox 3535 3751 3637 3829; x_wconf 89' lang='lat' dir='ltr'><strong>qui</strong></span> 
     </span>
    </p>
   </div>
   <div class='ocr_carea' id='block_1_88' title="bbox 1993 3843 3633 3923">
    <p class='ocr_par' dir='ltr' id='par_1_88' title="bbox 1993 3843 3633 3923">
     <span class='ocr_line' id='line_1_88' title="bbox 1993 3843 3633 3923; baseline -0.003 -16"><span class='ocrx_word' id='word_1_617' title='bbox 1993 3845 2205 3908; x_wconf 88' lang='lat' dir='ltr'><strong>misisti</strong></span> <span class='ocrx_word' id='word_1_618' title='bbox 2235 3845 2295 3905; x_wconf 89' lang='lat' dir='ltr'><strong>in</strong></span> <span class='ocrx_word' id='word_1_619' title='bbox 2326 3851 2546 3905; x_wconf 86' lang='lat' dir='ltr'><strong>terram</strong></span> <span class='ocrx_word' id='word_1_620' title='bbox 2597 3846 2800 3905; x_wconf 87' lang='lat' dir='ltr'><strong>Jesum</strong></span> <span class='ocrx_word' id='word_1_621' title='bbox 2847 3843 3144 3906; x_wconf 84' lang='lat' dir='ltr'><strong>Christum</strong></span> <span class='ocrx_word' id='word_1_622' title='bbox 3179 3851 3372 3923; x_wconf 89' lang='lat' dir='ltr'><strong>tuum,</strong></span> <span class='ocrx_word' id='word_1_623' title='bbox 3406 3849 3467 3902; x_wconf 92' lang='lat' dir='ltr'><strong>ut</strong></span> <span class='ocrx_word' id='word_1_624' title='bbox 3498 3858 3633 3903; x_wconf 91' lang='lat' dir='ltr'><strong>cum</strong></span> 
     </span>
    </p>
   </div>
   <div class='ocr_carea' id='block_1_89' title="bbox 1992 3930 3637 4014">
    <p class='ocr_par' dir='ltr' id='par_1_89' title="bbox 1992 3930 3637 4014">
     <span class='ocr_line' id='line_1_89' title="bbox 1992 3930 3637 4014; baseline -0.002 -15"><span class='ocrx_word' id='word_1_625' title='bbox 1992 3934 2337 4000; x_wconf 90' lang='lat' dir='ltr'><strong>hominibus</strong></span> <span class='ocrx_word' id='word_1_626' title='bbox 2366 3941 2822 3996; x_wconf 88' lang='lat' dir='ltr'><strong>conversaretur</strong></span> <span class='ocrx_word' id='word_1_627' title='bbox 2845 3942 3124 4014; x_wconf 88' lang='lat' dir='ltr'><strong>tanquam</strong></span> <span class='ocrx_word' id='word_1_628' title='bbox 3147 3932 3351 4005; x_wconf 90' lang='lat' dir='ltr'><strong>homo,</strong></span> <span class='ocrx_word' id='word_1_629' title='bbox 3386 3949 3519 3993; x_wconf 92' lang='lat' dir='ltr'><strong>cum</strong></span> <span class='ocrx_word' id='word_1_630' title='bbox 3554 3930 3637 3995; x_wconf 84' lang='lat' dir='ltr'><strong>sit</strong></span> 
     </span>
    </p>
   </div>
   <div class='ocr_carea' id='block_1_90' title="bbox 1990 4020 3639 4103">
    <p class='ocr_par' dir='ltr' id='par_1_90' title="bbox 1990 4020 3639 4103">
     <span class='ocr_line' id='line_1_90' title="bbox 1990 4020 3639 4103; baseline -0.003 -15"><span class='ocrx_word' id='word_1_631' title='bbox 1990 4034 2049 4088; x_wconf 91' lang='lat' dir='ltr'><strong>et</strong></span> <span class='ocrx_word' id='word_1_632' title='bbox 2078 4025 2238 4087; x_wconf 87' lang='lat' dir='ltr'><strong>Deus</strong></span> <span class='ocrx_word' id='word_1_633' title='bbox 2256 4022 2547 4103; x_wconf 88' lang='lat' dir='ltr'><strong>Verbum,</strong></span> <span class='ocrx_word' id='word_1_634' title='bbox 2571 4040 2628 4095; x_wconf 74' lang='grc' dir='ltr'><strong>ει</strong></span> <span class='ocrx_word' id='word_1_635' title='bbox 2655 4023 3041 4102; x_wconf 89' lang='lat' dir='ltr'><strong>homo,utque</strong></span> <span class='ocrx_word' id='word_1_636' title='bbox 3066 4037 3332 4085; x_wconf 90' lang='lat' dir='ltr'><strong>errorem</strong></span> <span class='ocrx_word' id='word_1_637' title='bbox 3356 4020 3639 4083; x_wconf 86' lang='lat' dir='ltr'><strong>radicitus</strong></span> 
     </span>
    </p>
   </div>
   <div class='ocr_carea' id='block_1_91' title="bbox 1991 4107 3639 4192">
    <p class='ocr_par' dir='ltr' id='par_1_91' title="bbox 1991 4107 3639 4192">
     <span class='ocr_line' id='line_1_91' title="bbox 1991 4107 3639 4192; baseline -0.002 -15"><span class='ocrx_word' id='word_1_638' title='bbox 1991 4113 2292 4177; x_wconf 84' lang='lat' dir='ltr'><strong>evelleret.</strong></span> <span class='ocrx_word' id='word_1_639' title='bbox 2328 4111 2461 4192; x_wconf 87' lang='lat' dir='ltr'><strong>Ipse</strong></span> <span class='ocrx_word' id='word_1_640' title='bbox 2492 4119 2729 4174; x_wconf 91' lang='lat' dir='ltr'><strong>etnunc</strong></span> <span class='ocrx_word' id='word_1_641' title='bbox 2763 4128 2871 4190; x_wconf 90' lang='lat' dir='ltr'><strong>per</strong></span> <span class='ocrx_word' id='word_1_642' title='bbox 2903 4131 3035 4174; x_wconf 90' lang='lat' dir='ltr'><strong>eum</strong></span> <span class='ocrx_word' id='word_1_643' title='bbox 3065 4119 3366 4173; x_wconf 91' lang='lat' dir='ltr'><strong>memento</strong></span> <span class='ocrx_word' id='word_1_644' title='bbox 3390 4107 3639 4190; x_wconf 89' lang='lat' dir='ltr'><strong>hujusce</strong></span> 
     </span>
    </p>
   </div>
   <div class='ocr_carea' id='block_1_92' title="bbox 1988 4200 3634 4282">
    <p class='ocr_par' dir='ltr' id='par_1_92' title="bbox 1988 4200 3634 4282">
     <span class='ocr_line' id='line_1_92' title="bbox 1988 4200 3634 4282; baseline -0.004 -16"><span class='ocrx_word' id='word_1_645' title='bbox 1988 4211 2205 4273; x_wconf 63' lang='lat' dir='ltr'><strong>sancta</strong></span> <span class='ocrx_word' id='word_1_646' title='bbox 2251 4201 2533 4264; x_wconf 59' lang='lat' dir='ltr'><strong>Ecclesiae</strong></span> <span class='ocrx_word' id='word_1_647' title='bbox 2585 4209 2724 4277; x_wconf 65' lang='lat' dir='ltr'><strong>tuae,</strong></span> <span class='ocrx_word' id='word_1_648' title='bbox 2770 4220 2945 4282; x_wconf 89' lang='lat' dir='ltr'><strong>quam</strong></span> <span class='ocrx_word' id='word_1_649' title='bbox 2999 4200 3321 4282; x_wconf 81' lang='lat' dir='ltr'><strong>acquisiisti</strong></span> <span class='ocrx_word' id='word_1_650' title='bbox 3376 4200 3634 4281; x_wconf 90' lang='lat' dir='ltr'><strong>pretioso</strong></span> 
     </span>
    </p>
   </div>
   <div class='ocr_carea' id='block_1_93' title="bbox 1929 4273 3632 4372">
    <p class='ocr_par' dir='ltr' id='par_1_93' title="bbox 1929 4273 3632 4372">
     <span class='ocr_line' id='line_1_93' title="bbox 1929 4273 3632 4372; baseline -0.007 -12"><span class='ocrx_word' id='word_1_651' title='bbox 1929 4273 1971 4324; x_wconf 71' lang='grc' dir='ltr'><strong>θ</strong></span> <span class='ocrx_word' id='word_1_652' title='bbox 1987 4292 2275 4371; x_wconf 84' lang='lat' dir='ltr'><strong>sanguine</strong></span> <span class='ocrx_word' id='word_1_653' title='bbox 2306 4290 2527 4354; x_wconf 83' lang='lat' dir='ltr'><strong>Christi</strong></span> <span class='ocrx_word' id='word_1_654' title='bbox 2562 4290 2649 4352; x_wconf 92' lang='lat' dir='ltr'><strong>tui</strong></span> <span class='ocrx_word' id='word_1_655' title='bbox 2678 4273 2718 4369; x_wconf 53' lang='grc' dir='ltr'>ς’</span> <span class='ocrx_word' id='word_1_656' title='bbox 2745 4273 2923 4372; x_wconf 77' lang='lat' dir='ltr'><strong>atque</strong></span> <span class='ocrx_word' id='word_1_657' title='bbox 2954 4273 3107 4353; x_wconf 48' lang='lat' dir='ltr'><strong>eam&#39;</strong></span> <span class='ocrx_word' id='word_1_658' title='bbox 3131 4288 3205 4351; x_wconf 88' lang='lat' dir='ltr'><strong>ab</strong></span> <span class='ocrx_word' id='word_1_659' title='bbox 3264 4273 3424 4350; x_wconf 79' lang='lat' dir='ltr'><strong>omni</strong></span> <span class='ocrx_word' id='word_1_660' title='bbox 3479 4286 3632 4349; x_wconf 86' lang='lat' dir='ltr'><strong>malo</strong></span> 
     </span>
    </p>
   </div>
   <div class='ocr_carea' id='block_1_94' title="bbox 341 4417 2189 4523">
    <p class='ocr_par' dir='ltr' id='par_1_94' title="bbox 341 4417 2189 4523">
     <span class='ocr_line' id='line_1_94' title="bbox 341 4417 2189 4523; baseline -0.002 -20"><span class='ocrx_word' id='word_1_661' title='bbox 341 4441 392 4492; x_wconf 76' lang='grc' dir='ltr'>τί</span> <span class='ocrx_word' id='word_1_662' title='bbox 427 4417 610 4507; x_wconf 79' lang='lat' dir='ltr'><strong>ICor.</strong></span> <span class='ocrx_word' id='word_1_663' title='bbox 642 4459 725 4523; x_wconf 71' lang='lat' dir='ltr'><strong>xu,</strong></span> <span class='ocrx_word' id='word_1_664' title='bbox 750 4441 850 4506; x_wconf 75' lang='lat'><strong>26.</strong></span> <span class='ocrx_word' id='word_1_665' title='bbox 937 4440 992 4484; x_wconf 73' lang='grc'><strong>⁷³</strong></span> <span class='ocrx_word' id='word_1_666' title='bbox 1022 4441 1145 4503; x_wconf 88' lang='lat' dir='ltr'><strong>Ibid</strong></span> <span class='ocrx_word' id='word_1_667' title='bbox 1185 4482 1206 4517; x_wconf 90' lang='lat'><strong>,</strong></span> <span class='ocrx_word' id='word_1_668' title='bbox 1240 4442 1337 4505; x_wconf 83' lang='lat'><strong>29.</strong></span> <span class='ocrx_word' id='word_1_669' title='bbox 1428 4436 1481 4484; x_wconf 79' lang='grc'><strong>⁷³</strong></span> <span class='ocrx_word' id='word_1_670' title='bbox 1516 4444 1695 4506; x_wconf 89' lang='lat' dir='ltr'><strong>Deest</strong></span> <span class='ocrx_word' id='word_1_671' title='bbox 1719 4443 1777 4506; x_wconf 91' lang='lat' dir='ltr'><strong>in</strong></span> <span class='ocrx_word' id='word_1_672' title='bbox 1802 4446 1918 4508; x_wconf 88' lang='lat' dir='ltr'><strong>alio</strong></span> <span class='ocrx_word' id='word_1_673' title='bbox 1963 4442 2189 4510; x_wconf 90' lang='lat' dir='ltr'><strong>codice.</strong></span> 
     </span>
    </p>
   </div>
   <div class='ocr_carea' id='block_1_95' title="bbox 1586 4579 2272 4653">
    <p class='ocr_par' dir='ltr' id='par_1_95' title="bbox 1586 4579 2272 4653">
     <span class='ocr_line' id='line_1_95' title="bbox 1586 4579 2272 4653; baseline -0.006 -7"><span class='ocrx_word' id='word_1_674' title='bbox 1586 4584 1986 4653; x_wconf 81' lang='lat' dir='ltr'><strong>VARIORUM</strong></span> <span class='ocrx_word' id='word_1_675' title='bbox 2032 4579 2272 4649; x_wconf 62' lang='lat' dir='ltr'><strong>NOTAE.</strong></span> 
     </span>
    </p>
   </div>
   <div class='ocr_carea' id='block_1_96' title="bbox 350 4720 1913 4801">
    <p class='ocr_par' dir='ltr' id='par_1_96' title="bbox 350 4720 1913 4801">
     <span class='ocr_line' id='line_1_96' title="bbox 350 4720 1913 4801; baseline -0.001 -17"><span class='ocrx_word' id='word_1_676' title='bbox 350 4720 473 4801; x_wconf 86' lang='lat'><strong>(58)</strong></span> <span class='ocrx_word' id='word_1_677' title='bbox 505 4724 629 4801; x_wconf 84' lang='grc' dir='ltr'>Περί</span> <span class='ocrx_word' id='word_1_678' title='bbox 658 4724 780 4781; x_wconf 85' lang='grc' dir='ltr'>Ἐπί</span> <span class='ocrx_word' id='word_1_679' title='bbox 828 4723 1054 4786; x_wconf 89' lang='lat' dir='ltr'><strong>rectius</strong></span> <span class='ocrx_word' id='word_1_680' title='bbox 1116 4722 1176 4783; x_wconf 90' lang='lat' dir='ltr'><strong>in</strong></span> <span class='ocrx_word' id='word_1_681' title='bbox 1231 4722 1369 4784; x_wconf 90' lang='lat' dir='ltr'><strong>cod.</strong></span> <span class='ocrx_word' id='word_1_682' title='bbox 1440 4720 1913 4794; x_wconf 87' lang='lat' dir='ltr'><strong>Vindobonensi,</strong></span> 
     </span>
    </p>
   </div>
   <div class='ocr_carea' id='block_1_97' title="bbox 270 4802 1912 4884">
    <p class='ocr_par' dir='ltr' id='par_1_97' title="bbox 270 4802 1912 4884">
     <span class='ocr_line' id='line_1_97' title="bbox 270 4802 1912 4884; baseline -0.001 -20"><span class='ocrx_word' id='word_1_683' title='bbox 270 4802 383 4884; x_wconf 87' lang='lat' dir='ltr'><strong>hoc</strong></span> <span class='ocrx_word' id='word_1_684' title='bbox 415 4810 522 4884; x_wconf 70' lang='lat' dir='ltr'><strong>est,</strong></span> <span class='ocrx_word' id='word_1_685' title='bbox 555 4810 803 4884; x_wconf 84' lang='lat' dir='ltr'><strong>propter</strong></span> <span class='ocrx_word' id='word_1_686' title='bbox 832 4803 1096 4867; x_wconf 81' lang='lat' dir='ltr'><strong>salutem</strong></span> <span class='ocrx_word' id='word_1_687' title='bbox 1130 4810 1564 4879; x_wconf 81' lang='lat' dir='ltr'><strong>nostram;nec</strong></span> <span class='ocrx_word' id='word_1_688' title='bbox 1595 4807 1711 4881; x_wconf 79' lang='grc' dir='ltr'>περί</span> <span class='ocrx_word' id='word_1_689' title='bbox 1737 4803 1912 4863; x_wconf 85' lang='lat' dir='ltr'><strong>ﬁnem</strong></span> 
     </span>
    </p>
   </div>
   <div class='ocr_carea' id='block_1_98' title="bbox 270 4882 1024 4959">
    <p class='ocr_par' dir='ltr' id='par_1_98' title="bbox 270 4882 1024 4959">
     <span class='ocr_line' id='line_1_98' title="bbox 270 4882 1024 4959; baseline 0.007 -17"><span class='ocrx_word' id='word_1_690' title='bbox 270 4882 612 4959; x_wconf 82' lang='lat' dir='ltr'><strong>signiﬁcare</strong></span> <span class='ocrx_word' id='word_1_691' title='bbox 638 4882 810 4945; x_wconf 84' lang='lat' dir='ltr'><strong>solet.</strong></span> <span class='ocrx_word' id='word_1_692' title='bbox 841 4884 1024 4948; x_wconf 80' lang='lat' dir='ltr'><strong>CLen.</strong></span> 
     </span>
    </p>
   </div>
   <div class='ocr_carea' id='block_1_99' title="bbox 350 4962 1913 5043">
    <p class='ocr_par' dir='ltr' id='par_1_99' title="bbox 350 4962 1913 5043">
     <span class='ocr_line' id='line_1_99' title="bbox 350 4962 1913 5043; baseline -0.002 -17"><span class='ocrx_word' id='word_1_693' title='bbox 350 4962 475 5043; x_wconf 84' lang='lat'><strong>(59)</strong></span> <span class='ocrx_word' id='word_1_694' title='bbox 502 4966 633 5034; x_wconf 80' lang='grc' dir='ltr'>Τήν.</span> <span class='ocrx_word' id='word_1_695' title='bbox 680 4963 888 5026; x_wconf 76' lang='lat' dir='ltr'><strong>Melius</strong></span> <span class='ocrx_word' id='word_1_696' title='bbox 911 4966 1012 5035; x_wconf 70' lang='grc' dir='ltr'><strong>σήν</strong></span> <span class='ocrx_word' id='word_1_697' title='bbox 1041 4964 1103 5026; x_wconf 89' lang='lat' dir='ltr'><strong>in</strong></span> <span class='ocrx_word' id='word_1_698' title='bbox 1129 4981 1243 5025; x_wconf 87' lang='lat' dir='ltr'><strong>ms.</strong></span> <span class='ocrx_word' id='word_1_699' title='bbox 1294 4962 1469 5027; x_wconf 86' lang='lat' dir='ltr'><strong>Vind.</strong></span> <span class='ocrx_word' id='word_1_700' title='bbox 1532 4968 1601 5025; x_wconf 70' lang='lat' dir='ltr'><strong>in</strong></span> <span class='ocrx_word' id='word_1_701' title='bbox 1660 4979 1913 5043; x_wconf 81' lang='lat' dir='ltr'><strong>regnum</strong></span> 
     </span>
    </p>
   </div>
   <div class='ocr_carea' id='block_1_100' title="bbox 269 5042 1912 5123">
    <p class='ocr_par' dir='ltr' id='par_1_100' title="bbox 269 5042 1912 5123">
     <span class='ocr_line' id='line_1_100' title="bbox 269 5042 1912 5123; baseline -0.002 -17"><span class='ocrx_word' id='word_1_702' title='bbox 269 5042 462 5106; x_wconf 67' lang='lat' dir='ltr'><strong>tuum.</strong></span> <span class='ocrx_word' id='word_1_703' title='bbox 492 5046 764 5123; x_wconf 78' lang='lat' dir='ltr'><strong>Regnum</strong></span> <span class='ocrx_word' id='word_1_704' title='bbox 786 5044 899 5108; x_wconf 79' lang='lat' dir='ltr'><strong>Dei</strong></span> <span class='ocrx_word' id='word_1_705' title='bbox 925 5052 1023 5106; x_wconf 90' lang='lat' dir='ltr'><strong>aut</strong></span> <span class='ocrx_word' id='word_1_706' title='bbox 1052 5047 1337 5107; x_wconf 73' lang='lat' dir='ltr'><strong>calorum</strong></span> <span class='ocrx_word' id='word_1_707' title='bbox 1364 5063 1478 5107; x_wconf 90' lang='lat' dir='ltr'><strong>non</strong></span> <span class='ocrx_word' id='word_1_708' title='bbox 1502 5044 1653 5106; x_wconf 82' lang='lat' dir='ltr'><strong>solet</strong></span> <span class='ocrx_word' id='word_1_709' title='bbox 1683 5042 1912 5123; x_wconf 81' lang='lat' dir='ltr'><strong>simpli-</strong></span> 
     </span>
    </p>
   </div>
   <div class='ocr_carea' id='block_1_101' title="bbox 277 5122 1908 5201">
    <p class='ocr_par' dir='ltr' id='par_1_101' title="bbox 277 5122 1908 5201">
     <span class='ocr_line' id='line_1_101' title="bbox 277 5122 1908 5201; baseline -0.002 -16"><span class='ocrx_word' id='word_1_710' title='bbox 277 5123 427 5185; x_wconf 90' lang='lat' dir='ltr'><strong>citer</strong></span> <span class='ocrx_word' id='word_1_711' title='bbox 453 5122 695 5201; x_wconf 81' lang='grc' dir='ltr'>βασιλεία</span> <span class='ocrx_word' id='word_1_712' title='bbox 727 5124 868 5187; x_wconf 90' lang='lat' dir='ltr'><strong>dici.</strong></span> <span class='ocrx_word' id='word_1_713' title='bbox 906 5123 1056 5187; x_wconf 87' lang='lat' dir='ltr'><strong>Vide</strong></span> <span class='ocrx_word' id='word_1_714' title='bbox 1077 5125 1228 5186; x_wconf 82' lang='lat' dir='ltr'><strong>infra</strong></span> <span class='ocrx_word' id='word_1_715' title='bbox 1258 5143 1316 5189; x_wconf 76' lang='grc' dir='ltr'>ε.</span> <span class='ocrx_word' id='word_1_716' title='bbox 1344 5124 1444 5200; x_wconf 78' lang='lat'><strong>26,</strong></span> <span class='ocrx_word' id='word_1_717' title='bbox 1479 5123 1589 5186; x_wconf 87' lang='lat' dir='ltr'><strong>sub</strong></span> <span class='ocrx_word' id='word_1_718' title='bbox 1613 5122 1908 5187; x_wconf 60' lang='lat' dir='ltr'><strong>ﬁnemln.</strong></span> 
     </span>
    </p>
   </div>
   <div class='ocr_carea' id='block_1_102' title="bbox 354 5203 1911 5285">
    <p class='ocr_par' dir='ltr' id='par_1_102' title="bbox 354 5203 1911 5285">
     <span class='ocr_line' id='line_1_102' title="bbox 354 5203 1911 5285; baseline -0.001 -20"><span class='ocrx_word' id='word_1_719' title='bbox 354 5203 479 5285; x_wconf 81' lang='grc'><strong>(60)</strong></span> <span class='ocrx_word' id='word_1_720' title='bbox 513 5207 568 5262; x_wconf 72' lang='lat' dir='ltr'><strong>Ei</strong></span> <span class='ocrx_word' id='word_1_721' title='bbox 598 5204 653 5261; x_wconf 77' lang='grc' dir='ltr'><strong>δέ</strong></span> <span class='ocrx_word' id='word_1_722' title='bbox 684 5228 763 5285; x_wconf 78' lang='grc' dir='ltr'><strong>τις</strong></span> <span class='ocrx_word' id='word_1_723' title='bbox 813 5206 947 5285; x_wconf 49' lang='grc' dir='ltr'>κατὰ</span> <span class='ocrx_word' id='word_1_724' title='bbox 1004 5204 1237 5285; x_wconf 17' lang='grc' dir='ltr'>ἄγνοιαν,</span> <span class='ocrx_word' id='word_1_725' title='bbox 1264 5205 1586 5285; x_wconf 82' lang='grc' dir='ltr'>μεταλάϐοι.</span> <span class='ocrx_word' id='word_1_726' title='bbox 1660 5203 1725 5266; x_wconf 90' lang='lat' dir='ltr'><strong>In</strong></span> <span class='ocrx_word' id='word_1_727' title='bbox 1786 5204 1911 5267; x_wconf 80' lang='lat' dir='ltr'><strong>Re-</strong></span> 
     </span>
    </p>
   </div>
   <div class='ocr_carea' id='block_1_103' title="bbox 277 5283 1912 5366">
    <p class='ocr_par' dir='ltr' id='par_1_103' title="bbox 277 5283 1912 5366">
     <span class='ocr_line' id='line_1_103' title="bbox 277 5283 1912 5366; baseline -0.001 -21"><span class='ocrx_word' id='word_1_728' title='bbox 277 5284 514 5366; x_wconf 84' lang='lat' dir='ltr'><strong>sponsis</strong></span> <span class='ocrx_word' id='word_1_729' title='bbox 548 5284 852 5366; x_wconf 88' lang='lat' dir='ltr'><strong>canonicis</strong></span> <span class='ocrx_word' id='word_1_730' title='bbox 882 5283 1178 5347; x_wconf 82' lang='lat' dir='ltr'><strong>Timothei</strong></span> <span class='ocrx_word' id='word_1_731' title='bbox 1208 5283 1594 5366; x_wconf 81' lang='lat' dir='ltr'><strong>Alexandrini</strong></span> <span class='ocrx_word' id='word_1_732' title='bbox 1617 5285 1692 5346; x_wconf 89' lang='lat' dir='ltr'><strong>ad</strong></span> <span class='ocrx_word' id='word_1_733' title='bbox 1721 5284 1912 5366; x_wconf 85' lang='lat' dir='ltr'><strong>inter-</strong></span> 
     </span>
    </p>
   </div>
   <div class='ocr_carea' id='block_1_104' title="bbox 276 5363 1913 5458">
    <p class='ocr_par' dir='ltr' id='par_1_104' title="bbox 276 5363 1913 5458">
     <span class='ocr_line' id='line_1_104' title="bbox 276 5363 1913 5458; baseline -0.002 -32"><span class='ocrx_word' id='word_1_734' title='bbox 276 5363 614 5458; x_wconf 75' lang='lat' dir='ltr'><strong>rogationes</strong></span> <span class='ocrx_word' id='word_1_735' title='bbox 644 5364 764 5458; x_wconf 58' lang='lat' dir='ltr'><strong>ipsi</strong></span> <span class='ocrx_word' id='word_1_736' title='bbox 774 5383 882 5458; x_wconf 72' lang='lat' dir='ltr'><strong>per</strong></span> <span class='ocrx_word' id='word_1_737' title='bbox 897 5368 1211 5446; x_wconf 89' lang='lat' dir='ltr'><strong>episcopos</strong></span> <span class='ocrx_word' id='word_1_738' title='bbox 1227 5374 1295 5458; x_wconf 39' lang='lat' dir='ltr'><strong>et.</strong></span> <span class='ocrx_word' id='word_1_739' title='bbox 1307 5365 1561 5458; x_wconf 64' lang='lat' dir='ltr'><strong>clericos</strong></span> <span class='ocrx_word' id='word_1_740' title='bbox 1584 5383 1688 5458; x_wconf 86' lang='lat' dir='ltr'><strong>pro</strong></span> <span class='ocrx_word' id='word_1_741' title='bbox 1698 5363 1913 5445; x_wconf 87' lang='lat' dir='ltr'><strong>positas</strong></span> 
     </span>
    </p>
   </div>
   <div class='ocr_carea' id='block_1_105' title="bbox 276 5445 1913 5527">
    <p class='ocr_par' dir='ltr' id='par_1_105' title="bbox 276 5445 1913 5527">
     <span class='ocr_line' id='line_1_105' title="bbox 276 5445 1913 5527; baseline -0.001 -21"><span class='ocrx_word' id='word_1_742' title='bbox 276 5462 408 5527; x_wconf 83' lang='lat' dir='ltr'><strong>cap.</strong></span> <span class='ocrx_word' id='word_1_743' title='bbox 449 5448 503 5526; x_wconf 83' lang='lat'><strong>1,</strong></span> <span class='ocrx_word' id='word_1_744' title='bbox 532 5445 689 5527; x_wconf 77' lang='lat' dir='ltr'><strong>apud</strong></span> <span class='ocrx_word' id='word_1_745' title='bbox 723 5445 1160 5522; x_wconf 86' lang='lat' dir='ltr'><strong>Balsamonem,</strong></span> <span class='ocrx_word' id='word_1_746' title='bbox 1188 5447 1451 5527; x_wconf 76' lang='lat' dir='ltr'><strong>p.1059,</strong></span> <span class='ocrx_word' id='word_1_747' title='bbox 1487 5448 1558 5507; x_wconf 88' lang='lat' dir='ltr'><strong>ad</strong></span> <span class='ocrx_word' id='word_1_748' title='bbox 1580 5445 1913 5523; x_wconf 89' lang='lat' dir='ltr'><strong>interroga-</strong></span> 
     </span>
    </p>
   </div>
   <div class='ocr_carea' id='block_1_106' title="bbox 280 5525 1911 5608">
    <p class='ocr_par' dir='ltr' id='par_1_106' title="bbox 280 5525 1911 5608">
     <span class='ocr_line' id='line_1_106' title="bbox 280 5525 1911 5608; baseline 0.001 -22"><span class='ocrx_word' id='word_1_749' title='bbox 280 5525 502 5608; x_wconf 74' lang='lat' dir='ltr'><strong>tionem</strong></span> <span class='ocrx_word' id='word_1_750' title='bbox 526 5525 693 5608; x_wconf 73' lang='lat' dir='ltr'><strong>Quid</strong></span> <span class='ocrx_word' id='word_1_751' title='bbox 725 5527 1026 5607; x_wconf 82' lang='lat' dir='ltr'><strong>agendum</strong></span> <span class='ocrx_word' id='word_1_752' title='bbox 1040 5529 1146 5608; x_wconf 71' lang='lat' dir='ltr'><strong>sit,</strong></span> <span class='ocrx_word' id='word_1_753' title='bbox 1170 5525 1229 5591; x_wconf 74' lang='lat' dir='ltr'><strong>si</strong></span> <span class='ocrx_word' id='word_1_754' title='bbox 1246 5545 1401 5608; x_wconf 80' lang='lat' dir='ltr'><strong>puer</strong></span> <span class='ocrx_word' id='word_1_755' title='bbox 1419 5528 1911 5608; x_wconf 74' lang='lat' dir='ltr'><strong>catechumenus,</strong></span> 
     </span>
    </p>
   </div>
   <div class='ocr_carea' id='block_1_107' title="bbox 279 5605 1917 5691">
    <p class='ocr_par' dir='ltr' id='par_1_107' title="bbox 279 5605 1917 5691">
     <span class='ocr_line' id='line_1_107' title="bbox 279 5605 1917 5691; baseline 0 -23"><span class='ocrx_word' id='word_1_756' title='bbox 279 5615 389 5668; x_wconf 85' lang='lat' dir='ltr'><strong>aut</strong></span> <span class='ocrx_word' id='word_1_757' title='bbox 401 5605 576 5669; x_wconf 82' lang='lat' dir='ltr'><strong>homo</strong></span> <span class='ocrx_word' id='word_1_758' title='bbox 587 5605 1007 5685; x_wconf 73' lang='lat' dir='ltr'><strong>adultus,dum</strong></span> <span class='ocrx_word' id='word_1_759' title='bbox 1023 5605 1795 5691; x_wconf 57' lang='lat' dir='ltr'><strong>oblatio&#39;ﬁeretmpportune</strong></span> <span class='ocrx_word' id='word_1_760' title='bbox 1808 5605 1917 5668; x_wconf 75' lang='grc' dir='ltr'>αό-</span> 
     </span>
    </p>
   </div>
   <div class='ocr_carea' id='block_1_108' title="bbox 1982 4717 2192 4796">
    <p class='ocr_par' dir='ltr' id='par_1_108' title="bbox 1982 4717 2192 4796">
     <span class='ocr_line' id='line_1_108' title="bbox 1982 4717 2192 4796; baseline -0.014 -18"><span class='ocrx_word' id='word_1_761' title='bbox 1982 4717 2192 4796; x_wconf 75' lang='lat' dir='ltr'><strong>fuerit</strong></span> 
     </span>
    </p>
   </div>
   <div class='ocr_carea' id='block_1_109' title="bbox 1999 4706 3638 4858">
    <p class='ocr_par' dir='ltr' id='par_1_109' title="bbox 1999 4706 3638 4858">
     <span class='ocr_line' id='line_1_109' title="bbox 1999 4706 3637 4796; baseline -0.01 -17"><span class='ocrx_word' id='word_1_762' title='bbox 1999 4717 2192 4796; x_wconf 74' lang='lat' dir='ltr'><strong>fuerit</strong></span> <span class='ocrx_word' id='word_1_763' title='bbox 2223 4713 2469 4791; x_wconf 79' lang='lat' dir='ltr'><strong>ejusque</strong></span> <span class='ocrx_word' id='word_1_764' title='bbox 2481 4714 2725 4771; x_wconf 71' lang='lat' dir='ltr'><strong>nescius</strong></span> <span class='ocrx_word' id='word_1_765' title='bbox 2734 4708 2933 4785; x_wconf 81' lang='lat' dir='ltr'><strong>factus</strong></span> <span class='ocrx_word' id='word_1_766' title='bbox 2954 4708 3031 4768; x_wconf 83' lang='lat' dir='ltr'><strong>sit</strong></span> <span class='ocrx_word' id='word_1_767' title='bbox 3046 4711 3182 4785; x_wconf 85' lang='lat' dir='ltr'><strong>part</strong></span> <span class='ocrx_word' id='word_1_768' title='bbox 3193 4706 3598 4784; x_wconf 75' lang='lat' dir='ltr'><strong>icepa,respon</strong></span> <span class='ocrx_word' id='word_1_769' title='bbox 3611 4736 3637 4747; x_wconf 89' lang='lat'><strong>-</strong></span> 
     </span>
     <span class='ocr_line' id='line_1_110' title="bbox 1999 4760 3638 4858; baseline -0.009 1"><span class='ocrx_word' id='word_1_770' title='bbox 1999 4797 2175 4858; x_wconf 91' lang='lat' dir='ltr'><strong>detur</strong></span> <span class='ocrx_word' id='word_1_771' title='bbox 2199 4760 2613 4858; x_wconf 70' lang='lat' dir='ltr'><strong>baptizandum</strong></span> <span class='ocrx_word' id='word_1_772' title='bbox 2676 4807 2808 4849; x_wconf 90' lang='lat' dir='ltr'><strong>eum</strong></span> <span class='ocrx_word' id='word_1_773' title='bbox 2843 4805 2996 4858; x_wconf 86' lang='lat' dir='ltr'><strong>esse,</strong></span> <span class='ocrx_word' id='word_1_774' title='bbox 3028 4794 3231 4858; x_wconf 90' lang='lat' dir='ltr'><strong>utpote</strong></span> <span class='ocrx_word' id='word_1_775' title='bbox 3252 4803 3286 4843; x_wconf 90' lang='lat' dir='ltr'><strong>a</strong></span> <span class='ocrx_word' id='word_1_776' title='bbox 3316 4782 3436 4845; x_wconf 91' lang='lat' dir='ltr'><strong>Deo</strong></span> <span class='ocrx_word' id='word_1_777' title='bbox 3461 4800 3638 4845; x_wconf 87' lang='lat' dir='ltr'><strong>voca-</strong></span> 
     </span>
    </p>
   </div>
   <div class='ocr_carea' id='block_1_110' title="bbox 2002 4804 3642 4943">
    <p class='ocr_par' dir='ltr' id='par_1_110' title="bbox 2002 4804 3642 4943">
     <span class='ocr_line' id='line_1_111' title="bbox 2002 4804 3638 4932; baseline -0.009 -73"><span class='ocrx_word' id='word_1_778' title='bbox 2002 4804 2175 4858; x_wconf 90' lang='lat' dir='ltr'><strong>detur</strong></span> <span class='ocrx_word' id='word_1_779' title='bbox 2200 4804 2613 4932; x_wconf 47' lang='lat' dir='ltr'><strong>betptlzanuum</strong></span> <span class='ocrx_word' id='word_1_780' title='bbox 2676 4807 2808 4849; x_wconf 89' lang='lat' dir='ltr'><strong>eum</strong></span> <span class='ocrx_word' id='word_1_781' title='bbox 2843 4805 2996 4859; x_wconf 85' lang='lat' dir='ltr'><strong>esse,</strong></span> <span class='ocrx_word' id='word_1_782' title='bbox 3028 4804 3231 4876; x_wconf 79' lang='lat' dir='ltr'><strong>utpme</strong></span> <span class='ocrx_word' id='word_1_783' title='bbox 3252 4804 3286 4843; x_wconf 90' lang='lat' dir='ltr'><strong>a</strong></span> <span class='ocrx_word' id='word_1_784' title='bbox 3317 4804 3436 4845; x_wconf 86' lang='lat' dir='ltr'><strong>ueo</strong></span> <span class='ocrx_word' id='word_1_785' title='bbox 3461 4804 3638 4845; x_wconf 86' lang='lat' dir='ltr'><strong>voca-</strong></span> 
     </span>
     <span class='ocr_line' id='line_1_112' title="bbox 2002 4869 3642 4943; baseline -0.009 -6"><span class='ocrx_word' id='word_1_786' title='bbox 2002 4886 2150 4937; x_wconf 88' lang='lat' dir='ltr'><strong>tum.</strong></span> <span class='ocrx_word' id='word_1_787' title='bbox 2173 4874 2251 4934; x_wconf 90' lang='lat' dir='ltr'><strong>Se</strong></span> <span class='ocrx_word' id='word_1_788' title='bbox 2314 4888 2448 4933; x_wconf 85' lang='lat' dir='ltr'><strong>cum</strong></span> <span class='ocrx_word' id='word_1_789' title='bbox 2475 4872 2705 4931; x_wconf 85' lang='lat' dir='ltr'><strong>ratione</strong></span> <span class='ocrx_word' id='word_1_790' title='bbox 2727 4869 3147 4929; x_wconf 75' lang='lat' dir='ltr'><strong>Constitutoris</strong></span> <span class='ocrx_word' id='word_1_791' title='bbox 3167 4883 3240 4925; x_wconf 87' lang='lat' dir='ltr'><strong>ne</strong></span> <span class='ocrx_word' id='word_1_792' title='bbox 3270 4870 3642 4943; x_wconf 80' lang='lat' dir='ltr'><strong>contemptor</strong></span> 
     </span>
    </p>
   </div>
   <div class='ocr_carea' id='block_1_111' title="bbox 1998 4943 3635 5028">
    <p class='ocr_par' dir='ltr' id='par_1_111' title="bbox 1998 4943 3635 5028">
     <span class='ocr_line' id='line_1_113' title="bbox 1998 4943 3635 5028; baseline -0.009 -9"><span class='ocrx_word' id='word_1_793' title='bbox 1998 4961 2192 5025; x_wconf 74' lang='lat' dir='ltr'><strong>exeat,</strong></span> <span class='ocrx_word' id='word_1_794' title='bbox 2226 4949 2497 5028; x_wconf 87' lang='lat' dir='ltr'><strong>congruit</strong></span> <span class='ocrx_word' id='word_1_795' title='bbox 2521 4968 2710 5011; x_wconf 86' lang='lat' dir='ltr'><strong>canon</strong></span> <span class='ocrx_word' id='word_1_796' title='bbox 2742 4949 2819 5009; x_wconf 82' lang='grc'><strong>57</strong></span> <span class='ocrx_word' id='word_1_797' title='bbox 2850 4945 3059 5028; x_wconf 81' lang='lat' dir='ltr'><strong>synodi</strong></span> <span class='ocrx_word' id='word_1_798' title='bbox 3085 4943 3398 5028; x_wconf 55' lang='lat' dir='ltr'><strong>fl‘oletanag</strong></span> <span class='ocrx_word' id='word_1_799' title='bbox 3425 4959 3635 5021; x_wconf 86' lang='lat' dir='ltr'><strong>1v,quo</strong></span> 
     </span>
    </p>
   </div>
   <div class='ocr_carea' id='block_1_112' title="bbox 1999 5022 3631 5117">
    <p class='ocr_par' dir='ltr' id='par_1_112' title="bbox 1999 5022 3631 5117">
     <span class='ocr_line' id='line_1_114' title="bbox 1999 5022 3631 5117; baseline -0.01 -18"><span class='ocrx_word' id='word_1_800' title='bbox 1999 5022 2439 5098; x_wconf 57' lang='lat' dir='ltr'><strong>decernitur&#39;ut</strong></span> <span class='ocrx_word' id='word_1_801' title='bbox 2462 5029 2658 5117; x_wconf 70' lang='lat' dir='ltr'><strong>Judaei</strong></span> <span class='ocrx_word' id='word_1_802' title='bbox 2674 5022 2904 5117; x_wconf 75' lang='lat' dir='ltr'><strong>quiper</strong></span> <span class='ocrx_word' id='word_1_803' title='bbox 2926 5022 3358 5117; x_wconf 58' lang='lat' dir='ltr'><strong>vimmbaptizati</strong></span> <span class='ocrx_word' id='word_1_804' title='bbox 3372 5022 3631 5117; x_wconf 72' lang='lat' dir='ltr'><strong>fuerant,</strong></span> 
     </span>
    </p>
   </div>
   <div class='ocr_carea' id='block_1_113' title="bbox 1998 5103 3639 5199">
    <p class='ocr_par' dir='ltr' id='par_1_113' title="bbox 1998 5103 3639 5199">
     <span class='ocr_line' id='line_1_115' title="bbox 1998 5103 3639 5199; baseline -0.009 -21"><span class='ocrx_word' id='word_1_805' title='bbox 1998 5117 2251 5199; x_wconf 88' lang='lat' dir='ltr'><strong>aliisque</strong></span> <span class='ocrx_word' id='word_1_806' title='bbox 2306 5103 2707 5199; x_wconf 74' lang='lat' dir='ltr'><strong>sacramentis</strong></span> <span class='ocrx_word' id='word_1_807' title='bbox 2756 5103 2983 5199; x_wconf 83' lang='lat' dir='ltr'><strong>donati,</strong></span> <span class='ocrx_word' id='word_1_808' title='bbox 3028 5103 3428 5199; x_wconf 71' lang='lat' dir='ltr'><strong>Christianam</strong></span> <span class='ocrx_word' id='word_1_809' title='bbox 3483 5103 3639 5196; x_wconf 75' lang='lat' dir='ltr'><strong>reli-</strong></span> 
     </span>
    </p>
   </div>
   <div class='ocr_carea' id='block_1_114' title="bbox 1996 5184 3639 5276">
    <p class='ocr_par' dir='ltr' id='par_1_114' title="bbox 1996 5184 3639 5276">
     <span class='ocr_line' id='line_1_116' title="bbox 1996 5184 3639 5276; baseline -0.008 -19"><span class='ocrx_word' id='word_1_810' title='bbox 1996 5184 2232 5276; x_wconf 83' lang='lat' dir='ltr'><strong>gioném</strong></span> <span class='ocrx_word' id='word_1_811' title='bbox 2263 5191 2525 5254; x_wconf 88' lang='lat' dir='ltr'><strong>retinere</strong></span> <span class='ocrx_word' id='word_1_812' title='bbox 2581 5197 2888 5276; x_wconf 80' lang='lat' dir='ltr'><strong>cogantur,</strong></span> <span class='ocrx_word' id='word_1_813' title='bbox 2940 5184 3014 5249; x_wconf 78' lang='lat' dir='ltr'><strong>ne</strong></span> <span class='ocrx_word' id='word_1_814' title='bbox 3087 5202 3305 5248; x_wconf 82' lang='lat' dir='ltr'><strong>nomen</strong></span> <span class='ocrx_word' id='word_1_815' title='bbox 3361 5184 3639 5276; x_wconf 65' lang='lat' dir='ltr'><strong>divinum</strong></span> 
     </span>
    </p>
   </div>
   <div class='ocr_carea' id='block_1_115' title="bbox 1998 5264 3642 5357">
    <p class='ocr_par' dir='ltr' id='par_1_115' title="bbox 1998 5264 3642 5357">
     <span class='ocr_line' id='line_1_117' title="bbox 1998 5264 3642 5357; baseline -0.009 -17"><span class='ocrx_word' id='word_1_816' title='bbox 1998 5264 2553 5357; x_wconf 60' lang='lat' dir='ltr'><strong>Elasphemetur,_e_t</strong></span> <span class='ocrx_word' id='word_1_817' title='bbox 2596 5264 2742 5357; x_wconf 65' lang='lat' dir='ltr'><strong>[idea</strong></span> <span class='ocrx_word' id='word_1_818' title='bbox 2787 5285 2990 5357; x_wconf 54' lang='lat' dir='ltr'><strong>quam</strong></span> <span class='ocrx_word' id='word_1_819' title='bbox 3025 5271 3425 5346; x_wconf 81' lang='lat' dir='ltr'><strong>susceperunt</strong></span> <span class='ocrx_word' id='word_1_820' title='bbox 3493 5264 3642 5325; x_wconf 77' lang='lat' dir='ltr'><strong>vitis</strong></span> 
     </span>
    </p>
   </div>
   <div class='ocr_carea' id='block_1_116' title="bbox 1996 5346 3091 5431">
    <p class='ocr_par' dir='ltr' id='par_1_116' title="bbox 1996 5346 3091 5431">
     <span class='ocr_line' id='line_1_118' title="bbox 1996 5346 3091 5431; baseline -0.01 -10"><span class='ocrx_word' id='word_1_821' title='bbox 1996 5376 2069 5421; x_wconf 88' lang='lat' dir='ltr'><strong>ac</strong></span> <span class='ocrx_word' id='word_1_822' title='bbox 2098 5346 2571 5431; x_wconf 72' lang='lat' dir='ltr'><strong>contemptibilis</strong></span> <span class='ocrx_word' id='word_1_823' title='bbox 2596 5346 2922 5431; x_wconf 63' lang='lat' dir='ltr'><strong>habeatur.</strong></span> <span class='ocrx_word' id='word_1_824' title='bbox 2949 5346 3091 5431; x_wconf 77' lang='lat' dir='ltr'><strong>cor.</strong></span> 
     </span>
    </p>
   </div>
   <div class='ocr_carea' id='block_1_117' title="bbox 2081 5422 3635 5518">
    <p class='ocr_par' dir='ltr' id='par_1_117' title="bbox 2081 5422 3635 5518">
     <span class='ocr_line' id='line_1_119' title="bbox 2081 5422 3635 5518; baseline -0.005 -25"><span class='ocrx_word' id='word_1_825' title='bbox 2081 5422 2532 5518; x_wconf 61' lang='lat' dir='ltr'><strong>(61)_”1-:§vcmg.</strong></span> <span class='ocrx_word' id='word_1_826' title='bbox 2563 5430 2623 5491; x_wconf 89' lang='grc'><strong>’0</strong></span> <span class='ocrx_word' id='word_1_827' title='bbox 2646 5432 2836 5518; x_wconf 56' lang='grc' dir='ltr'>ἕτίσας</span> <span class='ocrx_word' id='word_1_828' title='bbox 2870 5429 2933 5491; x_wconf 91' lang='lat' dir='ltr'><strong>in</strong></span> <span class='ocrx_word' id='word_1_829' title='bbox 2964 5428 3153 5490; x_wconf 90' lang='lat' dir='ltr'><strong>altero</strong></span> <span class='ocrx_word' id='word_1_830' title='bbox 3204 5423 3340 5488; x_wconf 88' lang='lat' dir='ltr'><strong>cod.</strong></span> <span class='ocrx_word' id='word_1_831' title='bbox 3372 5422 3635 5487; x_wconf 84' lang='lat' dir='ltr'><strong>Vindob.</strong></span> 
     </span>
    </p>
   </div>
   <div class='ocr_carea' id='block_1_118' title="bbox 1998 5510 2822 5600">
    <p class='ocr_par' dir='ltr' id='par_1_118' title="bbox 1998 5510 2822 5600">
     <span class='ocr_line' id='line_1_120' title="bbox 1998 5510 2822 5600; baseline -0.013 -19"><span class='ocrx_word' id='word_1_832' title='bbox 1998 5526 2057 5582; x_wconf 91' lang='lat' dir='ltr'><strong>et</strong></span> <span class='ocrx_word' id='word_1_833' title='bbox 2088 5510 2328 5600; x_wconf 77' lang='lat' dir='ltr'><strong>quidem</strong></span> <span class='ocrx_word' id='word_1_834' title='bbox 2354 5512 2602 5600; x_wconf 81' lang='lat' dir='ltr'><strong>rectius.</strong></span> <span class='ocrx_word' id='word_1_835' title='bbox 2638 5510 2822 5600; x_wconf 61' lang='lat' dir='ltr'><strong>Casa.</strong></span> 
     </span>
    </p>
   </div>
   <div class='ocr_carea' id='block_1_119' title="bbox 2079 5587 3363 5678">
    <p class='ocr_par' dir='ltr' id='par_1_119' title="bbox 2079 5587 3363 5678">
     <span class='ocr_line' id='line_1_121' title="bbox 2079 5587 3363 5678; baseline -0.009 -22"><span class='ocrx_word' id='word_1_836' title='bbox 2079 5587 2215 5678; x_wconf 56' lang='lat'><strong>(&#39;62)</strong></span> <span class='ocrx_word' id='word_1_837' title='bbox 2241 5594 2681 5675; x_wconf 72' lang='grc' dir='ltr'>Προευτρέπιοας.</span> <span class='ocrx_word' id='word_1_838' title='bbox 2722 5591 2884 5654; x_wconf 89' lang='lat' dir='ltr'><strong>ldem</strong></span> <span class='ocrx_word' id='word_1_839' title='bbox 2911 5589 3245 5669; x_wconf 72' lang='grc' dir='ltr'>εὐτρέπισας.</span> <span class='ocrx_word' id='word_1_840' title='bbox 3278 5587 3363 5651; x_wconf 81' lang='lat' dir='ltr'><strong>In.</strong></span> 
     </span>
    </p>
   </div>
  </div>
