4042 6208
314 209 473 273 1065
1125 202 1786 269 CONSTITUTIONES
1826 198 2333 265 APOSTOLICAI.
2365 233 2447 249 --
2477 203 2623 265 LIB.
2670 202 2832 281 VIII.
3527 205 3681 285 1066

312 344 527 416 κακίαν,
576 341 611 409 ἢ
643 340 957 419 ὖγκράτειαν
1001 340 1241 415 ἔννομον.
1283 340 1378 397 Καὶ
1427 338 1526 417 γὰρ
1582 340 1669 395 καὶ
1730 340 1955 401 Μωϋσῆς

2054 330 2397 412 pientias,vel
2426 334 2696 397 scientiae
2722 334 2772 410 ⁸,
2801 344 2902 397 aut
2922 337 3216 400 rationem
3242 339 3683 404 discernenda-

313 434 343 488 6
390 436 482 487 τοῦ
513 435 647 487 Θεοῦ
699 427 995 508 ἄνθρωπος,
1057 427 1113 484 ἰν
1155 428 1405 505 Αἰγύπτῳ
1462 424 1721 483 ἐπιτελῶν
1748 426 1815 483 τὰ
1856 447 1963 493 ση-

2054 439 2175 482 rum
2200 423 2648 505 spirituum,aut
2664 424 3189 506 pracognitiouem
3218 428 3686 504 futurorum,aut

317 532 477 597 μετα,
511 520 571 576 ού
612 517 923 595 κατεπήρθη
968 522 1074 574 τῶν
1105 514 1413 596 ὁμοφύλων·
1446 517 1535 571 καὶ
1562 516 1680 579 θεὸς
1726 514 1963 595 κληθεὶς,

317 612 417 667 οὐκ
474 606 867 680 ⁷Ῐιλαζξονιιύσατο
912 606 1047 685 μετὰ
1087 613 1181 662 του
1228 603 1358 661 ἰδίου
1417 605 1691 684 προφήτου
1734 601 1961 683 Ἀαρών,

316 696 472 756 Ἀλλ’
534 696 652 754 οὔτε
714 699 741 753 6
772 703 865 753 τοῦ
932 700 1080 758 Ναυῆ
1154 693 1384 767 Ἰησοῦς,
1444 694 1788 773 ἡγησάμενος
1846 691 1964 767 μετ’

322 789 487 845 αὐτὸν
515 792 608 843 τοῦ
636 783 794 860 λαοῦ,
828 784 927 842 κᾶν
977 791 1053 859 τῷ
1084 785 1215 864 πρὸς
1266 788 1389 845 τους
1430 779 1740 847 ἰεϐουσίους
1797 781 1967 839 πολέ-

320 899 410 953 μῳ
440 878 644 947 στήσας
682 880 773 932 τὸν
816 873 970 942 ἥλιον
1002 875 1143 931 κατὰ
1192 870 1438 952 Γαϐαὼν,
1487 873 1576 929 καὶ
1608 872 1705 940 τὴν
1735 871 1967 941 σελήνην

318 965 458 1023 κατὰ
490 964 739 1045 φάραγγα
770 961 970 1039 Αίλὼν,
1024 960 1108 1018 διὰ
1163 962 1227 1017 τὸ
1282 962 1361 1037 μὴ
1393 964 1676 1040 αὐταρκεῖν
1705 962 1836 1039 πρὸς
1866 960 1966 1027 τὴν

316 1054 474 1122 νίκην
527 1054 624 1122 τὴν
682 1051 911 1132 ὴμέραν,
958 1052 1163 1131 ἐπήρθη
1207 1052 1345 1108 κατὰ
1400 1057 1492 1107 τοῦ
1519 1050 1739 1129 Φυνεές,
1782 1050 1818 1119 ἢ
1873 1057 1967 1107 τοῦ

318 1141 525 1206 Χαλέϐ,
584 1142 716 1200 Οὔτε
774 1141 1055 1216 Σαμουὴλ,
1117 1149 1345 1199 τοσαῦτα
1392 1138 1657 1219 παράδοξα
1712 1141 1964 1223 ποιήσας,

316 1231 447 1311 παρ’
482 1228 629 1288 οὐδὲν
658 1231 903 1308 ἡγήσατο
951 1232 1044 1286 τὸν
1090 1227 1311 1309 θεοφιλῆ
1347 1226 1505 1285 Δαόίδ
1537 1247 1553 1264 ·
1599 1231 1689 1287 καί
1716 1252 1797 1287 τοι
1854 1230 1965 1307 ἆμ-

317 1321 534 1401 φότεροι
581 1325 849 1401 προφῆται
884 1335 898 1349 ⁸
957 1320 1046 1376 καὶ
1102 1321 1131 1375 6
1162 1319 1284 1393 μὲν,
1318 1318 1599 1399 ἀρχιερεὺς
1633 1318 1785 1401 (78),
1826 1322 1853 1377 6
1883 1317 1964 1399 δὲ,

315 1408 593 1487 βασιλεύς.
631 1411 730 1467 Καὶ
761 1407 896 1466 ἑπτὰ
926 1405 1186 1489 χιλιάδων
1238 1409 1597 1488 ὑπαρχουσῶν
1641 1410 1696 1465 ἄν
1751 1409 1968 1487 Ἰσραὴλ

318 1500 511 1580 ἁγίων,
571 1504 676 1555 τῶν
728 1498 807 1574 μή
876 1497 1207 1573 καμψάντων
1276 1497 1402 1574 γόνυ
1453 1503 1520 1575 τῇ
1578 1498 1747 1577 Βάαλ,
1807 1499 1967 1575 μόνος

319 1588 508 1653 Ἠλίας
576 1590 634 1644 ὶν
699 1586 909 1661 αὐτοῖς,
970 1587 1059 1642 καὶ
1138 1588 1166 1641 6
1237 1586 1424 1642 τούτου
1479 1588 1723 1662 μαθητὴς
1780 1586 1988 1662 Ἐλισέ

2049 529 2384 576 sermonem
2409 522 2608 594 aptum
2631 514 2703 575 ad
2726 513 3193 595 docendum,aut
3216 519 3683 599 patientiam,aut

2050 602 2475 665 continentiam
2496 602 2844 683 legitimam.
2860 602 3094 664 Etenim
3116 608 3340 685 Moyses
3356 607 3534 670 homo
3551 609 3681 690 Dei,

2050 712 2184 754 cum
2219 695 2277 755 in
2306 694 2551 775 Egypto
2576 696 2747 775 signa
2778 695 3115 776 perﬁceret,
3152 715 3271 757 non
3302 716 3368 759 se
3397 697 3457 759 in
3491 718 3683 781 popu-

2051 782 2206 845 lares
2227 802 2370 846 suos
2400 784 2895 865 extulit;cumque
2918 784 3069 846 deus
3091 785 3429 865 appellatus
3451 787 3681 862 fuisset;

2050 892 2166 934 non
2192 873 2519 955 superbivit
2536 873 2597 935 in
2620 892 2792 934 suum
2818 874 3163 953 prophetam
3189 878 3485 938 Aaronem
3508 880 3685 942 5.Sed

2050 971 2105 1023 et
2134 964 2305 1025 Jesus
2334 962 2507 1025 Navae
2537 962 2719 1035 filius,
2753 962 2854 1042 qui
2887 972 3019 1040 post
3051 964 3310 1044 Moysem
3342 965 3552 1028 ductor
3581 968 3689 1030 fuit

2049 1052 2552 1133 populi,quamvis
2576 1051 2638 1112 in
2662 1050 2819 1112 bello
2844 1049 3160 1112 adversum
3190 1051 3687 1137 Jebusmos,quod

2050 1158 2169 1202 non
2199 1143 2501 1204 sutliceret
2524 1141 2649 1202 dies
2669 1141 2740 1201 ad
2768 1140 3091 1217 victoriam,
3119 1142 3305 1202 solem
3338 1144 3597 1207 stetisset
3617 1146 3691 1209 ad

2052 1231 2418 1307 Gabaonem,
2446 1240 2500 1292 et
2522 1230 2721 1291 lunam
2744 1230 2815 1290 ad
2838 1229 3049 1291 vallem
3082 1230 3393 1292 Aialonem
3417 1254 3433 1315 ;
3459 1252 3576 1295 non
3597 1243 3690 1297 ta-

2054 1338 2190 1381 men
2216 1319 2274 1379 in
2312 1320 2594 1382 Phineem
2640 1326 2739 1380 aut
2770 1317 3099 1380 Chalebum
3134 1322 3476 1399 arrogantia
3507 1324 3693 1387 elatus

2051 1416 2141 1470 est
2162 1406 2190 1450 ‘
2223 1407 2447 1489 .Neque
2471 1407 2941 1489 Samuel,quitot
2966 1409 3111 1469 mira
3123 1420 3179 1470 et
3201 1408 3506 1491 inopinata
3527 1414 3689 1488 fecit,

2053 1498 2214 1578 pium
2244 1517 2312 1560 ac
2342 1501 2463 1561 Deo
2496 1498 2745 1560 charum
2784 1497 3068 1560 Davidem
3119 1498 3292 1561 nihili
3341 1499 3550 1563 duxit:
3585 1504 3692 1566 sed

2049 1586 2225 1649 ambo
2250 1596 2420 1649 erant
2452 1587 2756 1668 propheta:
2781 1608 2797 1663 ;
2820 1595 2878 1650 et
2907 1586 3009 1648 ille
3031 1587 3274 1669 quidem
3300 1590 3693 1673 pontifex,hic

317 1691 477 1742 σαῐος
534 1678 918 1754 θαυματοποιοὶ
1001 1674 1316 1754 γεγένηνται
1350 1690 1365 1703 ⁸
1422 1673 1542 1732 ἀλλ’
1605 1676 1725 1735 οὔτε
1782 1675 1967 1741 Ἠλίας

2054 1695 2191 1737 vero
2222 1693 2351 1740 rex.
2388 1680 2459 1739 Et
2487 1694 2621 1737 cum
2654 1676 2713 1737 in
2742 1675 2964 1737 Israele
2999 1685 3202 1738 essent
3231 1686 3458 1759 septem
3510 1680 3695 1743 millia

318 1768 412 1823 τὸν
511 1765 791 1843 οἰκονόμον
884 1761 1094 1822 Ἀϐδιοὺ
1193 1763 1592 1842 ἑξεμυκτήρισε,
1704 1765 1967 1847 φοϐούμε-

319 1878 410 1915 νον
472 1858 575 1934 μὶν
631 1858 724 1913 τὸν
798 1855 952 1929 Θεὸν,
1016 1858 1077 1913 οὒ
1127 1861 1380 1912 ποιοῦντα
1451 1853 1505 1911 δὲ
1551 1869 1757 1933 σημεῖα
1789 1873 1805 1888 ⁸
1852 1856 1969 1913 οὔτε

320 1942 645 2011 Ἐλισσαῖος³
692 1946 785 2001 τὸν
839 1944 1025 2000 ἑαυτοῦ
1073 1943 1320 2019 μαθητὴν
1378 1945 1654 2023 φρίττοντα
1686 1946 1807 2009 τοὺς
1863 1968 1970 2003 πο-

320 2034 540 2113 λεμίους
593 2033 887 2114 ὑπερεῖδεν.
951 2031 1118 2090 Ἀλλὰ
1176 2034 1276 2113 γὰρ
1350 2033 1470 2091 οὗτε
1535 2036 1737 2103 Δανιὴλ
1790 2038 1819 2092 6
1870 2057 1969 2093 σο-

320 2127 448 2205 φὸς,
507 2126 705 2204 ῥυσθεὶς
761 2121 1000 2204 δεύτερον
1059 2122 1117 2178 ὲκ
1177 2123 1445 2198 στόματος
1520 2123 1775 2199 λεόντων,
1851 2125 1969 2183 οὕτε

325 2216 372 2272 οἱ
402 2229 551 2295 τρεῖς
583 2212 774 2277 παῖδες
828 2212 888 2268 ἐκ
936 2210 1166 2289 καμίναυ
1209 2213 1398 2290 πυρὸς,
1444 2210 1791 2277 ἰξουδένωσαν
1850 2216 1968 2279 τοὺς

320 2302 548 2369 λοιποὺς
600 2311 708 2361 τῶν
765 2300 1073 2382 ὁμοφύλων.
1151 2298 1467 2358 Ἦπίσταντο
1510 2303 1609 2381 γὰρ
1654 2303 1736 2359 ὅτι
1792 2303 1852 2359 ού
1901 2309 1971 2380 τῇ

322 2396 496 2466 οἰκείᾳ
539 2392 753 2470 δυνάμει
798 2390 1165 2471 περιεγένοντο
1220 2397 1328 2446 τῶν
1382 2387 1587 2465 δεινῶν,
1620 2389 1757 2448 ἀλλὰ
1780 2399 1849 2470 τῇ
1878 2399 1970 2450 τοῦ

321 2492 458 2544 Θεοῦ
487 2485 665 2564 ἰσχύϊ,
731 2484 815 2537 καὶ
873 2493 1080 2557 σημεῖα
1128 2478 1432 2555 ἰπετὲλουν,
1483 2482 1571 2538 καὶ
1630 2482 1734 2538 τῶν
1777 2480 1968 2563 δυσχε-

323 2577 432 2653 ρῶν
476 2571 906 2639 ἀπηλλάττοντο.
969 2569 1167 2627 Οὐκοῦν
1235 2568 1421 2644 μηδεῖς
1477 2569 1629 2646 ὑμῶν
1676 2570 1969 2651 ἰπαιρέσθω

320 2664 462 2721 κατὰ
516 2669 608 2719 τοῦ
659 2659 909 2741 ἀδελφοῦ,
968 2657 1065 2716 κᾶν
1126 2657 1408 2739 προφήτης
1450 2659 1511 2736 ᾗ,
1560 2658 1657 2716 κᾶν
1696 2664 1969 2737 θαυματο-

322 2752 505 2817 ποιός.
567 2752 627 2809 Ei.
684 2753 784 2829 γὰρ
841 2747 967 2825 δοθῇ
1026 2746 1220 2822 μηκὲτι
1278 2747 1424 2804 εἶναί
1468 2771 1570 2806 που
1600 2747 1844 2832 ἄπιστον,
1877 2772 1971 2808 πε-

224 2918 227 2919 ρ
320 2844 476 2924 ριττὴ
500 2840 690 2898 λοιπὸν
743 2839 889 2895 ἔσται
932 2844 1079 2894 πᾶσι
1136 2838 1373 2913 σημείων
1428 2837 1689 2917 ὶνέργεια,
1747 2842 1817 2898 Τὸ
1873 2840 1970 2917 μὶν

319 2934 426 3012 γὰρ
456 2935 596 2988 εἶναι
626 2926 818 2995 εύσεὸἦ
847 2946 866 2999 ς
893 2929 955 2982 εκ
983 2929 1080 2994 τῆς
1103 2936 1197 2985 τοῦ
1223 2946 1365 2988 τινος
1394 2926 1620 2992 εύνοίας⁸
1654 2930 1715 2983 τὸ
1748 2924 1802 2983 δὲ
1844 2931 1967 2985 θαυ-

2053 1765 2535 1843 sanctorum,qui
2564 1783 2684 1826 non
2705 1774 3094 1827 curvaverant
3116 1784 3272 1845 genu
3294 1768 3454 1829 Baali
3473 1769 3560 1820 5-6
3583 1793 3598 1851 ;
3624 1790 3693 1832 ex

2052 1853 2195 1935 ipsis
2229 1857 2392 1916 solus
2416 1853 2598 1929 Elias,
2624 1854 2873 1935 ejusque
2896 1854 3228 1935 discipulus
3249 1854 3497 1920 Elisaaus
3519 1862 3695 1923 mira-

2053 1943 2325 2005 culorum
2359 1944 2671 2005 eﬂ‘ectores
2700 1943 2979 2008 fuerunt:
3014 1963 3132 2006 non
3164 1952 3368 2008 tamen
3402 1946 3559 2011 Elias
3584 1950 3695 2013 de-

2056 2033 2188 2095 risit
2202 2032 2459 2096 Abdiam
2485 2034 3206 2107 acconomumJimentem
3222 2033 3462 2117 quidem
3481 2040 3692 2118 Deum,

2053 2134 2112 2185 at
2134 2124 2302 2202 signa
2324 2142 2442 2184 non
2464 2121 2781 2184 facientem
2806 2143 2823 2204 ;
2852 2142 3045 2204 neque
3065 2122 3316 2187 Elisaeus
3336 2125 3695 2208 discipulum

2053 2231 2225 2274 suum
2248 2214 2450 2275 hostes
2472 2213 3032 2293 perhorrescentem
3048 2213 3508 2295 despexit'LSed
3534 2218 3695 2280 enim

2056 2322 2253 2385 neque
2280 2301 2521 2384 sapiens
2553 2302 2785 2371 Daniel,
2813 2303 2906 2364 his
2928 2322 2997 2365 ex
3029 2323 3135 2366 ore
3165 2307 3402 2366 leonum
3431 2316 3696 2388 ereptus,

2054 2410 2252 2474 neque
2284 2404 2407 2454 tres
2439 2392 2609 2472 pueri
2641 2392 2889 2472 exiguis
2918 2392 3158 2455 fornace
3188 2393 3426 2456 liberati
3443 2396 3498 2473 8,
3523 2396 3702 2468 nihili

2051 2481 2606 2562 feceruntreliquos
2629 2499 2751 2542 suae
2772 2481 2972 2561 gentis
2993 2480 3292 2547 homines.
3319 2484 3606 2548 Sciebant
3626 2506 3693 2550 e-

2057 2572 2176 2632 nim
2211 2590 2277 2633 se
2326 2590 2445 2633 non
2495 2570 2625 2632 suis
2678 2569 2905 2634 viribus
2955 2572 3221 2652 pericula
3271 2575 3553 2652 evasisse,
3588 2576 3693 2639 sed

2054 2660 2162 2722 Dei
2193 2663 2406 2723 virtute
2436 2679 2573 2723 cum
2600 2660 2770 2740 signa
2793 2660 3122 2741 peregisse,
3151 2670 3273 2723 tum
3302 2664 3376 2724 ab
3405 2665 3698 2745 angusttis

2053 2751 2240 2812 fuisse
2300 2758 2587 2812 servatos.
2624 2753 2829 2830 Itaque
2885 2768 3061 2811 nemo
3110 2759 3397 2826 vestrum,
3432 2754 3572 2816 licet
3619 2756 3698 2817 sit

2056 2843 2369 2921 propheta,
2395 2840 2535 2901 licet
2569 2839 2992 2905 miraculorum
3020 2847 3395 2919 operator,se
3411 2842 3695 2907 adversus

2056 2931 2295 2992 fratrem
2329 2929 2595 2994 extollat.
2627 2929 2690 2992 Si
2722 2929 2883 2989 enim
2929 2928 2987 2990 id
3021 2928 3217 3003 detur,
3243 2938 3308 2991 ut
3338 2931 3537 2993 nullus
3558 2952 3691 2995 am—

322 3033 670 3101 ματοποιεϊν,
727 3017 786 3074 ἑκ
840 3022 939 3085 τῆς
996 3022 1091 3072 τοῦ
1122 3014 1459 3095 ἒνεργοῦντος
1508 3013 1779 3093 δυνάμεως
1814 3035 1830 3050 ⁸
1892 3022 1966 3075 ὧν

2054 3023 2204 3103 ptius
2249 3019 2328 3081 sit
2376 3018 2659 3091 inﬁdelis,
2695 3018 2998 3098 superflua
3047 3018 3332 3099 deinceps
3360 3022 3473 3083 erit
3500 3023 3696 3085 omnis

318 3115 379 3170 16
414 3111 513 3189 μὲν
556 3113 765 3190 πρῶτον
810 3108 955 3180 ἡμᾶς
1004 3107 1190 3169 αὖτοὺς
1222 3107 1343 3183 δρᾷ,
1386 3126 1448 3162 το
1480 3103 1533 3161 δὲ
1564 3103 1801 3186 δεύτερον
1835 3109 1965 3164 Θεὸν

317 3204 415 3259 τὸν
460 3201 799 3279 ὶνεργοῦντα,
852 3194 920 3251 δι’
970 3194 1031 3260 ἃς
1103 3197 1428 3274 προείπομεν
1496 3198 1692 3263 αἰτίας.
1767 3197 1963 3256 Οὐκοῦν

319 3292 463 3369 μήτε
513 3286 757 3366 βασιλεὺς
796 3283 1128 3352 ἒξουθενειτω
1184 3286 1304 3347 τοὺς
1365 3282 1455 3342 ὑπ’
1509 3288 1669 3345 αὐτὸν
1725 3308 1963 3367 στρατη-

315 3381 446 3460 γούς
483 3398 499 3411 ⁸
560 3381 699 3456 μήτε
735 3377 992 3456 ἄρχοντες
1025 3376 1144 3440 τοὺς
1203 3374 1500 3441 ὑπηκόους.
1536 3376 1625 3444 Μὴ
1670 3374 1839 3433 ὄντων
1868 3378 1968 3457 γὰρ

323 3478 438 3529 τῶν
472 3468 814 3549 ἀρχομένων,
849 3468 1091 3546 περιττοὶ
1129 3466 1176 3520 οἰ
1222 3460 1482 3545 ἄρχοντες
1518 3483 1530 3496 ⁸
1578 3469 1666 3524 καὶ
1695 3468 1773 3543 μὴ
1804 3463 1968 3523 ὂᾮτων

320 3566 666 3640 στρατηγῶν,
698 3559 757 3614 οὔ
812 3554 1065 3622 στέσηται
1116 3552 1380 3631 βασιλεία.
1440 3553 1607 3613 Ἀλλὰ
1667 3556 1803 3632 μηδὲ
1853 3555 1968 3612 ἆπίο

317 3672 523 3715 σκοπος
582 3647 875 3727 ἱπαιρὲσθω
923 3646 1061 3702 κατὰ
1110 3649 1218 3699 τῶν
1275 3642 1555 3721 διακόνων,
1604 3645 1641 3715 ἢ
1692 3651 1798 3702 τῶν
1829 3667 1965 3725 πρε-

315 3739 585 3815 σϐυτὲρων
611 3757 623 3771 ’
675 3738 813 3815 μήτε
859 3735 968 3811 μὴν
1026 3734 1075 3792 οἱ
1127 3730 1469 3814 πρεσϐύτεροι
1492 3736 1631 3792 κατὰ
1664 3743 1752 3793 τοῦ
1782 3734 1913 3792 λαοῦ
1945 3750 1959 3764 ⁸

315 3830 369 3897 ἆξ
401 3829 654 3899 ἀλλήλων
709 3827 809 3907 γάρ
867 3825 1008 3881 ἐστιν
1063 3825 1098 3892 ἡ
1130 3824 1377 3887 σύστασις
1434 3824 1529 3881 τοῦ
1578 3827 1967 3904 συναθροίσμα-

2047 3110 2356 3187 signorum
2389 3108 2681 3189 operatio.
2728 3107 2966 3171 Etenim
3015 3125 3148 3169 esse
3200 3111 3387 3191 pium,
3422 3129 3491 3171 ex
3539 3110 3694 3174 bona

2052 3200 2386 3280 cujuspiam
2416 3197 2719 3259 voluntate
2745 3197 2980 3279 oritur;
3005 3207 3064 3259 at
3119 3199 3404 3261 miracula
3434 3210 3688 3280 patrare,

2051 3307 2122 3351 ex
2154 3289 2368 3350 virtute
2398 3287 2559 3348 illius
2615 3287 2713 3368 qui
2768 3298 3082 3367 operatur:
3141 3307 3389 3368 quorum
3430 3289 3689 3369 primum

2052 3379 2290 3459 quidem
2324 3395 2434 3437 nos
2464 3375 2626 3456 ipsos
2658 3377 2926 3458 respicit,
2947 3376 3276 3438 secundum
3303 3396 3442 3439 vero
3473 3377 3689 3455 Deum,

2052 3468 2127 3529 ob
2151 3484 2363 3529 causas
2410 3484 2595 3545 supra
2641 3464 2832 3527 dictas
2882 3476 3254 3546 operantem.
3283 3465 3467 3546 Igitur
3495 3487 3691 3550 neque

2051 3556 2377 3635 imperator
2407 3553 2577 3615 nihili
2608 3554 2830 3633 pendat
2871 3555 3171 3616 exercitus
3216 3554 3400 3617 duces
3447 3557 3549 3637 qui
3578 3556 3689 3619 sub

2053 3647 2180 3727 ipso
2204 3653 2341 3705 sunt
2367 3667 2383 3718 ς
2408 3662 2605 3725 neque
2630 3642 2888 3724 praefecti
2910 3661 3012 3706 eos
3034 3645 3135 3724 qui
3153 3643 3299 3724 ipsis
3318 3648 3690 3725 parent.Non

2048 3736 2098 3796 si
2124 3754 2241 3795 non
2273 3734 2390 3793 sint
2419 3733 2635 3813 quibus
2682 3733 3108 3812 praeticiantur,
3134 3736 3488 3812 supervacui
3518 3743 3694 3800 erunt

2052 3822 2315 3905 praefecti
2346 3844 2362 3897 ;
2389 3832 2443 3883 et
2472 3822 2519 3883 si
2546 3840 2663 3881 non
2687 3822 2806 3881 sint
2836 3822 3021 3882 duces
3044 3823 3489 3895 exercitus,non
3514 3825 3696 3887 stabit

311 3944 435 3987 τος.
479 3920 544 3979 Οἵ
589 3940 647 3977 τε
675 3919 777 3997 γὰρ
832 3915 1140 3994 ἰπίσκοποι,
1197 3915 1284 3971 καὶ
1336 3916 1384 3972 οἱ
1411 3913 1780 3996 πρεσϐύτεροι,
1808 3918 1966 3973 τινῶν

2054 3912 2393 3993 imperium.
2425 3909 2578 3983 Quin
2600 3911 2778 3972 etiam
2801 3930 2912 3973 nec
2944 3911 3266 3991 episcopus
3302 3911 3363 3973 in
3409 3913 3694 3977 diaconos

314 4017 453 4072 εἰσιν
494 4014 658 4089 ἱερεῖς
690 4023 707 4037 ⁸
770 4007 858 4063 καὶ
914 4006 963 4063 οἱ
1024 4003 1230 4080 λα’ίγοὶ,
1302 4007 1462 4061 τινῶν
1521 4006 1618 4062 εἶσι
1648 4004 1849 4062 λαῐκοί⁸
1881 4006 1967 4061 καὶ

2054 4003 2142 4064 vel
2178 4000 2556 4082 presbyteros
2584 3999 2825 4060 extollat
2865 4018 2953 4073 se,
2986 4018 3095 4061 nec
3120 4002 3451 4081 presbyteri
3474 4003 3533 4065 in
3562 4006 3693 4084 ple-

310 4108 376 4163 τὸ
406 4102 506 4179 μὶν
550 4104 691 4156 εἶναι
724 4097 1062 4176 Χριστιανὸν,
1115 4092 1197 4174 ἐφ’
1229 4096 1367 4170 ἡμῖν
1400 4110 1416 4125 ⁸
1450 4095 1513 4151 16
1554 4093 1610 4151 δὲ
1642 4094 1964 4176 ἂπόστολον,

2054 4091 2185 4154 bem
2218 4108 2231 4151 :
2270 4108 2337 4151 ex
2372 4090 2641 4169 utrisque
2670 4089 2832 4149 enim
2865 4098 3057 4179 castus
3102 4091 3451 4170 compositio
3485 4103 3693 4157 exstat.

312 4193 348 4262 ἢ
375 4178 732 4269 ἰπίσκοπον,ἢ
764 4184 896 4243 ἄλλο
922 4185 1101 4264 τι,ούκ
1117 4182 1201 4263 ἂρ’
1234 4181 1525 4259 ἡμῖν,ἆλλ’
1554 4185 1639 4240 επὶ
1667 4191 1744 4258 τῷ
1767 4181 1959 4242 διδόντι

2054 4180 2331 4269 Episcopi
2358 4179 2579 4269 quippe
2614 4195 2693 4269 ac
2726 4178 3083 4269 presbyteri,
3111 4180 3504 4269 quorumdam
3557 4190 3695 4244 sunt

313 4288 437 4356 Θεῷ
461 4281 529 4337 τὰ
559 4266 891 4360 χαρίσματα.
940 4282 1115 4334 Ταῦτα
1158 4273 1257 4349 μὲν
1318 4272 1408 4330 οὖν
1457 4271 1543 4329 ἰπὶ
1593 4275 1846 4329 τοσοῦτον
1876 4275 1955 4329 εἷ-

2054 4267 2475 4347 tacerdotes,et
2496 4266 2652 4337 laici,
2680 4267 3085 4347 quorumdam
3109 4274 3247 4329 sunt
3271 4267 3407 4329 laici
3431 4288 3449 4344 ;
3469 4288 3538 4331 ac
3561 4288 3693 4334 esse

314 4373 500 4443 ρήσθω
526 4356 610 4424 δέᾶ
638 4356 762 4431 τοὺς
806 4363 1122 4431 ἀξιωθέντας
1172 4362 1524 4442 χαρισμάτων
1552 4361 1587 4424 ἢ
1618 4360 1953 4451 ἀξιωμάτων,

2054 4358 2282 4441 quidem
2303 4356 2799 4432 Christianum,in
2823 4365 3026 4451 nostra
3058 4356 3326 4451 consistit
3348 4366 3648 4451 potestate
3672 4385 3695 4451 ς

310 4469 374 4523 at
403 4474 540 4519 esse
571 4454 925 4536 apostolum,
958 4460 1058 4514 aut
1088 4451 1464 4532 episcopum,
1497 4457 1597 4512 aut
1620 4448 1762 4530 quid
1792 4450 2013 4527 simile,
2046 4458 2266 4511 nostra:
2295 4464 2414 4507 non
2446 4454 2538 4509 est
2570 4444 3144 4536 potestatistverum
3172 4444 3475 4536 adDeum
3506 4444 3691 4527 largi-3

313 4559 508 4612 torem
539 4533 961 4609 charismatum
988 4541 1271 4623 pertinet.
1299 4541 1440 4603 Haec
1468 4539 1647 4618 igitur
1673 4539 1963 4604 hactenus
1992 4538 2152 4602 dicta
2178 4537 2315 4611 sint,
2354 4543 2600 4615 propter
2628 4551 2729 4596 eos
2760 4538 2859 4614 qui
2894 4534 3058 4615 digni
3090 4533 3278 4595 habiti
3306 4540 3445 4596 sunt
3468 4545 3532 4598 ut
3554 4539 3691 4599 cha-

311 4640 565 4704 rismata
594 4635 688 4700 vel
721 4631 1037 4714 dignitates
1066 4632 1428 4712 acciperent.

904 4730 1295 4785 ΚΕΦΑΔΑΙΟΝ
1341 4719 1425 4787 Β’,

586 4821 711 4901 Περὶ
744 4823 855 4876 τῶν
879 4816 1186 4901 ἕπισκόπων
1203 4815 1311 4901 1st
1332 4810 1699 4893 πρεσϐυτέρων

942 4895 1161 4962 ἀναξίων
1191 4892 1346 4975 (79).

396 4995 616 5054 Ἐκεῖνο
646 4988 703 5047 δέ
731 4988 1075 5068 προστίθεμεν
1102 4992 1181 5060 τῷ
1211 4984 1467 5063 λόγῳ,8τι
1490 4982 1608 5043 οὔτε
1638 4990 1744 5047 πᾶς
1775 4986 1805 5042 6
1829 5005 1965 5055 προ-

2688 4712 2935 4779 CAPUT
2977 4715 3051 4778 Il.

2251 4852 2337 4915 De
2378 4852 2681 4933 episcopis
2709 4858 2771 4913 et
2799 4848 3159 4932 presbyteris
3191 4850 3492 4931 indignis.

2132 4984 2286 5049 Illud
2308 5003 2447 5048 vero
2470 4983 3217 5067 sermoniadtlimus;quod
3234 4986 3690 5069 necomnisqui,

394 5154 477 5218 ³1
512 5151 653 5217 Cor.
683 5165 792 5225 ιιι,
823 5148 883 5212 8.
964 5143 995 5188 ⁸
1022 5144 1211 5210 Exod.
1243 5161 1347 5226 vn,
1381 5145 1437 5206 1.
1523 5146 1556 5196 4
1581 5143 1704 5207 Jos.
1736 5162 1797 5207 χ,
1880 5142 1966 5196 5.6

2054 5144 2238 5226 [Reg.
2274 5163 2396 5222 xxx,
2432 5147 2729 5218 18;’Rom.
2766 5162 2850 5219 κε,
2884 5146 2943 5207 4.
2987 5144 3124 5212 71V
3156 5149 3303 5227 Reg.
3333 5163 3420 5211 Vt.
3467 5144 3495 5189 ⁸
3542 5146 3691 5212 Dan.

318 5255 399 5314 ⁷⁸⁸
431 5252 551 5309 m’
584 5247 672 5297 ¹¹¹’
1254 5346 1257 5347 κ
1644 5302 1967 5371 VARIORE

2081 5305 2333 5372 ΝΟΤΑΕ.

398 5452 535 5531 (78)
560 5451 656 5531 ttat
686 5451 715 5531 ο
746 5447 893 5531 μένε.
925 5445 1227 5531 ἀρχιερεύς.
1286 5444 1479 5526 Super
1533 5440 1758 5531 celebri
1788 5461 1955 5523 quie-

2104 5448 2241 5531 Δ(79)
2281 5450 2402 5526 Περὶ
2431 5452 2561 5523 των,
2596 5456 2712 5510 etc.
2747 5450 3010 5531 Uterque
3031 5445 3208 5509 Vind.
3238 5446 3610 5531 δοϐρεε-’Ὅτι
3630 5448 3692 5531 οὗ

322 5522 539 5609 stione,
571 5522 842 5609 fueritne
856 5522 1098 5609 Samuel
1130 5522 1957 5609 summus_pontifex_,.sacer-

2054 5522 2259 5593 πάντως
2311 5522 2413 5593 πᾶς
2469 5531 2496 5583 6
2548 5522 2978 5607 προφητεύωνῗῆ
3010 5532 3260 5603 δαίμονας
3292 5526 3567 5584 ἐκϐάλλων
3598 5527 3692 5580 εύ-

322 5612 430 5674 dos
460 5603 796 5685 tantum,an
831 5606 1007 5669 levita
1047 5622 1271 5679 merus,
1305 5603 1491 5667 multa
1518 5621 1553 5665 a
1577 5603 1776 5685 multis
1807 5606 1959 5667 scri-
2045 5606 2230 5677 σεϐής,
2264 5608 2444 5670 Cum.

324 5702 420 5774 pta
452 5699 612 5766 sunt,
645 5707 779 5771 quae
808 5687 1081 5769 proferre
1108 5685 1260 5749 nihil
1280 5695 1371 5748 est
1398 5702 1670 5749 necesse.
1694 5684 1835 5750 Cor.

645 5830 908 5894 Panos.
954 5829 1070 5892 Gn.
1116 5827 1164 5890 ι.
2514 5826 2523 5847 ί
3240 5824 3320 5887 34
