4042 6208
295 307 455 372 1073

854 450 1241 506 ΚΕΦΛΛΑΙΟΝ
1288 443 1350 504 Ε¹
1361 487 1379 505 .

539 535 852 603 Ἐπίκλησις
882 534 967 592 ἰπὶ
997 535 1326 616 χειροτονίας
1354 534 1683 599 ὶπισκόπων,

376 625 437 685 Ὀ
489 625 585 684 ὢν.
655 628 917 700 Δέσποτα,
980 626 1159 705 Κύριε,
1194 628 1223 682 6
1254 627 1407 698 Θεὸς,
1460 626 1488 681 6
1529 626 1932 706 παντοκράτωρ,

289 718 321 773 6
373 716 537 791 μόνος
591 715 902 794 ἆγέννητος,
963 714 1053 772 καὶ
1110 713 1479 778 ἀϐασίλευτος·
1553 718 1582 773 6
1630 718 1709 771 ἀεὶ
1730 715 1828 791 ὢν,
1846 717 1935 773 καὶ

288 807 397 883 πρὸ
426 806 533 863 τῶν
583 806 787 862 αἰώνων
816 800 1096 884 ὑπάρχων·
1156 806 1184 861 6
1240 806 1394 862 παντὶ
1443 802 1500 849 ³⁸
1539 803 1809 876 ἀνενδεὴς,
1844 806 1933 863 καὶ

290 896 472 963 πάσης
527 895 727 956 αἰτίας.
762 895 851 950 καὶ
905 892 1162 973 γενέσεως
1201 894 1480 973 κρείττων
1542 898 1570 952 6
1601 896 1762 971 μόνος
1788 894 1932 975 ἕλητ-

286 986 495 1066 οινοςβ
521 980 682 1059 μόνος
716 983 899 1066 σος-ές
937 984 966 1040 6
995 984 1070 1040 ὢν
1099 983 1259 1059 μόνος
1301 983 1592 1061 ”Υψιστυς⁶
1623 987 1651 1041 6
1682 990 1753 1061 τῇ
1781 985 1933 1064 φύσει

284 1062 539 1153 ἆῖρατος·
564 1076 634 1130 ὀὗ
666 1075 701 1141 ἡ
726 1062 949 1150 Rhet;
991 1072 1251 1153 ἄναρχος·
1298 1075 1326 1130 6
1356 1074 1518 1149 μόνος
1561 1062 1804 1155 ἀγαθὸς,
1844 1075 1931 1131 καὶ

1149 300 1803 374 CONSTITUTIONES
1843 306 2346 373 APOSTOLICE.
2396 296 2630 371 -‘-‘LIB.‘
2679 303 2838 372 VIII.

3506 300 3667 366 40⁸76

2180 530 2490 595 Invocatio
2537 531 2606 594 in
2640 532 3027 598 ordinatione
3053 539 3499 614 episcoporum.

2098 619 2209 693 Qui
2241 640 2327 700 es,
2361 620 2508 682 here
2536 620 2812 704 Domine,
2852 622 3031 696 Deus,
3065 622 3466 702 omnipotens,
3498 621 3667 686 solus

2022 709 2321 790 ingenitus
2340 727 2410 772 ac
2428 727 2631 788 regem
2660 730 2778 773 non
2809 712 3038 775 habens
3064 736 3080 787 ;
3108 711 3209 793 qui
3233 727 3474 790 semper
3491 728 3581 787 es,
3604 718 3669 773 et

2017 810 2154 862 ante
2175 798 2392 862 saacula
2415 800 2657 863 exsistis
2685 818 2700 876 ;
2726 802 2829 882 qui
2855 803 3018 865 nullo
3043 802 3667 881 indiges,omnemque

2017 907 2253 951 causam
2288 898 2468 970 atque
2502 899 2698 952 ortum
2744 908 2994 972 superas
3024 913 3040 968 ;
3072 892 3239 955 solus
3267 907 3463 961 verus,
3499 888 3669 953 solus

2016 979 2383 1060 sapiens;qui
2415 979 2581 1041 solus
2610 978 2952 1042 Altissimus
2975 1001 3059 1053 es,
3084 988 3296 1043 natura
3312 978 3665 1051 invisibilis;

2017 1069 2187 1147 cujus
2218 1067 2502 1147 cognitio,
2533 1086 2749 1149 expers
2780 1071 3059 1150 principii
3089 1091 3105 1145 ;
3139 1070 3306 1132 solus
3345 1068 3560 1141 bonus,
3596 1086 3668 1129 ac

282 1163 664 1244 ἆσύγκριστος,
716 1165 745 1218 6
799 1161 867 1219 τέι
920 1162 1093 1220 πάντα
1141 1161 1292 1227 nec);
1343 1166 1463 1244 πρὶν
1499 1164 1757 1243 γενέσεως
1828 1164 1930 1221 αῦ-

2020 1156 2522 1234 incomparabilis;
2539 1160 2638 1238 qui
2662 1159 2862 1220 omnia
2882 1161 3039 1222 nosti
3062 1166 3201 1222 ante
3221 1176 3407 1237 quam
3431 1156 3664 1231 ﬁant”;

283 1259 441 1330 τῶν⁶(
466 1256 496 1311 6
523 1250 628 1310 τῶν
660 1252 903 1331 κρυπτῶν
944 1251 1227 1333 γνώστης”“
1248 1255 1275 1310 6
1286 1252 1618 1333 ἐπρόσιτος
1656 1256 1683 1310 ὃ
1709 1251 1930 1311 ἀδέσποο

2020 1246 2382 1309 occultorum
2414 1248 2706 1326 cognitor,
2737 1247 3084 1311 inaccessus
3113 1272 3129 1321 ;
3155 1249 3405 1311 domino
3426 1265 3665 1322 carens;

281 1359 403 1407 τος’
457 1346 486 1399 6
533 1343 661 1409 Θεὸς
729 1342 818 1399 καὶ
865 1343 1047 1422 Πατὴρ
1104 1350 1195 1399 τοῦ
1253 1352 1569 1422 μονογενοῦς
1628 1344 1748 1401 Υίοῦ
1808 1365 1925 1418 σου,

2020 1334 2172 1397 Deus
2196 1345 2255 1397 et
2280 1333 2455 1397 Pater
2481 1337 2771 1415 unigeniti
2802 1336 2936 1399 Filii
2964 1339 3070 1420 tui,
3109 1338 3215 1402 Dei
3245 1357 3314 1401 ac
3338 1335 3668 1402 Servatoris

282 1440 381 1490 τοῦ
417 1439 548 1490 Θεοῦ
578 1432 664 1489 καὶ
704 1434 953 1515 Σιοτῇρος
1012 1432 1192 1507 ἡμῶν.
1246 1435 1274 1489 6
1304 1432 1625 1515 δημιουργὸς
1656 1440 1764 1490 τῶν
1791 1432 1930 1489 ὅλων

2020 1425 2225 1499 nostri;
2250 1423 2526 1487 conditor
2542 1425 2967 1488 universorum
2991 1447 3102 1510 per
3122 1428 3343 1509 ipsum,
3374 1427 3663 1508 provisor,

282 1521 356 1579 δι’
400 1521 578 1580 αὒτοῦ⁶
635 1521 664 1577 6
722 1512 1052 1601 πβὸνόήτής,
1102 1523 1130 1578 6
1183 1512 1457 1598 κηδεμών·
1511 1524 1539 1579 6
1596 1523 1780 1601 Πατὴρ
1825 1527 1930 1579 τῶν

2020 1521 2208 1593 tutor;
2237 1516 2415 1575 Pater
2439 1515 3014 1597 misericordiarum,
3037 1527 3096 1579 et
3119 1518 3275 1581 Deus
3307 1523 3486 1579 totius
3514 1535 3664 1579 con-

282 1614 597 1691 οἰκτιρμῶν,
648 1612 737 1667 καὶ
783 1610 910 1674 Θεὸς
964 1610 1145 1677 πάσης
1192 1610 1604 1691 παρακλήσεως·
1636 1614 1664 1668 6
1694 1610 1750 1667 ὲν
1777 1612 1927 1686 ὑψη-

2020 1601 2431 1691 solationis“;
2468 1604 2583 1680 qui
2611 1604 2671 1664 in
2703 1605 2840 1667 altis
2871 1606 3127 1686 habitas,
3162 1617 3223 1669 et
3267 1605 3518 1668 humilia
3563 1623 3665 1667 re—

282 1700 406 1763 λοϊς
457 1698 744 1778 κατοικῶν,
779 1698 867 1754 καὶ
924 1698 989 1754 τὰ
1031 1699 1255 1757 ταπεινᾶ
1330 1699 1555 1780 ἑφορῶν,
1604 1700 1676 1756 Σὺ
1722 1701 1751 1755 6
1809 1697 1928 1764 δοὺς

2020 1690 2199 1792 spicis
2318 1695 2405 1792 'l_‘u
2428 1693 2529 1792 qui
2546 1693 2779 1792 dedisti
2806 1694 2970 1792 leges
3000 1714 3071 1759 ac
3091 1697 3328 1792 regulas
3352 1694 3662 1792 Ecclesiae,

283 1789 438 1868 ὅρους
483 1786 828 1861 Ἐκκλησίας,
880 1784 964 1843 διὰ
1036 1791 1135 1855 τῆς
1190 1787 1447 1864 ὶνσάρκου
1496 1789 1781 1868 παρουσίας
1838 1792 1930 1845 το5

2020 1800 2121 1862 per
2139 1780 2359 1845 Christi
2381 1783 2463 1845 tui
2489 1782 2805 1845 adventum
2829 1784 2892 1845 in
2914 1802 3119 1867 carne,
3144 1785 3257 1849 sub
3284 1793 3433 1847 teste
3478 1784 3653 1846 Para-

284 1876 511 1957 Χριστδῦ
570 1899 683 1947 σου,
738 1877 838 1933 ὑπὸ
884 1874 1106 1955 μάρτυρι
1164 1880 1243 1950 τῷ
1288 1877 1623 1956 Παρακλήτω
1679 1876 1762 1936 διὰ
1823 1879 1930 1934 τῶν

2020 1871 2191 1953 cleto,
2229 1891 2336 1952 per
2361 1873 2666 1953 apostolos
2696 1882 2854 1947 tuos,
2881 1893 2953 1936 ac
2984 1895 3093 1937 nos
3124 1875 3313 1955 gratia
3346 1886 3443 1936 tua
3472 1881 3666 1936 astan-

282 1969 393 2026 σῶν
449 1965 784 2038 ἀποστόλων,
839 1967 927 2022 καὶ
982 1966 1139 2042 ἡμῶν
1200 1966 1308 2023 τῶν
1358 1967 1550 2047 χάριπι
1599 1972 1668 2043 σῇ
1724 1988 1929 2046 παρεσ-

2020 1969 2101 2024 tes
2131 1962 2446 2042 episcopos
2474 1982 2489 2037 ;
2522 1962 2623 2043 qui
2654 1962 2729 2023 ab
2763 1962 2936 2025 initio
2971 1965 3292 2046 praestitisti
3321 1964 3665 2028 sacerdotes

278 2058 469 2115 τώσων
528 2056 861 2113 ἔπισκόπων·
916 2056 945 2111 6
988 2056 1272 2134 προορίσας
1332 2055 1383 2121 ἐξ
1440 2056 1616 2137 ἀρχῆς
1644 2058 1810 2134 ἱερεῖς
1854 2057 1927 2120 είς

2020 2052 2072 2112 in
2106 2051 2313 2132 populi
2345 2053 2427 2112 tui
2458 2051 2855 2113 curationem.
2889 2052 3148 2117 Abelem
3186 2054 3248 2117 in
3282 2055 3513 2134 primis,
3548 2051 3663 2116 Se-

279 2148 592 2205 ἐπιστασίαν
646 2145 777 2202 λαοῦ
806 2166 921 2224 σου,
988 2142 1179 2207 ”Α6ελ
1235 2144 1288 2202 ἕν
1361 2144 1619 2225 πρώτοις,
1654 2146 1789 2225 Σὴθ,
1850 2138 1930 2203 καῖ

2025 2142 2214 2221 thum,
2242 2142 2531 2216 Enosum,
2555 2141 2931 2220 Henochum,
2958 2146 3146 2207 Noam
3162 2143 3663 2208 Melchisedecum

286 2236 476 2309 ἐνὼς,
524 2236 610 2291 καὶ
668 2235 870 2314 Ἑνὼχ,
945 2234 1036 2290 καὶ
1084 2235 1228 2314 Nais,
1290 2236 1379 2291 καὶ
1432 2233 1786 2315 Μελχισεδὲκ,
1851 2237 1930 2291 καὶ

2022 2230 2310 2294 etJobum
2339 2248 2355 2306 ;
2381 2231 2482 2312 qui
2526 2231 2855 2293 contituisti
2889 2232 3295 2295 Abrahamum
3327 2242 3385 2295 et
3416 2241 3665 2296 caeteros

284 2315 429 2384 ’1ὠ6’
480 2327 509 2380 6
579 2322 849 2389 ἀναδείξας
906 2320 1160 2401 Ἀϐραὰμ
1236 2326 1324 2381 καὶ
1373 2324 1495 2387 τοὺς
1550 2324 1766 2399 λοιποὺς
1839 2347 1930 2381 πα-

2023 2319 2555 2402 patriarchas,cum
2582 2320 2857 2383 ﬁdelibus
2874 2322 2993 2384 tuis
3022 2322 3281 2395 famulis,
3301 2324 3521 2404 Moyse,
3545 2323 3664 2384 Aa-

283 2417 542 2495 τοιάρχας
590 2414 679 2470 σὺν
734 2425 850 2479 τοῖς
906 2425 1122 2479 πιστοῖς
1177 2435 1271 2471 σου
1346 2416 1661 2484 θεράπουσιν
1733 2416 1930 2471 Μοῦσεϊ

2021 2428 2191 2483 rone,
2225 2408 2531 2489 Eleazaro,
2566 2408 2791 2472 Phinee
2827 2432 2843 2487 ;
2877 2412 2979 2492 qui
3008 2412 3068 2473 in
3102 2413 3250 2494 ipsis
3280 2411 3665 2493 desumpsisti

282 2507 371 2571 καὶ
420 2503 439 2529 ⁸
473 2504 691 2581 Ααρὼν,
734 2504 819 2559 καὶ
875 2501 1178 2583 Ἐλεαζάριρ
1207 2504 1296 2561 καὶ
1336 2504 1547 2564 Φινεές.
1590 2507 1617 2561 6
1665 2502 1716 2569 ἐξ
1759 2504 1930 2583 αὐτῶν

2020 2498 2411 2580 principes,et
2441 2499 2787 2575 sacerdotes
2810 2501 2870 2562 in
2896 2501 3282 2564 tabernaculo
3306 2500 3664 2575 testimonii;

285 2566 765 2673 προχειρισάμενος
820 2566 1259 2673 ἅρχοντας,[καὶ
1316 2595 1477 2672 εἷρεϊς
1539 2593 1720 2681 ἔν’-ἰῇ
1751 2572 1930 2669 σκηνῇ

2129 2566 2466 2690 Samuelem
2485 2572 2794 2667 elegisti'in
2816 2591 3195 2693 sacerdotem
3209 2610 3275 2653 ac
3289 2566 3664 2697 prophetam;

281 2670 704 2760 τοῦ-μαρτυρίου
761 2683 789 2738 6
833 2670 930 2738 τὸν
982 2680 1235 2750 Σαμουὴλ
1282 2670 1930 2761 ἑκλεξάμειῖἶὶξὶερίὶ

2020 2678 2535 2757 quisanctuarium
2567 2687 2732 2740 tuum
2750 2682 2879 2743 sine
2895 2680 3192 2741 ministris
3203 2670 3321 2741 non
3332 2670 3627 2759 reliquisti
3646 2670 3663 2755 ς

282 2774 372 2829 καὶ
428 2772 730 2849 προφήτην
793 2778 868 2845 τῷ
914 2769 1205 2848 ἁγιάσματί
1245 2767 1302 2812 ⁸³
1348 2793 1442 2829 σου
1516 2771 1927 2850 ἂλειτουργητον

2020 2767 2114 2849 qui
2147 2766 2566 2830 benevolentia
2597 2779 2957 2848 presecutus
2989 2787 3057 2832 es
3088 2787 3192 2831 eos
3221 2769 3280 2830 in
3315 2769 3529 2849 quibus
3558 2787 3663 2829 vo-

283 2863 363 2937 μὴ
394 2859 766 2938 ἑγκαταλιπών
816 2862 843 2918 6
899 2858 1184 2927 εὐδοκήσας
1242 2859 1297 2916 ἐν
1346 2861 1433 2926 οἷς
1492 2861 1721 2940 ᾑρετίσω
1756 2859 1927 2925 δοξα-

2020 2856 2173 2917 Iuisti
2229 2856 2551 2919 celebrari.
2615 2861 2753 2937 Ipse
2816 2876 2977 2921 nunc
3036 2875 3301 2939 quoque,
3334 2858 3667 2919 intercessu

284 2951 492 3018 σθῆναι.
548 2951 711 3013 Αὐτὸς
769 2952 857 3007 διιῖ
919 2956 1007 3007 νῦν
1056 2950 1295 3024 μεσιτείᾳ
1371 2957 1463 3009 τοῦ
1532 2951 1759 3029 Χριστοῦ
1806 2972 1922 3026 σου,

2020 2945 2231 3009 Christi
2256 2944 2363 3026 tui,
2388 2963 2494 3024 per
2516 2964 2624 3007 nos
2648 2946 2903 3009 infunde
2926 2948 3201 3010 virtutem
3219 2946 3562 3027 principalis
3582 2947 3668 3007 tui

283 3038 350 3097 δι’
403 3040 531 3115 ἡμῶ
615 3039 799 3119 ἐτείχεε
856 3040 955 3107 τὴν
1013 3036 1232 3115 δύναμιν
1300 3046 1394 3098 τοῦ
1454 3042 1777 3118 ἡγεμονικοῦ
1833 3061 1928 3096 σου

2020 3033 2292 3115 Spiritus,
2327 3034 2424 3115 qui
2478 3035 2974 3100 subministratur
3004 3056 3113 3117 per
3140 3036 3421 3099 dilectum
3455 3036 3664 3098 Filium

284 3107 589 3206 Πνεῦματος
625 3174 637 3192 ,
696 3107 826 3205 έπερ
893 3107 1221 3186 διακονεῖται
1280 3136 1359 3203 τῷ
1414 3107 1784 3210 ἡγραπημίνῳ
1834 3152 1928 3186 σου

2020 3107 2173 3185 tuum
2196 3107 2401 3188 Jesum
2428 3120 2755 3208 Christum,
2786 3107 3083 3208 quemque
3107 3127 3406 3188 voluntate
3430 3134 3527 3188 tua
3551 3126 3665 3189 do-

286 3217 438 3277 Παιδὶ
507 3216 684 3295 Ἰῃσοῦ
743 3222 977 3297 Χριστῷ,
1037 3218 1168 3298 ὅπερ
1226 3217 1531 3297 ὶδωρήσατο
1588 3220 1781 3297 φνώμῃ
1834 3240 1929 3277 σου

2020 3214 2168 3274 navit
2195 3213 2419 3275 sanctis
2442 3214 2730 3293 apostolis
2753 3219 2826 3279 ad
2851 3225 2907 3279 te
2925 3226 3216 3278 internum
3247 3214 3437 3277 Deum
3476 3218 3665 3296 perti-

281 3323 401 3372 τοῖς
454 3308 632 3387 ἆγίοις
690 3306 1011 3370 ἀποστόλοις
1063 3329 1159 3366 σου
1212 3318 1306 3368 τοῦ
1347 3309 1557 3366 αἰωνίου
1628 3308 1778 3368 Θεοῦ.
1828 3310 1927 3372 Δὸς

2020 3302 2405 3365 nentibus.Da
2430 3303 2489 3363 in
2522 3304 2769 3365 nomine
2801 3314 2925 3381 tuo,
2951 3305 3110 3367 Deus
3137 3306 3411 3384 cognitor
3431 3306 3659 3385 cordis,

283 3400 337 3457 ἰν
396 3405 472 3471 τῷ
525 3397 748 3471 ὀνόματί
803 3419 923 3477 σου,
968 3394 1361 3476 καρδιογνῶστα
1407 3398 1526 3475 Θεὲ,
1564 3397 1649 3454 ἐπὶ
1683 3399 1776 3453 τὸν
1804 3396 1929 3453 δοῦ-

2020 3392 2152 3454 huic
2178 3409 2347 3453 servo
2380 3400 2502 3468 tuo,
2540 3391 2732 3456 electo
2764 3411 2797 3455 a
2828 3402 2884 3456 te
2916 3395 2977 3456 in
3009 3395 3377 3474 episcopum,
3417 3411 3665 3476 pascere

282 3488 375 3548 λὸν
404 3511 498 3546 σου
539 3485 713 3566 τονδε,
768 3485 827 3543 ὃν
868 3484 1086 3553 ἐξελέξω
1136 3488 1207 3549 εἰς
1248 3487 1567 3567 ἐπίσκοπον,
1625 3486 1929 3563 ποιμαίνειν

2021 3489 2289 3544 sanctum
2314 3491 2476 3544 tuum
2499 3500 2767 3561 gregem,
2804 3492 2864 3545 et
2884 3484 3230 3565 pontiﬁcem
3265 3491 3430 3546 tuum
3460 3502 3661 3565 agere,

283 3581 383 3646 τὴν
454 3578 608 3657 ἁγίαν
690 3598 784 3633 σου
862 3579 1093 3650 ποίμνην
1122 3621 1141 3653 ,
1201 3578 1288 3633 καὶ
1340 3577 1740 3659 ἀρχιερατεύειν
1825 3597 1930 3659 σοιΣ

2022 3572 2323 3651 inculpate
2349 3571 2788 3635 ministrantem
2820 3582 2996 3636 nocte
3020 3592 3088 3635 ac
3118 3574 3218 3636 die
3243 3595 3259 3654 ;
3282 3582 3346 3634 ut
3375 3574 3665 3654 placando

282 3651 580 3745 ἀμέμπτως
658 3665 1063 3745 λειτουργοῦντα
1125 3651 1323 3730 νυκτὸς
1503 3651 1740 3745 ’ἡμέρας
1776 3713 1793 3740 ,
1847 3651 1930 3721 καἶ

2024 3661 2233 3724 faciem
2260 3669 2814 3741 tuam,congregare
2832 3681 3146 3725 numerum
3162 3651 3499 3743 eorum—qui
3520 3663 3665 3725 salvi

282 3756 688 3832 ἱξιλασγόμενὶν
734 3765 825 3814 σοῦ
869 3758 929 3813 τὸ
983 3756 1291 3837 πρόσωπον,
1352 3756 1765 3835 ἱπισυναγαγεϊν
1841 3756 1933 3812 τὸν

283 3849 500 3927 ἀριθμὸν
560 3840 679 3902 γτῶν
755 3844 1069 3921 σωζομένων
1101 3894 1117 3926 ,
1179 3847 1268 3903 καὶ
1325 3845 1639 3926 προσφέρειν
1692 3866 1775 3901 σοι
1865 3844 1931 3901 τὰ

281 3936 548 4014 δῶρα-τῆς
595 3936 746 4013 ἁγίας
804 3957 896 3995 σου
936 3935 1288 4004 Ἐκκλησίας.
1327 3937 1428 4000 Δὸς
1488 3939 1651 4009 αὐτῷ,
1691 3933 1933 3991 Δέσποτα

282 4024 643 4103 παντόκρατορ
668 4068 685 4095 ,
752 4025 837 4084 διὰ
894 4035 986 4085 τοῦ
1044 4032 1270 4103 Χριστοῦ
1316 4046 1434 4100 σου,
1513 4024 1610 4093 τὴν
1653 4024 1934 4098 μετουσίαν

281 4115 377 4173 τοῦ
432 4115 583 4192 ἁγίου
631 4114 954 4186 ῐῐνεύματος’
1017 4113 1156 4171 ὥστε
1217 4112 1367 4193 ἕγειν
1434 4111 1672 4180 ἐξουσίαν
1721 4114 1933 4191 ὑφιέναι

282 4205 542 4282 ἁμαρτίας
587 4204 723 4261 κατὰ
775 4204 873 4271 τὴν
901 4202 1126 4273 ιντολήν
1160 4225 1277 4277 σου,
1312 4201 1509 4260 διδόναι
1538 4202 1767 4279 κλήρους
1804 4200 1928 4283 (93)

284 4295 419 4352 κατὰ
444 4294 507 4349 τὸ
530 4293 847 4369 πρόσταγμά
876 4315 992 4368 σου,
1026 4292 1169 4349 λύειν
1194 4292 1246 4349 δὲ
1280 4293 1452 4349 πάντα
1482 4290 1772 4367 σύνδεσμον
1795 4293 1933 4349 κατὰ

283 4382 383 4451 τὴν
407 4380 640 4447 ίξουσίαν
683 4381 747 4450 ἢν
778 4379 978 4445 ἔδωκας
1009 4395 1129 4446 τοῖς
1161 4380 1506 4443 ἀποστόλοιςο
1540 4383 1843 4459 εὐαρεστεῖν
1872 4378 1928 4436 δέ

2025 3752 2192 3825 ﬁunt,
2218 3768 2285 3812 ac
2316 3751 2532 3813 oll'erre
2563 3750 2666 3813 tibi
2694 3752 2848 3815 dona
2878 3763 3099 3815 sanctae
3125 3761 3244 3816 tua:
3260 3753 3555 3816 Ecclesia).
3582 3752 3668 3815 Da

2016 3839 2124 3920 illi,
2148 3839 2404 3903 Domine
2428 3841 2827 3921 omnipotens,
2864 3861 2972 3923 per
3000 3842 3305 3905 Christum
3339 3849 3501 3903 tuum
3537 3860 3671 3921 par—

2018 3930 2423 4010 ticipationem
2448 3933 2636 3993 sancti
2659 3931 2954 4011 Spiritus;
2980 3941 3043 3993 ut
3068 3931 3289 3995 habeat
3317 3938 3665 4013 potestatem

2018 4019 2361 4082 remittendi
2396 4027 2634 4100 peccata
2684 4022 3013 4083 secundum
3073 4022 3414 4084 mandatum
3464 4029 3662 4107 tuum,

2021 4108 2204 4171 dandi
2232 4109 2426 4170 cleros
2451 4126 2559 4171 seu
2590 4110 2836 4172 ordines
2862 4112 3308 4175 ecclesiasticos
3323 4112 3495 4191 juxta
3519 4129 3666 4191 pras-

2016 4207 2257 4275 ceptum
2294 4207 2482 4272 tuum,
2524 4211 2585 4259 et
2614 4200 2883 4261 solvendi
2915 4220 3094 4263 omne
3118 4201 3419 4265 vinculum
3449 4218 3667 4262 secun-

2014 4287 2155 4348 dum
2180 4295 2530 4368 potestatem
2559 4306 2735 4368 quam
2760 4288 3317 4369 tribuistiapostolis
3336 4287 3454 4369 ‘3’;
3484 4297 3667 4373 utque

2018 4377 2123 4438 tibi
2163 4376 2395 4456 placeat
2443 4377 2503 4437 in
2555 4378 3033 4453 mansuetudine,
3070 4388 3128 4440 et
3178 4378 3401 4440 mundo
3453 4380 3662 4460 corde,

284 4493 369 4531 σοι
413 4471 469 4528 ἰν
502 4471 786 4550 πραότητι,
820 4473 909 4539 καὶ
936 4475 1138 4550 καθαρᾷ
1168 4470 1377 4551 καρδίᾳ,
1411 4470 1707 4550 ἀτρέπτως,
1740 4470 1925 4545 ἀμέμ-

2020 4474 2379 4545 constanter,
2413 4466 2715 4546 inculpate
2743 4485 2810 4529 ac
2861 4468 3479 4548 irreprehensibiliter
3509 4470 3660 4530 oﬂ‘e-

283 4582 456 4641 πτως,
484 4559 847 4638 ἀνεγκλήτως,
882 4560 1246 4639 προσφέροντα
1277 4582 1361 4616 σοι
1392 4560 1621 4638 καθαρὰν
1653 4561 1740 4616 καὶ
1771 4560 1923 4616 ἀναίο

283 4673 488 4725 μακτον
534 4650 711 4709 θῦσίαν
767 4650 802 4717 ἢ
833 4647 917 4705 διὰ
967 4657 1190 4727 Χριστοῦ
1241 4648 1464 4717 διετάξω
1519 4653 1579 4707 τὸ
1638 4650 1928 4727 μυστήριον

283 4745 383 4807 τῆς
416 4744 615 4806 Καινῆς
650 4740 943 4817 Διαθήκης,
974 4739 1047 4801 εἷς
1070 4739 1246 4814 ὀσμὴν
1272 4736 1510 4811 εῦωδίὰς,
1547 4737 1631 4793 διὰ
1660 4737 1751 4795 τοῦ
1780 4738 1930 4815 ἁγίου

280 4826 471 4891 Παιδός
527 4850 619 4883 σου
664 4824 847 4893 Ἰησοῦ
908 4834 1134 4908 Χριστοῦ
1179 4836 1273 4886 τοῦ
1331 4834 1464 4884 Θεοῦ
1516 4829 1606 4883 καὶ
1676 4832 1930 4905 Σωτῆρος

2009 4556 2199 4618 rendo
2224 4554 2329 4615 tibi
2354 4573 2571 4636 purum
2597 4565 2653 4616 et
2675 4557 3053 4619 incruentum
3087 4557 3470 4634 sacrificium,
3505 4559 3663 4639 quod

2013 4663 2121 4728 per
2146 4644 2447 4708 Christum
2480 4644 2841 4706 constituisti
2878 4648 3225 4728 mysterium
3254 4646 3401 4709 Novi
3451 4647 3663 4710 Testa-

2016 4734 2222 4821 menti,
2248 4733 2308 4794 in
2338 4733 2583 4796 odorem
2636 4736 2941 4797 suavitatis
2967 4757 2983 4813 ;
3017 4755 3123 4817 per
3150 4745 3422 4798 sanctum
3451 4737 3663 4801 Filium

2016 4835 2179 4887 tuum
2230 4825 2434 4887 Jesum
2473 4825 2796 4906 Christum,
2824 4826 3007 4889 Deum
3052 4846 3121 4889 ac
3152 4825 3516 4890 Salvatorem
3549 4847 3663 4889 no-

362 5018 489 5106 ³η.
522 5020 717 5106 τεάντη.
804 5016 861 5064 ⁸ο
884 5018 1033 5106 Dan.
1067 5038 1197 5097 nn,
1231 5021 1330 5086 42.
1414 5020 1465 5067 ⁸¹
1498 5020 1721 5106 IIICor.
1752 5037 1797 5105 ι,
1831 5020 1891 5083 3.

2020 5021 2030 5065 ³
2058 5020 2215 5085 Psal.
2241 5037 2384 5101 CXII,
2417 5022 2476 5084 5.
2562 5019 2615 5064 ⁸³
2642 5020 2684 5083 ί.
2708 5024 2768 5079 τὸ
2800 5024 3059 5101 ὰγίασαι.
3095 5021 3195 5084 Sic
3219 5029 3277 5084 et
3306 5016 3455 5082 alter
3481 5018 3660 5083 Vind.

284 5099 359 5146 ⁸³⁸
394 5100 601 5167 Matth.
636 5115 806 5179 xvm,
847 5100 937 5165 18.

1614 5262 2015 5330 νΑιιιοιιυΜ
2059 5260 2311 5326 NOTAE.

364 5440 487 5533 $93)
520 5440 727 5500 Διδοναι
751 5440 1329 5533 Δκλήρους.,ξι-ἰιιιίιιιε
1372 5444 1449 5508 de
1491 5451 1653 5533 sorte
1681 5461 1751 5533 ac
1801 5459 1928 5505 sor-

270 5523 502 5616 titione
519 5530 803 5616 usurpata
847 5541 956 5616 vox
984 5522 1200 5616 κλῆρος,
1228 5532 1432 5616 postea
1477 5525 1553 5590 ad
1585 5523 1770 5589 multa
1790 5539 1928 5616 quas

286 5603 493 5665 sortito
520 5603 932 5684 obtingebant,
966 5603 1454 5682 signiﬁcationem
1506 5623 1679 5668 suam
1709 5603 1926 5669 exten-

286 5684 392 5758 dit;
409 5683 483 5747 ad
513 5682 885 5761 dignitatem,
909 5683 1929 5767 locum,numerum,ordinem,pos-

2009 5440 2360 5521 sessionem,
2395 5438 2849 5521 aliaque.Atque
2880 5440 3195 5521 hicalﬁpot
3229 5438 3488 5521 sunt,vel
3513 5456 3660 5518 spe-

2011 5520 2209 5611 ciatim
2239 5521 2488 5611 ord_i_ne_s
2513 5518 2580 5611 et
2611 5520 2831 5599 gradus
2855 5518 3238 5611 clericorum;
3274 5518 3656 5611 vel‘genera-

2013 5602 2117 5663 tim
2152 5603 2282 5665 loca
2330 5602 2825 5677 Christianorum,
2887 5602 3043 5663 inter
3097 5600 3368 5673 clericos,
3430 5600 3659 5671 laicos;

2014 5692 2263 5757 stantes,
2298 5681 2519 5761 lapsos;
2550 5682 2831 5762 virgines,
2864 5681 3092 5745 viduas.
3126 5688 3241 5743 etc.
3272 5679 3413 5743 Cor.
